4046 6200
299 285 397 341 [55

299 396 398 452 lita
427 391 661 450 contenti
690 406 809 447 esse
832 391 1036 457 nolunt,
1061 404 1178 460 quin
1202 404 1303 445 una
1330 388 1564 461 parvulis
1591 387 1733 445 salus
1758 395 1860 452 est,

299 495 354 541 et
380 501 484 555 quo
511 498 619 539 uno
658 482 796 540 lacte
830 482 901 538 ad
942 482 1239 537 firmitatem
1285 479 1550 536 solidioris
1587 478 1690 536 cibi
1719 488 1867 534 certo

300 578 493 636 robore
536 576 867 648 pervenitur.
907 573 1168 643 Quielibet
1209 588 1336 644 ergo
1379 571 1603 628 duarum
1648 570 1866 629 istarum

300 671 610 741 opinionum
638 684 764 727 vera
793 670 880 734 sit,
924 674 1275 738 congruenter
1298 664 1554 736 accipitur
1589 662 1871 733 allegorice

300 763 451 829 luna,
476 760 735 817 Ecclesia.
774 760 880 817 Aut
913 760 958 814 si
987 760 1039 814 in
1073 758 1190 817 istis
1232 752 1639 815 obscuritatibus
1659 796 1675 824 ,
1706 755 1873 825 magis

304 852 603 927 negotiosis
624 867 781 924 quam
811 851 1097 907 fructuosis
1122 865 1372 909 exercere
1395 849 1628 907 animum
1653 856 1744 905 aut
1768 862 1870 902 non

304 947 452 1013 libet,
483 956 579 1003 aut
602 960 707 1002 non
732 954 902 1009 vacat,
932 954 1027 1001 aut
1049 945 1261 1005 animus
1285 943 1400 1013 ipse
1424 957 1531 1001 non
1555 942 1715 1003 valet,
1742 941 1871 997 satis

304 1050 386 1098 est
412 1041 594 1095 lunam
628 1037 967 1109 popularibus
991 1037 1158 1093 oculis
1187 1035 1400 1103 intueri,
1425 1044 1607 1092 etnon
1635 1047 1874 1105 quaerere

307 1130 559 1186 obscuras
577 1142 784 1195 causas,
808 1127 902 1185 sed
926 1142 1046 1184 cum
1073 1126 1317 1183 omnibus
1340 1135 1392 1183 et
1419 1125 1741 1182 incrementa
1763 1121 1877 1192 ejus

308 1231 361 1276 et
386 1220 780 1290 complementa
822 1226 878 1274 et
913 1217 1226 1273 detrimenta
1256 1216 1475 1272 sentire.
1506 1215 1634 1283 Quae
1673 1214 1717 1269 si
1758 1228 1877 1284 pro-

262 1294 271 1299 -
306 1320 493 1380 plere:
514 1309 698 1366 deﬁcit
716 1317 1104 1371 utrenovctur,
1130 1308 1290 1364 etiam
1319 1307 1417 1377 ipsi
1443 1306 1701 1377 imperitae
1742 1303 1878 1359 mul-

307 1400 519 1457 titudini
545 1398 876 1456 demonstrat
899 1398 1151 1456 Ecclesia:
1172 1397 1413 1467 figuram,
1440 1396 1492 1451 in
1521 1409 1621 1466 qua
1649 1393 1881 1451 creditur

306 1491 630 1549 resurrectio
657 1500 1005 1547 mortuorum.

380 1582 438 1637 4.
469 1580 678 1637 Deinde
715 1580 1058 1651 quaerendum
1087 1588 1168 1636 est
1192 1579 1316 1649 quid
1352 1578 1405 1633 in
1432 1577 1534 1633 hoc
1558 1578 1761 1649 psalmo
1786 1592 1880 1634 ac-

311 1672 541 1742 cipiatur
565 1670 779 1728 obscura
803 1672 946 1737 (uita,
971 1671 1022 1725 in
1051 1685 1149 1739 qua
1178 1676 1481 1739 peccatores
1516 1669 1762 1738 saginare
1791 1683 1882 1738 pa-

311 1771 568 1819 raverunt
621 1772 798 1818 rectos
841 1762 1022 1818 corde.
1078 1760 1192 1821 Non
1238 1761 1379 1815 enim
1425 1775 1530 1815 uno
1570 1758 1729 1815 modo
1778 1758 1881 1814 dici

311 1854 540 1911 obscura
568 1854 690 1911 luna
730 1863 901 1924 potest
934 1872 947 1908 :
992 1869 1111 1909 nam
1141 1861 1339 1909 etcum
1382 1850 1561 1907 finitur
1600 1851 1884 1912 menstruis

310 1945 597 2013 cursibus,
644 1952 699 2008 et
740 1960 860 2001 cum
900 1944 1015 2014 ejus
1059 1943 1230 2014 fulgor
1275 1943 1452 1999 nubilo
1501 1942 1878 2012 interpolatur,

304 2047 367 2097 et
414 2051 536 2092 cum
594 2036 748 2107 plena
801 2034 1015 2100 deficit,
1074 2035 1175 2091 dici
1234 2043 1405 2103 potest
1458 2033 1680 2088 obscura
1742 2033 1911 2109 luna”

312 2128 497 2184 Potest
524 2142 669 2197 ergo
708 2137 760 2181 et
815 2128 884 2183 de
928 2126 1354 2197 persecutoribus
1400 2136 1683 2197 martyrum
1730 2126 1884 2179 intel-

312 2219 441 2291 ligi,
471 2220 612 2290 quod
650 2221 898 2291 sagitt-are
934 2220 1197 2275 voluerint
1232 2221 1282 2274 in
1310 2220 1532 2274 obscura
1566 2220 1684 2274 luna
1716 2230 1885 2274 rectos

314 2311 478 2368 corde
509 2328 522 2364 :
555 2312 669 2367 sive
712 2310 884 2367 adhuc
914 2312 964 2366 in
1017 2311 1270 2366 Ecclesia:
1298 2312 1551 2376 novitate,
1597 2314 1717 2381 quia
1750 2329 1879 2363 ιιυιν

313 2401 440 2457 dum
470 2402 626 2457 terris
662 2401 832 2470 major
852 2401 1149 2465 cfl‘ulscrat,
1182 2410 1235 2457 ct
1252 2401 1529 2472 gentilium
1558 2401 1889 2471 superstitio-

316 2511 442 2549 notn
472 2494 722 2553 tenebras
749 2495 948 2549 vicerat
978 2510 990 2546 :
1019 2495 1135 2548 sive
1162 2494 1352 2565 linguis
1381 2493 1804 2564 blasphemiarum
1837 2503 1890 2547 ct

317 2584 667 2641 christianum
696 2599 887 2639 nomen
915 2584 1053 2641 male
1070 2583 1483 2663 .dilliunanlium,
1510 2585 1656 2653 quasi
1681 2583 1888 2640 nebulis

317 2690 441 2729 cuiu
472 2684 613 2730 terra
642 2674 1000 2745 obtegeretur,
1031 2674 1193 2729 videri
1223 2676 1494 2744 perspicua
1523 2676 1642 2729 luna
1668 2692 1770 2730 non
1797 2690 1891 2746 po-

318 2774 474 2828 terat,
501 2764 553 2821 id
580 2774 664 2825 est.
687 2765 921 2820 Ecclesia
955 2784 969 2820 :
996 2752 1111 2820 sive
1154 2765 1387 2836 ipsorum
1415 2776 1700 2837 martyrum
1728 2768 1889 2822 cuzdio

318 2853 423 2911 bus
446 2865 502 2910 ct
529 2863 674 2909 tanta
698 2854 954 2910 effusione
982 2856 1271 2926 sanguinis,
1300 2865 1544 2925 tanquam
1566 2856 1659 2910 illo
1682 2857 1890 2913 defectu

316 2954 372 3000 et
412 2944 787 3000 obscuratione
829 2961 929 3016 qua
977 2956 1249 3001 cruentam
1293 2946 1477 3002 faciem
1520 2948 1643 3002 luna
1687 2948 1892 3005 videtur

316 3036 635 3102 ostendere,
678 3052 706 3092 a
749 3037 962 3092 nomine
999 3038 1288 3092 christiano
1317 3038 1719 3094 dcterrebantur
1749 3040 1891 3096 inﬁr-

317 3128 423 3194 mi;
470 3130 522 3185 in
550 3145 659 3200 quo
702 3138 905 3185 terrore
934 3131 1093 3186 verba
1122 3130 1305 3186 dolosa
1333 3143 1387 3187 et
1419 3134 1668 3205 sacrilega
1693 3135 1890 3204 jacula-

318 3219 511 3275 bantur
530 3229 860 3297 peccatores,
880 3232 937 3276 ut
955 3222 1113 3277 etiam
1136 3232 1308 3279 rectos
1326 3225 1485 3279 corde
1512 3237 1889 3295 pervcrterent.

318 3309 498 3367 Potest
521 3321 578 3366 et
604 3310 673 3367 de
708 3311 791 3366 his
822 3312 1187 3381 peccatoribus
1230 3307 1469 3384 intelligi,
1498 3331 1629 3385 quos
1657 3318 1888 3373 Ecclesia

318 3401 589 3464 continet,
629 3401 773 3472 quod
812 3410 936 3457 tunc
982 3403 1193 3459 inventa
1239 3406 1518 3461 occasione
1563 3408 1714 3478 lmjus
1754 3410 1890 3466 luna:

319 3489 580 3553 obscurm,
606 3491 766 3545 multa
793 3492 1152 3547 commiserint
1178 3494 1273 3565 (a),
1300 3510 1417 3565 quin
1438 3496 1587 3552 nobis
1612 3500 1889 3567 Opprobria

323 3597 461 3638 nunc
488 3582 815 3653 objiciuntur
840 3583 908 3639 ab
934 3584 1222 3651 limreticis,
1263 3602 1385 3642 cum
1425 3604 1605 3643 eorum
1650 3602 1891 3649 auctores

320 3690 381 3729 ea
403 3664 596 3731 fecisse
622 3674 886 3731 dicantur.
909 3674 1013 3732 Sed
1034 3692 1245 3747 quoquo
1272 3679 1427 3734 modo
1450 3693 1508 3734 se
1537 3679 1725 3736 habeat
1749 3684 1889 3754 quod

322 3765 374 3818 in
403 3766 629 3821 obscura
672 3762 792 3821 luna
824 3767 1015 3822 factum
1060 3776 1140 3823 est
1164 3808 1180 3832 ,
1213 3784 1355 3823 nunc
1389 3769 1650 3826 catholico
1679 3775 1890 3829 nomine

322 3867 433 3911 toto
471 3858 603 3915 orbe
630 3858 1013 3930 diﬂ'usoatque
1043 3861 1332 3925 celebrato,
1376 3862 1502 3931 quid
1547 3865 1672 3919 mihi
1700 3875 1782 3920 est
1809 3867 1891 3921 in-

320 3952 540 4020 eognitis
587 3952 922 4021 perturbari?
966 3951 1030 4007 In
1070 3953 1287 4007 Domino
1334 3956 1473 4008 enim
1517 3958 1752 4026 conﬁdo;
1793 3975 1892 4015 nec

320 4040 761 4099 audiodicentes
798 4043 990 4097 animm
1018 4059 1153 4098 meae
1183 4061 1195 4095 :
1243 4042 1571 4115 Transmigra
1608 4047 1661 4100 in
1703 4060 1893 4104 montes

322 4131 448 4186 sicut
491 4149 687 4203 passer.
719 4133 970 4199 Quoniam
1008 4150 1119 4189 ecce
1155 4144 1435 4205 peccatores
1460 4136 1774 4191 intenderunt
1809 4156 1894 4193 ar-

321 4238 461 4289 cum,
486 4234 539 4277 ut
560 4224 791 4295 sagittent
814 4224 867 4278 in
891 4226 1101 4279 obscura
1122 4226 1241 4279 luna
1267 4235 1427 4279 rectos
1452 4227 1617 4281 corde.
1642 4228 1749 4282 Aut
1772 4229 1814 4283 si
1839 4240 1894 4285 et

323 4315 432 4369 illis
458 4330 597 4371 nunc
621 4316 743 4371 luna
770 4316 982 4371 videtur
1006 4317 1250 4383 obscura,
1274 4319 1393 4387 quia
1425 4320 1680 4375 incertum
1710 4322 1896 4378 volunt

319 4404 537 4461 efficere
562 4422 682 4476 quze
707 4407 780 4461 sit
801 4408 1081 4469 catholica.
1111 4417 1167 4462 et
1210 4424 1327 4464 eam
1357 4411 1582 4479 peccatis
1606 4414 1893 4468 carnalium

319 4495 620 4561 hominum,
649 4512 783 4567 quos
810 4498 1009 4552 multos
1049 4500 1284 4554 continet
1308 4542 1323 4566 ,
1353 4512 1611 4556 conantur
1635 4519 1854 4575 arguere
1878 4525 1892 4567 ;

317 4588 446 4657 quid
475 4588 541 4642 ad
570 4604 693 4643 eum
719 4590 947 4659 pertinet
972 4591 1059 4659 qui
1091 4606 1216 4645 vero
1240 4591 1367 4646 dicit
1392 4608 1404 4645 :
1432 4590 1497 4646 In
1530 4593 1744 4649 Domino
1774 4613 1897 4651 ron-

317 4681 469 4749 [ξιιοέ
493 4681 608 4749 Qua
651 4697 775 4737 voce
802 4698 861 4738 se
885 4683 1104 4753 quisque
1133 4694 1186 4738 et
1217 4683 1530 4739 frumentum
1560 4702 1676 4742 esse
1715 4698 1896 4743 osten-

314 4771 417 4833 dit,
448 4781 503 4827 et
542 4786 709 4842 usque
731 4772 797 4827 ad
826 4774 1179 4828 ventilationis
1208 4783 1415 4844 tempus
1443 4776 1618 4844 paleas
1649 4779 1896 4835 tolerabi-

315 4864 441 4919 liter
462 4864 706 4919 sustinet.

306 5009 311 5013 .
342 5002 347 5007 ,
392 4957 449 5010 5.
477 4955 544 5010 In
587 4955 806 5010 Domino
848 4972 974 5027 ergo
1002 4958 1220 5026 con/ida.
1255 4958 1333 5013 Illi
1381 4960 1600 5015 timeant
1621 4961 1707 5032 qui
1736 4963 1900 5016 conli-

312 5047 456 5100 dunt
493 5047 546 5100 in
577 5046 809 5109 homine,
841 5058 893 5102 et
927 5048 995 5103 de
1021 5059 1167 5119 parte
1207 5049 1436 5105 hominis
1461 5064 1519 5107 se
1561 5065 1678 5107 esse
1707 5068 1899 5125 negare

303 5168 307 5173 ’
386 5176 467 5248 _(_a)
487 5179 665 5248 Tangit.
686 5176 801 5227 illud
822 5177 950 5248 quod
974 5188 1198 5231 versante
1226 5182 1374 5248 inter
1384 5184 1774 5248 persecutionum
1794 5199 1902 5248 pro-

312 5237 700 5311 cellasscclesia
720 5237 1026 5311 comt'iiissum
1044 5249 1121 5311 est
1130 5237 1405 5311 traditionis
1421 5245 1605 5311 crimen
1621 5258 1633 5294 :
1653 5248 1779 5309 quod

313 5301 440 5372 dein
463 5299 715 5372 Catholicis
733 5300 1027 5371 calumniose
1063 5303 1372 5372 obiectabant
1404 5299 1686 5372 Donatistae;
1710 5299 1901 5372 quando

314 5363 488 5470 potius
510 5365 722 5424 majores
744 5362 959 5434 ipsorum
993 5362 1183 5425 quidam
1217 5368 1372 5440 (gestis
1399 5362 1768 5431 municipalibus
1788 5383 1899 5431 pro-

334 5423 566 5470 zhantnr
588 5436 753 5470 sacros
774 5424 966 5470 codices
996 5431 1047 5470 et
1078 5424 1298 5470 Eeclesm
1336 5436 1650 5470 msmimenm
1675 5444 1899 5470 ηρνςρρη.

588 5423 966 5493 Codices
996 5423 1298 5493 etLEcclesiie
1336 5423 1902 5493 instrumentapersecu-

313 5486 515 5554 toribus
534 5485 803 5554 tradidisse.
830 5486 899 5554 uti
920 5486 1085 5554 scribit
1097 5489 1387 5554 Augustinus
1407 5490 1456 5538 in
1494 5485 1696 5554 Epistula
1717 5498 1899 5554 LXXVI,

312 5559 371 5595 ιι.
394 5545 451 5616 f2.
477 5552 528 5594 Et
550 5547 598 5616 in
634 5553 719 5616 gf,
740 5559 805 5616 Au.
824 5545 886 5616 β,
927 5564 950 5592 ι
973 5548 1142 5616 Utique
1169 5545 1572 5616 ostenderemus,
1604 5551 1698 5616 ait,
1726 5545 1898 5616 vobis,

310 5610 440 5679 quia
466 5608 624 5668 ροιίιιδ
641 5606 709 5679 illi
735 5608 993 5679 traditores
1016 5606 1228 5679 fuerunt,
1249 5613 1331 5673 qui
1353 5606 1651 5679 Cagcilianum
1676 5606 1897 5679 (Cartha:

310 5671 571 5736 generiem
592 5670 886 5732 episcopum)
910 5678 961 5721 et
985 5670 1141 5721 socios
1164 5670 1281 5733 ejus
1290 5675 1426 5736 quasi
1450 5670 1715 5727 traditionis
1735 5678 1895 5727 crimi-

315 5730 390 5781 itc
406 5730 774 5782 damnaverunt.
809 5749 830 5782 ι

1442 271 1833 330 ENARRATIO
1862 271 1928 329 ΒΝ
1966 272 2284 333 PSALMUM
2324 274 2387 332 Χ.

3440 263 3538 331 {Si

1971 402 2077 443 non
2124 396 2379 456 possunt,
2408 402 2501 458 per
2525 386 2674 457 cujus
2714 401 2875 444 canos
2894 386 3072 457 iurant
3101 386 3216 461 (a):
3247 396 3302 444 et
3340 403 3460 447 cum
3490 392 3541 445 in

1971 492 2215 533 sermone
2255 476 2323 533 ab
2363 478 2438 532 eis
2465 478 2740 548 qumritur,
2787 475 2940 548 cujus
2976 479 3364 539 communionis
3405 491 3543 545 sint,

1972 567 2072 627 nisi
2097 566 2164 621 de
2194 574 2343 638 parte
2372 568 2510 622 illius
2555 582 2612 622 se
2638 582 2756 623 esse
2782 567 2979 632 dicant,
3012 584 3115 623 non
3142 579 3362 639 possunt
3386 586 3548 642 agno-

1973 658 2073 713 sci.
2107 658 2200 713 Dic
2224 658 2349 728 quid
2396 659 2482 713 isti
2509 659 2744 724 faciunt,
2772 674 2890 715 cum
2936 660 3039 717 illis
3067 676 3550 719 commemorantur

1975 759 2082 806 tam
2112 748 2512 805 innumerabilia
2555 758 2609 806 et
2651 748 2954 817 quotidiana
2997 761 3211 820 peccata
3254 762 3310 809 et
3351 754 3551 810 scelera

1977 859 2188 911 eorum,
2231 844 2421 914 quibus
2446 844 2600 914 plena
2624 854 2709 901 est
2734 844 2825 900 illa
2851 846 3111 902 societas?
3136 847 3395 918 Numquid
3422 865 3549 919 pos-

1975 944 2101 990 sunt
2122 935 2323 991 dicere.
2346 935 2413 989 In
2432 934 2649 991 Domino
2669 936 2907 1006 conﬁdo;
2926 941 3172 1007 quomodo
3188 940 3351 996 dicitis
3365 943 3549 996 animle

1979 1043 2143 1102 mete:
2176 1027 2525 1100 Tramsmigra'
2541 1031 2593 1084 in
2630 1039 2820 1086 montes
2854 1032 2983 1085 sicut
3016 1034 3227 1103 passer?
3266 1033 3382 1090 Non
3408 1036 3553 1090 enim

1978 1117 2251 1175 confidunt
2279 1120 2329 1175 in
2365 1120 2607 1186 Domino,
2640 1121 2731 1192 qui
2757 1131 2877 1177 tunc
2906 1137 3026 1179 esse
3052 1123 3234 1181 dicunt
3259 1136 3438 1181 sancta
3466 1142 3555 1181 sa-

1978 1218 2271 1276 cramenta,
2301 1210 2343 1264 si
2373 1224 2468 1280 per
2496 1221 2708 1267 sanctos
2732 1211 2973 1268 homines
2992 1212 3202 1269 dentur.
3228 1216 3406 1286 Itaque
3434 1233 3553 1271 cum

1980 1300 2049 1357 ab
2075 1303 2155 1356 eis
2194 1303 2468 1372 quaeritur,
2497 1304 2585 1374 qui
2614 1305 2722 1359 sint
2748 1306 2951 1371 sancti,
2997 1307 3311 1363 erubescunt
3339 1309 3514 1363 dicere
3538 1349 3554 1374 ,

1981 1391 2089 1447 Nos
2117 1408 2332 1459 sumus;
2358 1394 2481 1464 quin
2508 1394 2669 1451 etiam
2695 1395 2739 1449 si
2775 1396 2848 1449 illi
2877 1412 2981 1450 non
3004 1397 3319 1452 erubescant
3348 1399 3448 1453 hoc
3473 1399 3556 1453 di-

1983 1498 2126 1553 cere,
2155 1485 2210 1541 bi
2236 1486 2323 1557 qui
2365 1487 2585 1542 audiunt
2614 1504 2710 1557 pro
2749 1489 2876 1559 ipsis
2900 1488 3238 1546 erubescunt.
3268 1491 3445 1562 Itaque
3471 1490 3555 1547 isti

1983 1586 2176 1648 cogunt
2200 1592 2294 1633 eos
2332 1579 2421 1648 qui
2464 1580 2730 1649 accipiunt
2771 1590 3120 1646 sacramenta,
3150 1595 3299 1651 spem
3327 1597 3475 1637 suam
3503 1584 3556 1637 in

1982 1668 2199 1726 homine
2224 1685 2439 1741 ponere,
2468 1670 2617 1741 cujus
2640 1688 2735 1727 cor
2752 1672 2933 1728 videre
2962 1687 3066 1728 non
3091 1682 3329 1744 possunt.
3363 1674 3430 1728 Et
3455 1689 3561 1728 ma-

1984 1761 2207 1818 ledictus
2226 1761 2399 1818 omnis
2418 1761 2507 1832 qui
2525 1777 2670 1833 spem
2693 1778 2841 1818 suam
2862 1764 3008 1833 ponit
3038 1764 3090 1818 in
3111 1763 3328 1821 homine
3347 1764 3558 1836 (lerant.

1989 1869 2123 1918 xvn,
2153 1851 2229 1925 5).
2256 1852 2395 1920 Quid
2414 1864 2497 1909 est
2523 1854 2666 1909 enim
2691 1854 2889 1921 dicere,
2916 1856 3029 1926 Ego
3055 1857 3195 1925 quod
3222 1857 3290 1911 do
3315 1866 3561 1911 sanctum

1985 1953 2102 2010 est;
2129 1946 2267 2011 nisi,
2314 1946 2472 2016 Spem
2500 1957 2642 2001 tuam
2687 1946 2743 2001 in
2772 1963 2857 2003 me
2902 1949 3078 2017 pone?
3115 1949 3249 2016 Quid
3280 1950 3323 2003 si
3369 1966 3472 2003 non
3500 1965 3560 2003 es

1986 2038 2235 2093 sanctus?
2272 2038 2378 2093 Aut
2405 2039 2624 2094 ostende
2653 2054 2749 2094 cor
2782 2048 2949 2093 tuum.
2982 2040 3133 2107 Quod
3164 2041 3206 2093 si
3248 2056 3352 2096 non
3384 2050 3561 2109 potes,

1990 2126 2077 2180 ubi
2108 2127 2299 2182 videbo
2320 2128 2462 2199 quod
2490 2138 2701 2183 sanctus
2723 2130 2819 2187 es?
2841 2132 2919 2183 Au
2945 2128 3078 2184 forte
3101 2130 3246 2184 dices
3274 2131 3410 2201 quod
3433 2133 3563 2186 scri-

1988 2228 2135 2288 ptum
2166 2229 2265 2286 est,
2311 2221 2395 2276 Ea:
2437 2222 2668 2289 oneribus
2698 2239 2866 2275 eorum
2905 2223 3213 2292 cognoscetis
3236 2239 3319 2277 eos
3349 2223 3561 2294 (Matth.

1988 2325 2081 2374 vn,
2114 2310 2243 2381 16)?
2270 2310 2436 2367 Video
2466 2312 2621 2381 plane
2642 2312 2775 2367 mira
2804 2328 2987 2381 Opera,
3013 2314 3342 2382 quotidianus
3371 2316 3566 2369 violem

1990 2402 2091 2455 tias
2119 2401 2612 2458 Circumcellionum
2645 2403 2744 2459 sub
2767 2404 3027 2473 episcopis
3052 2414 3105 2458 ct
3135 2404 3566 2477 presbyterisdu-

1991 2492 2139 2546 cibus
2160 2492 2570 2563 circumquaque
2590 2494 2832 2559 volitare,
2855 2504 2909 2548 et
2922 2494 3185 2549 terribiles
3205 2495 3371 2551 fustes
3400 2496 3567 2554 Israe-

1991 2581 2069 2635 lcs
2124 2597 2313 2637 vocare
2336 2584 2374 2646 ί,
2406 2600 2523 2653 quze
2554 2583 2796 2638 homines
2822 2585 2912 2653 qui
2938 2600 3079 2639 nunc
3105 2587 3305 2651 vivunt,
3332 2582 3568 2655 quotidie

1991 2672 2172 2725 vident
2213 2681 2267 2725 et
2293 2674 2546 2726 sentiunt.
2580 2673 2870 2727 Macariana
2915 2672 2988 2745 (b)
3031 2690 3158 2728 vero
3194 2686 3432 2744 tempora
3455 2716 3472 2742 ,
3500 2675 3568 2730 de

1980 2762 2183 2832 quibus
2214 2763 2461 2817 invidiam
2501 2763 2715 2825 faciunt,
2748 2774 2803 2820 et
2842 2765 3053 2833 plurimi
3085 2781 3195 2820 non
3220 2767 3482 2833 viderunt,
3515 2778 3569 2821 et

1974 2868 2152 2908 nemo
2178 2868 2319 2908 nunc
2341 2854 2484 2908 videt
2509 2872 2521 2909 :
2553 2863 2608 2909 et
2633 2855 2873 2925 quisquis
2897 2872 2957 2910 ca
2984 2856 3112 2909 vidit
3137 2856 3448 2923 catholicus,
3476 2874 3570 2928 po.

1973 2943 2093 2998 'tuit
2115 2942 2312 3007 dicere,
2352 2944 2396 2998 si
2424 2944 2519 2998 Dei
2548 2958 2736 2999 servus
2759 2960 2881 3011 esse
2906 2946 3082 3011 vellet,
3112 2946 3178 3000 In
3210 2946 3425 3002 Domine
3450 2966 3566 3003 con.
3614 2943 3620 2949 ’

1996 3032 2136 3100 ﬁdo;
2172 3034 2315 3102 quod
2337 3043 2392 3088 et
2419 3050 2560 3115 nunc
2597 3035 2729 3089 dicit
2750 3076 2764 3099 ,
2798 3050 2917 3089 cum
2950 3037 3109 3090 multa
3141 3053 3259 3107 qum
3304 3055 3407 3093 non
3438 3041 3570 3104 vult,

1994 3123 2047 3176 in
2077 3122 2309 3179 Ecclesia
2341 3124 2505 3190 videt,
2537 3126 2625 3195 qui
2648 3141 2705 3181 se
2734 3127 2867 3181 intra
2892 3128 2975 3181 illa
3000 3130 3128 3182 retia
3163 3130 3310 3197 plena
3344 3133 3573 3201 piscibus

1992 3212 2147 3266 bonis
2179 3224 2227 3266 et
2258 3215 2411 3267 malis
2443 3213 2550 3285 (Id.
2581 3231 2695 3278 xm,
2724 3215 2817 3289 47)
2845 3226 3027 3272 natare
3049 3217 3226 3273 adhuc
3254 3222 3435 3288 sentit,
3477 3223 3573 3275 (iu-

1993 3316 2093 3355 ncc
2117 3300 2187 3356 ad
2224 3303 2380 3357 finem
2428 3306 2590 3359 maris
2614 3307 2872 3373 veniatur,
2903 3306 2993 3361 ubi
3021 3309 3146 3362 mali
3173 3323 3515 3380 scgrcgcntur
3542 3328 3572 3367 a

1997 3393 2172 3448 bonis.
2213 3394 2300 3449 Isti
2332 3405 2510 3450 autem
2543 3398 2668 3467 quid
2718 3400 3059 3469 respondent,
3105 3402 3148 3454 si
3179 3402 3331 3457 alicui
3364 3405 3572 3459 illormu

1992 3484 2133 3540 dicat
2157 3486 2242 3541 ille
2281 3503 2437 3556 quem
2470 3487 2740 3559 baptizant
2773 3508 2786 3544 :
2820 3490 3098 3558 Quomodo
3127 3508 3213 3548 me
3245 3494 3409 3564 juhes
3443 3512 3575 3566 pra:-

1993 3579 2238 3633 sumere?
2263 3578 2396 3632 Nam
2425 3579 2469 3632 si
2499 3589 2554 3633 et
2590 3580 2768 3636 dantis
2794 3591 2847 3636 et
2867 3572 3173 3655 accipientis
3201 3594 3282 3639 est
3308 3588 3571 3649 meritum,

1992 3658 2063 3723 sit
2089 3668 2262 3723 dantis
2293 3669 2421 3737 Dei,
2461 3679 2517 3725 et
2540 3672 2849 3741 accipientis
2883 3674 3220 3728 conscienti-.e
3254 3691 3387 3729 more
3419 3694 3431 3726 :
3462 3677 3575 3731 ha-c

1995 3759 2136 3813 enim
2163 3758 2269 3812 duo
2296 3775 2399 3814 non
2428 3760 2557 3814 mihi
2588 3760 2787 3816 incerta
2816 3772 2959 3830 sunt,
2992 3764 3201 3818 bonitas
3229 3765 3389 3830 illius,
3436 3778 3485 3822 et
3518 3769 3577 3821 ti-

1993 3848 2091 3904 des
2118 3864 2253 3904 mea.
2283 3850 2418 3917 Quid
2471 3860 2522 3906 te
2567 3852 2895 3922 interponis,
2939 3853 3005 3908 de
3050 3870 3156 3924 quo
3198 3866 3396 3911 certum
3441 3858 3577 3914 scire

1994 3941 2122 3995 nihil
2158 3944 2409 4011 possum?
2453 3943 2578 3997 Sine
2608 3960 2693 3998 me
2733 3944 2946 4011 dicere,
2992 3945 3057 4000 In
3101 3946 3317 4003 Domino
3354 3954 3574 4019 conﬁdo.

1994 4030 2124 4085 Nam
2150 4032 2193 4085 si
2225 4032 2274 4085 in
2318 4041 2371 4087 te
2396 4031 2622 4097 confido,
2656 4034 2794 4090 unde
2834 4035 3046 4091 confido
3074 4039 3116 4092 si
3164 4038 3292 4093 nihil
3323 4044 3444 4096 mali
3478 4043 3571 4098 ista
3598 4050 3614 4065 ‘

1990 4132 2152 4181 nocte
2180 4122 2384 4179 fecisti?
2409 4125 2681 4181 Postremo
2702 4128 2744 4182 si
2774 4128 2852 4182 vis
2877 4138 2932 4183 ut
2951 4131 3162 4185 credam
3191 4133 3303 4192 tibi.
3323 4135 3576 4203 numquid

1998 4228 2210 4285 possum
2224 4217 2449 4286 amplius
2469 4233 2623 4286 quam
2644 4218 2708 4273 dc
2729 4227 2778 4273 te
2800 4220 3048 4276 credere?
3065 4221 3214 4277 Unde
3229 4239 3356 4295 ergo
3370 4226 3579 4279 centido

1992 4306 2052 4369 in
2076 4307 2155 4360 eis
2198 4308 2389 4376 quibus
2419 4308 2530 4363 heri
2567 4311 2993 4387 communicasti,
3025 4323 3079 4368 et
3107 4314 3263 4370 hodie
3287 4318 3578 4371 communi-
3660 4312 3663 4315 ⁴

1997 4413 2108 4463 cas,
2134 4407 2187 4452 et
2210 4414 2326 4477 cras
2351 4402 2784 4468 communicabis,
2814 4413 2987 4459 utrum
3014 4405 3094 4461 vel
3121 4406 3224 4460 isto
3252 4407 3424 4461 triduo
3448 4408 3575 4462 nihil

1998 4492 2122 4547 mali
2167 4492 2569 4549 commiserint?
2597 4497 2746 4563 Quod
2791 4497 2836 4552 si
2880 4513 2980 4553 nec
3026 4511 3077 4553 te
3122 4515 3220 4554 nec
3266 4516 3350 4555 me
3396 4502 3581 4569 polluit

1999 4583 2137 4653 quod
2168 4585 2451 4652 nescimus,
2480 4603 2597 4657 quae
2626 4604 2783 4643 causa
2830 4600 2912 4645 est
2959 4601 3014 4643 ut
3043 4591 3339 4659 reliaptizes
3367 4608 3458 4646 cos
3488 4596 3576 4662 qui

2003 4683 2235 4742 tempora
2267 4676 2563 4730 traditionis
2591 4688 2645 4731 et
2690 4678 3003 4733 Macariana:
3034 4680 3242 4733 invidiae
3277 4697 3381 4735 non
3413 4698 3579 4739 nove-

2001 4765 2162 4817 runt"
2187 4765 2314 4832 Qum
2352 4782 2508 4821 causa
2554 4777 2636 4822 est
2676 4778 2731 4819 ut
2756 4768 3074 4824 christianos
3115 4770 3182 4824 de
3206 4770 3578 4839 Mesopotamia

2003 4856 2295 4921 venientes,
2321 4860 2409 4925 qni
2441 4856 2709 4911 Ca‘ciliani
2742 4869 2792 4911 et
2822 4858 3005 4912 Donati
3036 4876 3131 4913 nec
3168 4876 3358 4915 nomen
3396 4862 3577 4917 audie-

2002 4956 2145 5010 runt,
2175 4948 2499 5015 rebaptizarc
2525 4949 2719 5002 audeas
2742 4990 2755 5009 ,
2798 4958 2850 5004 et
2879 4966 3037 5020 neges
3083 4967 3201 5006 esse
3228 4952 3580 5009 christianos?

2002 5035 2056 5095 Si
2083 5048 2255 5093 autem
2284 5040 2401 5093 illos
2442 5040 2686 5109 polluunt
2709 5041 2878 5095 aliena
2908 5051 3119 5111 peccata
3167 5059 3285 5113 qua:
3311 5044 3575 5112 nesciunt,

2002 5190 2186 5301 csic
2206 5189 2385 5255 aliquot
2410 5193 2572 5255 probze
2594 5202 2719 5245 notae
2737 5202 2843 5247 Mss.
2876 5206 2931 5247 At
2960 5198 3093 5261 edd.,
3114 5199 3262 5263 fustes
3287 5200 3478 5253 Israelis
3502 5214 3580 5253 vo-

2066 5313 2138 5437 (a;
2171 5315 2423 5365 Donatistae
2445 5328 2535 5378 per
2551 5330 2696 5368 cauos
2716 5323 2879 5371 Donati
2898 5321 3078 5384 jurant.

2067 5371 2117 5435 (Ι)
2148 5377 2418 5437 Μαοθγίδιιθ
2440 5387 2671 5437 tempora,
2699 5383 2876 5437 quibus
2892 5396 2949 5432 se
2972 5396 3001 5432 a
3022 5392 3078 5433 Ca

2067 5371 2418 5447 (bjﬂttacariana
2440 5371 2671 5441 tempora,
2699 5383 2876 5447 quibus
2892 5371 2949 5432 se
2972 5396 3001 5432 a
3022 5383 3272 5447 catholicis
3294 5386 3442 5435 diram
3468 5397 3581 5447 per-

2002 5436 2641 5509 secutionemjassosjsse
2662 5436 2921 5509 Donatistae
2956 5442 3310 5509 querebantur,
3335 5436 3582 5509 pertinent

2004 5497 2062 5566 ad
2084 5508 2262 5566 annum
2283 5497 2478 5549 circiter
2500 5502 2609 5559 548,
2634 5518 2731 5566 quo
2756 5497 2987 5556 Macarius
3006 5516 3057 5556 et
3080 5508 3251 5555 Paulus
3268 5497 3507 5557 venerunt
3532 5507 3579 5555 in

2005 5557 2221 5629 africum,
2238 5572 2312 5629 ¹ρο
2327 5574 2355 5608 a
2376 5557 2633 5613 Constante
2654 5557 2808 5629 inissi,
2833 5575 2887 5616 ut
2909 5581 3179 5627 egenorum
3214 5572 3416 5629 inopiam
3436 5568 3579 5629 largi-

2003 5621 2216 5686 tionibus
2238 5620 2475 5686 levareut,
2505 5632 2657 5686 utque
2679 5620 3009 5678 schiSmatiébs
3031 5620 3317 5677 revocarent
3338 5630 3396 5677 ad
3421 5620 3577 5677 unitvao

2004 5689 2103 5751 tem
2126 5681 2436 5752 catholicum
2464 5693 2530 5752 lie
2564 5681 2639 5736 liis
2672 5697 2870 5751 Optatos
2904 5691 2950 5738 in
2981 5688 3067 5738 lib.
3101 5695 3174 5748 ω,
3207 5693 3497 5752 Αυειιειὶηυε
3529 5708 3578 5745 in

2006 5747 2147 5807 epist.
2175 5751 2313 5807 xm,
2339 5763 2385 5797 n.
2412 5747 2459 5807 4,
2484 5749 2533 5809 5,
2560 5758 2653 5799 etc.
