4046 6200
504 269 602 325 155

502 401 641 448 tenet
675 400 728 447 te
767 404 913 445 rcurr.
943 386 1191 458 quidquid
1237 401 1328 455 per
1370 384 1604 455 singulos
1647 383 1762 439 dies
1807 385 1859 437 in
1908 393 2058 453 parte

502 493 673 537 vestra
702 490 752 536 te
776 480 1041 534 nesciente
1069 476 1431 539 committitur,
1472 477 1843 542 imperatorum
1866 472 2061 528 consti-

504 574 729 626 tutiones
758 568 834 639 (a)
865 568 1053 621 frustra
1096 567 1427 636 obiicientem
1460 568 1475 598 ⁸
1519 564 1821 630 Catholicis,
1849 578 1967 619 cum
2010 564 2061 618 in

501 663 690 717 vestris
710 660 896 715 castris
917 660 1099 729 privati
1127 658 1289 713 fustes
1309 660 1557 729 ignesque
1579 659 1653 711 sic
1670 660 1903 712 saeviant.
1926 657 2064 712 Ecce

502 769 608 823 quo
635 752 766 822 lapsi
797 760 941 816 sunt,
972 752 1057 820 qui
1090 766 1211 804 cum
1238 751 1478 805 viderent
1508 751 1559 804 in
1585 749 1852 805 Catholica
1877 763 2063 819 pecca-

500 856 664 908 tores,
711 858 813 896 non
855 850 1138 912 potuerunt
1181 842 1373 907 dicere,
1408 841 1473 894 In
1511 840 1727 895 Domino
1762 841 1980 909 conﬁdo,
2009 849 2064 894 et

498 950 647 1005 spem
675 949 823 988 suam
854 935 906 987 in
933 933 1145 988 homine
1172 943 1477 1002 posuerunt.
1508 932 1657 998 Quod
1682 932 1896 986 omnino
1923 930 2065 986 dice—

498 1034 639 1091 rent,
670 1026 713 1080 si
743 1039 846 1078 non
871 1034 963 1078 aut
1000 1025 1131 1094 ipsi,
1161 1032 1251 1077 aut
1275 1031 1329 1077 et
1370 1023 1467 1092 ipsi
1500 1023 1632 1076 tales
1661 1032 1858 1086 essent,
1883 1020 2064 1090 quales

499 1119 618 1173 illos
662 1118 934 1186 putabant,
976 1132 1007 1171 a
1046 1116 1235 1186 quibus
1280 1115 1531 1186 sacrilega
1561 1113 1800 1184 superbia
1830 1111 2063 1183 separari

497 1222 556 1261 se
581 1209 713 1262 velle
738 1206 1019 1261 finxerunt.

570 1300 618 1353 6.
644 1297 813 1371 [uers.
832 1298 909 1371 4.]
932 1300 1074 1353 Dicat
1095 1313 1220 1369 ergo
1245 1298 1416 1353 anima
1438 1297 1725 1353 catholica:
1752 1295 1817 1350 In
1850 1294 2063 1350 Domino

497 1391 697 1458 conﬁdo
719 1406 739 1454 ;
763 1391 1008 1460 quomodo
1049 1390 1212 1444 dicitis
1248 1390 1430 1444 animo:
1468 1406 1592 1443 mea:
1617 1406 1632 1442 :
1662 1388 1983 1457 Transmigra
2010 1388 2063 1441 in

497 1492 688 1535 montes
730 1483 858 1535 sicut
901 1482 1116 1551 passer?
1156 1481 1406 1549 Quoniam
1442 1497 1555 1536 eCCt'
1586 1490 1861 1552 peccatores
1899 1480 2063 1533 inten-

496 1575 675 1628 derunt
702 1591 892 1639 arcum,
923 1584 1221 1645 paraverunt
1248 1575 1455 1645 sagittas
1487 1589 1603 1627 suas
1627 1574 1680 1627 in
1705 1573 1940 1644 pharetra
1961 1613 1977 1637 ,
2009 1581 2065 1625 ut

492 1664 731 1733 sogittent
756 1666 809 1717 in
838 1666 1047 1718 obscura
1086 1664 1208 1718 luna
1234 1675 1393 1718 rectos
1430 1664 1578 1718 corde
1610 1677 1631 1717 :
1668 1673 1721 1717 et
1760 1678 2064 1718 sermonem

496 1754 564 1806 ab
604 1754 730 1823 ipsis
756 1763 1028 1809 convertat
1064 1753 1129 1808 ad
1158 1753 1439 1825 Dominum
1465 1794 1479 1818 ,
1524 1761 1578 1808 et
1603 1751 1780 1819 dicat,
1814 1753 2064 1818 Quoniam

494 1861 608 1913 qum
636 1846 886 1915 perfecisti
921 1847 1289 1899 destruxerunt.
1329 1845 1396 1900 Et
1433 1846 1531 1900 hoc
1566 1844 1726 1909 dicat,
1753 1860 1855 1898 non
1881 1853 2063 1900 contra

493 1934 622 1989 istos
646 1936 809 1999 solos,
837 1934 928 1990 sed
955 1944 1138 1990 contra
1161 1950 1345 1991 omnes
1373 1936 1666 1991 haereticos.
1690 1936 1888 1990 Omnes
1912 1937 2059 1990 enim

494 2037 745 2097 quantum
776 2028 827 2083 in
860 2027 986 2098 ipsis
1015 2038 1115 2094 est,
1146 2028 1522 2083 destruxerunt
1549 2028 1779 2093 laudem,
1809 2034 1965 2097 quam
1994 2043 2059 2081 ex
2114 2076 2125 2091 ,

494 2133 588 2173 ore
615 2119 891 2173 infantium
921 2129 976 2173 et
1000 2118 1305 2174 lactentium
1334 2116 1553 2188 perfecit
1581 2118 1719 2172 Deus
1751 2116 1921 2190 (Psal.
1947 2133 2059 2183 vnt,

494 2208 582 2279 3),
609 2208 735 2263 dum
762 2208 1140 2278 quaestionibus
1168 2210 1319 2263 vanis
1356 2217 1410 2263 et
1447 2208 1768 2279 scrupulosis
1800 2209 2064 2279 exagitant

496 2297 771 2366 parvulos,
799 2304 855 2352 et
879 2312 971 2352 eos
1000 2298 1187 2351 nutriri
1215 2297 1335 2352 fidei
1363 2298 1498 2353 lacte
1526 2314 1632 2352 non
1662 2298 1861 2351 sinunt.
1900 2297 2061 2364 Quasi

492 2402 619 2457 ergo
644 2388 842 2444 dictum
872 2388 942 2443 sit
969 2387 1091 2443 huic
1120 2388 1309 2443 anima:
1329 2428 1345 2455 ,
1377 2388 1550 2455 Quare
1594 2389 1677 2443 isti
1721 2388 1811 2442 tibi
1855 2388 2057 2454 dicunt,

494 2478 820 2551 Transmigra
841 2480 895 2534 in
920 2488 1109 2534 montes
1132 2480 1259 2534 sicut
1281 2496 1451 2549 passer
1469 2480 1495 2534 ?
1519 2495 1684 2550 quare
1710 2488 1761 2535 te
1785 2480 1853 2533 de
1877 2493 2063 2548 pecca-

493 2570 695 2625 toribus
721 2578 942 2635 terrent,
972 2571 1059 2640 qui
1084 2570 1423 2625 intenderunt
1446 2584 1624 2624 arcum
1651 2568 1717 2622 ad
1738 2568 2061 2638 sagittandos

492 2661 545 2715 in
568 2660 791 2716 obscura
813 2660 935 2714 luna
959 2670 1133 2716 rectos
1152 2659 1347 2715 corde?
1367 2660 1671 2729 Respondet
1693 2677 1707 2713 :
1731 2658 1854 2714 ideo
1880 2658 2059 2729 utique

493 2769 580 2808 me
608 2760 841 2820 terrent,
865 2754 1104 2820 quoniam
1125 2768 1238 2824 qua:
1262 2752 1510 2824 perfecisti
1533 2751 1899 2805 destruxerunt.
1930 2748 2053 2815 Ubi,

493 2846 593 2900 nisi
633 2846 684 2901 in
722 2846 1107 2902 conventiculis
1135 2846 1280 2911 suis,
1307 2845 1396 2900 ubi
1422 2844 1667 2914 parvulos
1700 2852 1754 2898 et
1791 2841 2058 2898 interioris

490 2937 625 2992 lucis
646 2936 878 3007 ignaros,
902 2953 1005 2990 non
1031 2938 1163 2990 lacte
1189 2936 1445 3001 nutriunt,
1473 2933 1568 2989 sed
1591 2933 1809 2989 venenis
1834 2932 2056 2989 necant?

486 3026 665 3082 Iustus
692 3037 858 3081 autem
892 3027 1012 3095 quid
1040 3027 1196 3097 fecit?
1235 3025 1291 3081 Si
1316 3040 1412 3079 vos
1435 3025 1691 3080 Macarius
1709 3065 1725 3089 ,
1755 3025 1798 3077 si
1821 3038 1915 3079 vos
1939 3022 2058 3079 Ca:-

488 3117 710 3172 cilianus
735 3116 987 3177 oll‘endit;
1016 3116 1259 3171 Christus
1284 3116 1408 3186 quid
1438 3114 1562 3171 fecit
1590 3115 1760 3179 vobis,
1786 3115 1875 3184 qui
1901 3114 2053 3180 dixit,

492 3210 680 3265 Pacem
721 3227 884 3264 meam
925 3210 991 3264 do
1030 3211 1193 3275 vobis,
1244 3225 1417 3278 pacem
1451 3224 1611 3261 meam
1654 3207 1878 3278 relinquo
1920 3206 2056 3261 vobis

489 3301 668 3372 (Joan.
696 3317 789 3355 xxv
811 3342 825 3367 ,
857 3301 992 3370 27):
1021 3317 1175 3371 quam
1206 3315 1298 3355 vos
1327 3299 1552 3354 nefanda
1588 3298 1917 3354 dissensione
1943 3300 2057 3354 vio-

491 3393 677 3447 lastis?
698 3392 940 3447 Christus
963 3391 1088 3461 quid
1114 3390 1262 3445 vobis
1290 3390 1431 3456 fecit,
1458 3389 1545 3459 qui
1573 3388 1877 3444 traditorem
1901 3405 2053 3443 suum

490 3491 632 3536 tanta
678 3484 927 3553 patientia
977 3481 1215 3550 pertulit,
1247 3491 1305 3535 ut
1332 3481 1381 3536 ei
1419 3480 1640 3549 primam
1670 3478 2052 3534 Eucharistiam

484 3570 778 3627 coniectam
822 3572 1064 3625 manibus
1109 3571 1218 3625 suis
1262 3579 1317 3624 ct
1355 3585 1449 3624 ore
1486 3584 1581 3622 suo
1609 3568 2051 3653 commendatam,

485 3665 620 3718 sicut
647 3664 853 3718 cieteris
879 3663 1146 3732 ApOstolis
1175 3661 1409 3716 traderet
1441 3659 1589 3731 (Luc.
1620 3677 1769 3727 χιιι,
1804 3661 1898 3727 19,
1925 3662 2054 3732 21)?

485 3754 621 3820 Quid
659 3755 806 3808 vobis
853 3754 974 3807 fecit
1016 3753 1291 3818 Christus,
1338 3752 1427 3822 qui
1470 3751 1714 3807 eumdem
1746 3751 2053 3805 traditorem

487 3863 662 3914 suum,
690 3863 846 3917 quem
876 3846 1144 3901 diabolum
1176 3844 1469 3899 nominavit
1498 3844 1672 3915 (Joan.
1700 3858 1772 3910 vi,
1799 3845 1888 3914 7l)
1908 3886 1923 3907 ,
1965 3844 2053 3911 qui

489 3950 611 3991 ante
642 3938 973 3991 traditionem
1014 3937 1220 3991 Domini
1251 3951 1350 3991 nec
1379 3936 1563 3991 loculis
1592 3935 1868 3990 dominicis
1897 3934 2052 3989 fidem

420 4041 439 4060 ο
489 4027 658 4096 potuit
680 4025 930 4081 exhibere
960 4025 1069 4097 (Id.
1100 4043 1189 4091 xu,
1218 4028 1297 4096 6),
1321 4043 1439 4082 cum
1465 4027 1671 4081 cmteris
1695 4026 1964 4095 discipulis
1987 4025 2052 4080 ad

490 4115 881 4187 prmdicandum
924 4133 1139 4184 regnum
1170 4118 1427 4173 etelorum
1458 4118 1601 4172 misit
1629 4115 1840 4190 (Matth.
1869 4134 1928 4183 χ,
1956 4117 2049 4189 5);

483 4220 541 4263 ut
566 4207 952 4262 demonstraret
978 4207 1112 4261 dona
1144 4208 1240 4261 Dei
1272 4209 1546 4278 pervenire
1582 4208 1650 4263 ad
1682 4222 1776 4263 eos
1814 4209 1900 4277 qui
1929 4223 2049 4262 cum

486 4300 591 4357 iide
613 4298 914 4369 accipiunt,
945 4299 1149 4352 etiamsi
1178 4299 1295 4355 talis
1331 4299 1400 4353 sit
1434 4315 1530 4370 per
1566 4315 1723 4369 quem
1761 4299 2047 4369 accipiunt,

482 4393 652 4464 qualis
676 4390 837 4447 Judas
865 4388 1001 4444 fuit?
1740 4454 1749 4463 .

554 4484 605 4536 7.
636 4482 786 4554 [vers.
808 4479 887 4554 5.]
933 4480 1178 4534 Dominus
1200 4481 1251 4533 in
1278 4479 1461 4548 templo
1482 4493 1650 4536 sancto
1670 4499 1779 4537 suo.
1807 4483 1878 4537 lta
1899 4496 2046 4549 vera,

480 4576 617 4628 sicut
643 4574 926 4643 Apostolus
953 4572 1101 4637 dicit,
1131 4571 1394 4641 Templum
1420 4574 1551 4626 enim
1580 4573 1671 4628 Dei
1698 4585 1925 4629 sanctum
1953 4585 2045 4641 est,

479 4666 615 4733 quod
638 4666 754 4719 estis
780 4682 885 4720 vos.
927 4665 1160 4731 Quisquis
1187 4674 1351 4717 autent
1383 4665 1622 4734 templum
1632 4662 1747 4740 (Dei
1774 4667 2045 4730 uiolauerit,

478 4756 730 4827 disperdet
775 4756 920 4812 illum
964 4757 1100 4811 Deus
1146 4756 1194 4827 (l
1220 4754 1337 4811 Cor.
1370 4770 1461 4821 lli,
1502 4755 1612 4826 17).
1643 4754 1918 4824 Templum
1955 4757 2045 4812 Dei

477 4846 673 4909 violat,
721 4847 811 4917 qui
862 4848 1023 4902 violat
1068 4849 1317 4902 unitatem
1350 4864 1362 4901 :
1392 4861 1494 4901 non
1538 4846 1679 4901 enim
1722 4856 1865 4902 tenet
1893 4858 2049 4918 caput

479 4935 695 5003 (Coloss.
724 4952 790 5003 n,
820 4936 943 5007 l9),
975 4953 1038 4992 ex
1069 4954 1172 5008 quo
1211 4947 1376 4992 totum
1424 4952 1616 5008 corpus
1659 4952 1954 4993 connexum
1993 4951 2049 4995 et

480 5039 810 5101 compactum
837 5046 933 5100 per
959 5047 1167 5087 omnem
1197 5044 1393 5088 tactum
1422 5035 1499 5104 (b)
1524 5032 2042 5099 subministrationis,

478 5121 764 5177 secundum
793 5123 1151 5192 operationem
1197 5126 1247 5178 in
1290 5141 1590 5180 mensuram
1631 5126 2047 5197 uniuscujusque

479 5213 642 5283 partis
669 5212 1049 5268 incrementum
1080 5216 1316 5283 corporis
1356 5217 1509 5280 facit,
1554 5217 1605 5270 in
1643 5215 2044 5272 aedificationem

476 5305 556 5359 sui
582 5304 634 5358 in
661 5302 919 5358 charitate
946 5302 1160 5374 (Ephes.
1189 5320 1259 5364 iv,
1292 5306 1397 5374 16).
1433 5305 1487 5358 In
1512 5305 1614 5360 hoc
1637 5307 1834 5377 templo
1862 5317 2046 5362 sancto

538 5438 556 5470 ⁸
579 5435 651 5500 sic
675 5441 783 5500 Uss.
806 5442 867 5500 A_t_
884 5435 1000 5500 editi
1024 5434 1277 5485 ferebant:
1308 5443 1423 5485 Tene
1459 5448 1595 5500 reum
1626 5437 1768 5497 facit,
1810 5437 2043 5500 quidquid

478 5507 569 5561 per
587 5496 793 5561 singulos
815 5496 919 5548 dies
938 5495 987 5561 in
1011 5502 1146 5561 parte
1168 5506 1321 5561 vestra
1364 5503 1407 5546 te
1444 5495 1677 5561 nesciente
1699 5495 2003 5550 committitur
2020 5498 2045 5550 ?

473 5556 822 5619 [tripertitoth
840 5556 1188 5621 constitutiones
1206 5559 1385 5621 frustra
1407 5557 1630 5621 objicitis,
1656 5568 1748 5610 etc.

534 5622 609 5682 (a)
631 5622 1001 5682 constitutiones
1017 5620 1091 5670 hic
1112 5621 1267 5682 tangit
1288 5620 1441 5669 editas
1463 5633 1540 5669 an.

534 5680 605 5746 (ὁ)
620 5692 787 5744 Gram,
805 5680 965 5746 aplte‘s.

1676 268 1733 324 s.
1776 256 2139 325 AUGUSTINI
2180 248 2505 325 emscom'

3621 278 3720 336 138

2164 397 2263 438 suo
2290 385 2538 439 Dominus
2562 392 2675 450 est;
2707 385 2845 455 quod
2876 396 3083 443 constat
3108 389 3287 444 multis
3312 390 3565 447 membris
3589 396 3719 457 suis,

2164 488 2257 528 sua
2282 490 2502 545 qumque
2523 475 2695 530 cilicia
2715 478 3036 546 gerentibus,
3064 480 3116 532 in
3142 494 3295 533 unam
3321 481 3728 540 aedificationem

2164 565 2459 621 charitate'
2489 570 2841 635 constructis;
2885 570 3022 639 quod
3068 572 3254 635 violat,
3292 572 3527 643 quisquis
3568 580 3728 629 'causa

2166 657 2489 727 principatus
2512 659 2595 713 sui
2623 674 2653 712 a
2681 659 2937 715 catholica
2965 662 3216 717 societate
3248 661 3584 733 disiungitur.
3619 664 3730 718 Do-

2166 748 2329 802 minus
2350 750 2402 803 in
2422 751 2605 819 templo
2626 760 2796 805 sancto
2815 768 2926 817 suo,
2955 751 3199 807 Dominus
3222 754 3273 807 in
3294 755 3415 807 caelo
3436 756 3578 809 sedes
3598 758 3729 826 ejus.

2166 838 2222 894 Si
2248 839 2441 894 malum
2468 842 2734 911 acceperis
2762 842 2977 910 iustum,
3007 843 3145 898 sicut
3168 853 3364 898 terram
3390 846 3585 914 accipis
3604 852 3723 916 pec-

2165 938 2426 993 catorem,
2456 932 2540 986 cui
2567 932 2762 987 dictum
2792 941 2908 999 est,
2936 933 3094 987 Terra
3134 952 3184 989 es
3203 976 3219 999 ,
3246 944 3293 989 et
3330 937 3382 989 in
3426 947 3606 990 terram
3638 938 3734 990 ibis

2166 1017 2319 1086 (Gen.
2348 1036 2437 1087 III,
2468 1019 2591 1092 l9);
2630 1021 2773 1092 quod
2798 1021 2994 1077 dictum
3023 1033 3137 1088 est,
3178 1023 3423 1078 Dominus
3458 1027 3509 1078 in
3547 1028 3734 1095 tempto

2166 1119 2336 1163 sancto
2360 1127 2451 1165 suo
2469 1152 2485 1177 ,
2512 1112 2792 1183 repetitum
2831 1114 3090 1185 intelliges
3116 1114 3241 1169 dum
3268 1116 3463 1171 dictum
3491 1128 3589 1179 est,
3626 1118 3734 1169 Do-

2168 1200 2333 1254 minus
2360 1202 2412 1253 in
2440 1202 2562 1255 caelo
2590 1203 2731 1257 sedes
2758 1204 2886 1273 ejus.

2237 1292 2291 1345 8.
2324 1290 2470 1345 Oculi
2513 1294 2622 1357 eius
2670 1294 2723 1346 in
2768 1311 3036 1365 pauperem
3081 1296 3369 1365 respiciunt.
3412 1298 3615 1368 Quippe
3642 1299 3731 1351 cui

2166 1382 2449 1437 derelictus
2474 1393 2557 1438 est
2578 1399 2793 1454 pauper,
2817 1396 2871 1440 et
2898 1388 2985 1455 qui
3013 1386 3180 1441 factus
3207 1399 3290 1442 est
3312 1388 3569 1458 refugium
3602 1408 3731 1459 pau—

2168 1474 2278 1541 peri
2323 1471 2491 1543 (Psal.
2519 1490 2605 1540 ix,
2640 1474 2752 1545 10).
2783 1475 2851 1531 Et
2879 1478 2998 1531 ideo
3034 1478 3318 1533 seditiones
3350 1495 3534 1534 omnes
3562 1490 3615 1535 et
3643 1490 3731 1534 tu-

2168 1566 2361 1619 multus
2390 1568 2522 1620 intra
2555 1568 2651 1622 ista
2677 1570 2839 1632 retia,
2878 1568 3047 1625 donec
3087 1570 3439 1640 perducantur
3465 1572 3531 1627 ad
3563 1574 3729 1634 littus,

2126 1710 2129 1711 ν
2167 1655 2234 1709 de
2258 1656 2447 1724 quibus
2474 1657 2624 1711 nobis
2650 1659 2700 1711 in
2725 1660 3007 1728 perniciem
3029 1675 3176 1714 suam
3199 1670 3251 1715 et
3273 1662 3336 1716 ad
3362 1660 3591 1718 nostram
3613 1670 3738 1719 cor-

2168 1749 2452 1803 rectionem
2484 1751 2738 1806 insultant
2778 1751 3039 1817 haeretici,
3071 1768 3168 1823 per
3201 1769 3293 1808 eos
3334 1754 3574 1811 homines
3600 1758 3737 1814 fiunt

2165 1839 2253 1907 qui
2280 1854 2536 1910 pauperes
2558 1840 2751 1896 Christi
2777 1858 2896 1898 esse
2921 1844 3137 1898 nolunt.-
3152 1845 3258 1900 Sed
3284 1836 3535 1916 numquid
3560 1848 3630 1902 ab
3652 1849 3737 1903 eis

2165 1928 2254 1997 qui
2284 1928 2383 1984 hoc
2408 1944 2525 1984 esse
2552 1931 2753 1996 volunt,
2779 1943 3021 1987 avertunt
3049 1934 3230 1990 oculos
3258 1935 3391 1991 Dei?
3418 1935 3565 1990 Oculi
3588 1940 3737 1994 enim

2165 2019 2275 2087 ejus
2302 2018 2355 2072 in
2380 2035 2647 2090 pauperem
2672 2023 2963 2093 respiciunt.
2993 2024 3255 2095 Numquid
3286 2027 3621 2082 metuendum
3647 2038 3738 2081 esr.

2166 2122 2233 2160 ne
2262 2108 2313 2162 in
2341 2109 2492 2163 turba
2522 2110 2739 2166 divitum
2766 2128 2961 2182 paucos
2989 2129 3245 2184 pauperes
3272 2116 3451 2172 videre
3480 2131 3583 2173 non
3610 2132 3740 2186 pos-

2165 2198 2252 2259 sit,
2275 2214 2409 2267 quos
2430 2200 2480 2254 in
2503 2201 2752 2257 Ecclesiae
2771 2203 3044 2259 catholicze
3062 2206 3265 2274 gremio
3288 2206 3578 2262 custoditos
3595 2196 3720 2262 enti-

2165 2288 2323 2342 triat?
2359 2288 2619 2358 Palpebra:
2643 2293 2750 2362 ejus
2788 2294 3093 2364 interrogant
3137 2295 3268 2363 ﬁlios
3310 2296 3588 2350 honrinum.
3622 2297 3723 2353 Hic

2164 2379 2297 2447 ﬁlios
2325 2381 2599 2449 hominum,
2626 2384 2712 2438 illa
2738 2386 2916 2455 regula
2948 2386 3173 2442 libenter
3197 2389 3511 2458 acceperim,
3539 2390 3605 2445 dc
3630 2405 3721 2443 ve-

2166 2470 2361 2524 teribus
2392 2483 2727 2542 regeneratos
2765 2490 2861 2545 per
2899 2475 3075 2531 fidem.
3103 2478 3166 2532 lli
3192 2479 3385 2549 quippe
3412 2480 3731 2549 quibusdam

2164 2560 2548 2629 Scripturarum
2582 2563 2711 2618 locis
2747 2566 3023 2641 obscuris,
3054 2576 3301 2638 tanquam
3337 2570 3531 2625 clausis
3557 2571 3734 2627 oculis

2166 2650 2277 2717 Dei,
2308 2664 2622 2708 exercentur
2646 2666 2701 2708 ut
2724 2666 2964 2725 quierant
2989 2666 3085 2737 aet
3105 2673 3287 2713 rursus
3310 2660 3622 2729 quibusdam
3650 2662 3740 2715 lo-

2161 2740 2239 2794 cis
2267 2741 2578 2807 manifestis,
2611 2754 2857 2815 tanquam
2881 2748 3077 2816 apertis
3096 2749 3265 2803 oculis
3286 2751 3399 2813 Dei,
3428 2750 3739 2805 illuminan-

2164 2842 2249 2887 tur
2272 2843 2330 2888 ut
2351 2835 2631 2904 gaudeant.
2667 2837 2732 2892 Et
2760 2839 2859 2893 ista
2890 2839 2942 2893 in
2969 2842 3165 2896 sanctis
3190 2841 3338 2897 libris
3362 2843 3545 2899 crebra
3571 2859 3739 2914 oper-

2161 2923 2236 2978 tio
2264 2934 2421 2996 atque
2446 2927 2717 2998 adapertio
2746 2920 2993 3001 tanquam
3024 2933 3286 3002 palpebra:
3311 2944 3434 2989 sunt
3458 2935 3573 3001 Dei,
3606 2940 3737 3006 qum:

2161 3014 2508 3086 interrogant,
2542 3019 2593 3072 id
2625 3028 2725 3084 est,
2753 3036 2871 3088 quae
2898 3022 3123 3092 probant
3150 3024 3288 3080 ﬁlios
3314 3017 3604 3095 hominum,
3635 3030 3734 3098 qui

2161 3121 2331 3175 neque
2363 3108 2640 3179 fatigantur
2677 3127 2855 3166 rerum
2884 3112 3207 3189 obscuritate
3225 3156 3241 3182 ,
3269 3116 3362 3171 sed
3388 3122 3730 3185 exercentur,

2160 3214 2331 3268 neque
2360 3200 2605 3255 inﬂantur
2630 3202 2949 3272 cognitione,
2983 3205 3075 3260 sed
3104 3206 3496 3262 confirmantur.

2227 3288 2281 3343 9.
2323 3287 2470 3361 [vers.
2495 3288 2574 3362 6.]
2626 3291 2870 3347 Dominus
2907 3294 3178 3366 interrogat
3198 3298 3393 3365 justum
3420 3308 3466 3352 et
3493 3300 3732 3369 impium.

2158 3380 2293 3450 Quid
2322 3398 2448 3453 ergo
2478 3384 2759 3439 metuimus
2790 3401 2855 3440 ne
2881 3387 3074 3456 aliquid
3105 3390 3256 3443 nobis
3281 3390 3457 3445 obsint
3486 3392 3650 3462 impii,
3679 3396 3733 3447 si

2160 3471 2297 3529 forte
2317 3474 2587 3529 nobiscum
2610 3485 2935 3530 sacramenta
2960 3494 3062 3531 non
3083 3480 3291 3534 sincero
3311 3480 3469 3537 corde
3490 3497 3736 3537 commu-

2158 3563 2356 3628 nicant,
2384 3564 2593 3633 quando
2620 3565 2707 3619 ille
2732 3566 3022 3636 interrogat
3044 3569 3239 3637 justqu
3267 3580 3320 3625 et
3345 3572 3599 3642 impium?
3626 3574 3737 3640 Qui

2157 3661 2319 3706 autem
2340 3655 2504 3724 diligit
2526 3654 2857 3725 iniquitatem,
2880 3658 2986 3711 odit
3006 3659 3224 3713 animam
3246 3677 3387 3716 suam
3410 3662 3485 3733 (a)
3511 3681 3523 3716 :
3549 3664 3597 3718 id
3619 3677 3733 3724 est.

2157 3756 2262 3795 non
2286 3742 2332 3797 ei
2361 3743 2448 3812 qui
2474 3744 2645 3798 credit
2669 3745 2777 3799 Deo
2800 3755 2854 3799 et
2881 3760 3028 3815 spem
3057 3762 3205 3803 suam
3236 3766 3340 3804 non
3374 3752 3519 3818 ponit
3546 3753 3598 3807 in
3631 3754 3738 3807 ho-

2157 3833 2298 3887 mine
2319 3873 2333 3897 ,
2363 3832 2455 3887 sed
2488 3843 2687 3888 tantum
2718 3836 2906 3891 anima:
2937 3853 3047 3892 sure
3084 3850 3237 3895 nocet
3275 3841 3498 3897 diiector
3538 3844 3733 3915 iniqui-

2160 3923 2300 3978 tatis.
3556 3946 3561 3951 τ

2228 4015 2313 4070 i0.
2345 4013 2492 4087 [vers.
2522 4017 2583 4081 7,
2616 4016 2694 4089 8.]
2749 4017 2902 4073 Pluet
2928 4036 3082 4089 super
3109 4034 3390 4093 peccatores
3416 4027 3634 4098 laqueos.
3669 4028 3730 4084 Si

2156 4106 2326 4160 nubes
2352 4107 2669 4176 generaliter
2700 4109 2977 4178 Propheta:
3006 4112 3397 4183 intelliguntur,
3437 4116 3548 4172 sive
3577 4118 3725 4183 boni,

2155 4196 2268 4249 sive
2292 4197 2438 4262 mali,
2466 4198 2554 4267 qui
2581 4199 2739 4252 etiam
2766 4200 3238 4271 pseudopropheta:
3263 4205 3621 4274 appellantur;
3648 4210 3731 4264 sic

2154 4284 2464 4340 ordinantur
2490 4289 2967 4358 pseudOprophette
2993 4306 3022 4345 a
3052 4292 3276 4349 Domino
3305 4294 3435 4361 Deo,
3466 4306 3523 4352 ut
3550 4297 3617 4353 de
3642 4300 3729 4355 his

2155 4371 2370 4447 laqueos
2400 4393 2557 4449 super
2586 4390 2888 4450 peccatores
2918 4384 3061 4452 pluat
3093 4402 3107 4439 :
3146 4400 3251 4439 non
3277 4387 3418 4442 enim
3445 4390 3724 4459 quisquam

2153 4466 2206 4520 in
2236 4482 2329 4521 eos
2356 4468 2638 4524 sectandos
2667 4470 2850 4526 incidit
2878 4473 2978 4527 nisi
3008 4484 3284 4544 peccator;
3329 4478 3441 4534 sive
3479 4480 3545 4535 ad
3580 4498 3724 4551 prae-

2154 4557 2476 4626 parationem
2506 4561 2727 4614 extremi
2772 4564 3045 4630 supplicii,
3072 4564 3115 4618 si
3146 4570 3564 4634 perseverarent
3596 4587 3728 4640 pec-

2150 4648 2319 4703 cando
2361 4649 2640 4717 maluerit;
2671 4653 2783 4707 sive
2826 4653 2891 4707 ad
2928 4654 3321 4712 desuadendam
3350 4660 3371 4690 ⁸
3399 4662 3726 4731 superbiam,

2151 4740 2195 4794 si
2226 4740 2505 4808 aliquando
2534 4741 2700 4797 Deum
2727 4758 2852 4797 cura
2880 4745 3167 4802 sinceriore
3192 4750 3511 4818 qmesiverit.
3538 4752 3595 4806 Si
3623 4768 3721 4807 au-

2108 4830 2113 4833 ’
2154 4838 2257 4883 tem
2285 4832 2450 4886 nubes
2480 4834 2686 4888 nonnisi
2727 4832 2851 4888 boni
2884 4844 2938 4889 et
2963 4838 3075 4891 veri
3100 4838 3380 4909 PrOphette
3420 4842 3722 4913 intelligun-

2152 4930 2268 4988 tur;
2292 4932 2346 4977 et
2365 4921 2430 4976 de
2449 4922 2530 4977 his
2549 4924 2882 4980 manifestum
2903 4937 2984 4980 est
3003 4942 3162 4997 super
3183 4942 3484 5000 peccatores
3502 4932 3727 5003 laqueos

2151 5012 2333 5080 pluere
2370 5014 2531 5067 Deum
2550 5053 2566 5077 ,
2595 5013 2833 5083 quamvis
2861 5015 2928 5070 de
2960 5017 3041 5071 his
3071 5014 3229 5073 etiam
3262 5021 3376 5088 pios
3402 5022 3468 5075 ad
3498 5022 3717 5080 fructifl-
3792 5018 3799 5023 ’

2151 5102 2375 5155 candum
2405 5104 2585 5173 irriget
2612 5120 2625 5155 :
2656 5104 2987 5172 Quibusdam,
3022 5108 3188 5177 inquit
3216 5111 3518 5180 Apostolus,
3548 5130 3727 5170 sumus

2150 5194 2275 5247 odor
2300 5193 2411 5247 vita:
2438 5196 2488 5248 in
2517 5196 2667 5248 vitam
2687 5237 2701 5261 ,
2738 5197 3033 5265 quibusdam
3073 5202 3198 5255 odor
3225 5204 3399 5257 mortis
3426 5204 3479 5258 in
3507 5217 3727 5262 mortem

2154 5282 2217 5353 (ll
2243 5282 2360 5338 Cor.
2386 5300 2441 5347 u,
2476 5283 2582 5355 l6).
2613 5285 2725 5340 Non
2749 5288 2892 5340 enim
2919 5288 3193 5359 Propheta:
3224 5300 3446 5357 tantum,
3477 5294 3571 5348 sed
3596 5309 3716 5350 om-

2213 5481 2227 5512 ι
2254 5480 2390 5536 Editi,
2415 5477 2674 5531 charitatis.
2712 5488 2766 5530 At
2789 5490 2875 5532 Mss
2896 5519 2911 5540 ,
2941 5483 3187 5535 charitate.

2211 5543 2230 5572 ²
2255 5540 2419 5590 Plures
2439 5548 2564 5599 Mss,
2590 5542 2920 5595 desudandum
2941 5558 2957 5594 :
2982 5546 3145 5609 aliqui,
3173 5548 3565 5599 dissuadendam.

2147 5700 2179 5735 η
2211 5625 2282 5734 (iu)
2304 5630 2416 5734 ἔξω
2433 5637 2543 5741 [Lari
2567 5640 2693 5676 vers.
2718 5627 2751 5676 6
2772 5636 2998 5679 tractatur
3023 5632 3169 5681 etiam
3193 5633 3240 5681 in
3264 5638 3397 5681 Etiar.
3435 5616 3550 5683 Psai.
3578 5647 3717 5691 ιαιιι,

2186 5724 2195 5733 .
2265 5700 2278 5741 ;
2326 5722 2330 5727 .
2371 5702 2412 5741 c,
2482 5724 2492 5734 .
2544 5722 2557 5735 .

2186 5700 2412 5747 .1;etc,
2446 5700 2557 5741 1H.
