4046 6200
344 265 409 289 ψη

309 269 401 319 ’.ἕο

302 393 404 434 nes
434 375 599 430 verbo
629 374 715 427 Dei
747 374 953 430 animas
979 375 1273 447 irrigantes,
1305 374 1472 430 nubes
1497 374 1602 429 diei
1631 386 1880 444 possunt:

301 469 394 537 qui
423 482 542 520 cum
571 465 709 520 male
738 466 1128 536 intelliguntur,
1163 466 1291 536 pluit
1333 466 1472 520 Deus
1511 480 1671 534 super
1696 479 1886 534 pecca-

304 573 453 615 tores
482 560 699 628 laqueos
723 575 736 620 ;
767 575 885 612 cum
913 569 1084 614 autem
1117 560 1250 612 bene
1277 559 1660 627 intelliguntur,
1688 558 1886 612 facun-

305 654 398 706 dat
450 661 663 720 pectora
720 652 920 718 piorum
965 661 1120 718 atque
1169 649 1418 702 ﬁdelium.
1469 647 1616 702 Sicut
1659 649 1883 718 exempli

301 743 494 814 gratia,
523 739 662 810 qttod
692 744 940 808 scriptum
969 748 1069 804 est,
1103 738 1166 792 Et
1203 749 1349 792 erunt
1391 741 1489 792 duo
1525 740 1576 792 in
1611 756 1760 792 carne
1786 756 1886 791 una

309 833 463 901 (Gen.
494 848 560 894 ιι,
590 831 685 900 24)
707 871 720 894 ,
752 831 793 884 si
825 830 888 885 ad
923 830 1190 885 libidinem
1235 832 1456 900 quisque
1491 831 1883 898 interpretetur.

306 924 554 992 laqueum
603 920 734 990 pluit
776 935 935 988 super
965 929 1335 988 peecatorem;
1368 919 1448 972 sin
1478 927 1653 973 autent
1688 920 1886 974 intelli-

304 1028 419 1083 gas,
449 1011 588 1065 sicut
619 1009 707 1064 ille
735 1011 822 1080 qui
849 1009 940 1072 ait,
975 1009 1084 1079 Ego
1110 1019 1276 1062 autem
1305 1009 1416 1062 dico
1452 1009 1505 1062 in
1539 1009 1736 1062 Christo
1761 1018 1807 1062 et
1835 1010 1887 1062 in

310 1102 538 1156 Ecclesia
571 1100 784 1172 (Ep/tes.
812 1117 859 1164 v,
896 1101 1010 1168 52),
1044 1101 1265 1155 imbrem
1299 1101 1429 1170 pluit
1463 1116 1622 1170 super
1661 1100 1885 1156 fertilem

307 1206 503 1250 terram
536 1211 549 1247 :
579 1193 766 1248 eadem
791 1203 966 1247 autem
997 1194 1164 1256 nube,
1196 1193 1246 1247 id
1285 1203 1365 1246 est
1393 1193 1568 1248 divina
1595 1193 1884 1270 Scriptura.

306 1295 592 1354 utrumque
620 1284 814 1339 factum
843 1293 943 1337 est.
975 1282 1101 1336 Item
1132 1283 1384 1337 Dominus
1404 1284 1532 1337 dicit
1561 1301 1574 1335 :
1609 1282 1730 1337 Non
1756 1282 1888 1350 quod

304 1377 458 1428 intrat
505 1375 556 1428 in
603 1392 657 1428 os
712 1384 956 1436 uestrum,
1005 1389 1088 1427 vos
1137 1376 1454 1442 coinquinat,
1489 1375 1576 1428 sed
1617 1374 1750 1444 quod
1789 1375 1889 1428 erit

307 1466 522 1539 (Matth.
556 1481 646 1532 xv,
678 1466 792 1536 ii).
825 1465 985 1519 Audit
1015 1466 1113 1519 hoc
1140 1476 1406 1534 peccator.
1439 1477 1492 1520 et
1529 1465 1702 1535 gulam
1742 1472 1891 1533 parat

303 1556 584 1611 voracitati
610 1573 623 1609 :
654 1556 801 1610 audit
832 1555 932 1609 hoc
958 1555 1150 1625 justus,
1179 1564 1234 1609 et
1258 1571 1286 1608 a
1313 1556 1549 1610 ciborum
1579 1555 1887 1609 discernen-

307 1649 498 1703 dorum
549 1647 926 1716 superstitione
977 1645 1233 1702 munitur.
1280 1647 1346 1701 Et
1387 1648 1472 1701 hic
1509 1648 1666 1717 igitur
1703 1647 1887 1701 eadem

304 1742 698 1813 Scripturarum
728 1739 887 1805 nube,
917 1756 1012 1809 pro
1037 1756 1134 1795 suo
1159 1741 1415 1810 cujusque
1443 1740 1655 1805 merito,
1686 1747 1740 1793 et
1767 1753 1891 1808 pec-

308 1833 475 1887 caturi
507 1831 684 1901 pluvia
714 1831 1044 1901 laqueorum,
1076 1841 1130 1885 et
1152 1830 1296 1901 justo
1327 1831 1497 1902 pluvia
1523 1830 1780 1885 ubertatis
1807 1830 1888 1884 in-

305 1925 417 1979 fusa
445 1933 553 1977 est.

378 2014 468 2068 Η.
511 2012 656 2082 Ignis
686 2021 731 2065 et
746 2003 974 2080 'sulpltur
1001 2021 1049 2065 et
1076 2011 1285 2082 spiritus
1313 2011 1548 2080 procella:
1576 2027 1694 2080 pars
1721 2011 1890 2064 colicis

305 2121 502 2158 eorum.
533 2103 662 2158 Hice
690 2117 843 2171 ptena
879 2117 1065 2156 eorum
1100 2111 1182 2156 est
1215 2111 1376 2171 atque
1408 2102 1608 2167 exitus,
1641 2116 1734 2170 per
1758 2097 1914 2171 quos'

307 2195 709 2265 blasphematur
738 2188 930 2248 nomen
961 2195 1048 2248 Dei
1073 2236 1087 2257 ,
1123 2203 1178 2248 ut
1208 2194 1376 2263 primo
1399 2193 1738 2264 cupiditatum
1767 2209 1891 2248 sua-

305 2303 426 2344 rum
457 2289 580 2358 igne
609 2295 908 2352 vastentur,
938 2285 1130 2340 deinde
1160 2286 1416 2340 malorum
1449 2299 1667 2354 operum
1709 2291 1893 2354 putore

305 2396 337 2433 a
367 2390 510 2434 coetu
537 2379 810 2435 beatorum
841 2377 1176 2447 alijiciautur,
1207 2385 1478 2447 postremo
1503 2377 1706 2447 abrepti
1736 2386 1894 2446 atque

307 2471 600 2538 submersi,
630 2470 924 2525 ineffabiles
948 2484 1130 2540 punias
1160 2469 1326 2522 luant.
1356 2469 1481 2524 [line
1501 2469 1640 2537 enim
1669 2482 1790 2538 pars
1813 2476 1896 2523 est

309 2562 494 2617 calicis
529 2576 752 2626 eorum;
795 2561 933 2614 sicut
974 2560 1237 2628 justorum
1279 2559 1415 2614 calix
1461 2567 1580 2612 tuus
1629 2557 1894 2612 inebrians

308 2669 467 2726 quam
493 2655 782 2724 prteclarus
812 2651 979 2724 (Psal.
1009 2667 1117 2706 xxu
1138 2693 1152 2715 ,
1181 2653 1272 2721 5)!
1315 2649 1716 2705 lnebriabuntur
1743 2649 1884 2704 enim

309 2747 380 2801 ab
394 2746 633 2802 ubertate
648 2743 952 2800 domustttze
969 2741 1139 2815 (Psal.
1168 2758 1328 2808 xxxv,
1355 2741 1435 2812 9).
1461 2739 1693 2796 Calicem
1719 2746 1894 2793 autem

312 2849 599 2911 propterea
645 2848 772 2907 puto
811 2835 1171 2905 appellatum,
1203 2849 1271 2888 ne
1307 2833 1434 2904 quid
1464 2840 1657 2904 printer
1680 2828 1897 2885 modum

313 2941 468 2999 atque
510 2943 848 2992 mensuram,
880 2927 965 2982 vel
996 2927 1048 2981 in
1082 2925 1210 2996 ipsis
1236 2933 1573 2995 peccatorum
1603 2922 1896 2993 suppliciis,

313 3036 406 3090 per
429 3020 668 3074 divinam
701 3017 1086 3088 providentiam
1134 3017 1246 3071 ﬁeri
1293 3015 1634 3070 arbitremur.
1677 3013 1744 3068 Et
1777 3011 1898 3066 ideo

315 3121 567 3182 tanquam
610 3109 868 3166 rationem
914 3107 1139 3162 reddens
1182 3121 1347 3176 quare
1391 3105 1441 3160 id
1486 3106 1602 3168 ﬁat,
1634 3100 1896 3173 subjecit:

320 3202 570 3270 Quoniam
600 3202 770 3270 justus
798 3197 1046 3251 Dominus
1065 3239 1080 3262 ,
1111 3205 1157 3251 et
1175 3196 1402 3268 justitias
1425 3195 1620 3249 dilexit.
1642 3193 1757 3250 Non
1793 3192 1898 3248 fru-

316 3303 420 3348 stra
453 3291 750 3362 pluraliter,
784 3289 884 3343 nisi
911 3291 1031 3358 quia
1059 3287 1302 3341 homines
1326 3285 1484 3350 dicit,
1516 3294 1573 3340 ut
1598 3300 1694 3354 pro
1717 3284 1895 3354 justis,

315 3383 533 3454 iustitia:
584 3381 947 3449 intelligantur
993 3377 1214 3449 positio;
1247 3377 1300 3431 in
1346 3375 1525 3430 multis
1567 3375 1706 3430 enim
1742 3374 1900 3444 jnstis

321 3475 469 3545 quasi
501 3473 684 3528 multa:
705 3471 925 3542 justitiaa
953 3470 1195 3524 videntur
1222 3483 1363 3534 esse,
1391 3483 1512 3522 cum
1546 3468 1615 3521 sit
1653 3482 1753 3521 una
1783 3467 1894 3530 Dei,

317 3566 463 3635 cujus
490 3579 685 3619 omnes
715 3561 1030 3631 participant
1062 3578 1076 3615 :
1109 3569 1356 3629 tanquam
1396 3559 1440 3612 si
1481 3572 1582 3611 una
1623 3557 1784 3612 facies
1822 3556 1902 3610 in-

321 3665 526 3710 tueatur
555 3656 704 3724 plura
736 3653 951 3722 specula
974 3694 988 3717 ,
1015 3651 1153 3722 quod
1185 3652 1235 3704 in
1269 3652 1354 3706 illa
1393 3651 1656 3722 singulare
1689 3661 1801 3713 est,
1834 3650 1900 3704 de

319 3748 422 3803 illis
449 3747 694 3818 pluribus
725 3744 996 3815 pluraliter
1022 3743 1277 3798 redditur.
1311 3743 1597 3812 Propterea
1625 3757 1805 3797 rursus
1833 3741 1898 3795 ad

319 3839 740 3910 singularitatem
765 3853 823 3891 se
849 3835 1029 3898 refert,
1061 3835 1306 3898 dicendo,
1336 3834 1649 3906 .Equitatem
1673 3835 1795 3888 uidit
1823 3837 1903 3903 [a-

319 3933 417 3986 cies
441 3932 552 4002 ejus
574 3945 595 3982 :
621 3932 843 3984 fortasse
871 3943 967 3998 pro
989 3943 1054 3982 eo
1081 3926 1150 3981 sit
1175 3927 1424 3997 positum,
1447 3924 1761 3996 dignitatem
1783 3926 1903 3978 vidit

322 4022 475 4093 facies
504 4021 615 4089 ejus
635 4061 652 4086 ,
679 4033 742 4073 ac
770 4019 814 4073 si
853 4016 1151 4083 diceretur,
1175 4015 1420 4086 IEquitas
1441 4018 1555 4071 visa
1580 4025 1661 4071 est
1689 4016 1740 4070 in
1769 4015 1903 4071 facie

321 4114 456 4182 ejus,
487 4112 543 4166 id
564 4119 649 4166 est
674 4109 727 4164 in
755 4109 870 4179 ejus
894 4110 1115 4172 notitia;
1145 4108 1308 4162 facies
1333 4108 1476 4162 enim
1500 4108 1590 4162 Dei
1617 4118 1698 4162 est
1720 4118 1904 4177 poten-

321 4207 395 4258 tia
423 4220 525 4273 qua
549 4201 730 4272 dignis
759 4201 1044 4256 iunotescit
1070 4218 1083 4255 :
1115 4209 1206 4255 aut
1228 4207 1414 4265 'certe,
1447 4197 1758 4270 Ai‘quitatem
1782 4199 1904 4252 uidit

323 4295 478 4365 facies
514 4295 622 4365 ejus
642 4333 656 4358 ,
687 4294 808 4363 quia
836 4298 940 4347 non
969 4307 1026 4348 se
1053 4292 1254 4362 praebet
1277 4291 1700 4363 cognoscendum
1728 4291 1900 4356 malis,

320 4384 419 4440 sed
449 4384 631 4450 bonis;
659 4393 712 4439 et
740 4383 854 4453 ipsa
885 4392 966 4438 est
991 4383 1233 4454 aequitas.

398 4473 486 4528 12.
525 4473 580 4528 Si
605 4475 723 4543 quis
757 4483 932 4528 autem
974 4474 1148 4528 lunam
1192 4487 1511 4544 synagogam
1551 4471 1664 4526 vult
1707 4471 1904 4526 intelli-

321 4581 486 4637 gere,
515 4565 580 4619 ad
619 4566 920 4634 passionem
955 4566 1159 4620 Domini
1193 4565 1388 4620 referat
1417 4565 1680 4620 Psalmum
1701 4606 1717 4631 ,
1759 4575 1811 4618 et
1840 4565 1906 4619 de

323 4657 527 4712 Iudicis
551 4656 713 4721 dicat,
740 4656 990 4723 Quoniam
1019 4672 1131 4726 qua:
1157 4655 1408 4727 perfecisti
1433 4654 1817 4716 destruxerunt;
1844 4669 1907 4708 ac

323 4749 392 4804 de
431 4749 547 4817 ipso
580 4747 833 4809 Domino,
863 4745 1042 4802 Justus
1070 4758 1235 4800 autem
1274 4745 1396 4816 quid
1424 4745 1580 4816 fecit?
1607 4761 1764 4816 quem
1792 4754 1909 4799 tan-

323 4855 486 4910 quam
507 4839 896 4894 destrucmrent
918 4838 1074 4910 Legis
1094 4839 1385 4909 arguebant
1409 4856 1420 4891 :
1445 4837 1597 4907 cujus
1621 4847 1904 4907 przecepta,

326 4947 578 5000 perverse
606 4929 847 4995 vivendo,
873 4942 925 4985 et
945 4947 1004 4986 ea
1026 4930 1438 4993 contemnendo,
1464 4947 1526 4986 ac
1552 4947 1642 4986 sua
1670 4940 1908 4986 statuen-

319 5023 417 5081 do,
448 5020 847 5086 destruxerant,
879 5031 932 5074 ut
963 5022 1074 5091 ipse
1113 5021 1365 5075 Dominus
1399 5021 1690 5075 secundum
1733 5021 1907 5074 homi-

321 5127 450 5165 nem
480 5112 724 5180 loquatur
744 5151 760 5174 ,
790 5121 846 5164 ut
880 5111 1052 5175 solet,
1083 5111 1295 5174 dicens,
1326 5109 1390 5164 In
1430 5110 1645 5164 Domino
1671 5110 1909 5178 con/ida;

319 5201 580 5270 quomodo
622 5202 791 5254 dicitis
836 5203 1018 5255 anima:
1063 5217 1184 5255 mete
1214 5218 1231 5255 :
1263 5200 1586 5271 Transmigra
1627 5201 1680 5253 in
1721 5211 1910 5255 montes

321 5297 457 5347 sicut
486 5311 658 5365 passer
680 5294 707 5346 ?
732 5304 948 5363 propter
980 5303 1211 5349 terrores
1251 5295 1455 5349 scilicet
1481 5310 1660 5348 eorum
1684 5335 1699 5358 ,
1727 5293 1814 5363 qui
1844 5294 1910 5348 ii-

323 5389 440 5439 lum
499 5384 903 5456 apprehendere
951 5395 1005 5439 et
1047 5387 1356 5456 cruciligere
1399 5386 1685 5455 cupiebant
1729 5402 1741 5437 :
1790 5401 1908 5438 eum

322 5488 640 5548 peccatores
665 5478 914 5546 sagittare
943 5477 1180 5532 volentes
1216 5489 1374 5532 rectos
1412 5477 1594 5542 corde,
1637 5477 1685 5531 id
1716 5488 1798 5531 est
1821 5476 1910 5546 qui

323 5571 546 5626 Christo
570 5570 940 5633 crediderant,
969 5570 1017 5622 in
1057 5569 1264 5623 obscura
1298 5571 1450 5632 luna,
1494 5569 1544 5623 id
1583 5579 1666 5624 est
1710 5567 1910 5636 repleta

327 5661 706 5732 peccatoribus
734 5676 996 5730 synagoga
1020 5701 1034 5724 ,
1067 5675 1171 5714 non
1202 5660 1428 5715 absurde
1459 5659 1783 5728 intelligitur.
1815 5658 1911 5714 Cui

328 5755 578 5824 congruit
597 5762 646 5806 et
669 5753 807 5821 quod
829 5753 1038 5816 dicitur,
1066 5752 1308 5808 Dominus
1330 5772 1377 5807 ιιι
1401 5753 1584 5822 tentplo
1603 5763 1775 5807 sancto
1793 5768 1906 5818 suo,

579 5849 848 5910 PATROL.
887 5851 933 5909 Χ
948 5848 992 5906 Χ
1008 5848 1055 5906 Χ
1071 5848 1172 5908 ιἰ.

1438 262 1935 319 ENARRATIOJN
1975 264 2294 330 PSALMUM
2338 265 2426 321 XI.

3463 275 3563 328 €38

1967 375 2242 430 -Domintts
2277 378 2327 429 in
2369 378 2490 431 caelo
2534 380 2672 432 sedes
2707 381 2855 449 ejus?
2882 380 2930 433 iti
2973 391 3089 447 est,
3123 381 3434 450 Vet'humin
3467 385 3563 438 itit-

1995 468 2156 529 utine,
2189 467 2270 520 vel
2313 469 2425 535 ipse
2468 467 2628 521 Filius
2657 469 2997 540 hominis‘qni
3031 473 3081 526 in
3108 474 3258 528 emlis
3284 465 3384 528 est.
3419 474 3564 528 Oculi

1992 557 2102 626 ejus
2129 558 2178 609 in
2209 575 2474 626 pauperem
2495 561 2763 627 respiciunt
2785 579 2801 613 :
2826 571 2915 614 aut
2940 578 3094 632 quem
3118 565 3348 632 suscepit
3370 581 3560 619 secun-

1994 648 2115 700 dum
2150 648 2313 701 Deum
2335 691 2346 707 .
2380 661 2463 702 aut
2507 661 2718 718 propter
2753 667 2906 719 quem
2941 669 3124 720 passus
3165 665 3246 707 est
3276 655 3562 708 secundum

1995 739 2281 793 hominem.
2321 740 2584 812 Palpebra’
2625 745 2731 814 eius
2773 745 3077 814 interrOgant
3118 749 3249 813 [ilios
3288 748 3586 800 hominum.»

1993 833 2331 902 Opertionem
2361 846 2518 904 atque
2547 837 2943 905 adapertionem
2976 840 3270 900 oculorum,
3300 841 3437 909 quod
3475 860 3569 893 lto-

1993 926 2134 980 miue
2186 926 2550 995 palpebrarum
2601 928 2869 996 probabile
2915 939 2997 983 est
3038 932 3297 996 positum,
3341 946 3564 987 mortem

1993 1003 2537 1090 resurrectioriemque
2571 1023 2685 1090 ejus
2715 1023 2954 1091 accipere
2979 1039 3290 1092 possumus,
3321 1027 3407 1078 ubi
3440 1042 3564 1093 pro-

1994 1111 2134 1164 bavit
2163 1111 2298 1164 ﬁlios
2325 1111 2593 1165 hominum
2635 1113 2920 1181 discipulos
2960 1128 3112 1186 suos,
3146 1124 3200 1169 et
3234 1117 3441 1170 territos
3471 1133 3562 1170 sua
3617 1103 3620 1106 ’

1992 1203 2264 1270 passione,
2296 1214 2350 1257 et
2385 1205 2772 1258 resurrectione
2803 1204 3109 1259 ludificatus.
3139 1206 3385 1262 Dominus
3415 1210 3566 1262 inter—

1990 1305 2135 1365 rogat
2168 1298 2365 1366 justum
2399 1307 2444 1349 et
2480 1298 2687 1365 impium
2716 1315 2734 1352 :
2757 1298 2864 1366 jam
2891 1298 2956 1352 de
2982 1301 3117 1354 coelo
3141 1301 3439 1370 gubernans
3464 1303 3562 1357 Ec-

1992 1387 2229 1442 clesium.
2265 1388 2363 1455 Qui
2401 1398 2566 1442 autem
2612 1390 2774 1461 diligit
2816 1381 3152 1461 iniquitatem,
3202 1393 3306 1446 odit
3347 1395 3564 1448 animum

1991 1495 2135 1531 suam
2163 1495 2182 1531 :
2208 1494 2370 1549 quare
2401 1479 2499 1533 hoc
2526 1480 2594 1533 ita
2623 1481 2722 1547 sit,
2755 1484 3134 1552 consequentia
3161 1483 3383 1549 docent;
3413 1483 3565 1538 Pluet

1993 1571 2131 1623 enim
2158 1587 2308 1640 super
2335 1583 2616 1640 peccatores
2647 1571 2876 1640 laqueos,
2917 1574 3207 1629 secundum
3238 1575 3562 1644 superiorem

1992 1662 2374 1730 expositionem
2398 1662 2787 1731 accipiendum,
2815 1671 2867 1717 et
2893 1665 3067 1718 omnia
3094 1674 3283 1720 caetera
3309 1681 3476 1736 usque
3497 1664 3562 1720 ad

1994 1752 2150 1805 ﬁnem
2175 1750 2392 1805 Psalmi.

2427 1961 2509 2020 IN
2535 1960 2915 2023 PSALMUM
2960 1962 3047 2022 ΧῙ

2518 2083 2932 2139 ENARRATIO.

2156 2177 2160 2181 ’
2246 2191 2310 2246 1η
2335 2193 2504 2263 ﬁnem,
2536 2210 2628 2262 pro
2654 2204 2845 2256 octavo,
2876 2193 3114 2248 Psalmus
3140 2194 3320 2249 David.

2068 2327 2120 2380 1.
2153 2325 2302 2399 [uers.
2344 2325 2422 2400 1.]
2459 2327 2709 2381 Octavum
2751 2327 2890 2383 diem
2933 2327 3112 2397 judicii
3144 2343 3299 2398 posse
3327 2329 3575 2400 intelligi,

1996 2418 2048 2472 in
2077 2429 2226 2473 sexto
2252 2419 2456 2488 psalmo
2485 2418 2682 2473 dictum
2708 2426 2790 2474 est
2818 2437 2832 2474 :
2864 2428 3035 2488 potest
3071 2429 3123 2474 et
3153 2437 3244 2492 pro
3266 2428 3466 2484 octavo,
3491 2421 3570 2475 in-

1999 2509 2159 2578 telligi
2188 2523 2284 2579 pro
2310 2502 2509 2563 aet'erno
2533 2510 2728 2563 saeculo
2745 2526 2760 2573 ;
2778 2506 2910 2578 'quia
2935 2519 3054 2580 post
3078 2509 3178 2565 hoc
3201 2519 3408 2580 tempus
3430 2510 3569 2580 quod

1997 2605 2199 2667 septem
2228 2596 2412 2652 diebus
2438 2597 2684 2664 volvitur,
2713 2597 2923 2653 dabitur
2946 2599 3163 2652 sanctis.

2068 2688 2123 2741 2.
2151 2686 2298 2762 [vers.
2323 2686 2402 2759 2.]
2455 2687 2667 2742 Salvum
2693 2704 2771 2741 me
2799 2692 2910 2759 fac,
2942 2687 3186 2754 Domine,
3217 2692 3453 2758 quoniam
3479 2688 3570 2742 de-

1999 2779 2115 2849 fecit
2148 2786 2352 2832 sanctus
2379 2793 2399 2832 :
2429 2777 2479 2831 id
2508 2788 2589 2832 est
2631 2792 2733 2832 non
2780 2777 3076 2844 invenitur;
3123 2778 3259 2834 sicut
3306 2779 3572 2849 loquimur

2000 2884 2120 2924 cum
2148 2868 2394 2934 dicimus,
2428 2868 2632 2923 Defecit
2659 2867 3004 2936 frumentum,
3035 2879 3148 2934 aut,
3181 2869 3382 2925 Defecit
3410 2886 3570 2941 pecu-

2000 2963 2106 3018 nia.
2140 2961 2390 3028 Quoniam
2415 2960 2677 3016 diminutcu
2699 2970 2814 3014 sunt
2837 2961 3064 3016 veritates
3092 2979 3124 3015 a
3148 2961 3268 3031 ﬁliis
3293 2963 3570 3018 hominum.

2004 3053 2212 3108 Veritas
2240 3067 2342 3106 una
2372 3061 2475 3119 est,
2507 3067 2608 3122 qua
2636 3052 2964 3106 illustrantur
2991 3051 3182 3106 animae
3211 3061 3406 3107 sancta:
3435 3071 3450 3108 :
3477 3052 3572 3108 sed

2001 3145 2248 3216 quoniam
2277 3145 2457 3199 multa:
2487 3152 2610 3200 sunt
2638 3144 2852 3210 animm,
2884 3144 2935 3197 in
2965 3143 3091 3212 ipsis
3118 3144 3296 3198 multa:
3323 3143 3574 3200 veritates

2001 3237 2104 3292 dici
2143 3245 2407 3306 possunt;
2455 3235 2594 3291 sicut
2628 3237 2695 3292 ab
2725 3250 2830 3291 una
2875 3234 3008 3291 facie
3047 3236 3230 3291 multae
3261 3236 3312 3290 in
3342 3237 3574 3306 speculis

2003 3328 2260 3398 imagines
2285 3336 2559 3396 apparent.

2071 3420 2125 3474 5.
2155 3417 2305 3491 [vers.
2334 3416 2414 3492 3.]
2466 3417 2609 3472 Vana
2662 3417 2853 3472 locutus
2896 3426 2966 3472 est
2989 3409 3330 3490 unusquisque
3356 3420 3423 3474 ad
3453 3437 3573 3490 pro-

1947 3525 1970 3545 θ
2001 3514 2192 3567 mimum
2230 3528 2396 3566 suum.
2451 3511 2756 3566 Proximum
2789 3525 3001 3564 omnem
3054 3510 3321 3565 hominem
3367 3520 3576 3582 oportet

2003 3603 2223 3674 intelligi
2268 3619 2281 3656 :
2328 3603 2450 3672 quia
2499 3617 2655 3660 nemo
2699 3610 2782 3656 est
2824 3617 2945 3656 cum
2990 3617 3096 3671 quo
3135 3603 3203 3656 sit
3247 3603 3572 3672 operandam

2005 3694 2243 3757 malum;
2292 3700 2347 3748 et
2393 3692 2606 3746 dilectio
2651 3691 2876 3762 proximi
2928 3691 3124 3745 malum
3173 3706 3277 3746 non
3323 3704 3574 3761 opemlur

2005 3781 2179 3857 (Rom.
2211 3800 2324 3847 xui,
2356 3783 2462 3854 iO).
2492 3781 2652 3835 Labia
2684 3782 2860 3835 dolosa
2879 3822 2894 3846 ,
2924 3782 2974 3834 in
2997 3781 3146 3834 corde
3176 3790 3222 3835 et
3249 3783 3400 3836 corde
3423 3784 3577 3838 (acuti

2003 3887 2118 3930 sunt
2149 3875 2282 3928 mala
2307 3875 2347 3928 ί.
2379 3873 2530 3942 Quod
2557 3873 2638 3928 bis
2681 3874 2773 3937 ait,
2815 3873 2867 3925 in
2909 3871 3059 3926 corde
3095 3881 3142 3926 et
3170 3873 3347 3938 corde,
3377 3873 3571 3945 duplex

2003 3980 2098 4020 cor
2131 3963 2412 4035 signiﬁcat.

2075 4059 2128 4111 4.
2159 4053 2308 4129 [uers.
2337 4054 2415 4128 4.]
2447 4053 2714 4125 Disperdat
2745 4053 2990 4108 Dominus
3039 4055 3268 4108 universa
3309 4054 3442 4110 labia
3481 4057 3600 4111 do-'

2007 4155 2134 4206 (osa.
2164 4149 2429 4212 Universa,
2454 4149 2608 4214 dixit,
2634 4165 2699 4203 ne
2719 4149 2838 4219 quis
2863 4163 2920 4202 se
2947 4156 3224 4217 exceptum
3253 4158 3418 4219 putet,
3443 4151 3578 4206 sicut

2007 4245 2295 4316 Apostolus
2320 4243 2448 4298 dicit
2479 4262 2492 4298 :
2522 4241 2586 4295 In
2613 4259 2805 4296 omnem
2843 4242 3058 4294 animam
3087 4241 3302 4297 hominis
3328 4247 3579 4312 operantis

2007 4337 2233 4402 malum,
2260 4333 2430 4388 Judaei
2472 4334 2688 4403 primunt
2716 4345 2760 4386 et
2793 4331 2958 4386 Graeci
2986 4331 3094 4405 (Id.
3120 4349 3178 4396 tt,
3208 4332 3288 4401 9).
3329 4332 3578 4405 Linguam

2007 4427 2381 4498 magniloqnam
2407 4441 2425 4480 :
2454 4425 2683 4494 linguam
2713 4424 3016 4494 superbam.

2081 4520 2132 4574 5.
2163 4516 2310 4591 [vers.
2336 4515 2413 4590 5.]
2453 4516 2551 4582 Qui
2594 4517 2825 4570 dixerunt
2854 4531 2873 4568 :
2899 4514 3151 4585 Linguam
3205 4525 3437 4582 nostram
3470 4534 3578 4568 ma-

2009 4611 2378 4681 gni/icabimus,
2413 4609 2545 4663 labia
2591 4618 2760 4662 nostra
2801 4608 2941 4678 apud
2970 4624 3059 4661 nos
3097 4617 3244 4673 sunt,
3275 4609 3384 4678 quis
3413 4619 3578 4664 noster

2011 4701 2260 4755 Dominus
2309 4702 2428 4756 est?
2479 4700 2705 4770 Superbi
2751 4699 3039 4769 hypocrita:
3085 4699 3480 4768 signiﬁcantur,
3527 4701 3578 4756 in

2011 4809 2260 4849 sermone
2288 4808 2385 4847 suo
2413 4807 2560 4862 spem
2585 4799 2842 4861 ponentes
2867 4788 2930 4843 ad
2955 4789 3195 4844 homines
3220 4790 3578 4860 decipiendos,

2013 4893 2068 4938 ct
2098 4884 2206 4938 Deo
2233 4898 2335 4937 non
2369 4881 2585 4936 subditi.

2085 4974 2136 5030 6.
2168 4973 2315 5047 [vers.
2345 4971 2423 5044 6.]
2473 4971 2691 5038 Propter
2722 4969 2972 5023 miseriam
3009 4985 3213 5040 inopum
3254 4979 3301 5024 et
3346 4976 3583 5041 gemitum

2013 5060 2310 5135 pauperum,
2361 5079 2492 5116 nunc
2542 5077 2830 5131 exsurgam,
2879 5059 3001 5113 dicit
3047 5059 3292 5114 Dominus
3331 5059 3409 5133 (ιι)
3439 5079 3465 5115 ἐ
3513 5062 3582 5116 ita

2014 5157 2154 5210 enim
2188 5155 2434 5224 populum
2463 5168 2618 5207 suum
2659 5153 2770 5222 ipse
2797 5153 3049 5207 Dominus
3081 5153 3131 5206 in
3164 5153 3449 5224 Evangelio
3480 5155 3582 5208 mi-

2015 5255 2220 5300 seratus
2246 5258 2344 5309 est,
2375 5245 2516 5316 quod
2557 5254 2820 5299 rectorem
2850 5259 2955 5297 non
2997 5243 3243 5305 haberet.
3284 5260 3403 5298 cum
3448 5245 3582 5300 bene

2015 5347 2197 5408 posset
2221 5339 2607 5407 obtemperare.
2632 5335 2786 5393 Unde
2815 5336 2972 5390 etiam
2998 5335 3198 5389 dictum
3227 5345 3308 5390 est
3336 5337 3385 5390 in
3414 5336 3582 5389 Evan-

2015 5430 2156 5500 gelio
2181 5447 2194 5484 :
2225 5429 2404 5484 Messis
2433 5430 2606 5491 multa,
2635 5427 2854 5497 operarii
2889 5436 3055 5480 autem
3086 5427 3239 5496 pauci
3267 5425 3476 5495 (Matth.
3507 5440 3578 5482 ιχ,

2019 5519 2132 5592 37).
2165 5519 2275 5574 Hoc
2313 5529 2487 5574 autem
2527 5533 2591 5573 ex
2623 5533 2848 5588 persona
2879 5517 2970 5572 Dei
3011 5517 3180 5571 Patris
3219 5514 3579 5584 accipiendum

2080 5701 2096 5731 ί
2121 5696 2253 5754 ωι,
2276 5709 2413 5745 uana.
2434 5703 2488 5744 At
2507 5677 2638 5752 Mss,
2665 5694 2810 5744 mala.

2085 5759 2158 5823 (a)
2183 5751 2312 5809 Idem
2339 5771 2464 5809 vers.
2491 5757 2523 5807 6
2546 5757 2814 5830 explicatur
2840 5757 2888 5805 in
2911 5760 3048 5803 Enar.
3076 5751 3194 5802 Psal.
3215 5765 3339 5813 κειιι,
3365 5765 3414 5805 ιι.
3439 5751 3492 5805 "l.

3000 5835 3254 5901 (Ciam)
