4046 6200
450 296 556 357 159

441 422 567 480 est,
592 412 682 486 qui
710 419 925 483 propter
970 407 1194 479 inopes‘
1220 415 1272 464 et
1315 420 1603 478 pauperes,
1637 406 1688 461 id
1714 415 1798 462 est
1838 405 2015 475 inopia

450 516 505 559 et
532 511 839 575 paupertate
865 502 1124 557 bonorum
1152 497 1505 571 spiritualium
1544 508 1780 568 egentes,
1821 497 2016 553 Filium

450 611 602 651 suum
633 595 875 665 dignatus
897 602 980 647 est
1004 592 1245 657 mittere;
1280 590 1400 646 inde
1427 598 1605 645 autem
1631 589 1816 660 incipit
1838 604 2016 645 sermo

450 687 567 756 eius
612 685 750 757 apud
793 683 1094 739 Mattbaeum
1139 684 1190 737 iu
1239 690 1439 746 monte,
1484 696 1607 737 cum
1653 680 1780 736 dicit
1820 699 1835 736 :
1872 679 2016 735 Beati

451 793 694 847 pauperes
718 776 914 845 spiritu,
943 774 1178 845 quoniam
1203 774 1427 844 ipsorum
1452 784 1525 829 est
1546 790 1755 845 regnum
1775 774 2013 829 caelorum

452 870 559 938 (Id.
592 885 640 933 ν,
669 869 745 939 5).
777 866 973 920 Ponam
1009 868 1062 921 in
1087 866 1320 921 salutari.
1351 864 1466 921 Non
1503 865 1636 921 dixit
1658 865 1782 936 quid
1808 876 2009 935 ponat;

446 964 536 1017 sed
564 965 617 1016 in
644 962 877 1025 salutari,
907 963 957 1015 in
975 960 1190 1016 Christo
1210 960 1574 1030 accipiendum
1597 969 1696 1025 est,
1722 957 2009 1015 secundum

444 1054 593 1116 illud,
625 1053 876 1121 Quoniam
903 1052 1129 1105 viderunt
1157 1051 1293 1105 oculi
1320 1051 1417 1103 mei
1441 1053 1667 1105 salutare
1690 1060 1828 1104 tuum
1858 1049 2008 1118 (Luc.

445 1162 509 1211 ιι,
536 1146 647 1218 50)
675 1165 687 1199 ;
719 1154 773 1200 et.
791 1145 910 1200 ideo
932 1144 1238 1214 intelligitur
1265 1143 1319 1197 in
1360 1143 1453 1198 illo
1493 1142 1731 1213 posuisse
1767 1142 1908 1214 quod
1944 1141 2010 1197 ad

447 1237 716 1291 miseriam
744 1240 959 1308 inopum
986 1234 1326 1290 auferendum
1356 1243 1409 1289 et
1436 1234 1811 1289 consolandum
1845 1234 2012 1303 gemi-

443 1338 552 1382 tum
580 1334 866 1398 pa‘uperum
894 1327 1139 1398 pertinet.
1173 1324 1506 1380 Fiducialiter
1530 1342 1678 1397 agam
1714 1325 1767 1379 in
1795 1340 1888 1389 eo;
1926 1340 2013 1380 se-

442 1420 671 1475 cundum
715 1419 841 1474 illud
887 1419 938 1473 in
984 1417 1271 1488 Evangelio
1316 1436 1329 1471 :
1373 1415 1497 1470 Erat
1537 1416 1667 1470 enim
1708 1416 1891 1471 docens
1929 1433 2011 1472 eos

442 1522 681 1581 tanquam
699 1520 990 1582 potestatem
1009 1509 1213 1575 habens,
1239 1525 1339 1562 non
1365 1518 1601 1579 tanquam
1623 1507 1817 1564 Scribit
1841 1525 2012 1563 eorum

446 1602 654 1673 (Matth.
686 1619 777 1663 vn,
805 1600 920 1673 29).

512 1695 565 1749 7.
590 1693 738 1766 [vers.
767 1692 845 1765 7.]
887 1693 1103 1763 Eloquia
1155 1693 1397 1760 Domini,
1443 1694 1640 1763 eloquia
1683 1702 1840 1747 casta.
1887 1691 2013 1748 Hmc

442 1799 666 1853 persona
697 1785 862 1853 ipsius
890 1783 1167 1854 Propheta:
1195 1795 1295 1838 est.
1325 1782 1540 1855 Eloquia
1562 1782 1788 1849 Domini,
1814 1783 2012 1854 eloquia

440 1884 576 1928 casta
614 1891 633 1928 :
684 1884 823 1927 easta
871 1873 1037 1936 dicit,
1085 1874 1199 1929 sine
1250 1874 1588 1945 corruptione
1634 1874 2008 1937 simulationis.

442 1964 588 2018 Multi
652 1965 793 2019 enim
848 1963 1140 2035 praedicant
1189 1966 1465 2020 veritatem
1508 1980 1616 2020 non
1659 1975 1843 2034 caste,
1888 1966 2010 2037 quia

442 2055 678 2109 vendunt
718 2054 861 2109 illam
903 2055 1073 2125 pretio
1111 2056 1542 2112 commoditatum
1588 2056 1749 2125 hujus
1789 2057 2007 2112 saeculi:

438 2145 506 2200 de
536 2146 726 2201 talibus
764 2145 892 2201 dicit
918 2147 1228 2217 Apostolus,
1255 2147 1395 2217 quod
1421 2147 1687 2205 Christum
1731 2149 2013 2204 annuntia-

439 2244 557 2290 rent
584 2250 685 2289 non
715 2244 860 2290 caste
885 2234 1140 2306 (Philipp.
1168 2253 1205 2297 ι,
1240 2237 1347 2306 l7).
1378 2238 1653 2308 Argentum
1687 2238 1805 2309 igne
1823 2228 2012 2292 exami-

438 2336 613 2380 natum
640 2335 805 2381 teme.
851 2326 964 2396 lpsn
1011 2326 1218 2396 eloquia
1262 2327 1469 2381 Domini
1506 2344 1603 2399 per
1642 2328 2012 2383 tribulationes

438 2416 657 2488 probata
680 2417 1065 2487 peccatoribus.
1093 2416 1376 2488 Purgatum
1393 2420 1681 2492 septuplugn
1701 2434 1719 2473 :
1739 2434 1834 2489 per
1856 2418 2012 2473 timo-

438 2523 551 2562 rem
580 2507 694 2573 Dei,
735 2523 832 2580 per
858 2507 1130 2579 pietatem,
1159 2524 1255 2591 per
1283 2509 1581 2577 scientiam,
1625 2524 1722 2580 per
1748 2510 2009 2564 fortitudi-

439 2615 580 2663 nem,
610 2616 706 2671 per
731 2600 1032 2667 consilium,
1061 2615 1156 2671 per
1183 2599 1506 2655 intellectum
1529 2641 1545 2665 ,
1573 2615 1667 2670 per
1696 2600 2006 2670 sapientiam

442 2689 591 2762 (Isai.
622 2706 696 2758 XI,
722 2690 825 2762 2).
869 2690 999 2745 Nam
1046 2701 1248 2760 septem
1293 2699 1419 2768 sunt.
1464 2691 1623 2746 etiam
1670 2690 2008 2746 beatitudinis

435 2781 658 2851 gradus,
707 2795 841 2852 quos
893 2782 945 2836 in
994 2781 1180 2836 eodem
1231 2796 1487 2836 sermone
1520 2797 1674 2852 quem
1727 2779 1907 2835 habuit
1953 2781 2005 2835 in

436 2882 616 2928 monte
663 2872 916 2926 Dominus
962 2852 1267 2941 e’xsequitur
1312 2879 1437 2927 κατὰ
1478 2871 1825 2926 Matthzeum:
1864 2869 2007 2925 Beati

437 2981 682 3036 pauperes
708 2964 887 3035 spiritu
906 3006 920 3029 ,
953 2963 1082 3017 beati
1110 2965 1249 3017 mites
1268 3006 1283 3030 ,
1313 2962 1442 3019 beati
1479 2964 1701 3034 lugentes
1719 3005 1733 3028 ,
1767 2961 1895 3017 beati
1920 2964 2007 3032 qui

436 3060 660 3108 esuriunt
689 3064 734 3107 et
777 3053 950 3107 sitiunt
985 3053 1268 3122 justitiam,
1309 3052 1436 3106 beati
1460 3053 1800 3107 misericordes
1822 3093 1838 3118 ,
1880 3053 2007 3107 beati

435 3147 622 3202 mundo
649 3145 816 3212 corde,
853 3146 981 3200 beati
1020 3145 1216 3216 paciﬁci
1268 3143 1476 3215 (Matth.
1501 3160 1555 3207 ν,
1584 3142 1713 3215 5-9)
1740 3163 1755 3200 :
1780 3144 1845 3199 de
1883 3145 2003 3216 qui-

434 3238 535 3293 bus
563 3237 841 3292 sententiis
868 3244 1070 3305 septem
1104 3244 1269 3290 totum
1313 3236 1458 3289 illum
1502 3249 1801 3290 sermonem
1842 3236 2005 3307 proli-

432 3345 557 3385 xum
601 3328 797 3383 dictum
845 3341 964 3382 esse
992 3326 1335 3381 animadverti
1366 3334 1578 3397 potest;
1632 3341 1753 3381 nam
1793 3337 1999 3393 octava,

432 3420 522 3475 ubi
549 3421 748 3474 dictum
776 3425 876 3484 est,
902 3416 1048 3472 Beati
1074 3419 1161 3488 qui
1189 3418 1574 3488 persecutionem
1603 3418 1862 3487 patiuntur
1880 3434 2001 3489 pro-

430 3522 540 3581 pter
558 3510 844 3581 justitiam,
878 3510 1048 3579 ipsum
1085 3508 1259 3578 ignem
1290 3506 1587 3576 signiﬁcat,
1621 3522 1725 3577 quo
1770 3516 2003 3578 septem-
2047 3504 2067 3525 '

429 3604 636 3675 pliciter
676 3603 924 3673 probatur
961 3608 1257 3673 argentum.
1305 3602 1405 3670 Qui
1442 3615 1622 3657 sermo
1661 3616 1781 3656 eum
1823 3603 2003 3656 termi-

429 3709 583 3757 natus
609 3705 773 3762 esset,
798 3696 996 3751 dictum
1021 3705 1123 3761 est,
1150 3685 1284 3748 Erat.
1301 3696 1433 3748 enim
1459 3694 1639 3748 docens
1662 3710 1744 3748 eos
1766 3705 2003 3765 tanquam

427 3798 717 3861 potestatem
764 3789 970 3855 habens,
1012 3803 1111 3841 non
1160 3796 1395 3856 tanquam
1440 3786 1633 3849 Scriba?
1673 3772 1999 3855 eorumUd.

427 3899 522 3945 vn,
549 3882 691 3951 29):
726 3882 864 3950 quod
906 3880 1134 3951 pertinet
1173 3878 1237 3933 ad
1285 3879 1335 3932 id
1380 3877 1520 3948 quod
1561 3879 1614 3933 in
1653 3877 1754 3934 hoc
1796 3880 2000 3949 psalmo

426 3973 624 4027 dictum
650 3982 752 4033 est,
789 3970 1119 4025 Fiducialiter
1146 3987 1292 4042 agam
1320 3972 1372 4024 in
1397 3986 1476 4024 eo.

498 4060 548 4119 8.
584 4063 734 4135 [vers.
762 4059 841 4134 8.]
899 4061 992 4127 Tu,
1023 4061 1257 4126 Domine,
1286 4061 1503 4115 servabis
1532 4077 1621 4114 nos
1641 4102 1654 4123 ,
1682 4071 1729 4114 et
1753 4042 2021 4115 custodies.

426 4170 518 4210 nos
543 4171 574 4206 a
600 4152 914 4225 generatione
959 4152 1052 4204 hac
1099 4162 1144 4204 et
1173 4154 1193 4182 ’
1221 4153 1274 4204 in
1308 4162 1549 4205 ceter-num
1576 4167 1594 4204 :
1623 4151 1708 4204 hic
1746 4160 1997 4220 tanquam

427 4250 614 4318 inopes
661 4254 715 4300 et
756 4257 1041 4315 pauperes,
1092 4243 1161 4297 ibi
1212 4254 1457 4313 tanquam
1500 4243 1779 4314 opulentos
1818 4254 1873 4298 et
1912 4242 1996 4298 di-

425 4342 577 4395 vites.

494 4434 547 4490 9.
577 4432 728 4506 [vers.
757 4424 839 4500 9.]
889 4426 955 4482 In
981 4426 1190 4481 circuitu
1215 4426 1361 4497 impii
1383 4427 1640 4481 ambulant
1666 4426 1743 4499 (α)
1775 4445 1789 4480 :
1818 4426 1871 4482 id
1893 4436 1991 4495 est,

427 4524 478 4579 in
523 4522 891 4594 temporalium
935 4532 1113 4574 rerum
1152 4517 1459 4587 cupiditate,
1488 4532 1606 4587 quae
1646 4528 1848 4588 septem
1878 4519 1995 4575 die-

431 4629 546 4668 rum
595 4615 818 4683 repetito
858 4611 1130 4674 circuitu,
1172 4617 1418 4678 tauquam
1468 4617 1581 4661 rota
1626 4609 1852 4671 volvitur
1887 4625 1902 4675 ;
1943 4619 1996 4664 ct

434 4706 551 4762 ideo
581 4723 683 4761 non
725 4704 1038 4776 perveniunt
1066 4702 1120 4756 in
1150 4711 1413 4765 octavum,
1444 4698 1495 4754 id
1521 4707 1604 4754 est
1631 4700 1684 4755 in
1713 4710 1992 4768 mtcrnum,

436 4814 526 4870 pro
553 4813 657 4868 quo
687 4796 786 4851 iste
830 4796 1061 4865 psalmus
1104 4793 1341 4847 titulatus
1371 4799 1475 4846 est.
1516 4790 1592 4845 Ita
1635 4800 1689 4845 et
1722 4806 1815 4860 per
1847 4790 1995 4846 Salo-

428 4904 637 4944 monetn
683 4885 923 4940 dicitur:
964 4883 1245 4941 Ventilator
1293 4883 1424 4937 enim
1474 4891 1544 4937 est
1589 4882 1858 4951 impiorum
1905 4897 1997 4936 rea:

425 4982 646 5049 sapiens,
673 4986 718 5032 et
748 4977 967 5031 immittit
995 4975 1097 5030 illis
1120 4987 1282 5030 rotam
1304 4974 1553 5029 malorum
1582 4972 1759 5046 (Prov,
1785 4988 1878 5037 xx,
1899 4972 1987 5036 26,

427 5090 524 5126 sec.
547 5068 735 5140 LXX).
782 5067 1072 5123 Secundum
1110 5067 1428 5120 altitudinem
1466 5076 1603 5119 tuam
1646 5064 1996 5132 multiplicasti

429 5160 563 5232 fiﬂos
590 5159 867 5214 hominum.
899 5155 1030 5226 Quia
1077 5167 1162 5210 est
1205 5166 1260 5209 et
1300 5156 1352 5209 in
1403 5154 1777 5226 temporalibus
1817 5154 1994 5208 multi-

426 5252 659 5326 pIiCntiO,
703 5262 820 5320 quae
862 5245 1052 5300 avertit
1086 5246 1156 5299 ab
1197 5246 1396 5299 unitate
1438 5245 1570 5310 Dei;
1620 5243 1758 5299 unde
1800 5254 1993 5313 corpus

426 5346 568 5418 quod
614 5340 1007 5411 eorruuipitur,
1055 5345 1303 5408 aggravat
1348 5337 1598 5404 animam,
1632 5346 1701 5392 ‘et
1746 5336 1994 5407 deprimit

486 5545 502 5576 ί
527 5550 640 5593 Octo
662 5548 787 5598 Mes,
810 5542 1061 5600 propterea
1088 5533 1151 5584 ad
1173 5534 1351 5600 inopes.

485 5609 506 5637 '
528 5607 599 5653 ste
617 5593 830 5667 potiores
848 5593 955 5649 Mss.
977 5598 1114 5661 juxta
1138 5593 1264 5644 Lxx;
1293 5593 1343 5656 [a
1360 5593 1658 5658 generatione
1681 5593 1770 5645 hac
1785 5593 1836 5645 in
1855 5600 1993 5645 teter-

421 5668 712 5808 Wi'gldem
734 5755 862 5798 vers.
884 5742 1160 5803 9tractatur
1183 5742 1231 5791 tu
1249 5745 1384 5790 ΕΜΓ.
1408 5739 1528 5791 Psal.
1554 5753 1756 5805 usus,
1775 5754 1827 5791 ιι.
1852 5740 1927 5793 13.
1951 5815 1965 5827 .

1680 289 1738 348 S.
1779 287 2144 349 AUGUSTINI
2181 289 2480 348 EPISCDPI

2068 392 2071 395 ’
2133 416 2341 462 terrena
2382 406 2694 463 inhabitatio
2718 421 2932 464 sensum
2976 407 3137 464 multa
3176 408 3490 479 cogitantem
3533 409 3693 484 (Sap.

3589 296 3692 355 HO

2120 514 2195 568 ιχ,
2223 501 2309 576 15)
2336 522 2351 557 :
2378 503 2796 575 multiplicantur
2822 513 2998 560 autem
3029 504 3157 576 justi
3190 504 3482 560 secundum
3517 506 3698 560 altitu-

2118 592 2296 649 dinem
2320 594 2435 662 Dei,
2456 594 2667 666 quando
2692 594 2842 651 ibuut
2860 594 2929 651 de
2950 595 3144 651 virtute
3167 595 3220 651 in
3240 596 3484 651 virtutem
3514 595 3690 667 (Psal.
3754 602 3757 603 ⁷

2121 701 2344 754 Lxxxm,
2376 684 2467 759 8),

2548 894 2631 955 IN
2668 893 3047 955 PSALMUM
3089 893 3211 954 XII

2740 1010 3153 1067 ENARRATIO.

2542 1124 2606 1181 In
2633 1126 2804 1195 ﬁnem,
2836 1124 3074 1180 Psalmus
3101 1123 3287 1181 David.

2189 1239 2239 1294 1.
2283 1237 2446 1313 [vers.
2490 1237 2577 1313 1.]
2622 1239 2766 1294 Finis
2812 1239 2945 1294 enim
2981 1238 3129 1310 Legis
3170 1237 3392 1315 Christus
3428 1239 3497 1293 ad
3536 1239 3692 1311 justi-

2116 1329 2236 1383 tiam
2274 1329 2412 1384 omni
2451 1330 2671 1385 credenti
2697 1330 2715 1401 (
2734 1331 2882 1385 Rom.
2906 1346 2971 1396 x,
2991 1330 3027 1385 4
3053 1329 3092 1400 ).
3126 1329 3414 1401 Usquequo,
3458 1328 3693 1398 Domine,

2114 1420 2414 1476 Oblivisceris
2443 1438 2521 1475 me
2544 1423 2597 1475 in
2621 1421 2812 1490 ﬁnem?
2848 1420 2901 1475 id
2924 1431 3025 1486 est,
3051 1420 3232 1475 diﬂ‘ers
3274 1435 3360 1475 me
3383 1419 3449 1475 ad
3492 1420 3693 1476 intelli-

2114 1513 2342 1583 gendum
2362 1513 2632 1570 Christum
2658 1513 3020 1584 spiritualiter,
3047 1513 3134 1584 qui
3160 1520 3244 1568 est
3271 1512 3362 1569 Dei
3389 1511 3683 1582 Sapientia,
3712 1572 3715 1573 ν

2114 1611 2170 1659 et
2210 1613 2386 1659 rectus
2426 1605 2544 1658 linis
2584 1603 2757 1659 omnis
2800 1603 3107 1658 intentionis
3144 1606 3354 1658 animze.
3389 1601 3501 1667 Quo
3529 1619 3687 1673 usque

2115 1697 2297 1751 avertis
2321 1697 2501 1767 faciem
2526 1706 2663 1751 tuam
2682 1713 2715 1749 a
2735 1713 2813 1750 me
2827 1697 2854 1751 .’
2880 1695 3026 1752 Sicut
3043 1710 3147 1751 non
3172 1695 3502 1751 obliviscitur
3523 1696 3684 1761 Deus,

2114 1787 2193 1842 sic
2234 1802 2334 1842 nec
2373 1786 2560 1842 faciem
2599 1787 2826 1852 avertit;
2870 1786 2966 1842 sed
3003 1802 3151 1843 more
3189 1796 3374 1842 nostro
3417 1786 3691 1857 Scriptura

2114 1876 2347 1947 loquitur
2377 1893 2390 1931 :
2420 1887 2660 1934 avertere
2701 1887 2876 1933 autem
2906 1879 3044 1935 Deus
3088 1879 3274 1935 faciem
3304 1879 3530 1944 dicitur,
3560 1879 3709 1953 dum]

2115 1982 2219 2021 non
2241 1966 2333 2022 dat
2352 1967 2543 2022 animae
2563 1968 2803 2025 n0titiam
2830 1969 2931 2037 sui,
2954 1985 3071 2040 quas
3093 1969 3265 2029 adhuc
3286 1985 3473 2042 purum
3496 1971 3693 2028 mentis

2114 2057 2323 2112 oculum
2356 2072 2461 2111 non
2494 2057 2671 2113 habet.

2183 2148 2238 2202 2.
2273 2146 2422 2221 [vers.
2445 2147 2525 2222 2.]
2584 2148 2837 2215 Quamdiu
2885 2166 3067 2221 ponam
3115 2151 3380 2206 consilium
3423 2151 3478 2206 in
3519 2152 3690 2207 anima

2113 2241 2269 2294 mea?
2294 2238 2530 2295 Consilio
2556 2255 2659 2296 non
2690 2255 2825 2311 opus
2868 2249 2969 2309 est,
3000 2242 3102 2295 nisi
3142 2243 3194 2296 in
3238 2241 3495 2296 adversis.
3526 2243 3685 2313 Ergo,

2117 2328 2370 2395 Quamdiu
2413 2346 2598 2400 ponam
2624 2331 2889 2384 consilium
2913 2331 2966 2384 in
3005 2332 3175 2384 anima
3213 2348 3323 2385 utea
3345 2372 3361 2397 ,
3391 2335 3461 2386 ita
3487 2331 3689 2388 dictum

2112 2430 2229 2488 est,
2255 2420 2519 2490 Quamdiu
2547 2437 2642 2477 ero
2669 2423 2722 2477 in
2765 2421 3047 2477 adversis?
3086 2423 3192 2477 Aut
3231 2434 3377 2479 certe
3410 2424 3690 2493 responsio

2113 2523 2215 2576 est,
2247 2523 2303 2565 ut
2333 2512 2434 2567 iste
2461 2514 2531 2567 sit
2559 2528 2768 2578 sensus,
2797 2514 3040 2580 Tamdiu,
3081 2515 3322 2582 Domine,
3354 2516 3691 2572 Oblivisceris

2112 2620 2199 2660 me
2228 2605 2280 2659 in
2322 2605 2501 2671 finem,
2544 2614 2599 2660 et
2637 2604 2836 2660 tamdiu
2877 2606 3299 2663 avertis-faciem
3342 2617 3482 2662 tuam
3510 2623 3539 2662 a
3579 2624 3689 2675 me,

2110 2696 2365 2767 quamdiu
2403 2712 2595 2767 ponam
2638 2697 2915 2753 consilium
2956 2699 3008 2752 in
3053 2700 3229 2754 anima
3283 2716 3397 2757 mea
3436 2718 3449 2754 :
3489 2710 3546 2756 ut
3585 2702 3689 2756 nisi

2108 2785 2333 2857 quisque
2364 2788 2598 2856 posuerit
2621 2788 2899 2844 consilium
2928 2789 2979 2842 in
3026 2790 3201 2845 anima
3236 2805 3331 2844 sua
3374 2799 3431 2845 ut
3458 2791 3689 2860 perfecte

2109 2890 2361 2947 operetur
2404 2878 2844 2949 misericordiam,
2892 2895 3003 2949 non
3034 2894 3168 2943 eum
3218 2880 3405 2951 dirigat
3452 2881 3589 2937 Deus
3632 2882 3686 2937 in

2109 2968 2289 3036 tinem,
2319 2988 2492 3041 neque
2518 2972 2758 3027 notitiam
2802 2974 2882 3027 sui
2915 2973 3124 3043 plenam
3149 2974 3289 3045 quod
3335 2983 3419 3030 est
3459 2974 3591 3030 facie
3618 2974 3687 3030 ad

2106 3057 2320 3127 faciem,
2351 3062 2584 3131 praebeat
2613 3064 2710 3118 illi.
2739 3062 2980 3119 Dolorem
3005 3065 3058 3118 in
3086 3065 3238 3119 corde
3260 3082 3369 3119 meo
3395 3082 3483 3134 per
3508 3066 3641 3120 diem
3660 3067 3689 3120 .’

2107 3154 2437 3222 subauditur,
2465 3157 2714 3226 quamdiu
2741 3159 2979 3227 ponam?
3026 3156 3128 3212 Per
3151 3158 3282 3211 diem
3306 3168 3481 3213 autem
3507 3200 3522 3223 ,
3549 3173 3686 3213 con-

2108 3245 2451 3301 tinuationem
2492 3248 2773 3317 signiﬁcat,
2804 3256 2861 3302 ut
2884 3247 2999 3302 dies
3025 3263 3120 3317 pro
3149 3257 3386 3316 tempore
3417 3248 3687 3320 intelliga-

2107 3343 2227 3403 tur;
2277 3351 2308 3391 a
2356 3339 2471 3407 quo
2508 3353 2567 3394 se
2609 3343 2830 3409 quisque
2876 3338 3183 3395 desiderans
3230 3340 3396 3406 exui,
3445 3340 3685 3395 dolorem

2111 3428 2259 3497 ponit
2303 3428 2353 3482 in
2383 3428 2582 3496 corde,
2613 3430 2904 3501 deprecans
2948 3430 3015 3484 ad
3057 3439 3256 3485 aeterna
3298 3430 3681 3498 conscendere,

2105 3527 2158 3574 et
2187 3519 2477 3574 humanum
2508 3520 2648 3576 diem
2678 3535 2783 3585 non
2809 3521 2940 3592 pati.

2175 3611 2228 3666 5.
2281 3610 2441 3684 [vers.
2483 3611 2574 3683 5.]
2618 3610 2882 3682 Usquequo
2924 3611 3225 3666 exaltabitur
3269 3612 3499 3667 inimicus
3540 3628 3685 3666 meus

2104 3715 2256 3769 super
2283 3701 2406 3754 me?
2446 3702 2527 3754 vel
2567 3701 2826 3766 diabolus,
2856 3700 2934 3754 vel
2962 3700 3289 3757 consuetudo
3320 3702 3569 3756 carnalis.

2174 3790 2227 3844 4.
2268 3788 2429 3862 [vers.
2455 3788 2547 3864 4.]
2589 3790 2801 3861 Respice
2841 3803 2887 3844 et
2932 3791 3118 3844 exaudi
3154 3807 3251 3856 me,
3296 3790 3509 3845 Domine
3544 3790 3685 3846 Deus

2103 3898 2265 3936 meus.
2294 3881 2525 3954 Respice,
2550 3882 2778 3937 refertur
2797 3881 2863 3936 ad
2889 3881 2938 3936 id
2967 3881 3105 3952 quod
3126 3881 3323 3937 dictum
3351 3891 3453 3949 est,
3486 3881 3685 3953 Usque-

2103 3989 2203 4043 quo
2228 3967 2407 4027 avertis
2435 3974 2614 4044 faciem
2641 3983 2777 4027 tuam
2804 3990 2835 4026 a
2859 3990 2937 4027 me
2954 3974 2981 4028 ?
3010 3972 3215 4029 Exaudi
3230 4016 3245 4040 ,
3275 3973 3503 4029 refertur
3528 3974 3594 4027 ad
3627 3968 3691 4030 id‘

2102 4064 2243 4132 quod
2288 4063 2487 4120 dictum
2526 4076 2606 4120 est
2628 4107 2642 4128 ,
2677 4064 2941 4135 Usquequo
2971 4066 3271 4121 Oblivisceris
3300 4084 3377 4120 me
3402 4069 3453 4121 in
3483 4069 3634 4136 liuent
3654 4069 3685 4124 2

2106 4151 2350 4207 litamina
2371 4156 2542 4209 oculos
2563 4172 2717 4219 meos,
2741 4171 2804 4208 ne
2822 4172 3044 4226 unquam
3065 4156 3373 4209 obdormiam
3394 4158 3679 4211 in-morte‘.

2102 4242 2298 4299 Oculos
2335 4244 2513 4299 cordis
2537 4253 2748 4314 oportet
2780 4246 3020 4316 intelligi,
3054 4261 3120 4301 ne
3143 4245 3438 4301 delectabili
3463 4247 3680 4304 defectu

2102 4335 2302 4403 peccati
2330 4336 2664 4390 claudantur.

2120 4458 2129 4469 ρ
2171 4426 2223 4478 5.
2267 4411 2429 4498 [πνεῖ
2457 4424 2546 4498 5.]
2580 4424 2864 4497 Neqnando
2893 4427 3026 4480 dicat
3054 4427 3285 4481 inimicus
3312 4445 3449 4483 meus
3474 4446 3493 4484 :
3525 4429 3674 4484 Prw-

2099 4517 2239 4571 valui
2273 4516 2510 4571 adversus
2536 4534 2667 4573 eum.
2700 4517 2904 4573 Diaboli
2949 4519 3223 4573 insultatio
3267 4523 3544 4576 metuenda
3568 4532 3675 4581 est.

2104 4606 2204 4672 Qui
2228 4604 2468 4660 tribulant
2496 4624 2573 4661 me
2597 4608 2936 4673 exsultabant,
2965 4610 3009 4664 si
3039 4620 3203 4687 motus
3228 4612 3390 4682 fuero.
3424 4612 3678 4668 Diabolus

2100 4710 2157 4754 et
2192 4701 2364 4770 angeli
2405 4700 2562 4770 ejus:
2589 4702 2680 4771 qui
2725 4717 2831 4756 non
2871 4704 3267 4758 exsultaverunt
3302 4703 3369 4759 de
3394 4705 3535 4774 justo
3560 4707 3681 4759 viro

2099 4791 2219 4855 Job,
2245 4807 2367 4847 cum
2392 4808 2512 4846 cum
2552 4793 2898 4858 tribularent;
2941 4794 3060 4862 quia
3082 4810 3187 4848 non
3213 4805 3294 4850 est
3327 4806 3504 4850 motus
3552 4795 3677 4871 (Job

2100 4897 2137 4946 ι,
2163 4878 2280 4954 9.2),
2304 4881 2479 4949 idest,
2520 4882 2588 4938 de
2627 4884 2910 4938 stabilitate
2950 4885 3069 4938 fidei
3113 4902 3217 4940 non
3254 4889 3493 4947 recessit.

2170 4975 2222 5029 6.
2257 4973 2416 5047 [vers.
2446 4973 2524 5047 6.]
2550 4973 2659 5045 Ego
2685 4985 2850 5028 autem
2879 4977 2932 5027 in
2969 4985 3056 5029 tua
3082 4978 3427 5031 misericordia
3454 4981 3675 5050 speravi.

2098 5064 2229 5132 Quia
2275 5064 2503 5133 idipsum
2542 5063 2682 5135 quod
2728 5080 2832 5119 non
2881 5077 3117 5121 movetur
3164 5068 3323 5123 homo
3352 5079 3403 5123 et
3446 5071 3579 5124 ﬁxus
3619 5072 3677 5128 in

2100 5158 2324 5212 Domino
2355 5167 2644 5226 permanet,
2680 5174 2785 5212 non
2824 5157 2925 5212 sibi
2965 5158 3126 5215 debet
3151 5161 3404 5225 tribuere,
3447 5180 3512 5217 ne
3549 5179 3675 5219 eum

2100 5263 2158 5304 se
2178 5248 2434 5319 gloriatur
2460 5250 2562 5303 non
2586 5264 2704 5304 esse
2724 5259 2946 5311 motum,
2972 5245 3081 5321 ipsa
3104 5253 3349 5321 superbia
3375 5265 3674 5310 moveatur.

2101 5340 2387 5395 Exsultabit
2429 5357 2515 5394 cor
2544 5358 2708 5394 meum
2747 5342 2798 5393 in
2841 5341 3052 5408 salutari
3088 5354 3216 5396 tuo:
3249 5343 3298 5396 in
3338 5344 3574 5405 Christo.
3619 5347 3677 5402 in

2100 5431 2363 5501 Sapientia
2396 5432 2506 5486 Dei.
2546 5430 2767 5486 Cantubo
2797 5430 3016 5485 Domino
3043 5434 3128 5500 qui
3155 5436 3280 5486 bona
3311 5436 3478 5489 tribuit
3501 5437 3632 5497 mihi
3654 5453 3681 5493 .-

2104 5523 2243 5579 boua
2272 5523 2583 5593 spiritualia,
2612 5538 2719 5577 non
2746 5523 2810 5577 ad
2839 5524 3123 5578 humanum
3153 5525 3292 5581 diem
3334 5528 3674 5597 pertinentia.

2104 5682 2182 5793 ini
2205 5680 2343 5729 eorb.
2367 5688 2510 5731 vetus
2531 5679 2706 5743 codex,
2726 5680 2865 5743 juxta
2888 5687 3025 5733 Lxx:
3066 5695 3120 5733 ne
3150 5696 3356 5746 unquam
3385 5683 3687 5740 obdomziam
