4046 6200
353 230 448 285 HI

355 344 418 398 Et
445 347 667 414 psallam
687 347 875 402 nomini
903 349 1107 406 Domini
1134 353 1369 408 altissimi
1391 371 1408 408 :
1442 355 1491 408 id
1519 367 1622 421 est,
1653 373 1771 421 cum
1799 375 1926 429 gau-

354 437 444 489 dio
466 437 665 505 gratias
685 455 805 506 ago,
828 451 883 494 et
907 442 1297 498 ordinatissime
1323 455 1443 500 utor
1470 462 1713 516 corpore,
1738 452 1826 520 qui
1849 463 1931 507 est

353 539 536 580 Cantus
559 529 752 582 anima:
780 531 1083 598 Spiritualis.
1125 533 1180 588 Si
1218 544 1396 589 autem
1438 538 1611 608 aliqua
1655 541 1740 595 hic
1776 541 1928 596 (λίπε.

357 615 520 668 rentia
551 617 934 673 consideranda
964 630 1065 676 est.
1088 621 1310 677 Cautabo
1340 626 1518 689 corde,
1553 627 1779 683 Psallam
1803 646 1927 699 ope-

350 706 496 760 ribus
547 707 790 769 Domino,
836 710 978 778 quod
1015 711 1031 742 ¹
1072 712 1217 767 solus
1259 715 1404 770 videt
1446 734 1459 770 :
1503 717 1715 772 Nomini
1752 732 1926 776 autem

348 793 570 859 Domini,
592 798 733 866 quod
756 799 891 869 apud
921 800 1164 858 homines
1190 805 1510 862 innotescit:
1533 810 1672 880 quod
1696 827 1802 866 non
1830 811 1928 879 illi,

351 886 445 940 sed
475 887 630 942 nobis
660 889 786 944 utile
809 900 912 946 est.

345 1016 1930 1047 -——__________.____

780 1098 862 1158 IN
904 1101 1283 1164 PSALMUM
1320 1105 1472 1167 XIII

955 1220 1362 1279 ENARRATIO.

703 1329 768 1384 In
793 1333 964 1400 finem,
997 1333 1234 1391 l’salmus
1259 1338 1356 1407 ipsi
1387 1339 1568 1395 David.

417 1443 467 1497 I.
498 1441 664 1514 [vers.
700 1443 789 1516 1.]
838 1446 972 1513 Quid
1012 1449 1081 1503 sit
1121 1451 1176 1502 in
1221 1451 1392 1519 ﬁnem,
1449 1468 1552 1508 non
1598 1465 1678 1510 est
1731 1461 1925 1528 smpius

341 1535 710 1604 repetendum.
745 1536 889 1591 Finis
913 1540 1045 1592 enim
1074 1540 1220 1612 Legis
1258 1541 1521 1612 Christus,
1567 1546 1634 1599 ad
1668 1549 1924 1617 justitiam

340 1628 477 1680 enini
505 1629 728 1682 credenti
771 1630 942 1700 (Rom.
968 1647 1022 1696 x,
1049 1633 1129 1702 4),
1162 1634 1299 1689 sicut
1327 1636 1613 1705 Apostolus
1654 1639 1801 1694 dicit.
1845 1641 1921 1697 Illi

341 1721 630 1783 credimus,
676 1722 890 1791 quando
934 1723 1213 1794 incipimus
1255 1727 1394 1782 viam
1437 1727 1631 1784 bonam
1678 1732 1917 1802 ingredi;

341 1813 510 1881 ipsum
552 1811 872 1878 videbimus,
913 1829 1034 1870 cum
1082 1819 1480 1885 pervenerimus
1509 1839 1524 1876 :
1553 1831 1608 1875 ct
1647 1821 1767 1877 ideo
1809 1824 1921 1894 ipse

342 1904 475 1957 linis.
951 1961 954 1968 .

405 1995 458 2048 2.
485 1994 632 2048 Discit
655 1996 949 2064 imprudens
977 1999 1029 2052 in
1055 1999 1204 2052 corde
1228 2016 1318 2054 suo
1341 2018 1358 2054 :
1388 2001 1507 2057 Non
1529 2014 1602 2059 est
1625 2005 1778 2061 Deus.
1809 2007 1918 2064 Nec

341 2087 434 2154 ipsi
472 2088 619 2142 enim
651 2088 893 2157 sacrilegi
921 2099 972 2142 et
1012 2089 1306 2146 detestandi
1337 2093 1549 2163 quidam
1591 2095 1913 2169 philosophi,

341 2159 424 2246 qui
474 2191 728 2246 perversa
767 2187 820 2233 et
867 2179 992 2233 falsa
1055 2179 1122 2235 de
1168 2182 1274 2236 Deo
1315 2159 1581 2252 sentiunt,
1640 2189 1752 2242 ausi
1794 2199 1918 2245 sunt

337 2271 507 2324 dicere
529 2313 544 2336 ,
572 2270 689 2324 Non
719 2279 802 2325 est
821 2271 961 2326 Deus
992 2290 1004 2325 :
1036 2273 1156 2328 ideo
1181 2290 1307 2346 ergo
1327 2318 1341 2340 ,
1368 2276 1511 2332 Dixit
1537 2280 1588 2332 in
1611 2281 1760 2335 corde
1787 2299 1916 2348 suo;

338 2363 452 2430 quia
491 2362 596 2417 hoc
641 2377 800 2418 nemo
839 2363 1001 2419 audet
1036 2365 1234 2425 dicere.
1279 2369 1439 2422 etiam
1478 2370 1521 2423 si
1563 2386 1726 2427 ausus
1758 2372 1917 2428 fuerit

335 2453 581 2521 cogitare.
629 2452 866 2522 Corrupti
907 2464 1022 2508 sunt
1063 2466 1108 2509 et
1151 2456 1506 2514 abominabiles
1547 2465 1668 2532 facti
1709 2475 1825 2519 sunt
1860 2467 1914 2519 in

335 2542 677 2608 affectionibus
719 2545 821 2598 suis
844 2561 862 2598 :
893 2546 944 2600 id
974 2557 1074 2611 est,
1116 2548 1241 2603 dum
1280 2560 1460 2606 amant
1499 2554 1600 2609 hoc
1636 2558 1908 2624 saeculum,

335 2643 385 2686 et
410 2649 513 2686 non
541 2644 722 2688 amant
751 2633 915 2690 Deum
947 2653 959 2689 ε
993 2637 1121 2707 ipsae
1146 2647 1268 2692 sunt
1305 2640 1614 2699 all'ectiones
1643 2661 1759 2716 qua:
1786 2661 1909 2702 cor-

336 2733 580 2793 rumpunt
623 2725 878 2787 animam,
922 2728 977 2781 et
1016 2728 1091 2781 sic
1131 2740 1422 2793 excmcant,
1467 2741 1520 2784 ut
1561 2735 1725 2802 possit
1749 2736 1907 2790 etiam

335 2817 503 2874 dicere
527 2816 837 2886 imprudens
864 2818 914 2872 in
940 2819 1098 2874 corde
1138 2836 1234 2873 suo
1262 2837 1274 2873 :
1305 2821 1357 2874 Ν
1363 2838 1429 2876 on
1452 2834 1523 2877 est
1552 2824 1725 2892 Deus;
1771 2827 1909 2883 sicut

339 2890 472 2957 enim
503 2921 610 2959 non
639 2906 997 2974 probaverunt
1018 2909 1182 2965 Deum
1211 2911 1403 2967 habere
1425 2913 1474 2966 in
1499 2915 1738 2982 notitia’,
1761 2918 1909 2975 dedit

333 2996 445 3050 ilios
492 2998 631 3052 Deus
680 2999 730 3051 in
783 3000 1063 3067 reprobum
1093 3017 1308 3056 sensum
1351 3001 1476 3071 (Id.
1515 3021 1574 3070 ι,
1613 3005 1736 3075 28).
1784 3008 1905 3064 Non

333 3097 400 3138 est
426 3087 512 3157 qui
537 3089 690 3158 faciat
718 3088 1006 3154 bonitatem,
1040 3108 1137 3144 non
1162 3102 1234 3146 est
1262 3109 1418 3163 usque
1441 3096 1508 3148 ad
1535 3112 1707 3150 unum.
1739 3097 1905 3168 Usque

332 3178 393 3229 ad
421 3195 578 3230 unum
601 3194 620 3232 :
646 3178 730 3232 vel
760 3193 881 3234 cum
910 3180 1026 3250 ipso
1052 3197 1157 3235 uno
1183 3192 1358 3252 potest
1378 3185 1625 3257 intelligi,
1651 3197 1709 3242 ut
1732 3191 1903 3246 null-us

332 3268 602 3322 hominum
632 3269 986 3339 intelligatur:
1021 3273 1100 3327 vel
1146 3283 1340 3341 praster
1365 3291 1525 3330 unum
1549 3317 1564 3342 ,
1595 3289 1649 3332 ut
1678 3281 1904 3349 accipia-

331 3370 408 3412 tur
434 3360 688 3413 Dominus
712 3360 956 3416 Christus
979 3379 994 3427 ;
1028 3362 1165 3424 sicut
1183 3363 1428 3432 dicimus,
1462 3364 1564 3423 Iste
1591 3384 1717 3436 ager
1737 3387 1902 3442 usque

326 3452 386 3503 ad
415 3468 563 3508 mare
592 3461 674 3506 est
699 3469 713 3517 ;
745 3468 848 3506 non
878 3454 1060 3524 utique
1089 3455 1246 3510 simul
1271 3468 1638 3528 computamus
1660 3470 1714 3516 et
1733 3479 1896 3518 mare.

331 3542 391 3596 Et
431 3545 531 3597 iste
572 3555 652 3599 ρει
702 3546 892 3600 melior
933 3547 1229 3602 intellectus
1277 3557 1334 3602 ut
1377 3565 1534 3605 nemo
1581 3553 1901 3624 intelligatur

327 3633 509 3688 iecisse
531 3633 824 3688 bonitatem
851 3650 1017 3705 usque
1037 3636 1104 3691 ad
1123 3636 1390 3694 Christum
1413 3658 1427 3706 ;
1457 3643 1576 3710 quia
1601 3660 1703 3697 non
1729 3656 1900 3712 potest

324 3727 604 3794 quisquam
628 3725 899 3780 hominum
923 3727 1095 3782 facere
1125 3728 1434 3796 bonitatem,
1467 3733 1566 3787 nisi
1606 3735 1717 3804 ipse
1745 3752 1898 3791 mon-

322 3817 605 3870 straverit:
636 3827 690 3871 et
730 3816 856 3872 illud
897 3832 1077 3872 verum
1117 3827 1236 3884 est;
1283 3822 1404 3890 quia
1444 3836 1718 3893 usquequo
1756 3829 1896 3895 quis-

319 3925 420 3978 que
457 3919 746 3979 cognoscat
787 3925 946 3964 unum
989 3911 1189 3978 Deum,
1235 3928 1339 3966 non
1377 3922 1549 3983 potest
1589 3915 1761 3972 facere
1798 3919 1893 3972 bo-

319 4001 559 4055 nitatem.

387 4094 441 4148 '5.
481 4090 630 4163 [vcrs.
659 4091 739 4163 2.]
779 4091 1025 4146 Dominus
1055 4092 1116 4144 de
1149 4093 1272 4147 coelo
1303 4095 1555 4166 prospexit
1585 4113 1736 4163 super
1761 4099 1893 4166 ﬁlios

317 4184 608 4246 hominum,
664 4193 717 4236 ut
773 4184 936 4238 videat
985 4183 1029 4238 si
1073 4193 1142 4238 est
1186 4185 1464 4255 intelligens
1510 4196 1598 4240 aut
1643 4189 1894 4258 requireres

321 4273 499 4326 Deum.
544 4273 720 4342 Super
747 4272 958 4328 Iudzeos
989 4283 1161 4342 potest
1191 4275 1445 4346 intelligi,
1489 4285 1545 4330 ut
1587 4278 1893 4335 honoratius

313 4379 409 4419 eos
447 4364 798 4434 appellaverit
833 4364 969 4418 ﬁlios
999 4365 1305 4433 hominum,
1353 4375 1570 4437 propter
1606 4369 1759 4423 unius
1798 4372 1889 4426 Dei

312 4455 536 4522 cultum,
561 4456 612 4509 in
639 4457 1032 4526 comparatione
1053 4456 1336 4511 Gentilium
1361 4458 1428 4514 de
1449 4461 1639 4530 quibus
1663 4462 1892 4518 arbitror

310 4548 555 4614 superius
589 4546 786 4600 dictum
820 4564 832 4598 :
866 4545 1008 4600 Dixit
1036 4548 1327 4617 imprudens
1355 4550 1407 4604 in
1441 4551 1590 4605 corde
1612 4569 1735 4618 suo,
1771 4553 1890 4608 Non

313 4648 381 4688 est
411 4637 545 4690 Deus
567 4679 579 4700 ,
609 4648 660 4690 et
689 4649 901 4691 uetera.
935 4638 1193 4707 Prospicit
1223 4648 1398 4695 autem
1426 4642 1700 4708 Dominus,
1730 4657 1786 4698 ut
1812 4649 1884 4698 vi-
1975 4658 1980 4669 '

308 4731 430 4781 deat
457 4745 551 4797 per
574 4729 779 4783 animas
806 4739 1015 4785 s:mctas
1041 4747 1164 4787 suas
1190 4751 1200 4784 :
1226 4733 1363 4803 quod
1387 4735 1643 4806 signiﬁcat
1669 4739 1718 4792 id
1745 4742 1884 4808 quod

307 4820 502 4872 dictum
549 4831 670 4884 est,
719 4822 781 4874 de
823 4823 982 4886 cazlo;
1022 4839 1143 4878 nam
1191 4840 1283 4894 per
1323 4827 1553 4896 scipsum
1599 4830 1726 4884 nihil
1762 4849 1881 4888 eum

304 4917 449 4964 latet.

375 5004 428 5057 4.
471 5002 635 5076 [vers.
685 5004 770 5076 5.]
814 5004 996 5060 Omnes
1044 5007 1443 5070 declinaverunt,
1487 5013 1636 5065 simul
1682 5015 1880 5070 inutiles

298 5098 423 5164 {acti
453 5108 570 5149 sunt
599 5113 617 5149 :
648 5097 698 5150 id
735 5105 851 5163 est,
889 5096 1055 5152 Iudaei
1090 5101 1219 5154 tales
1258 5099 1376 5155 laeti
1416 5115 1568 5168 sunt,
1617 5108 1802 5174 quales
1827 5120 1880 5164 et

295 5187 526 5252 ﬁentes,
569 5187 633 5248 dc
659 5188 849 5256 quibus
883 5203 1040 5256 supra
1069 5190 1265 5243 dictum
1298 5202 1396 5246 est.
1442 5191 1560 5246 Non
1588 5206 1660 5248 est
1688 5198 1772 5266 qui
1800 5199 1879 5264 [a-

292 5281 398 5328 cim
427 5278 606 5331 bonum
632 5321 645 5341 ,
679 5296 779 5332 non
809 5289 882 5332 est
913 5295 1067 5348 usque
1093 5281 1160 5332 ad
1194 5297 1346 5334 unum
1381 5299 1398 5336 :
1425 5284 1668 5340 similiter
1699 5298 1753 5341 ut
1782 5305 1874 5342 su-

292 5382 390 5435 pra
435 5368 835 5438 intelligendum
882 5383 983 5422 eSt.
1037 5368 1337 5439 Sepulcrum
1381 5384 1552 5440 patens
1594 5386 1664 5428 est
1704 5390 1875 5446 guttur

292 5476 486 5514 eorum.
537 5463 645 5515 Aut
676 5461 935 5516 voracitas
965 5460 1287 5528 signiﬁcatur
1315 5464 1564 5521 inhiantis
1588 5470 1756 5537 gttlzc;
1784 5482 1873 5524 aut

355 5575 1267 5652 ’μιμηταίΑιιεςκοῑδξδξπίιηοιι.Δ
1341 5648 1349 5652 Α
1448 5641 1460 5652 _
1509 5641 1520 5652 .
1611 5649 1619 5652 _
1676 5643 1685 5651 ,
1825 5644 1848 5652 ν,

353 5639 374 5668 ³
398 5637 622 5702 Plerique
651 5646 753 5688 Mss.
793 5639 870 5687 hic
904 5645 954 5688 et
990 5637 1100 5686 alibi
1141 5647 1413 5690 constanter
1448 5641 1642 5701 habent,
1669 5643 1716 5692 in
1751 5644 1868 5694 noti-

293 5705 422 5749 ωη.

1455 245 1845 304 ΕΝΑΒΠᾹΤΙΟ
1888 250 1948 305 IN
1989 253 2306 313 PSALMUM
2345 258 2480 316 XIII.

3509 293 3607 349 H2

2041 547 2186 603 dent.
2235 551 2328 605 Cui
2358 556 2532 612 simile
2557 571 2637 614 est
2666 578 2695 618 e
2719 547 2990 624 contrario
3029 578 3170 643 quod
3208 580 3366 638 Petro
3393 547 3604 646 (dictum

2039 648 2136 702 est,
2174 640 2341 695 Macta
2369 656 2416 699 et
2445 653 2691 707 manduca
2718 655 2847 726 (Act.
2876 677 2928 724 ι,
2961 640 3076 732 l3);
3111 680 3166 723 ttt
3195 671 3245 725 in
3273 690 3419 730 suam
3450 680 3604 736 tidem

2039 737 2091 781 et
2117 729 2283 786 bonos
2312 750 2486 792 mores
2529 741 2728 801 Gentes
2755 762 3110 810 converteret.
3143 760 3348 834 Linguis
3368 755 3478 823 suis
3507 775 3600 826 do-

2039 818 2142 872 lose
2161 825 2370 889 agebant
2392 844 2410 881 :
2433 843 2610 886 comes
2630 845 2710 889 est
2741 842 3014 899 voracibus
3037 848 3266 908 adulatio
3287 866 3341 911 et
3359 863 3605 920 omnibus

2038 911 2209 967 malis.
2250 915 2498 974 Venenum
2527 927 2759 992 aspidum
2786 932 2876 985 sub
2899 935 3043 989 labiis
3069 957 3237 996 eorum
3261 961 3280 999 :
3317 947 3588 1020 Venenum,

2038 1004 2215 1059 dolum
2243 1007 2400 1075 dicit;
2426 1017 2656 1084 aspidum
2678 1033 2875 1091 autem,
2904 1031 3024 1096 quia
3050 1035 3232 1090 nolunt
3258 1037 3438 1098 audire
3461 1061 3598 1114 prte-

2037 1107 2196 1167 cepta,
2217 1099 2344 1170 legis
2364 1146 2377 1166 ,
2410 1107 2544 1161 sicut
2571 1114 2783 1181 aspides
2811 1120 2992 1175 nolunt
3019 1127 3200 1182 audire
3227 1134 3383 1188 verba
3413 1137 3596 1194 incun-

2039 1193 2195 1246 tantis
2221 1194 2388 1264 (Psal.
2420 1217 2519 1256 Lm
2539 1246 2554 1268 ,
2576 1197 2662 1278 '5),
2693 1213 2830 1278 quod
2865 1216 2912 1267 in
2941 1217 3045 1280 alio
3075 1224 3275 1289 psalmo
3301 1231 3598 1291 evidentius

2035 1279 2243 1338 dicitur.
2276 1288 2500 1355 Quorum
2527 1312 2582 1348 os
2607 1301 2952 1360 maledictione
2976 1321 3020 1362 et
3041 1317 3372 1382 amaritudine
3398 1325 3600 1394 plenum

2040 1382 2102 1394 ,ΔΑ
2144 1391 2154 1394 -
2184 1375 2206 1394 Ι.
2226 1392 2241 1394 μ
2375 1391 2384 1394 -

2033 1382 2105 1425 est
2137 1391 2155 1428 :
2183 1375 2280 1432 hoc
2309 1391 2390 1436 est
2412 1424 2426 1447 ,
2455 1401 2692 1444 venenum
2729 1397 2978 1463 aspidum.
3033 1400 3231 1461 Veloces
3255 1413 3402 1478 pedes
3428 1433 3598 1473 eorum

2030 1465 2098 1516 ad
2135 1467 2490 1533 effundendum
2533 1485 2870 1552 sanguinem:
2895 1499 3279 1556 consuetudine
3318 1507 3441 1566 Nm:

2029 1559 2222 1615 ciendi.
2267 1563 2510 1624 Contritio
2552 1582 2596 1626 et
2624 1575 2891 1648 infelicitas
2931 1585 2983 1638 in
3020 1589 3110 1642 viis
3140 1608 3308 1647 eorum
3345 1612 3364 1650 :
3409 1615 3594 1658 omnes

2029 1654 2167 1707 enim
2194 1657 2446 1716 malorum
2480 1663 2750 1724 hominum
2777 1671 2874 1728 vite
2907 1677 3074 1745 plena:
3101 1694 3223 1736 sunt
3257 1687 3521 1746 laboribus
3541 1704 3595 1750 et

2028 1745 2237 1800 miseria
2256 1767 2268 1814 ;
2292 1751 2410 1806 ideo
2429 1754 2677 1814 Dominus
2695 1762 2888 1819 clamat
2908 1785 2919 1820 :
2937 1765 3106 1824 Venite
3123 1775 3188 1826 ad
3209 1792 3306 1839 me,
3329 1796 3497 1836 omnes
3510 1787 3595 1852 qui

2026 1839 2262 1896 laboratis
2285 1854 2333 1897 et
2353 1850 2544 1902 onerati
2570 1853 2705 1919 estis,
2733 1841 2781 1909 et
2807 1873 2896 1928 ego
2921 1862 3140 1929 reﬁciam
3165 1883 3267 1920 vos.
3301 1869 3481 1928 Tollite
3497 1877 3592 1945 ju-

2023 1945 2140 1998 gum
2168 1948 2352 1996 meum,
2381 1945 2427 1988 et
2457 1939 2630 1993 discite
2656 1959 2686 1995 a
2714 1962 2790 1998 me
2808 1987 2821 2010 ,
2850 1952 3085 2016 quoniam
3113 1957 3241 2011 mitis
3267 1977 3375 2013 sum
3411 1975 3457 2017 et
3498 1972 3592 2018 Itu-

2021 2019 2154 2072 ‘milis
2182 2024 2348 2076 corde.
2373 2025 2563 2099 Iugum
2589 2033 2719 2086 enim
2748 2053 2910 2091 meum
2939 2041 3046 2096 lene
3069 2057 3158 2113 est,
3182 2059 3225 2101 et
3253 2054 3451 2107 sarcina
3481 2073 3590 2114 mea

2023 2108 2140 2164 levis
2168 2123 2241 2166 est
2270 2114 2480 2186 (Matth.
2512 2137 2590 2188 XI,
2619 2125 2840 2198 28-50).
2869 2129 2936 2184 Et
2963 2134 3091 2188 viam
3117 2108 3255 2206 pacis
3281 2160 3379 2198 non
3404 2108 3589 2216 (agni):

2019 2215 2192 2256 verum
2212 2221 2230 2257 :
2262 2206 2395 2262 hanc
2423 2211 2602 2283 utique
2629 2232 2785 2286 quam
2819 2219 3177 2293 Dominus,'ut
3201 2231 3328 2299 dixi,
3359 2251 3589 2295 comme-

2018 2304 2208 2360 morat,
2235 2297 2284 2350 in
2307 2299 2435 2370 jugo
2462 2303 2568 2358 leni
2595 2316 2648 2360 et
2686 2311 2890 2366 sarcina
2922 2313 3043 2372 levi.
3075 2317 3196 2375 Non
3221 2333 3289 2376 est
3317 2327 3464 2381 timor
3494 2329 3587 2386 Dei

2019 2391 2131 2436 ante
2150 2392 2319 2442 oculos
2343 2406 2516 2447 eorum
2540 2411 2558 2449 :
2580 2396 2662 2451 isti
2696 2415 2800 2454 non
2823 2402 3023 2472 dicunt,
3047 2408 3161 2464 Non
3184 2423 3267 2468 est
3294 2417 3462 2484 Deus;
3494 2423 3585 2476 Sed

2017 2480 2189 2528 tamen
2221 2493 2326 2532 non
2357 2482 2544 2538 timent
2568 2487 2754 2543 Deum.

2084 2565 2136 2617 5.
2181 2565 2327 2638 [vers.
2356 2571 2433 2644 4.]
2477 2574 2659 2632 Nonne
2681 2597 2977 2652 cognoscent
3004 2605 3172 2645 omnes
3197 2596 3284 2663 qui
3310 2613 3582 2668 aperantur

2012 2653 2362 2724 iniquitatem?
2383 2664 2636 2731 judicium
2665 2673 2912 2728 minatur.
2953 2679 3053 2742 Qui
3082 2681 3317 2740 devorant
3341 2653 3582 2760 populum

2011 2760 2173 2798 meum
2193 2749 2321 2803 sicut
2341 2754 2502 2808 cibum
2523 2759 2543 2788 '
2571 2761 2716 2827 panis
2738 2778 2757 2815 :
2786 2763 2837 2818 id
2867 2776 2947 2820 est
2965 2772 3232 2840 quotidie;
3263 2778 3413 2834 cibus
3439 2785 3578 2840 enim

2012 2837 2161 2902 panis
2185 2843 2520 2908 quotidianus
2568 2859 2669 2904 est.
2699 2852 2961 2911 Devorant
2985 2837 3162 2917 autem
3191 2837 3462 2938 papulum,
3491 2877 3576 2944 qui

2009 2940 2100 2980 sua
2124 2935 2399 2988 commoda
2422 2952 2486 2991 ex
2513 2939 2600 2993 illo
2621 2944 2854 3012 capiunt,
2881 2964 2984 3003 non
3017 2951 3307 3012 referentes
3335 2965 3578 3020 ministe-

2009 3019 2142 3075 rium
2170 3037 2320 3078 suum
2348 3027 2412 3082 ad
2441 3028 2659 3097 gloriam
2690 3036 2812 3102 Dei,
2846 3049 2900 3094 et
2928 3042 2991 3095 ad
3020 3059 3202 3101 eorum
3233 3053 3422 3120 quibus
3449 3074 3577 3125 pra:-

2007 3121 2130 3165 sunt
2152 3113 2396 3170 salutem.

2077 3203 2126 3257 6.
2172 3205 2318 3276 [vers.
2347 3208 2424 3282 5.]
2467 3211 2734 3270 Dominum
2764 3237 2863 3273 non
2889 3223 3237 3283 invocaverunt
3257 3248 3280 3287 .'
3303 3250 3404 3289 non
3433 3239 3572 3295 enim

2004 3309 2129 3348 vere
2175 3296 2313 3354 hunc
2351 3299 2592 3373 invocat,
2629 3309 2716 3379 qui
2771 3325 2831 3365 ea
2883 3307 3148 3374 desiderat
3186 3338 3303 3391 qttze.
3355 3327 3430 3382 illi
3470 3330 3575 3386 dis-

1994 3385 2219 3484 ‘plicent.
2259 3388 2372 3445 Illic
2395 3397 2762 3465 trepidaverunt
2784 3405 2978 3467 timore,
3008 3410 3093 3462 ubi
3115 3429 3211 3467 non
3238 3426 3343 3469 erat
3369 3421 3518 3475 timor
3554 3439 3573 3476 :

2004 3475 2054 3528 id
2085 3487 2186 3542 est,
2210 3479 2262 3533 in
2286 3482 2480 3539 damno
2499 3503 2672 3543 rerum
2693 3499 3078 3563 temporalium.
3098 3502 3352 3561 Dixerunt
3379 3511 3519 3565 enim
3553 3532 3566 3566 :

2005 3564 2064 3618 Si
2089 3567 2427 3638 relinquamus
2455 3591 2566 3630 eum
2588 3578 2689 3646 sic,
2731 3583 2929 3637 credent
2965 3587 3016 3640 in
3044 3606 3154 3643 eum
3179 3610 3346 3648 omnes
3365 3638 3380 3662 ,
3410 3609 3457 3653 et
3486 3617 3570 3654 vc-

2002 3659 2141 3712 uient
2169 3661 2400 3732 Romani,
2430 3679 2477 3721 et
2506 3670 2681 3726 tollent
2701 3677 2841 3730 nobis
2863 3689 2906 3730 et
2935 3681 3095 3734 locum
3116 3684 3368 3756 et’gentem
3389 3689 3564 3760 (Joan.

2001 3767 2088 3813 XI,
2117 3754 2246 3823 48).
2279 3757 2589 3816 Timueruut
2615 3780 2834 3836 regnum
2873 3780 3134 3828 terrenum
3174 3754 3444 3850 amittere,
3479 3787 3565 3841 ubi

2001 3857 2106 3894 non
2133 3853 2245 3896 erat
2270 3846 2460 3913 timor;
2491 3860 2545 3905 et
2567 3856 2852 3911 amiserunt
2877 3875 3095 3930 regnum
3125 3867 3396 3938 cmlorum,
3425 3877 3565 3944 quod

2001 3930 2186 3985 timere
2215 3933 2506 3994 debuerant
2548 3958 2560 3993 :
2607 3952 2661 3997 et
2689 3943 2790 4000 hoc
2813 3947 2880 4003 de
2918 3953 3161 4008 omnibus
3192 3930 3566 4030 temporalibus

1998 4026 2290 4080 commodis
2311 4028 2706 4101 intelligendum
2729 4046 2829 4106 cst,
2849 4056 3070 4111 quorum
3091 4050 3424 4110 amissionem
3445 4073 3562 4112 cum

2001 4111 2185 4168 timent
2216 4118 2472 4187 homines,
2500 4124 2563 4176 ad
2593 4135 2790 4182 teterna
2817 4145 2919 4185 non
2943 4138 3173 4190 veniunt.

2071 4204 2118 4257 7.
2163 4204 2308 4277 [vers
2337 4210 2414 4282 6.]
2457 4213 2703 4279 Quoniam
2729 4218 2862 4273 Deus
2883 4223 2934 4274 in
2955 4229 3270 4294 generatione
3285 4233 3424 4299 justa
3442 4247 3515 4290 est
3541 4253 3564 4293 ε

1998 4295 2047 4348 id
2078 4308 2176 4362 est,
2204 4317 2306 4353 non
2330 4313 2410 4356 est
2440 4304 2490 4356 in
2519 4307 2597 4360 eis
2622 4310 2708 4377 qui
2741 4309 2959 4381 diligunt
2990 4319 3259 4373 suculam.
3307 4321 3555 4392 lnjustum

1996 4400 2076 4443 cst
2096 4391 2235 4444 enim
2260 4393 2556 4466 relinquere
2577 4403 2889 4458 szeculorum
2913 4407 3257 4471 Conditorem,
3278 4423 3328 4466 et
3345 4414 3561 4486 diligere

1995 4482 2244 4534 smculum
2268 4525 2281 4546 ,
2320 4494 2373 4537 et
2400 4489 2597 4542 servire
2625 4502 2881 4548 creatura:
2925 4499 3094 4564 potius
3133 4515 3286 4568 quam
3325 4505 3557 4564 Creatori

1996 4569 2167 4635 (Rom.
2202 4587 2250 4634 ι,
2293 4573 2406 4646 25).
2453 4577 2724 4634 Consilium
2763 4581 2925 4653 inapis
2955 4588 3278 4658 confudistis,
3324 4600 3558 4662 quoniam

1996 4659 2238 4716 Dominus
2268 4682 2379 4734 Spes
2405 4669 2512 4737 ejus
2537 4683 2609 4722 est
2636 4686 2654 4724 :
2685 4673 2732 4727 id
2760 4686 2859 4738 est,
2887 4685 3275 4750 contempsistis
3308 4687 3554 4745 humilem

1991 4751 2272 4806 adventum
2302 4757 2416 4810 Filii
2452 4761 2542 4813 Dei
2570 4803 2583 4824 ,
2622 4762 2738 4832 quia
2771 4764 2818 4816 in
2848 4780 2913 4820 eo
2951 4784 3052 4821 non
3082 4772 3282 4829 vidistis
3310 4795 3554 4850 pompam

1990 4845 2167 4898 smeuli
2200 4865 2211 4897 :
2246 4857 2300 4900 ut
2331 4850 2381 4901 hi
2408 4866 2540 4918 quos
2573 4847 2787 4907 vocabat
2808 4897 2820 4916 ,
2854 4857 2902 4912 in
2937 4859 3043 4913 Deo
3074 4865 3187 4916 solo
3213 4883 3357 4934 sum"
3388 4889 3553 4940 pone-

1990 4943 2125 4999 rent,
2157 4953 2260 4990 non
2289 4939 2337 4990 in
2363 4941 2518 4994 rebus
2547 4948 2954 5001 transeuntilms.

2059 5028 2109 5079 8.
2154 5028 2316 5099 [vers.
2357 5030 2434 5102 7.]
2477 5034 2601 5100 Quis
2642 5037 2779 5090 dabit
2823 5056 2886 5094 ea:
2926 5041 3052 5098 Sion
3093 5049 3312 5105 salutare
3354 5053 3555 5112 lsrael.’

1986 5119 2314 5186 subauditur,
2340 5122 2437 5177 nisi
2461 5125 2571 5195 ipse
2592 5128 2740 5198 cujus
2762 5130 3106 5193 humilitatem
3128 5149 3551 5218 contempsistis?

1988 5208 2102 5276 Ipse
2131 5212 2270 5265 enim
2299 5217 2349 5266 in
2377 5214 2616 5273 claritate
2647 5232 2897 5279 venturus
2924 5236 3004 5282 est
3032 5230 3096 5284 ad
3119 5232 3371 5302 judicium
3404 5240 3553 5294 VIVUr

1984 5315 2096 5352 rum
2143 5313 2195 5354 et
2237 5315 2597 5375 mortuorum,
2642 5329 2966 5387 regnumque
3002 5319 3295 5389 justorum;
3329 5337 3382 5379 ut
3412 5346 3543 5395 quo-

1984 5392 2120 5445 niam
2163 5395 2260 5447 isto
2291 5395 2470 5450 humili
2503 5400 2726 5458 adventu
2763 5405 2894 5462 facta
2933 5419 3013 5464 est
3042 5416 3247 5468 accitas
3285 5433 3344 5469 ex
3393 5429 3539 5484 parte

2045 5587 2058 5615 '
2091 5588 2162 5635 Sic
2181 5587 2314 5648 juxta
2340 5599 2432 5638 sm.
2461 5600 2511 5641 et
2533 5600 2642 5644 Mss.
2664 5596 2772 5656 [Hic
2802 5601 3002 5650 ostendit
3023 5605 3446 5670 consuetudinem]

2045 5649 2060 5670 I
2087 5651 2212 5670 ιςιιιζ..
2258 5652 2402 5670 -..Δλη
2459 5663 2496 5670 -.
2525 5655 2630 5670 1.-“-

2043 5649 2060 5677 ¹
2087 5651 2227 5718 vatic.
2255 5652 2424 5708 codex,
2452 5663 2501 5702 et
2521 5649 2683 5705 Gallic:
2703 5649 3036 5721 septimam,
3063 5649 3282 5727 populum
3306 5649 3461 5719 meum
3485 5671 3534 5723 in

1979 5707 2081 5756 cibo
2099 5710 2253 5768 panis.
2276 5707 2418 5764 Favet
2439 5722 2581 5765 Graec.
2611 5723 2732 5765 LXX.
