4046 6200
483 324 587 382 HS

479 440 672 507 Israel,
708 448 765 494 ut
793 436 1062 510 plenitudo
1081 434 1331 488 Gentium
1363 432 1579 487 intraret
1611 428 1800 507 (llotn.
1835 443 1891 491 n,
1925 425 2042 492 25),

478 539 527 589 in
560 536 651 589 illo
678 534 783 587 alio
811 534 898 586 llat
921 527 1059 599 quod
1089 526 1346 597 sequitur,
1375 537 1427 579 et
1456 525 1533 578 sic
1561 522 1736 577 omnis
1758 519 1916 573 Israel
1946 518 2051 571 sal-

475 642 574 679 vus
612 626 759 678 ﬁeret
800 640 813 676 :
858 635 953 691 pro
991 618 1190 675 Judaeis
1226 618 1366 670 enim
1416 613 1703 685 Apostolus
1732 612 1888 667 etiam
1920 609 2048 664 illud

477 717 622 772 Isaia:
666 712 1025 768 testimonium
1067 709 1294 779 accipit,
1329 706 1470 776 quod
1500 706 1695 761 dictum
1722 713 1835 767 est,
1878 702 2050 756 Veniet

473 825 535 861 ea:
558 808 683 862 Sion
709 806 794 875 qui
813 812 1001 858 avertat
1027 802 1327 872 impietatem
1349 800 1411 852 ab
1437 797 1596 851 Jacob
1621 795 1771 868 (Isai.
1796 810 1908 859 ιιι,
1928 793 2045 863 9.0);

469 898 615 953 .sicut
644 896 729 950 hic
755 897 981 966 positum
1006 902 1108 957 est,
1144 893 1269 959 Quis
1294 890 1430 944 dabit
1462 906 1524 943 ea:
1555 889 1681 943 Sion
1709 888 1931 942 salutare
1962 884 2047 939 Is—

473 988 621 1041 rael?
648 987 772 1043 Cum
811 985 1037 1039 averterit
1069 984 1311 1037 Dominus
1334 982 1673 1050 captivitatem
1711 978 1867 1047 plebis
1906 993 2045 1041 sum,

471 1079 737 1132 exsultabit
757 1076 938 1139 Jacob,
960 1087 1008 1130 et
1030 1074 1278 1129 [relabitur
1300 1071 1463 1126 Israel
1487 1088 1505 1125 :
1527 1070 1770 1139 repetitio
1790 1078 1888 1129 cst,
1913 1070 2051 1123 sicut.

470 1170 643 1233 solet;
675 1185 795 1222 nam
828 1169 963 1222 idem
995 1177 1119 1236 puto
1145 1180 1266 1220 esse
1293 1163 1545 1218 ltctabitur
1573 1160 1737 1214 Israel
1755 1201 1768 1223 ,
1798 1160 1937 1229 quod
1967 1169 2050 1213 est

472 1261 739 1314 exsultabit
764 1258 945 1313 Jacob.

907 1506 985 1569 ΙΝ
1027 1505 1403 1568 PSALMUM
1446 1503 1595 1567 XIV

997 1627 1388 1684 ENARRATIO
1425 1627 1523 1700 (a).

952 1743 1189 1799 Psalmus
1239 1724 1339 1814 ipsi
1388 1743 1573 1797 David.

541 1864 593 1917 1.
636 1860 783 1934 [vers.
821 1859 897 1931 1.]
938 1858 1012 1912 De
1044 1857 1143 1911 hoc
1180 1858 1333 1911 titulo
1364 1856 1506 1911 nulla
1547 1855 1769 1926 qumstio
1797 1863 1899 1931 est.
1943 1853 2047 1907 Do~

470 1954 633 2017 mine,
658 1953 768 2019 quis
805 1948 1199 2020 peregrinabitur
1239 1949 1293 2002 in
1336 1946 1658 2001 tabernaculo
1704 1945 1835 1999 tuo?
1862 1944 2045 2011 Quane

469 2058 626 2113 quam
655 2040 937 2111 aliquando
969 2034 1193 2108 ponatur
1218 2037 1614 2092 tabernaculum
1640 2036 1797 2090 etiam
1829 2050 1926 2105 pro
1954 2035 2047 2087 ha-

470 2134 724 2189 bitatione
759 2131 1116 2201 sempiterna,
1163 2139 1337 2183 tamen
1376 2143 1494 2181 cum
1540 2126 1754 2197 proprie
1793 2123 2048 2193 accipitur

471 2223 903 2287 tabernaculum,
947 2221 1069 2278 belli
1110 2234 1200 2274 res
1228 2227 1311 2274 est
1348 2238 1361 2273 :
1392 2218 1533 2272 unde
1560 2226 1614 2272 et
1641 2214 2045 2272 contubernales

472 2315 667 2370 milites
705 2313 972 2378 dicuntur,
1015 2322 1262 2379 tanquam
1306 2310 1463 2364 simul
1503 2307 1755 2362 habentes
1796 2306 2044 2360 taberna-

470 2405 611 2459 cula.
658 2403 753 2458 llic
796 2417 984 2457 sensus
1026 2400 1301 2470 adjuvatnr
1329 2415 1393 2454 ex
1429 2414 1496 2453 eo
1523 2398 1661 2467 quod
1689 2397 1885 2452 dictmn
1926 2402 2040 2461 est,

468 2496 579 2562 quis
608 2490 1005 2566 peregrinabitur
1033 2506 1051 2544 :
1078 2489 1142 2545 ad
1171 2500 1377 2559 tempus
1406 2488 1545 2544 enim
1572 2504 1692 2542 cum
1723 2487 1931 2543 diabolo
1959 2488 2043 2541 di-
2102 2486 2106 2491 ’

468 2587 744 2651 mit-amns,
776 2593 830 2640 et
855 2592 983 2639 tunc
1009 2598 1141 2652 Opus
1169 2592 1251 2635 est
1276 2581 1637 2646 tabernaculo,
1665 2577 1770 2651 quo
1800 2595 1896 2634 nos
1923 2581 2041 2634 reti-

466 2677 704 2740 ciamus;
750 2674 891 2744 quod
942 2672 1204 2745 signiﬁcat
1252 2670 1685 2730 maximeﬁdcm
1740 2669 2043 2740 temporalis

464 2766 910 2836 dispensationis,
952 2779 1071 2836 qua:
1098 2778 1197 2834 pro
1238 2762 1391 2817 nobis
1429 2771 1545 2816 acta
1575 2770 1656 2817 est
1683 2763 2043 2832 temporaliter

470 2873 564 2929 per
589 2857 1002 2912 incarnationem
1028 2854 1258 2909 Domini.
1301 2853 1365 2907 Et
1384 2853 1497 2919 quis
1518 2853 1784 2923 requiescet
1805 2853 1856 2905 in
1877 2862 2041 2905 monte

465 2961 640 3006 sancto
669 2960 755 3005 tuo
773 2950 799 3003 ?
828 2949 917 3003 hic
941 2947 1167 3003 fortasse
1191 2946 1301 3016 jam
1344 2945 1511 3015 ipsam
1552 2953 1802 3000 aeternam
1835 2943 2041 2996 habita-

467 3044 666 3098 tionem
699 3040 984 3111 signilieat,
1015 3047 1074 3091 ut
1103 3046 1340 3092 montem
1370 3035 1724 3105 intelligamus
1748 3049 2041 3104 superenn-

466 3135 695 3192 nentiam
725 3132 996 3187 charitatis
1021 3130 1219 3185 Christi
1248 3129 1300 3183 in
1339 3129 1445 3182 vita
1472 3139 1669 3182 :eterna
1696 3129 1736 3181 ί.

535 3230 590 3282 2.
631 3226 796 3300 [vers.
839 3223 920 3297 2.]
961 3223 1061 3293 Qui
1098 3221 1379 3293 ingreditur
1420 3221 1529 3275 sine
1571 3218 1804 3285 macula,
1844 3227 1891 3272 et
1918 3233 2040 3289 ape-

466 3330 612 3375 ratur
641 3317 895 3391 justitiam
931 3332 950 3371 :
981 3314 1066 3369 hic
1092 3316 1113 3346 ’
1157 3312 1466 3385 proposuit,
1498 3310 1747 3393 deinceps
1790 3309 1841 3364 id
1883 3324 2039 3365 exse-

462 3408 662 3481 quitur.

534 3506 592 3563 3.
632 3501 785 3579 [vers.
825 3500 907 3575 5.]
945 3501 1045 3568 Qui
1080 3500 1302 3571 loquitur
1343 3499 1596 3553 ueritatem
1636 3499 1692 3553 in
1726 3496 1875 3553 corde
1902 3513 1994 3552 suo
2022 3513 2041 3552 :

469 3594 712 3652 nonnulli
747 3592 887 3649 enim
910 3592 967 3646 in
997 3590 1150 3646 labiis
1176 3590 1375 3645 habent
1397 3590 1693 3655 veritatem,
1724 3599 1776 3644 et
1805 3588 1858 3643 in
1881 3589 2041 3644 corde

458 3703 571 3743 non
592 3685 827 3745 habent:
851 3692 1103 3753 tanquam
1128 3681 1171 3736 si
1194 3680 1386 3751 aliquis
1410 3679 1593 3734 dolose
1614 3678 1860 3734 ostendat
1878 3678 2037 3746 viam,

465 3780 638 3837 sciens
667 3779 717 3833 in
745 3791 806 3833 ea
835 3790 955 3832 esse
984 3774 1238 3839 latrones,
1268 3785 1323 3829 et
1342 3773 1504 3834 dicat.
1527 3772 1583 3826 Si
1605 3770 1705 3827 hac
1729 3772 1872 3835 ieris,
1901 3786 1930 3825 a
1961 3771 2040 3825 la-

464 3870 706 3925 tronibus
733 3875 876 3922 tutus
915 3868 1057 3931 eris;
1089 3873 1141 3920 ει
1178 3865 1451 3935 contingat
1484 3873 1544 3919 ut
1578 3878 1702 3919 vere
1731 3880 1835 3918 non
1867 3864 1936 3918 ibi
1963 3863 2043 3917 la-

466 3971 647 4014 trones
674 3958 1029 4022 inveniantur,
1061 3970 1244 4010 verum
1274 3955 1363 4010 ille
1402 3955 1609 4009 locutus
1643 3963 1755 4019 est,
1799 3952 1892 4008 sed
1935 3968 2039 4008 non

465 4052 519 4106 in
548 4049 710 4106 corde
732 4063 863 4112 suo;
895 4045 1036 4101 aliud
1061 4047 1203 4101 enim
1234 4045 1477 4116 putabat,
1506 4052 1561 4100 et
1585 4044 1828 4099 nesciens
1855 4058 2039 4098 verum

464 4140 599 4198 dixit
638 4158 652 4195 :
692 4153 819 4209 ergo
858 4152 1043 4209 parum
1080 4146 1163 4192 est
1209 4152 1395 4192 verum
1425 4136 1600 4207 loqui,
1643 4134 1744 4190 nisi
1784 4135 1941 4189 etiam
1987 4135 2038 4188 in

462 4232 627 4289 corde
652 4231 724 4286 ita
750 4230 839 4285 sit.
870 4228 970 4294 Qui
997 4245 1098 4283 non
1118 4227 1215 4300 egit
1237 4227 1412 4281 dolum
1438 4228 1489 4280 in
1514 4227 1690 4297 lingua
1708 4242 1799 4280 sua
1821 4240 1839 4279 :
1866 4225 2040 4295 lingua

463 4327 636 4396 agitur
663 4323 850 4388 dolus,
878 4336 997 4376 cum
1025 4320 1164 4375 aliud
1202 4334 1297 4375 ore
1339 4318 1624 4403 profertur,
1654 4318 1795 4372 aliud
1828 4328 2041 4387 pectore

464 4421 676 4490 tegitur.
732 4414 845 4471 Nec
889 4415 1005 4488 fecit
1047 4412 1276 4484 proximo
1315 4428 1405 4466 suo
1447 4408 1637 4465 malum
1678 4428 1697 4468 :
1742 4412 2038 4482 proximum

462 4527 679 4567 omnem
705 4510 976 4564 hominem
1005 4506 1172 4575 accipi
1200 4513 1450 4575 oportere
1480 4514 1660 4559 notum
1702 4515 1805 4559 est.
1851 4503 1915 4558 Et
1942 4522 2037 4574 op-

464 4602 720 4675 probrium
746 4616 848 4655 non
875 4598 1065 4668 accepit
1090 4595 1327 4650 adversus
1350 4596 1630 4665 proximum
1654 4611 1799 4649 suum
1822 4610 1842 4649 :
1865 4594 1916 4650 id
1937 4606 2036 4663 est,

466 4710 571 4747 non
601 4691 826 4747 libenter
850 4697 946 4744 aut
971 4697 1174 4743 temere
1202 4684 1429 4741 credidit
1454 4684 1803 4740 criminatori.

536 4794 590 4844 4.
632 4786 780 4861 [vers.
812 4783 891 4859 4.]
930 4784 1008 4838 Ad
1051 4782 1263 4837 nihilum
1293 4781 1534 4835 deductus
1573 4789 1645 4834 est
1686 4782 1738 4834 in
1775 4790 2041 4852 conspectu

466 4883 575 4953 ejus
600 4877 867 4948 malignus.
902 4873 1004 4929 Ista
1032 4872 1286 4945 perfectio
1313 4880 1415 4939 est,
1444 4880 1503 4925 ut
1531 4868 1660 4925 nihil
1690 4871 1742 4926 in
1770 4869 2039 4927 hominem

465 4973 640 5027 valeat
674 4967 973 5037 malignus;
1004 4976 1058 5020 et
1089 4974 1145 5019 ut
1172 4963 1274 5019 hoc
1311 4962 1380 5017 sit
1413 4964 1464 5016 in
1501 4970 1766 5032 conspectu
1803 4963 1940 5031 ejus,
1988 4962 2039 5016 id

466 5075 569 5128 est,
596 5061 892 5121 certissime
919 5059 1126 5114 noverit
1158 5057 1445 5129 malignum
1471 5072 1578 5112 non
1621 5070 1761 5122 esse,
1790 5057 1888 5109 nisi
1920 5072 2037 5110 cum

465 5155 676 5210 animus
713 5168 744 5206 a
774 5150 953 5222 specie
983 5148 1060 5204 sui
1089 5148 1359 5204 Creatoris
1382 5159 1578 5203 aeterna
1607 5157 1661 5202 et
1688 5147 2039 5202 incommuta-

455 5240 590 5312 bili,
633 5243 699 5301 ad
742 5252 997 5298 creatura:
1039 5243 1271 5310 speciem
1315 5241 1593 5305 avertitur,
1622 5255 1742 5310 qua:
1770 5238 1837 5294 de
1877 5240 2039 5292 nihilo

465 5338 601 5394 facta
625 5345 726 5392 est.
764 5332 1010 5389 Timentes
1034 5342 1202 5385 autem
1236 5328 1510 5386 Dominum
1538 5331 1788 5402 glori/ient
1813 5347 1831 5384 :
1861 5332 2039 5400 utique

465 5434 578 5502 ipse
605 5427 881 5485 Dominus.
913 5424 1119 5478 Initium
1145 5433 1321 5477 autem
1345 5423 1617 5494 Sapientim
1648 5422 1805 5476 timor
1831 5421 2037 5475 Domini

523 5584 541 5617 ⁸
576 5590 667 5633 Sex
696 5589 821 5641 δικ..
840 5577 891 5630 in
914 5576 1056 5629 vitam
1077 5584 1323 5641 aeternam.

522 5647 543 5676 ³
568 5652 616 5694 ιιι
636 5653 758 5706 Mss,
781 5634 859 5694 hic
878 5638 1138 5706 proposuit.
1169 5645 1306 5706 forte
1328 5634 1518 5706 melius.

523 5693 790 5767 (alsltcra
830 5693 1043 5755 hunc'in
1085 5697 1205 5763 Psal.
1253 5706 1389 5748 Enar.
1432 5697 1649 5759 adjicitur
1686 5695 1745 5747 ad
1785 5693 2039 5747 voluminis

478 5768 677 5820 calcem.

1704 313 1763 368 s.
1807 306 2170 369 annosum
2210 309 2507 369 EPISCOPI
2546 292 2550 299 ’
3550 322 3553 329 ι
3629 322 3725 378 m

2159 423 2328 479 ll’sai.
2353 429 2569 509 exulo;
2599 426 2758 484 Eccli.
2787 448 2822 493 ι.
2858 432 2941 491 16)
2972 452 2987 502 ;
3022 434 3157 489 sicut
3182 448 3307 504 ergo
3344 434 3431 489 illa
3456 436 3730 505 superiora

2158 518 2423 585 pertinent
2461 520 2524 573 ad
2558 522 2841 591 perfectos,
2876 526 2944 579 ita
2978 540 3040 581 ea
3062 542 3182 602 quae.
3223 540 3361 580 nunc
3384 527 3622 582 dicturus
3650 537 3734 582 est

2160 607 2427 673 pertinent
2451 608 2515 662 ad
2557 611 2889 679 incipientes.

2228 696 2280 751 5.
2324 696 2473 769 [vers.
2496 699 2577 775 5.]
2619 702 2717 768 Qui
2733 706 2879 773 jurat
2908 708 3136 777 proximo
3155 724 3268 770 suo,
3298 718 3345 761 et
3371 725 3470 761 non
3497 709 3681 777 decipit
3716 726 3734 764 :

2155 788 2240 857 qui
2269 791 2526 859 pecuniam
2564 810 2704 846 suam
2735 812 2833 849 non
2870 796 3005 850 dedit
3047 798 3114 850 ad
3151 815 3357 853 usuram
3382 841 3395 859 ,
3441 812 3488 853 et
3524 818 3737 855 munera

2155 896 2308 949 super
2333 882 2614 938 innocentes
2643 888 2656 917 ¹
2691 904 2789 940 non
2815 891 3007 956 accepit
3050 891 3146 961 (a).
3190 890 3293 945 Ista
3333 907 3439 945 non
3468 904 3590 946 sunt
3619 909 3736 946 ma-

2155 984 2295 1038 gna:
2328 973 2419 1025 sed
2447 975 2533 1044 qui
2568 991 2663 1029 nec
2690 978 2783 1030 ista
2818 988 3014 1049 potest,
3059 980 3225 1034 multo
3251 981 3424 1035 minus
3451 990 3622 1051 potest
3654 985 3736 1035 lo-

2155 1063 2243 1130 qui
2273 1065 2545 1120 veritatem
2592 1069 2641 1121 in
2683 1072 2843 1123 corde
2869 1086 2965 1124 suo
2989 1112 3005 1136 ,
3052 1082 3106 1126 ct
3149 1088 3255 1127 non
3294 1072 3473 1127 dolum
3498 1089 3656 1143 agere
3682 1076 3736 1129 in

2159 1154 2331 1224 lingua
2361 1174 2477 1225 sua,
2507 1160 2599 1215 sed
2630 1170 2682 1214 nt
2712 1173 2792 1216 cst
2820 1164 2870 1217 in
2894 1163 3055 1218 corde
3080 1180 3263 1219 verum
3296 1166 3367 1219 ita
3396 1165 3655 1236 proferre,
3680 1175 3736 1221 et

2159 1248 2356 1306 habere
2386 1252 2435 1305 in
2464 1266 2579 1318 ore,
2612 1253 2703 1309 Est
2728 1265 2819 1318 est,
2853 1255 2974 1310 Non
3012 1273 3112 1311 non
3152 1257 3380 1334 (Matth,
3419 1275 3472 1325 v,
3505 1258 3607 1329 57)
3634 1269 3738 1330 ;,ει

2154 1353 2261 1395 non
2291 1341 2466 1397 facere
2492 1346 2732 1412 proximo
2762 1362 2860 1401 suo
2889 1348 3107 1413 malum,
3140 1349 3192 1403 id
3220 1359 3302 1404 est
3336 1349 3463 1404 nulli
3496 1350 3733 1415 homini;

2154 1442 2210 1485 et
2259 1433 2599 1502 opprobrium
2655 1451 2759 1490 non
2827 1439 3067 1508 accipere
3118 1439 3376 1495 adversus
3432 1443 3734 1511 proximum

2159 1538 2312 1577 suum
2340 1541 2354 1578 :
2386 1540 2504 1595 qua:
2532 1536 2656 1579 sunt
2684 1527 3058 1596 perfecturum,
3103 1531 3152 1583 in
3182 1547 3405 1600 quorum
3444 1546 3735 1602 conspectu

2152 1614 2218 1667 ad
2244 1616 2468 1670 nihilum
2498 1616 2757 1672 deductus
2786 1628 2872 1673 est
2897 1620 3179 1689 malignus.
3211 1621 3411 1676 Tamen
3441 1623 3599 1677 etiam
3632 1624 3735 1678 ista

2155 1709 2368 1763 minora
2415 1710 2481 1764 ita
2527 1711 2794 1766 concludit
2831 1730 2842 1767 :
2893 1712 2991 1780 Qui
3015 1716 3136 1785 facit
3164 1715 3300 1783 hac,
3333 1732 3432 1770 non
3448 1727 3738 1772 commove-

2152 1800 2286 1854 bitur
2306 1803 2360 1857 in
2399 1813 2640 1857 arternum
2669 1820 2687 1857 :
2713 1803 2763 1858 id
2789 1815 2889 1871 est,
2921 1807 3193 1875 perveniet
3218 1806 3282 1861 ad
3316 1808 3404 1879 illa
3430 1808 3649 1878 majora,
3678 1808 3734 1863 in

2151 1893 2342 1962 quibus
2379 1902 2461 1949 est
2498 1909 2686 1965 magna
2731 1906 2786 1948 et
2833 1896 3142 1951 inconcussa
3189 1897 3469 1952 stabilitas.
3517 1897 3648 1953 Nam
3678 1907 3738 1952 et

2152 1981 2267 2052 ipsa
2291 1994 2530 2052 tempora
2554 2002 2657 2039 non
2685 1986 2801 2039 sine
2827 2002 2983 2041 causa
3014 1985 3239 2043 fortasse
3266 1988 3343 2043 sic
3363 1989 3559 2043 variata
3585 1998 3735 2055 sunt,

2150 2081 2208 2126 ut
2236 2073 2287 2127 in
2314 2075 2594 2144 superiore
2620 2076 2962 2132 conclusione
2988 2079 3313 2147 praeteritum
3337 2089 3543 2149 tempus
3565 2094 3731 2149 pone-

2150 2175 2319 2231 retur,
2350 2166 2400 2220 in
2432 2166 2531 2220 hac
2552 2175 2727 2221 autem
2756 2168 2989 2223 futurum
3018 2188 3031 2224 :
3056 2185 3176 2224 nam
3209 2170 3275 2224 ibi
3298 2170 3495 2225 dictum
3522 2180 3623 2237 est,
3653 2171 3737 2225 Ad

2150 2256 2364 2309 nihilum
2398 2256 2642 2312 deductus
2676 2268 2747 2312 est
2787 2259 3143 2338 in‘conspcctu
3185 2263 3298 2334 ejus
3328 2263 3617 2332 malignus;
3647 2247 3737 2316 hic

2149 2356 2346 2413 autem,
2379 2348 2498 2402 Non
2524 2351 2912 2405 commovebitur
2937 2352 2987 2405 in
3007 2364 3270 2408 teternum.

2149 2480 3732 2504 ___...________.____.__________

2585 2573 2663 2636 ΙΝ
2704 2575 3087 2651 PSALMUM
3122 2578 3242 2640 XV

2747 2698 3163 2756 ENARRATIO.

2542 2810 2697 2867 Tituli
2722 2813 3001 2886 inscriptio,
3031 2816 3129 2885 ipsi
3150 2814 3335 2872 David.
3418 2806 3423 2810 ’

2220 2924 2271 2977 1.
2312 2922 2426 2979 Rex
2456 2934 2639 2980 noster
2669 2926 2721 2979 in
2754 2924 2854 2981 hoc
2881 2927 3087 2996 psalmo
3125 2929 3358 2999 loquitur
3395 2947 3459 2986 ex
3503 2946 3730 3002 persona

2144 3016 2498 3085 susceptionis
2530 3016 2795 3084 humanae,
2824 3018 2891 3074 de
2919 3035 3024 3089 quo
3051 3020 3233 3077 titulus
3264 3024 3455 3093 regalis
3487 3034 3731 3097 tempore

2145 3109 2408 3179 passionis
2438 3110 2725 3177 inscriptus
2750 3111 2973 3166 eminuit
2996 3115 3042 3166 ².

2213 3198 2268 3254 2.
2300 3200 2451 3273 [vers.
2482 3202 2505 3256 l
2535 3243 2549 3268 ,
2575 3200 2656 3275 2.]
2680 3203 2814 3260 Dicit
2841 3213 3016 3261 autem
3039 3205 3153 3262 haec
3181 3252 3194 3262 .
3222 3206 3468 3264 Conserva
3493 3227 3599 3279 me,
3622 3211 3734 3267 Do-

2144 3290 2278 3345 mine
2294 3333 2310 3359 ,
2337 3292 2577 3362 quoniam
2602 3294 2653 3348 in
2680 3303 2727 3349 te
2749 3297 2948 3365 speravi
2968 3314 2987 3351 :
3014 3298 3120 3352 dixi
3147 3299 3360 3357 Domino
3378 3343 3394 3368 ,
3426 3301 3561 3357 Deus
3587 3321 3734 3361 meus

2145 3399 2196 3437 es
2238 3393 2291 3437 tu
2314 3426 2329 3451 ,
2358 3386 2595 3455 quoniam
2623 3385 2869 3441 bonorum
2904 3405 3125 3444 meorum
3152 3407 3251 3445 non
3296 3408 3408 3463 eges
3442 3391 3516 3467 (b)
3550 3409 3569 3449 :
3596 3410 3734 3465 quo-

2147 3473 2287 3527 niam
2314 3474 2468 3528 bonis
2488 3475 2622 3530 meis
2649 3492 2753 3530 non
2785 3490 3063 3547 exspectas
3093 3490 3145 3534 tu
3170 3480 3280 3535 ﬁeri
3308 3482 3515 3538 beatus.

2215 3564 2267 3619 5.
2315 3563 2464 3638 [vers.
2505 3564 2583 3638 5.]
2613 3566 2819 3622 Sanctis
2843 3569 2929 3639 qui
2952 3580 3071 3624 sunt
3108 3570 3159 3624 in
3188 3581 3321 3626 terra
3349 3573 3458 3643 ejus
3486 3590 3506 3627 :
3532 3576 3737 3632 sanctis

2146 3653 2233 3723 qui
2256 3654 2309 3709 in
2335 3664 2471 3710 terra
2495 3657 2783 3712 viventium
2814 3674 2961 3729 spem
2984 3676 3135 3716 suam
3167 3675 3492 3731 posuerunt,
3523 3668 3735 3723 civibus

2145 3743 2436 3801 Jerusalem
2481 3748 2746 3814 cmlestis,
2794 3765 3018 3819 quorum
3065 3753 3398 3809 conversatio
3441 3756 3733 3825 spiritualis

2146 3851 2240 3908 per
2265 3838 2550 3893 anchoram
2590 3840 2701 3909 Spei
2734 3840 2786 3894 in
2831 3841 2918 3895 illa
2962 3846 3130 3910 patria
3162 3843 3376 3914 (igitur,
3422 3861 3540 3915 qua:
3584 3858 3735 3903 recte

2147 3928 2240 3983 Dei
2269 3935 2407 3983 terra
2436 3930 2769 3996 nominatur;
2799 3934 3040 4001 quamvis
3068 3932 3242 3990 adhuc
3268 3945 3325 3990 et
3351 3935 3403 3991 in
3447 3937 3529 3992 his
3562 3940 3736 4007 terris

2145 4033 2306 4074 carne
2330 4029 2630 4075 versentur.
2680 4020 2971 4091 .iliri/icavit
3006 4023 3028 4055 ³
3067 4041 3238 4080 omnes
3279 4028 3552 4082 voluntates
3594 4046 3736 4086 meas

2145 4110 2198 4163 in
2222 4110 2343 4164 illis.
2370 4110 2461 4164 llis
2490 4126 2617 4181 ergo
2652 4113 2849 4167 sanctis
2874 4115 3036 4169 miras
3058 4114 3185 4172 fecit
3214 4133 3402 4174 omnes
3428 4120 3734 4179 voluntates

2146 4216 2291 4255 meas
2317 4202 2367 4255 in
2398 4211 2648 4272 provectu
2679 4218 2885 4270 eorum,
2908 4221 3013 4276 quo
3041 4218 3322 4262 senserunt
3350 4210 3475 4280 quid
3496 4212 3575 4266 eis
3599 4228 3729 4283 pro-

2147 4293 2303 4348 fuerit
2339 4304 2393 4347 et
2433 4293 2734 4350 humanitas
2774 4310 2906 4351 mea:
2940 4296 3228 4353 divinitatis
3271 4309 3329 4355 ut
3367 4316 3640 4371 morerer,
3677 4315 3736 4361 et

2145 4383 2390 4439 divinitas
2417 4384 2758 4441 humanitatis
2787 4397 2843 4440 ut
2869 4403 3224 4460 resurgerem.

2215 4479 2269 4533 4.
2294 4477 2441 4551 [rem
2465 4477 2541 4550 6.]
2573 4479 2924 4550 Μυιιὶριὶεαιω
2945 4492 3057 4537 sunt
3079 4464 3393 4552 inﬁrmitates
3420 4501 3590 4540 eorum
3612 4474 3686 4559 (ε)
3715 4507 3730 4544 :

2148 4588 2252 4635 non
2281 4573 2344 4626 ad
2377 4574 2686 4643 perniciem,
2713 4575 2806 4630 sed
2834 4585 2889 4629 ut
2915 4577 3177 4632 medicum
3200 4577 3581 4636 desiderarent.
3617 4580 3733 4636 Ρο-

2145 4674 2250 4718 stea
2275 4666 2674 4719 acceleraverunt
2703 4683 2721 4721 :
2749 4668 2922 4737 itaque
2951 4678 3073 4738 post
3104 4670 3479 4741 multiplicatas
3508 4672 3734 4730 inﬁrmi-

2148 4765 2280 4811 tates
2310 4758 2779 4823 acceleraverunt,
2808 4767 2866 4813 ut
2891 4771 3223 4816 sanarentur.
3258 4761 3378 4817 Non
3417 4768 3730 4836 congregabo

2145 4848 2485 4901 conventicula
2524 4864 2697 4902 eorum
2740 4849 2801 4902 de
2838 4850 3166 4921 sanguinibus
3194 4870 3213 4906 :
3235 4863 3391 4909 erunt
3419 4856 3559 4910 enim
3601 4873 3732 4911 con-

2146 4938 2406 4993 venticula
2455 4954 2640 4994 eorum
2683 4955 2789 4994 non
2835 4943 3098 5010 carnalia,
3144 4961 3241 5001 nec
3277 4945 3344 5002 de
3385 4948 3734 5018 sanguinibus

2210 5119 2227 5150 ι
2252 5118 2472 5182 Quinque
2487 5123 2594 5166 Mss.
2620 5130 2728 5182 cum
2752 5116 2969 5180 Vulgata,
2987 5133 3131 5182 super
3150 5120 3459 5172 itmocentem.
3486 5130 3541 5173 At
3562 5126 3732 5174 cteteri

2146 5185 2254 5228 uss.
2279 5186 2331 5227 et
2346 5179 2489 5240 edd,
2504 5192 2657 5240 super
2678 5179 2961 5239 innocentes,
2982 5179 3119 5240 iusta
3148 5190 3296 5233 Graec.
3322 5191 3451 5233 LXX.

2217 5243 2236 5272 ³
2262 5239 2397 5301 me,
2417 5239 2624 5301 emicuit.
2653 5248 2706 5301 At
2726 5248 2852 5301 Mss,
2880 5239 3092 5293 eminuit.

2209 5303 2229 5335 ³
2253 5300 2386 5358 Edd.,
2410 5298 2682 5367 mirificari,
2710 5311 2761 5351 et
2781 5298 3160 5367 consequenter,
3186 5305 3333 5356 miras
3356 5306 3467 5367 feci.
3494 5307 3585 5357 sed
3611 5307 3732 5357 alte-

2144 5376 2263 5419 ram,
2285 5375 2429 5426 quam
2465 5361 2545 5411 hic
2567 5361 2676 5412 Mss.
2701 5361 2985 5415 auctoritate
3009 5361 3328 5426 restituimns,
3356 5361 3616 5418 lectionem
3652 5383 3732 5418 se-

2144 5428 2306 5491 quitur
2332 5427 2622 5491 sugnstinus
2658 5427 2706 5474 in
2746 5427 2888 5491 Epist.
2918 5427 3022 5488 149,
3047 5429 3106 5477 ad
3146 5429 3406 5491 Paulinum,
3439 5432 3523 5480 ubi
3564 5430 3731 5480 Psaltni

2143 5486 2287 5551 hujus
2307 5498 2437 5535 vers.
2463 5487 2494 5535 5
2518 5494 2569 5536 ει
2587 5486 2619 5534 4
2641 5486 2857 5550 εχιςοὴἱι.

2207 5574 2279 5684 (ἕ)
2316 5568 2450 5622 ιᾱεηι
2469 5584 2600 5623 vers.
2627 5574 2658 5624 5
2676 5581 2904 5626 tractatur
2926 5574 2975 5624 in
2999 5580 3133 5623 Enar.
3160 5573 3279 5625 Psal.
3306 5590 3476 5636 xxxvi,
3504 5590 3652 5627 serm.
3678 5576 3729 5638 3,

2144 5651 2175 5687 ιι

2303 5704 2373 5747 De
2398 5694 2572 5759 eodem
2598 5709 2729 5747 vers.
2754 5696 2785 5746 Ξ
2808 5694 2917 5747 vide
2941 5704 3078 5747 Enar.
3102 5697 3223 5747 Psal.
3248 5712 3378 5759 LXIX,
3405 5714 3453 5749 n.
3479 5699 3526 5748 7.
3556 5683 3566 5690 ’

2210 5699 2259 5759 (b
2303 5704 2373 5747 De
2398 5698 2572 5745 eodem
2598 5709 2729 5747 vers.
2754 5698 2785 5746 2
2808 5698 2917 5747 vide
2941 5704 3078 5747 Enar.
3102 5698 3223 5747 Psal.
3248 5712 3378 5759 LXIX,
3405 5714 3453 5749 n.
3479 5699 3526 5748 7.

2208 5698 2281 5825 (cl
2316 5767 2381 5807 ne
2403 5757 2575 5808 eodem
2588 5773 2716 5811 vers.
2741 5759 2768 5809 4
2787 5760 2896 5809 vide
2920 5766 3058 5809 Enar.
3084 5761 3201 5809 Psal.
3220 5776 3344 5822 mu,
3367 5774 3513 5811 serm.
3540 5759 3586 5821 Ξ,
3607 5772 3655 5809 n.
3675 5758 3723 5808 8.
