4046 6200
381 216 483 270 {43

372 343 625 394 [u‘t'm'tlttl
661 333 972 400 propitiatus
1002 339 1329 407 cougrvgaho
1373 356 1483 395 eos.
1519 341 1626 395 Nec
1656 361 1841 397 nn'mor
1868 360 1952 398 ero

366 436 629 472 nmnmum
670 425 874 478 illorum
905 445 991 495 per
1017 431 1148 482 labia
1178 434 1282 484 inea
1312 449 1329 483 :
1358 435 1449 486 sed
1495 436 1752 503 spiritnali
1788 448 1953 490 muta-

365 511 516 565 tione
559 514 947 573 oblivisceutur
976 520 1097 589 quid
1130 522 1348 586 fuerint;
1400 541 1497 580 nec
1525 542 1553 579 a
1600 543 1693 584 me,
1717 529 1826 596 jam
1870 529 1951 583 vel

362 615 699 671 peccatores,
732 608 817 662 vel
851 611 1066 675 inimici,
1100 613 1178 666 vel
1211 613 1471 680 homines,
1502 617 1595 671 sed
1619 618 1744 685 justi
1771 628 1824 673 ct
1849 618 1951 674 fra-

363 704 476 747 tres
505 698 606 749 mei
635 706 689 751 et
722 699 813 752 lilii
845 686 933 755 Dei
957 703 1282 758 vocabuntur
1314 721 1406 774 per
1440 722 1620 771 pacem
1650 725 1842 764 meam.

438 786 489 841 5.
525 786 673 856 [rem
701 788 780 861 5.]
816 790 1060 847 Dominus
1086 811 1203 863 pars
1233 796 1538 851 ltwrcditatis
1574 816 1723 866 metu,
1764 811 1808 854 et
1835 802 1949 856 cali-

356 878 436 931 :is
466 881 561 932 mei
588 883 689 951 (a).
720 882 1067 939 Possidclnint
1110 887 1251 941 cutim
1295 905 1505 945 mecum
1546 890 1905 948 luereditatem
1928 935 1942 958 ,

359 971 535 1040 ipsum
565 973 866 1028 Dominum.
891 977 1097 1047 Eligant
1119 979 1217 1034 sibi
1239 981 1325 1035 alii
1356 992 1532 1049 partes
1558 985 1747 1053 quibus
1768 985 1946 1040 fruan-

357 1072 481 1127 tur,
504 1072 740 1118 terrenas
758 1076 810 1121 ct
832 1068 1150 1135 temporales
1181 1088 1193 1123 :
1230 1072 1401 1139 portio
1430 1083 1733 1128 sanctorum
1760 1076 1943 1130 Domi-

354 1167 461 1207 nus
504 1163 737 1210 :eternus
776 1166 877 1211 est.
912 1158 1099 1212 Bihant
1139 1161 1226 1214 alii
1274 1163 1574 1218 mortiferas
1599 1166 1939 1236 voluptates:

354 1244 534 1310 portio
562 1244 743 1300 calicis
770 1248 871 1301 mei
914 1249 1167 1305 Dominus
1193 1260 1290 1304 est.
1320 1253 1469 1320 Quod
1497 1254 1616 1309 dico
1635 1298 1651 1321 ,
1682 1258 1781 1310 mei
1804 1297 1819 1322 ,
1849 1257 1941 1312 ad-

349 1332 517 1403 jnngo
549 1333 878 1400 Ecclesium;
909 1340 1026 1407 quia
1058 1341 1143 1394 ubi
1166 1353 1353 1411 caput,
1385 1344 1452 1397 ibi
1479 1354 1534 1400 et
1560 1361 1788 1416 corpus:
1816 1364 1939 1403 nam

356 1424 408 1477 in
451 1425 819 1482 hzereditatem
849 1433 1185 1502 congregabo
1228 1437 1591 1490 conventicula
1634 1453 1853 1506 eorum,
1886 1448 1942 1494 et

353 1529 450 1583 per
487 1516 673 1573 Culicis
696 1519 1006 1575 ebrietatem
1045 1523 1329 1578 obliviscar
1372 1527 1581 1581 nomina
1626 1538 1803 1584 vetera
1847 1545 1939 1586 eo-

353 1620 491 1660 rum.
547 1606 625 1661 Tu
665 1626 717 1663 es
737 1610 830 1679 qui
870 1613 1096 1666 restitues
1125 1616 1248 1668 milii
1287 1616 1624 1671 Itwreditateiit
1651 1636 1810 1673 meant
1836 1636 1855 1675 :
1880 1628 1937 1674 ut

352 1705 473 1751 nota
500 1698 575 1753 sit
601 1706 659 1753 et
699 1699 782 1754 his
807 1717 940 1772 quos
972 1704 1168 1769 libero,
1201 1709 1415 1763 claritas
1458 1726 1559 1780 qua
1605 1727 1750 1766 erant
1794 1712 1933 1783 apud

352 1798 432 1854 te,
480 1788 631 1858 prius
659 1808 815 1861 quam
855 1796 1083 1851 mundus
1112 1797 1263 1853 ﬁeret
1293 1798 1470 1872 (Joan.
1503 1818 1640 1863 xvu.
1684 1804 1742 1875 5)
1778 1821 1792 1859 :
1825 1821 1930 1859 non

348 1880 486 1934 enim
535 1883 786 1939 restitues
829 1885 954 1940 mihi
1004 1890 1143 1957 quod
1181 1907 1283 1943 non
1318 1893 1505 1955 amisi,
1549 1895 1639 1947 Sed
1682 1896 1930 1950 restitues

349 1970 427 2024 his
450 1972 541 2043 qui
568 1977 864 2030 amiserunt
891 1978 1006 2046 ejus
1031 1979 1288 2036 claritatis
1317 1984 1554 2038 notitiam
1581 2001 1594 2048 ;
1644 1986 1695 2039 in
1736 1986 1928 2056 quibus

344 2061 461 2130 quia
488 2076 589 2132 ego
616 2079 768 2130 sum,
794 2067 917 2121 mihi
947 2070 1201 2124 restitues.

409 2151 461 2207 6.
487 2149 643 2225 [νει-ε.
675 2152 754 2227 6.]
801 2154 969 2212 anes
1011 2160 1295 2215 ceciderunt
1335 2162 1460 2215 nti/ti
1502 2165 1554 2215 in
1599 2163 1856 2234 praeclaris
1905 2183 1924 2220 :

337 2240 533 2297 limites
560 2247 913 2312 possessionis
953 2265 1084 2304 mea:
1125 2251 1176 2305 iu
1224 2261 1308 2306 tua
1354 2254 1627 2320 claritate,
1674 2268 1918 2326 tanquam

331 2343 482 2388 sorte
504 2334 846 2403 ceciderunt,
876 2339 1018 2393 velut
1048 2344 1311 2409 possessio
1332 2345 1664 2400 sacerdotum
1688 2356 1741 2401 et
1764 2348 1915 2404 Levi-

332 2434 511 2478 tantm
557 2425 698 2480 Deus
741 2437 843 2482 est.
890 2429 1087 2484 Etenim
1125 2432 1391 2488 Itwreditas
1419 2453 1528 2490 mea
1568 2439 1811 2506 prwclara
1845 2452 1917 2493 est

331 2518 465 2570 ntilti
488 2534 509 2571 :
533 2521 727 2574 etenim
757 2522 1039 2578 lucreditas
1064 2541 1178 2579 mea
1203 2529 1451 2596 praeclara
1473 2541 1575 2596 est,
1608 2548 1712 2586 non
1740 2535 1914 2587 omni-

327 2606 452 2670 bus,
483 2609 577 2665 sed
603 2610 934 2666 videntibus:
980 2615 1030 2667 in
1055 2616 1242 2683 quibus
1257 2619 1378 2687 quia
1395 2636 1495 2690 ego
1511 2638 1649 2687 sum,
1674 2625 1798 2676 mihi
1820 2636 1909 2678 est.

400 2700 451 2755 7.
480 2699 632 2774 [πη.
659 2702 739 2775 7.]
778 2702 1078 2758 Benedicam
1116 2705 1419 2772 Dominum,
1460 2714 1545 2781 qui
1580 2714 1701 2765 nti/ti
1744 2715 1913 2769 tribuit

325 2793 628 2850 intellectum
654 2813 674 2851 :
698 2813 804 2868 quo
831 2800 926 2853 ista
956 2798 1237 2856 haereditas
1260 2802 1426 2859 videti
1447 2815 1497 2858 et
1527 2806 1781 2873 possideri
1811 2822 1909 2877 po-

324 2893 448 2939 test.
492 2885 720 2958 Insuper
744 2900 909 2944 autem
945 2900 991 2945 et
1022 2908 1176 2961 usque
1204 2893 1271 2944 ad
1310 2906 1501 2947 noctein
1529 2897 1907 2950 entendauerunt

321 2992 403 3031 me
440 2994 586 3033 renes
628 2981 730 3035 mei
772 2998 793 3036 :
835 2998 995 3051 super
1037 2982 1359 3039 intellectum
1402 2996 1576 3040 autem
1627 3003 1792 3056 usque
1838 2990 1905 3043 ad

322 3078 547 3122 mortem
576 3085 666 3124 me
693 3071 925 3126 erudivit
973 3072 1193 3127 inferior
1233 3090 1357 3143 pars
1402 3092 1514 3130 mea
1539 3117 1554 3142 ,
1599 3079 1774 3132 carnis
1820 3095 1907 3135 as-

319 3142 572 3225 sumptio;
606 3168 665 3213 ut
687 3161 960 3232 experirer
986 3142 1592 3221 tcnebrasimortalitatis
1612 3208 1626 3232 ,
1654 3183 1784 3238 quas
1813 3170 1904 3225 ille

319 3248 620 3306 intellectus
646 3266 752 3307 non
784 3252 965 3309 habet.
1574 3304 1577 3307 .

384 3340 438 3395 8.
492 3339 647 3413 [νοτε.
699 3341 776 3414 8.]
833 3342 1168 3398 Providebam
1216 3345 1488 3400 Dominum
1530 3349 1583 3402 in
1633 3361 1900 3421 conspectu

314 3446 422 3484 meo
460 3448 660 3500 semper
689 3431 762 3505 (ὁ)
809 3449 828 3486 :
870 3434 963 3489 sed
1003 3437 1221 3491 veniens
1252 3438 1302 3490 in
1332 3453 1394 3491 ea
1433 3455 1552 3508 qua:
1582 3448 1894 3511 transeunt,

313 3538 419 3576 non
436 3524 633 3579 abstuli
664 3525 873 3579 oculum
900 3527 966 3581 ab
992 3543 1057 3582 eo
1076 3529 1162 3598 qui
1185 3544 1395 3598 semper
1424 3541 1623 3598 manet,
1651 3532 1753 3588 hoc
1777 3550 1898 3603 pro-

312 3612 496 3670 videns
521 3624 582 3669 ut
610 3617 661 3670 in
684 3632 803 3671 cum
835 3629 952 3688 post
973 3622 1277 3690 temporalia
1301 3634 1508 3691 peracta
1540 3641 1889 3682 recurrerent.

314 3706 564 3771 Quoniam
594 3723 627 3759 a
651 3707 840 3761 dextris
868 3718 939 3763 est
968 3711 1124 3776 mihi,
1162 3727 1224 3765 ne
1261 3729 1569 3770 commoveor
1595 3733 1614 3772 :
1642 3719 1890 3785 quoniam

307 3795 443 3850 favet
471 3798 601 3851 mihi
626 3839 639 3860 ,
674 3806 730 3851 ut
757 3800 1015 3854 stabiliter
1041 3801 1090 3854 in
1122 3817 1186 3855 co
1218 3820 1576 3872 permaneam.

373 3890 423 3946 9.
465 3888 618 3962 [rem
646 3889 725 3963 9.]
759 3891 973 3959 Pr0ptcr
999 3895 1091 3947 ltoc
1119 3896 1457 3964 jucnndatnm
1484 3908 1553 3953 est
1578 3916 1666 3952 cor
1690 3917 1851 3952 meum
1872 3943 1886 3966 ,

287 3990 350 4035 ἐι
377 3985 643 4038 exsultavit
669 3986 843 4056 lingua
885 4003 992 4039 mea
1021 4003 1040 4040 :
1070 3999 1285 4055 propter
1323 3989 1425 4044 hoc
1449 4002 1503 4045 ct
1534 3993 1585 4045 in
1615 3994 1891 4061 Cogitatio-

306 4074 457 4127 nilms
485 4077 619 4129 meis
639 4076 943 4146 jucoadilas
968 4120 982 4142 ,
1022 4088 1077 4130 et
1116 4079 1169 4131 in
1198 4080 1372 4134 verbis
1401 4082 1706 4137 exsultatio.
1735 4083 1888 4139 Insu-

305 4181 398 4235 per
422 4176 466 4218 et
496 4183 613 4220 caro
634 4184 743 4220 mea
771 4169 1039 4238 requiescet
1066 4170 1117 4222 in
1145 4186 1233 4238 spe
1261 4186 1279 4223 :
1309 4171 1522 4240 insuper
1540 4184 1593 4228 et
1619 4190 1748 4229 caro
1770 4191 1885 4231 mea

306 4272 412 4311 non
440 4256 648 4313 delicict
693 4259 746 4313 in
792 4260 1093 4328 interitum,
1126 4261 1221 4316 sed
1263 4262 1313 4315 in
1359 4277 1453 4333 spe
1482 4268 1886 4323 resurrectionis

303 4347 620 4403 obdonnict.

375 4439 461 4495 10.
511 4438 661 4513 [vers.
709 4440 821 4514 10.]
868 4443 1116 4510 Quoniam
1164 4461 1265 4498 non
1310 4445 1619 4519 derelinques
1662 4451 1881 4505 animum

302 4547 463 4584 nteant
487 4532 542 4585 in
570 4533 770 4603 inferno
797 4535 813 4565 ¹
840 4552 852 4587 :
876 4536 1124 4603 quoniam
1165 4553 1333 4607 neque
1353 4539 1581 4595 animam
1611 4557 1782 4596 meam
1805 4549 1884 4599 in-

304 4623 427 4680 feris
471 4627 842 4696 possidendam
887 4629 1053 4685 dabis.
1090 4629 1269 4702 Neque
1297 4632 1439 4688 dabis
1477 4644 1704 4691 sanctum
1742 4647 1881 4694 tuum

299 4717 465 4771 ridere
487 4721 861 4787 corruptionem
891 4736 909 4773 :
938 4738 1107 4791 neque
1128 4723 1513 4779 sanctilicatum
1544 4743 1757 4798 corpus,
1790 4746 1882 4799 per

298 4807 437 4875 quod
460 4818 515 4863 et
537 4809 625 4862 alii
654 4810 1013 4865 sanctilicamli
1040 4821 1185 4878 sunt,
1218 4817 1483 4886 corrumpi
1506 4817 1740 4885 patieris.
1766 4819 1877 4874 No-

299 4909 377 4951 tas
402 4900 527 4953 mihi
554 4901 718 4971 fecisti
749 4902 852 4956 vias
881 4904 994 4957 vita:
1022 4920 1041 4958 :
1068 4914 1221 4959 notas
1248 4905 1415 4959 fecisti
1460 4921 1555 4976 per
1579 4923 1665 4963 me
1706 4911 1879 4965 Immi-

297 4990 456 5045 litatis
481 4993 595 5047 vias
618 5033 634 5058 ,
668 5004 725 5047 ut
765 4993 830 5047 ad
856 4996 1014 5049 vitam
1043 4996 1282 5051 redirent
1309 4998 1581 5062 homines,
1610 4990 1749 5056 unde
1788 5019 1881 5072 per

293 5083 596 5150 superbiam
623 5084 925 5138 ceciderant
948 5101 963 5147 ;
993 5085 1043 5139 in
1084 5087 1275 5156 quibus
1297 5088 1417 5158 quia
1448 5104 1546 5159 ego
1571 5104 1686 5144 sum
1710 5131 1725 5156 ,
1756 5092 1878 5146 mihi

291 5174 474 5243 fecisti.
501 5174 812 5241 Adimplebis
840 5192 917 5228 me
944 5177 1116 5230 lwtitia
1140 5194 1253 5232 cunt
1278 5180 1417 5233 vultu
1451 5188 1534 5234 tuo
1575 5196 1594 5234 :
1624 5180 1878 5250 adimple-

291 5266 376 5319 ωε
399 5280 496 5321 eos
517 5266 696 5323 laetitia
717 5310 733 5331 ,
758 5276 813 5320 ut
838 5281 943 5321 non
967 5269 1099 5323 ultra
1131 5280 1370 5340 quaerant
1395 5270 1593 5341 aliquid
1614 5309 1627 5335 ,
1656 5285 1775 5325 cum
1800 5270 1875 5325 la-

286 5356 374 5412 cte
392 5356 456 5411 ad
482 5359 666 5413 faciem
698 5365 750 5410 te
781 5359 1029 5423 viderint;
1055 5360 1105 5413 in
1135 5361 1326 5430 quibus
1353 5362 1473 5432 quia
1494 5378 1594 5432 ego
1615 5378 1731 5417 sum
1756 5405 1772 5430 ,
1797 5380 1876 5418 me

286 5446 613 5516 adintplebis.
656 5448 934 5502 Delectatio
962 5447 1014 5500 in
1039 5450 1240 5504 dextera
1267 5463 1351 5505 tua
1389 5455 1634 5533 usqitejn
1662 5455 1815 5525 ﬁnem
1855 5469 1875 5510 :

354 5581 373 5641 ξ
396 5586 521 5641 Tres
540 5585 669 5639 llas,
695 5579 744 5628 in
766 5579 1025 5641 infernum.
1047 5578 1193 5630 armo.
1216 5586 1345 5640 LXX,
1369 5596 1441 5633 ets
1459 5583 1602 5634 oden.

372 5641 425 5702 α)
449 5641 515 5690 td.
542 5654 671 5690 vers.
694 5643 727 5690 5
749 5649 979 5690 tractatur
998 5644 1044 5693 in
1066 5648 1198 5690 l-Lnar.
1226 5650 1296 5691 Ps.
1322 5659 1646 5702 xxx1v,serm.
1670 5646 1777 5699 l.n.
1793 5647 1866 5696 12.

372 5656 403 5690 o
449 5641 515 5690 td.
542 5654 671 5690 vers.
694 5643 727 5690 5
749 5639 979 5690 tractatur
998 5644 1044 5693 in
1066 5648 1198 5690 l-Lnar.
1226 5650 1296 5691 Ps.
1322 5639 1646 5702 unuse-rm.
1670 5646 1864 5699 l.n.l%.

350 5639 427 5767 ibi
458 5711 527 5754 De
552 5703 724 5755 eodem
749 5716 878 5754 vers.
903 5704 1109 5766 Bsupra,
1130 5703 1219 5754 col.
1250 5705 1352 5766 102$,
1379 5721 1424 5755 ιι.
1457 5709 1528 5769 Η,
1556 5709 1681 5758 circa
1704 5708 1864 5758 linem.

1484 227 1878 286 ΕΝᾹΠΚᾹΤΙΟ
1917 230 1979 285 ΙΝ
2019 232 2341 290 l'S.\LMUM
2381 236 2514 291 XVI.

3550 258 3657 315 l1;

2062 362 2340 421 delectatio
2367 378 2448 423 est
2477 371 2525 423 in
2549 371 2725 430 favore
2754 387 2806 430 ct
2828 377 2877 431 in
2903 382 3270 449 propitiationc
3297 395 3379 440 tua
3411 388 3460 442 in
3492 389 3643 460 hujus

2060 454 2181 509 vita:
2205 455 2413 522 itinere,
2447 461 2742 528 perducens
2782 483 2945 538 usque
2987 472 3051 527 ad
3081 473 3237 530 linem
3280 478 3464 548 gloria:
3509 498 3637 537 cou-

2058 556 2268 613 spectus
2294 550 2389 602 tui.

2066 635 3582 749 W
3622 662 3635 674 ’

2655 778 3068 839 ENARRATIO.

2590 870 2765 925 Oratio
2794 874 2894 942 ipsi
2918 874 3103 932 David.

2128 955 2177 1008 Ι.
2209 954 2356 1027 [υενε.
2391 959 2453 1023 l,
2483 960 2562 1034 2.]
2595 962 2716 1017 llaec
2742 974 2821 1018 est
2843 982 3081 1035 personae
3106 972 3308 1029 Domini
3332 977 3639 1045 tribuenda,

2052 1044 2295 1113 adjuncta
2323 1048 2579 1117 Ecclesia,
2607 1069 2724 1123 qua:
2746 1070 2936 1125 corpus
2966 1060 3080 1129 ejus
3106 1072 3204 1118 est.

2116 1137 2170 1190 ‘2.
2203 1137 2406 1192 Exaudi
2429 1181 2443 1206 ,
2473 1141 2608 1197 Deus
2628 1187 2641 1210 ,
2668 1146 3097 1209 iustitiam'meam
3116 1197 3130 1219 ,
3159 1156 3358 1210 intende
3384 1159 3625 1226 deprecer»

2047 1229 2171 1281 tioni
2210 1246 2348 1284 mete.
2390 1233 2608 1288 Auribus
2647 1232 2847 1309 percipe
2880 1244 3153 1298 orationem
3197 1264 3353 1301 meam
3377 1292 3392 1314 ,
3433 1270 3532 1305 non
3574 1256 3625 1309 in

2047 1313 2190 1371 labiis
2216 1318 2404 1375 dolosis
2432 1338 2450 1376 :
2491 1340 2592 1377 non
2624 1325 2691 1379 ad
2734 1335 2783 1381 te
2827 1329 2877 1383 in
2922 1330 3072 1386 labiis
3101 1334 3298 1391 dolosis
3330 1342 3624 1408 proceden-

2046 1417 2171 1461 tem.
2201 1409 2244 1464 A
2274 1414 2413 1465 vultu
2445 1424 2526 1468 tuo
2562 1417 2817 1485 judicium
2855 1439 3021 1476 meum
3051 1428 3261 1495 prodeat
3290 1446 3307 1483 :
3339 1448 3399 1486 ex
3431 1434 3618 1488 illumi-

2044 1501 2254 1556 nationc
2282 1505 2484 1559 notitia:
2519 1515 2621 1562 tute
2646 1526 2826 1566 verum
2853 1514 3085 1582 judicent
3111 1535 3125 1581 ;
3156 1532 3246 1574 aut
3290 1535 3436 1577 certe
3460 1567 3472 1586 ,
3516 1544 3619 1581 ltutt
3654 1506 3657 1513 ~

2040 1590 2092 1643 in
2122 1590 2272 1646 labiis
2293 1593 2492 1650 dolosis
2528 1613 2556 1650 τι
2588 1601 2730 1653 vultu
2760 1610 2847 1657 tuo
2871 1604 3126 1674 judicium
3155 1626 3330 1665 meum
3363 1615 3578 1681 prodeat
3601 1661 3615 1680 ,

2040 1690 2095 1735 ιιι
2139 1682 2343 1737 scilicet
2384 1700 2489 1739 non
2542 1689 2803 1757 proferam
2843 1694 3086 1762 judicans
3114 1700 3258 1755 aliud
3283 1720 3440 1772 quam
3486 1707 3536 1759 iu
3567 1719 3616 1762 te

2036 1770 2289 1843 intelligo.
2321 1773 2468 1830 Oculi
2492 1781 2590 1834 mei
2626 1782 2823 1838 videant
2863 1789 3146 1857 (equitatem
3176 1810 3195 1845 :
3221 1794 3398 1850 cordis
3437 1799 3614 1868 utique

2033 1864 2188 1917 oculi.

2103 1957 2153 2010 5.
2198 1955 2347 2030 [rem
2390 1960 2468 2033 5.]
2513 1962 2751 2019 Probasti
2794 1984 2882 2020 cor
2911 1985 3071 2023 meum
3100 1982 3146 2026 et
3184 1975 3395 2030 visitasti
3424 1990 3567 2033 nocte
3589 1996 3609 2034 :

2028 2049 2149 2118 quia
2182 2050 2351 2119 ipsum
2378 2068 2472 2108 cur
2492 2071 2666 2110 meum
2695 2058 2998 2115 visitatione
3020 2063 3373 2122 tribulationis
3412 2070 3606 2138 proha-

2029 2151 2137 2195 ιιιιιι
2162 2151 2265 2200 est.
2293 2143 2422 2217 Igne
2459 2164 2536 2201 nte
2560 2152 2858 2205 examinasti
2879 2195 2894 2219 ,
2923 2164 2968 2226 et
3004 2171 3103 2208 non
3129 2168 3199 2210 est
3225 2160 3425 2213 inventa
3451 2162 3505 2214 in
3529 2179 3608 2227 me

2024 2234 2262 2304 iniquitas
2285 2251 2304 2292 :
2333 2254 2438 2293 non
2465 2248 2643 2295 autent
2668 2259 2772 2298 nox
2795 2252 3018 2311 tantum,
3042 2248 3163 2316 quia
3186 2253 3493 2318 perturbare
3521 2269 3606 2308 as-

2022 2325 2197 2389 solet,
2221 2327 2314 2382 sed
2338 2329 2496 2384 etiam
2521 2331 2654 2400 ignis
2682 2334 2802 2403 quia
2832 2336 2969 2401 urit,
3000 2339 3233 2393 vocanda
3258 2351 3342 2395 est
3369 2341 3481 2413 ipsa
3506 2344 3605 2398 tri-

2021 2418 2236 2485 bulatio,
2261 2437 2363 2490 qua
2386 2425 2717 2479 examinatus
2741 2469 2755 2492 ,
2779 2427 2951 2496 justus
2981 2430 3223 2486 inventus
3248 2448 3387 2487 sum.

2090 2512 2143 2565 Δ.
2186 2511 2334 2586 [vers.
2380 2513 2463 2587 4.]
2504 2515 2572 2570 Ut
2596 2534 2697 2571 non
2718 2517 2950 2588 loquatur
2972 2538 3029 2574 os
3055 2511 3218 2576 meum
3246 2541 3398 2594 opera
3439 2511 3601 2580 hami.

2018 2619 2139 2655 ttum
2169 2620 2188 2656 :
2214 2616 2271 2659 ut
2311 2605 2451 2659 aliud
2483 2624 2585 2661 non
2614 2611 2867 2679 procedat
2910 2627 2974 2667 ex
3021 2628 3115 2668 ore
3163 2630 3302 2681 meo,
3343 2634 3499 2687 quam
3545 2620 3597 2674 id

2015 2695 2155 2762 quod
2196 2697 2422 2763 pertinet
2458 2699 2524 2752 ad
2563 2700 2786 2770 gloriam
2827 2713 2880 2759 et
2926 2705 3132 2760 laudem
3167 2715 3349 2772 tuam;
3382 2725 3485 2764 non
3528 2713 3593 2766 ad

2014 2800 2173 2852 opera
2197 2786 2490 2851 hominum,
2513 2806 2629 2860 qua:
2644 2792 2841 2847 faciunt
2862 2807 3054 2864 pra-ter
3074 2798 3397 2856 voluntatem
3426 2814 3588 2859 luam.

2014 2873 2233 2944 Propter
2270 2878 2420 2933 verba
2464 2880 2712 2936 labiornm
2750 2897 2947 2939 tuorum
2974 2904 2994 2941 :
3018 2877 3235 2959 propter
3259 2894 3416 2947 verba
3450 2898 3589 2964 pacis

2014 2974 2115 3020 tute
2135 3008 2147 3025 .
2176 2968 2257 3023 vel
2282 2970 2663 3041 Prophetarum
2692 2985 2922 3032 tuorum.
2950 2977 3061 3050 Ego
3091 2985 3335 3038 custodivi
3365 2987 3467 3040 vias
3495 2988 3589 3041 du-

2008 3074 2092 3112 ras
2128 3075 2147 3112 :
2173 3077 2272 3130 ego
2317 3065 2578 3120 custodiri
2621 3067 2732 3122 vias
2781 3069 3445 3133 laboriosasmortalitatis
3487 3079 3585 3134 hu-

2007 3164 2178 3203 manzn
2198 3163 2355 3223 atque
2382 3158 2663 3225 passionis.
3316 3174 3327 3181 “
3525 3163 3534 3174 ’

2077 3241 2129 3294 5.
2156 3239 2305 3313 [rem
2336 3243 2413 3317 5.]
2440 3245 2519 3299 Ad
2553 3248 2886 3318 perficiendos
2922 3269 3122 3324 gressus
3151 3270 3285 3311 meos
3321 3259 3374 3311 in
3398 3261 3585 3316 semitis

2003 3333 2101 3386 tuis
2139 3350 2158 3387 :
2199 3344 2254 3390 ut
2294 3337 2638 3406 perﬁceretur
2662 3340 2892 3398 cbaritas
2932 3345 3189 3401 Ecclesia:
3228 3348 3279 3403 in
3309 3350 3586 3407 itineribus

2001 3428 2276 3495 angustis.
2306 3428 2497 3499 quibus
2535 3433 2746 3488 venitur
2780 3435 2847 3489 ad
2890 3439 3125 3507 requiem
3167 3449 3329 3495 tuam.
3375 3442 3444 3497 Ut
3481 3460 3581 3499 non

2000 3528 2291 3572 moveantur
2316 3521 2522 3592 vestigia
2542 3540 2651 3577 mea
2678 3540 2697 3578 :
2719 3536 2775 3580 ut
2800 3543 2902 3581 non
2927 3536 3239 3585 moveantur
3256 3534 3403 3601 signa
3427 3535 3579 3590 itine—
3605 3540 3611 3545 ’

1999 3606 2072 3659 ris
2108 3608 2251 3674 mei,
2290 3625 2409 3680 qua:
2440 3623 2685 3683 umquam
2727 3617 2942 3688 vestigia
2986 3624 3333 3678 sacramentis
3359 3633 3413 3677 et
3436 3625 3578 3679 Scri-

2000 3699 2165 3767 pturis
2189 3703 2494 3769 apostolicis
2532 3704 2788 3775 impressa
2816 3718 2974 3774 sunt,
3015 3727 3134 3780 qua:
3178 3711 3480 3768 intueantur
3523 3727 3576 3770 et

1996 3788 2279 3843 observent
2301 3793 2388 3860 qui
2421 3809 2506 3847 me
2531 3796 2679 3865 sequi
2721 3797 2940 3863 volunt;
2979 3809 3069 3854 aut
3096 3810 3241 3855 certe
3264 3844 3279 3869 ,
3323 3812 3381 3857 ut
3415 3806 3573 3860 etiam

1995 3879 2253 3935 stabiliter
2273 3881 2323 3935 in
2346 3885 2640 3940 attcrnitate
2673 3903 3029 3956 permaneam,
3054 3903 3236 3962 postea
3261 3911 3418 3965 quam
3452 3913 3573 3967 pcr-

1993 3969 2074 4039 cgi
2107 3970 2216 4025 vias
2272 3971 2471 4039 duras,
2516 3986 2569 4029 et
2610 3975 2661 4030 in
2710 3980 2966 4048 angustiis
3010 3983 3316 4040 scmitarum
3365 3996 3572 4045 tuarum

1991 4079 2207 4133 gressus
2234 4067 2446 4136 perfeci.
2750 4068 2761 4087 ⁸
3210 4086 3213 4087 ⁷
3274 4092 3279 4093 ί

2062 4155 2114 4209 6.
2160 4152 2309 4229 [vers.
2358 4156 2435 4231 6.]
2468 4158 2578 4230 Ego
2602 4161 2814 4218 clamavi
2835 4208 2850 4231 ,
2891 4170 3129 4233 quoniam
3156 4173 3405 4228 exaudiin
3451 4193 3531 4231 nte
3554 4220 3566 4241 ,

1990 4242 2127 4300 Deus
2173 4262 2192 4301 :
2226 4264 2328 4320 ego
2368 4249 2527 4304 libera
2575 4261 2628 4307 et
2674 4254 2843 4309 valida
2877 4256 3169 4317 intentione
3198 4278 3379 4332 preces
3406 4265 3476 4320 ad
3515 4276 3568 4321 te

1989 4335 2176 4402 direxi;
2206 4340 2454 4408 quoniam
2478 4350 2533 4395 ut
2554 4341 2691 4398 hanc
2720 4344 2915 4402 habere
2935 4364 3167 4420 possem,
3196 4354 3565 4432 cxaudistimo
3614 4355 3617 4359 ’

1988 4427 2247 4484 inﬁrmius
2293 4441 2555 4487 orantem.
2614 4433 2820 4491 Inclina
2871 4456 3044 4495 aurem
3099 4454 3237 4496 tuam
3291 4447 3417 4499 nti/ti
3441 4427 3462 4510 ,’
3519 4459 3567 4503 et

1986 4510 2169 4576 exaudi
2198 4523 2343 4577 verba
2370 4542 2479 4579 mea
2503 4542 2522 4580 :
2548 4543 2651 4582 non
2677 4529 2887 4586 deserat
2914 4535 3181 4589 exanditio
3221 4544 3306 4589 tua
3348 4536 3565 4594 humili-

1988 4621 2144 4669 tatem
2177 4631 2367 4672 meant.
2448 4644 2457 4647 λ
3104 4607 3112 4615 ’

2056 4705 2107 4758 7.
2155 4703 2304 4780 [rem
2351 4707 2430 4783 7.]
2476 4710 2702 4780 Mirifica
2745 4714 3116 4770 misericordias
3142 4727 3255 4774 tuas
3283 4736 3302 4775 :
3333 4738 3437 4777 non
3483 4726 3562 4780 vi-

1984 4795 2186 4851 lescunt
2212 4799 2594 4856 misericordia:
2621 4811 2722 4856 tua:
2744 4846 2759 4869 ,
2784 4819 2853 4859 ne
2882 4806 3056 4861 minus
3080 4822 3345 4865 amentur.

2052 4888 2105 4943 8.
2138 4887 2286 4964 [vers.
2330 4892 2409 4966 8.]
2440 4894 2540 4958 Qui
2581 4895 2746 4949 salvos
2785 4896 2912 4966 facis
2949 4913 3205 4964 sperantes
3248 4904 3300 4957 in
3330 4915 3395 4970 te,
3428 4924 3460 4961 a
3484 4926 3561 4964 re-

1980 4981 2263 5035 sistentibus
2307 4984 2522 5039 dextera
2562 4995 2664 5039 tua:
2705 5002 2723 5039 .'
2762 5002 2790 5040 a
2835 4989 3202 5046 resistentibus
3251 4993 3415 5052 favori
3458 5016 3561 5066 quo

1981 5073 2109 5127 tnibi
2141 5073 2302 5129 laves.
2345 5073 2551 5129 Custodi
2590 5094 2703 5143 me,
2735 5078 2977 5146 Domine,
3011 5084 3350 5152 ut'pupillam
3377 5090 3513 5144 oculi
3544 5108 3558 5147 :

1982 5178 2099 5232 qua:
2137 5173 2357 5234 apparet
2384 5181 2633 5235 perparva
2658 5178 2709 5223 et
2739 5169 2956 5241 exigua;
2985 5187 3082 5243 per
3117 5191 3233 5231 eam
3278 5188 3455 5235 tamen
3477 5182 3558 5234 di-

1981 5254 2167 5324 rigitur
2191 5256 2335 5309 acies
2362 5254 2575 5311 luminis
2603 5275 2708 5328 quo
2733 5260 2822 5315 lux
2843 5273 2898 5319 et
2927 5266 3159 5321 tenebra:
3180 5267 3554 5338 dijudicantur,

1978 5344 2116 5397 sicut
2160 5358 2255 5413 per
2296 5342 2486 5399 Christi
2512 5345 2889 5407 lnunanitatem
2934 5354 3184 5411 divinitas
3219 5357 3401 5427 judicii
3451 5359 3555 5413 dis-

1979 5450 2206 5492 cernens
2256 5435 2394 5491 inter
2414 5436 2588 5506 justas
2612 5448 2664 5495 ct
2690 5454 3015 5513 peccatores.
3042 5446 3107 5502 In
3127 5451 3339 5520 tegmine
3361 5452 3558 5505 alarum

1976 5534 2175 5579 tuarum
2209 5536 2411 5598 protege
2436 5529 2453 5560 ¹
2481 5547 2558 5585 me
2586 5549 2605 5584 :
2635 5531 2685 5586 in
2718 5535 3046 5593 munimento
3080 5537 3351 5594 charitatis
3376 5549 3442 5593 et
3461 5543 3558 5594 mi-

1978 5618 2284 5675 sericordiae
2313 5629 2417 5677 tua:
2462 5632 2679 5695 protege
2715 5643 2801 5683 me
2826 5628 2870 5683 Α
2907 5631 3037 5700 faeie
3062 5631 3330 5703 impiorum
3364 5632 3452 5705 qui
3481 5650 3571 5690 me-

2040 5712 2055 5742 ί
2084 5710 2214 5775 ειιςιη
2243 5712 2476 5776 protrges.
2504 5720 2557 5765 At
2579 5721 2707 5779 uss,
2727 5723 2934 5785 protege.
