3988 6188
435 282 528 337 M7

431 398 727 469 aﬂlimrrunt.

504 490 558 548 9.
589 482 737 563 [vers
761 490 796 545 9
813 530 830 555 ,
858 486 968 562 ιιι]
996 487 1200 542 Inimici
1227 487 1322 542 mei
1341 487 1561 541 animam
1588 503 1746 541 meam
1783 488 1998 541 circum-

434 581 713 648 dederunt,
743 580 940 650 adipem
963 595 1110 633 suum
1137 580 1485 633 concluserunt
1512 593 1529 631 :
1559 576 1739 631 lzetitia
1768 591 1862 630 sua
1886 578 2003 644 piu-

432 675 517 742 gui
561 671 793 741 cooperti
832 681 992 737 sunt,
1034 681 1213 740 postea
1242 685 1399 739 quam
1428 668 1688 740 cupiditas
1714 684 1897 723 eorum
1936 668 2002 720 de

432 764 634 819 scelere
669 763 852 817 satiata
879 773 980 818 est.
1005 761 1077 818 0s
1108 779 1281 817 eorum
1306 761 1526 816 locutum
1563 770 1635 816 est
1676 762 2002 829 superbiam:

430 866 486 910 et
533 864 806 925 propterea
841 871 900 909 os
942 871 1125 909 eorum
1156 854 1384 909 locutum
1415 862 1496 908 est
1536 852 1835 921 superbiam
1859 893 1875 916 ,
1921 851 2003 906 di—

429 945 601 1002 cendo
627 964 641 1002 :
665 946 783 1009 Abe,
818 932 1215 1000 mandatorum
1238 943 1445 1016 (Matth.
1472 958 1618 997 xxvn
1636 984 1652 1009 ,
1680 941 1799 1013 29).
1825 951 1879 996 et
1899 957 2000 996 cae-

431 1049 541 1092 tera
567 1037 708 1113 talia.

504 1128 589 1183 10.
646 1125 794 1200 [rem
839 1123 951 1198 1l.]
1006 1125 1341 1196 Projicientcs
1383 1143 1461 1180 me
1498 1142 1629 1180 nunc
1665 1124 2003 1181 circumdede-

428 1230 544 1272 runt
570 1236 646 1272 me
674 1233 694 1271 :
718 1217 1049 1288 proﬁcientes
1091 1232 1175 1273 me
1212 1226 1358 1272 extra
1386 1217 1649 1273 civitatem
1671 1259 1686 1280 ,
1730 1232 1868 1272 nunc
1900 1218 2001 1272 cir-

429 1310 813 1369 cumdederunt
854 1325 937 1364 me
962 1309 1013 1363 in
1041 1324 1217 1364 cruce.
1249 1307 1436 1362 Oculos
1460 1325 1577 1363 suos
1602 1318 1877 1362 statuerunt
1914 1310 2002 1362 tle-

428 1404 619 1457 clinare
657 1403 709 1455 in
752 1412 935 1455 terram
960 1417 977 1457 :
1004 1401 1349 1455 intentionem
1376 1400 1553 1455 cordis
1580 1400 1662 1454 sui
1704 1409 2003 1456 statuerunt

430 1496 697 1550 declinare
740 1495 791 1549 in
827 1494 925 1547 ista
953 1503 1199 1558 terrena;
1239 1501 1486 1562 putantes
1512 1507 1759 1562 magnum
1805 1491 1999 1546 malum

431 1592 634 1661 perpeti
661 1606 779 1643 eum
805 1587 890 1658 qui
913 1587 1272 1650 occidebatur,
1295 1594 1351 1640 et
1377 1600 1437 1641 se
1457 1584 1654 1640 nullum
1684 1584 1775 1656 qui
1796 1583 2001 1639 occide-

624 1768 771 1843 [vers.
810 1769 920 1844 12.]
952 1770 1295 1841 Susceperunt
1333 1783 1412 1821 me
1446 1767 1573 1821 sicut
1599 1766 1676 1821 leo
1704 1773 1909 1834 paratus
1934 1765 2003 1817 ad

331 1908 334 1912 Α
427 1862 653 1929 praedam
678 1878 697 1915 :
734 1870 1083 1930 susceperunt
1129 1875 1214 1914 me
1240 1859 1378 1914 sicut
1418 1858 1508 1913 ille
1537 1856 1869 1912 adversarius
1894 1857 1999 1911 cir-

429 1953 701 2018 cumiens,
743 1968 985 2022 quaerens
1024 1967 1181 2023 quem
1223 1952 1444 2007 devoret
1486 1949 1530 2018 (l
1576 1948 1795 2014 Petr.v,
1827 1948 1902 2017 8).
1940 1948 2000 2002 Ιξι

429 2047 555 2099 sicut
580 2046 773 2100 catulus
797 2046 953 2100 leonis
993 2045 1222 2099 habitam
1250 2044 1304 2098 in
1339 2043 1567 2098 occultis.
1597 2042 1663 2096 Et
1691 2041 1827 2098 sicut
1854 2051 2002 2095 catu-

429 2136 510 2191 lus
530 2137 649 2206 (‘jlls
669 2179 683 2199 ,
719 2138 938 2206 populus
981 2137 1064 2191 cui
1092 2137 1288 2191 dictum
1314 2143 1396 2190 est
1428 2152 1441 2188 :
1481 2134 1580 2189 Vos
1620 2151 1683 2189 ea:
1708 2144 1850 2204 patre
1886 2135 1999 2186 dia-

430 2228 542 2281 bolo
574 2228 692 2281 estis
715 2227 892 2295 (Joan.
923 2243 1013 2283 VIII
1038 2269 1053 2292 ,
1078 2228 1194 2298 Δί),
1224 2228 1461 2297 cogitans
1486 2225 1553 2282 de
1582 2225 1786 2281 insidiis
1810 2226 2001 2296 quibus

426 2319 625 2387 justum
651 2319 1059 2375 circumveniret
1083 2330 1137 2375 et
1176 2319 1436 2389 perderet.
1602 2310 1611 2319 ’

499 2409 585 2464 12.
617 2408 768 2483 [vers.
801 2408 914 2482 15.]
944 2407 1207 2481 Exsurge,
1241 2408 1456 2464 Domine
1479 2450 1494 2468 .
1541 2409 1755 2479 prameni
1793 2425 1908 2469 eos.
1954 2418 2000 2462 et

429 2503 651 2557 subiret-te
676 2519 760 2558 eos
779 2518 799 2556 :
827 2515 1051 2571 exsurge
1072 2541 1088 2568 ,
1114 2501 1339 2555 Domine
1358 2542 1374 2564 ,
1419 2515 1574 2571 quem
1602 2500 1834 2555 dormire
1858 2499 2000 2553 arbi-

430 2603 636 2648 trantur
658 2603 712 2648 et
734 2592 1038 2667 iniquitates
1066 2589 1335 2644 hominum
1363 2603 1467 2645 non
1488 2605 1712 2653 curare;
1743 2599 1866 2644 ante
1902 2605 1998 2644 ex-

428 2693 695 2740 careentur
716 2684 913 2741 malitia
941 2698 1066 2749 sua,
1095 2695 1151 2737 ut
1172 2683 1366 2738 factum
1392 2698 1577 2739 eorum
1609 2682 1834 2737 vindicta
1865 2698 1999 2753 prae-

428 2777 605 2832 veniat
623 2818 637 2840 ,
664 2786 719 2831 et
738 2777 807 2831 ita
842 2775 1089 2833 subverte
1114 2789 1226 2829 eos.

499 2868 585 2922 15.
618 2865 768 2938 [uers.
800 2864 912 2937 14.]
940 2865 1074 2919 Erue
1096 2866 1317 2918 animam
1346 2880 1505 2918 meum
1544 2864 1605 2917 ab
1633 2864 1799 2933 impiis
1826 2881 1844 2917 :
1871 2879 1997 2917 erue

426 2958 658 3013 animam
699 2971 867 3011 meam
896 2955 1258 3011 rcsuscitando
1288 2971 1372 3009 me
1409 2971 1439 3009 a
1476 2966 1678 3018 morte,
1710 2972 1829 3025 qua:
1869 2957 1996 3011 mihi

425 3048 495 3103 ab
520 3048 698 3117 impiis
736 3047 961 3116 irrogata
992 3057 1094 3101 est.
1125 3044 1395 3101 Frameum
1434 3056 1572 3100 tuam
1602 3046 1676 3118 (a)
1699 3047 1759 3099 ab
1786 3048 1996 3101 inimicis

426 3158 604 3196 ntanus
643 3151 741 3194 tua:
770 3158 787 3194 :
815 3141 989 3195 anima
1014 3140 1155 3194 enim
1186 3155 1303 3194 mea
1335 3140 1527 3193 framea
1555 3148 1639 3193 tua
1680 3149 1760 3195 est
1785 3181 1797 3201 ,
1828 3150 1993 3208 'quam

426 3231 709 3301 assumpsit
739 3246 925 3285 manus
970 3238 1091 3294 tua,
1119 3230 1168 3284 id
1200 3242 1312 3292 est,
1345 3238 1540 3283 aeterna
1567 3231 1735 3283 virtus
1771 3241 1854 3282 tua
1881 3272 1893 3291 ,
1940 3239 1996 3282 ut

427 3336 523 3392 per
551 3322 715 3391 ipsam
740 3336 901 3391 regna
927 3319 1155 3376 debellet
1190 3319 1477 3389 iniquitatis
1502 3327 1556 3373 et
1595 3319 1794 3373 dividat
1826 3320 1996 3388 justus

376 3420 381 3427 '
428 3414 495 3466 ab
522 3412 717 3482 impiis;
743 3411 880 3466 hanc
903 3427 1029 3481 ergo
1058 3427 1175 3464 erue
1199 3410 1260 3463 ab
1287 3409 1500 3463 inimicis
1528 3426 1704 3462 manus
1728 3416 1827 3462 tua:
1850 3450 1861 3470 ,
1898 3409 1995 3464 hoc

426 3516 510 3562 est
548 3506 754 3559 virtutis
787 3515 889 3560 tua:
909 3545 926 3572 ,
954 3506 1058 3559 hoc
1081 3514 1160 3558 est
1188 3505 1256 3558 ab
1283 3503 1508 3556 inimicis
1551 3502 1700 3556 meis.
1742 3500 1954 3555 Domine
1976 3545 1991 3568 ,

428 3599 638 3669 pardem
665 3599 728 3653 de
749 3607 899 3661 terra,
926 3597 1189 3667 dispertire
1214 3613 1295 3650 eos
1320 3596 1492 3649 invita
1511 3611 1682 3650 eorum
1709 3611 1728 3649 :
1756 3596 1992 3660 ltotnine,

428 3690 655 3759 perdens
676 3705 769 3743 eos
791 3688 860 3744 de
884 3699 1021 3743 terra
1049 3702 1204 3756 quam
1232 3686 1523 3741 inhabitant
1546 3727 1561 3747 .
1603 3687 1882 3754 dispertire
1905 3703 1997 3743 eos

428 3800 523 3853 per
550 3785 730 3839 orbem
763 3795 1023 3843 terrarum
1055 3784 1106 3836 in
1135 3783 1231 3837 ista
1275 3782 1379 3836 vita
1403 3823 1419 3844 ,
1445 3796 1601 3851 quam
1642 3781 1806 3833 solum
1848 3796 1995 3833 suam

428 3876 586 3929 vitam
613 3886 797 3943 putant
825 3876 913 3945 qui
940 3884 1191 3929 aeternam
1217 3873 1521 3942 desperant.
1555 3868 1618 3926 Et
1647 3872 1709 3924 de
1735 3871 1997 3924 abscondi.

428 3965 490 4020 tis
514 3965 612 4016 tuis
638 3964 937 4034 adimpletus
959 3975 1029 4019 est
1057 3973 1220 4019 venter
1239 3980 1407 4017 eorum
1437 3978 1456 4016 :
1483 3976 1586 4016 non
1614 3962 1783 4017 solum
1822 3973 1996 4016 autem

425 4055 528 4106 ista
552 4066 705 4121 pinna
728 4068 819 4107 ens
843 4062 1194 4122 consequetur
1212 4053 1450 4118 visibilis;
1476 4052 1567 4105 sed
1595 4052 1751 4106 etiam
1780 4051 1846 4106 de
1875 4070 1997 4120 puc-

430 4147 563 4201 t'atis
588 4189 601 4209 ,
631 4161 749 4214 quae
781 4155 1023 4213 tauquam
1055 4145 1287 4199 tenebra}
1316 4142 1710 4198 ahscnnduntur
1745 4157 1773 4194 a
1804 4141 2000 4196 lumine

432 4238 667 4293 veritatis
693 4247 814 4302 tunc,
844 4236 1129 4304 adimpleta
1157 4244 1237 4289 est
1257 4235 1510 4289 memoria
1531 4250 1713 4289 eorum
1738 4275 1753 4299 ,
1785 4242 1844 4287 ut
1866 4234 2002 4287 obli-

430 4330 698 4385 viscantur
725 4328 910 4383 Deum.
940 4325 1167 4380 Saturati
1204 4335 1318 4378 sunt
1358 4326 1603 4395 porcina:
1634 4325 1850 4378 saturati
1879 4333 1999 4379 sunt

343 4438 360 4463 ο
431 4422 790 4485 immonditia,
819 4420 1192 4475 conculcautes
1216 4417 1524 4487 margaritas
1550 4432 1851 4472 sermonum
1884 4416 1997 4471 Dei.

432 4513 497 4568 Et
520 4514 822 4583 reliquerunt
846 4507 1082 4579 reliquias
1110 4507 1330 4577 parvulis
1358 4506 1462 4560 suis
1484 4522 1502 4559 :
1530 4507 1839 4571 clamantes,
1870 4505 2001 4560 Pec-

432 4616 599 4657 ratum
640 4604 732 4655 hoc
772 4619 922 4673 super
970 4615 1059 4653 nos
1100 4608 1148 4653 et
1186 4614 1337 4667 super
1381 4598 1512 4667 ﬁlios
1551 4608 1747 4653 nostros
1789 4597 1998 4670 (Matth.

434 4709 575 4750 xxvu
594 4734 608 4754 .
636 4692 751 4758 25).

504 4783 589 4837 Η.
631 4781 801 4854 [vers
836 4780 943 4853 15.]
987 4780 1094 4854 Ego
1139 4791 1303 4836 autem
1332 4781 1383 4834 in
1412 4788 1499 4833 tua
1531 4779 1727 4849 justitia
1756 4783 2005 4850 apparebo

431 4874 479 4927 in
509 4883 773 4942 conspectu
801 4882 884 4925 tuo
907 4888 926 4926 :
967 4889 1064 4943 ego
1089 4881 1263 4926 autem
1292 4871 1377 4941 qui
1418 4885 1522 4924 non
1561 4870 1776 4940 apparui
1808 4876 1885 4926 eis
1915 4874 2000 4941 qui

360 4967 373 4973 ‘
431 4961 592 5018 corde
621 4963 834 5016 sordido
869 4973 922 5018 et
970 4964 1249 5018 tenebroso
1297 4964 1465 5017 lucem
1510 4961 1781 5030 sapientia:
1824 4963 2005 5019 videre

431 5070 536 5108 non
557 5064 796 5124 possunt,
823 5056 873 5111 in
900 5064 983 5108 tua
1001 5056 1198 5124 jusutia
1219 5056 1485 5124 apparebo
1506 5055 1555 5107 in
1577 5065 1863 5124 conspectu
1892 5040 2000 5111 tuo.

432 5145 670 5200 Satiabor
706 5146 826 5198 dum
862 5147 1263 5217 manifestabitur
1306 5146 1468 5218 gloria
1507 5156 1633 5199 tua:
1675 5156 1729 5199 et
1766 5162 1885 5199 cum
1931 5147 2002 5202 illi

432 5235 651 5290 Sztllll‘all
677 5245 799 5290 sunt
841 5236 1166 5290 immunditia
1193 5252 1284 5290 sua
1312 5223 1416 5297 ,‘ut
1459 5251 1541 5289 me
1569 5236 1861 5307 intelligere
1899 5255 2003 5293 non

431 5328 655 5401 possint,
686 5342 784 5391 ego
811 5328 1042 5381 satiahor
1080 5326 1205 5382 dum
1246 5327 1663 5381 manilestabitur
1697 5328 1863 5398 gloria
1896 5338 2001 5395 tua,

432 5412 486 5475 io
518 5417 598 5473 his
642 5418 729 5489 qui
774 5435 855 5472 me
884 5419 899 5449 ¹
950 5419 1263 5490 intelligunt.
1312 5420 1451 5473 Sane
1499 5418 1550 5471 in
1595 5417 1686 5471 illo
1731 5435 1885 5473 versu
1919 5422 2004 5475 ubi

429 5511 629 5566 dictum
654 5520 736 5564 est
763 5510 991 5564 Saturati
1013 5522 1125 5565 sunt
1155 5510 1382 5577 porcina,
1415 5507 2003 5579 nonnulla'exemplaria

494 5623 666 5682 Ἀιουιι
684 5628 817 5679 ων..
839 5630 901 5672 te.
942 5623 1071 5685 Apud
1098 5631 1168 5674 Er.
1193 5631 1243 5674 et
1264 5630 1390 5681 Mss,
1413 5634 1506 5672 me.

430 5684 563 5798 “:3:
581 5691 687 5801 "(me
704 5696 812 5802 pnis
837 5701 959 5736 vers.
982 5683 1039 5737 ’15
1068 5693 1296 5738 tractatur
1320 5690 1463 5737 etiam
1480 5700 1529 5738 in
1545 5683 1657 5735 Euax
1674 5719 1684 5734 .
1700 5684 1818 5736 Psal.
1839 5700 2004 5751 nmv,

564 5780 577 5796 .
631 5780 651 5802 ,
675 5760 723 5798 ιι.
784 5783 795 5797 .

564 5780 577 5796 .
607 5760 651 5810 ι,
675 5760 723 5798 ιι.
758 5760 795 5802 s.

1662 279 1719 337 S.
1764 279 2120 338 AUGUSTINI
2160 280 2452 340 EPISCOPI

3572 296 3671 349 158

2109 434 2333 490 Satnrati
2352 448 2468 492 sunt
2489 437 2607 505 ﬁliis
2634 438 2846 493 habent.
2874 438 2947 497 Ex
2970 439 3215 510 ambiguo
3240 442 3380 495 enim
3402 457 3577 511 g-~:eco
3600 447 3675 509 tu)

2108 527 2466 596 interpretatio
2489 529 2679 599 duplex
2705 530 2899 585 evenit.
2931 529 3091 583 Filios
3116 541 3311 595 autem,
3334 547 3492 600 opera
3520 534 3678 587 intel-

2107 618 2346 687 iigimus;
2390 630 2444 673 et
2470 620 2604 674 sicut
2631 620 2765 674 bona
2795 635 2952 690 Opera
2983 620 3151 675 bonos
3189 622 3359 690 lilios,
3399 622 3466 677 ita
3515 626 3680 679 malos

2107 706 2262 761 mala.

2508 833 2587 893 IN
2631 833 3005 896 PSALMUM
3050 836 3226 902 XVII

2668 933 3088 989 ENARRATIO.

2176 1022 2227 1076 1.
2270 1021 2435 1094 [vers.
2466 1021 2546 1095 1.]
2576 1021 2644 1087 in
2672 1024 2821 1092 linem
2845 1065 2861 1091 ,
2894 1042 3050 1091 puero
3090 1026 3290 1081 Domini
3315 1068 3329 1087 .
3356 1028 3453 1097 ipsi
3487 1028 3672 1093 Dauid.

2106 1111 2209 1167 hoc
2236 1121 2338 1180 est,
2361 1128 2518 1169 manu
2546 1114 2664 1169 torti
2690 1114 2901 1171 Christo
2918 1117 3208 1172 secundum
3234 1118 3523 1176 hominem.
3555 1121 3682 1187 Quae

2103 1205 2298 1260 locutus
2323 1215 2399 1262 est
2425 1206 2647 1262 Domino
2676 1211 2822 1261 verba
2849 1209 3027 1262 cantici
3053 1209 3226 1280 hujus,
3257 1210 3310 1264 in
3346 1213 3428 1265 die
3458 1229 3557 1281 qua
3583 1214 3681 1266 eri-

2104 1295 2210 1365 puit
2235 1312 2348 1349 eum
2374 1295 2624 1351 Dominus
2659 1296 2722 1350 de
2762 1311 2915 1350 manu
2942 1299 3166 1351 omnium
3190 1300 3505 1355 inimicorum
3533 1303 3642 1372 ejus
3660 1341 3680 1368 ,

2103 1386 2237 1440 etde
2260 1403 2418 1440 manu
2446 1386 2596 1451 Saiil,
2627 1397 2674 1441 et
2701 1387 2830 1442 dixit
2860 1386 2925 1457 (ll
2956 1389 3080 1459 Reg.
3107 1405 3215 1444 χχιι
3235 1430 3250 1454 ,
3282 1390 3358 1461 1).
3389 1388 3457 1445 In
3481 1392 3680 1459 dieque
3718 1456 3723 1457 ί

2103 1479 2285 1549 eripuit
2311 1496 2426 1534 eum
2472 1478 2718 1534 Dominus
2769 1478 2834 1534 de
2882 1497 3035 1535 utanu
3083 1482 3306 1536 omnium
3358 1483 3677 1537 inimicorum

2103 1571 2231 1642 ejus,
2258 1569 2385 1624 etde
2407 1587 2559 1624 manu
2583 1569 2731 1634 Sail,
2756 1570 2857 1625 hoc
2883 1581 2984 1631 est.
3016 1573 3154 1641 regis
3173 1570 3497 1636 Judzeorum,
3519 1589 3679 1643 quem

2103 1663 2202 1716 sibi
2234 1663 2333 1733 ipsi
2360 1664 2672 1726 petiverant.
2695 1663 2826 1718 Nam
2856 1664 2991 1719 sicut
3022 1664 3204 1728 David,
3232 1665 3383 1719 Manu
3415 1667 3583 1734 fortis,
3611 1667 3682 1724 ita

2097 1753 2261 1818 Saﬁl,
2293 1754 2483 1810 Potitio
2514 1754 2843 1825 interpretari
2886 1754 3110 1810 dicitur:
3142 1765 3325 1810 notum
3350 1764 3434 1811 est
3459 1765 3636 1811 autem
3662 1799 3680 1824 ,

2103 1845 2369 1917 quomodo
2409 1845 2498 1900 ille
2543 1845 2767 1915 populus
2809 1859 2989 1913 regem
3043 1845 3142 1900 sibi
3186 1846 3430 1915 petiverit
3478 1846 3526 1918 (l
3550 1846 3679 1918 Reg.

2104 1951 2199 1990 vut
2221 1977 2236 2001 ,
2267 1936 2321 2005 5)
2352 1944 2403 1991 et
2430 1936 2692 2005 acceperit
2714 1977 2730 1999 ,
2763 1951 2868 1991 non
2893 1934 3186 1992 secundum
3218 1936 3345 2004 Dei,
3371 1938 3465 1993 sed
3486 1952 3681 1994 secun-

2102 2025 2229 2081 dum
2259 2041 2407 2081 suam
2431 2026 2780 2080 voluntatem.

2171 2119 2225 2173 2.
2266 2117 2413 2190 [vers.
2443 2116 2523 2190 2.]
2555 2117 2688 2174 Dicit
2734 2133 2861 2189 ergo
2886 2117 2973 2173 hic
2994 2117 3236 2175 Christus
3258 2127 3311 2174 et
3341 2119 3594 2183 Ecclesia,
3627 2120 3679 2175 id

2104 2218 2204 2271 est,
2239 2217 2375 2264 totus
2402 2207 2665 2274 Christus,
2689 2218 2847 2278 caput
2877 2216 2934 2264 et
2958 2222 3152 2277 corpus
3178 2225 3193 2262 :
3230 2207 3449 2280 Diligam
3474 2219 3521 2262 te
3540 2252 3554 2272 ,
3576 2209 3680 2263 Do-

2104 2299 2254 2361 mine,
2268 2300 2426 2353 virtus
2449 2315 2559 2353 mea
2584 2314 2602 2353 :
2629 2298 2841 2370 diligam
2864 2306 2937 2362 te.
2965 2298 3209 2365 Domine,
3226 2313 3319 2367 por
3345 2314 3503 2370 quem
3527 2299 3680 2356 tortis

2103 2402 2239 2441 sum.

2172 2479 2225 2533 3.
2266 2476 2284 2550 [
2306 2494 2432 2532 vers.
2463 2477 2544 2550 5.]
2571 2477 2801 2545 Domine,
2832 2478 3201 2547 [irritamentum
3227 2496 3390 2536 meum
3411 2522 3425 2544 ,
3457 2492 3503 2535 et
3530 2486 3676 2552 refu-

2101 2569 2238 2640 gium
2258 2584 2440 2634 meum,
2459 2577 2504 2622 et
2522 2569 2757 2623 liberator
2776 2585 2948 2624 meus:
2966 2569 3207 2632 Domine,
3222 2570 3311 2639 qui
3334 2586 3417 2626 me
3435 2570 3676 2639 lirnmsti,

2101 2659 2221 2728 quia
2262 2657 2431 2730 refugi
2462 2658 2529 2713 ad
2569 2666 2653 2724 te;
2698 2657 2867 2728 refugi
2916 2669 3092 2714 autem
3135 2659 3257 2728 quia
3285 2659 3517 2715 liberasti
3564 2677 3674 2718 me.

2103 2748 2238 2802 Deus
2277 2765 2418 2802 meus
2454 2748 2661 2816 adjutor
2706 2765 2864 2813 meus,
2896 2757 2941 2802 et
2984 2749 3194 2817 sperabo
3236 2751 3288 2803 in
3330 2765 3488 2805 cum:
3534 2751 3677 2806 Deus

2103 2854 2271 2905 meus,
2299 2839 2387 2909 qui
2412 2838 2540 2893 mihi
2568 2837 2885 2908 adiutorium
2913 2840 3057 2907 prius
3085 2840 3374 2894 vocationis
3409 2851 3510 2895 tuae
3536 2857 3677 2910 pra:-

2101 2932 2298 2996 stitisti,
2344 2942 2395 2985 ut
2445 2945 2661 3001 sperare
2710 2931 2761 2985 iu
2809 2938 2861 2984 te
2915 2931 3137 2999 possim.
3170 2930 3426 2985 Protector
3468 2950 3604 2985 meus
3631 2942 3678 2988 et

2101 3036 2257 3075 cornu
2279 3022 2457 3075 salutis
2476 3036 2616 3084 mete,
2639 3031 2685 3073 et
2712 3028 2992 3090 redemptor
3014 3037 3187 3075 mens:
3214 3032 3478 3091 protector
3501 3039 3672 3086 meus,

2098 3117 2218 3184 quia
2251 3130 2356 3170 non
2395 3114 2462 3169 de
2492 3130 2577 3169 me
2604 3116 2912 3184 prtesumpsi
2934 3157 2947 3175 .
2980 3117 3128 3185 quasi
3159 3118 3368 3187 erigens
3396 3118 3675 3173 adversum

2101 3217 2153 3260 te
2175 3220 2339 3260 cornu
2385 3204 2684 3272 superbiae;
2731 3204 2826 3259 sed
2881 3214 2933 3260 te
2960 3207 2977 3237 ί
3005 3207 3174 3276 ipsum
3216 3224 3405 3272 cornu,
3456 3208 3556 3264 hoc
3594 3221 3680 3265 est

2101 3301 2303 3352 lirmam
2343 3296 2708 3351 celsitudinem
2745 3298 2929 3353 salutis
2958 3298 3133 3353 inveni
3156 3316 3172 3364 ;
3198 3298 3340 3369 quod
3382 3309 3440 3353 ut
3469 3301 3675 3356 inveni-

2099 3398 2249 3452 rem,’
2264 3386 2533 3441 redemisti
2557 3401 2663 3441 me.

2167 3481 2222 3535 3.
2261 3478 2426 3552 [νινε.
2458 3478 2539 3551 4.]
2570 3478 2811 3534 Laudans
2838 3481 3075 3534 invocabo
3105 3480 3395 3541 Dominum.
3423 3478 3468 3536 et
3493 3482 3554 3535 ab
3578 3484 3680 3535 ini-

2099 3571 2239 3624 micis
2262 3571 2383 3625 meis
2408 3570 2573 3625 salvus
2598 3587 2683 3625 ero
2704 3586 2723 3624 :
2753 3587 2856 3624 non
2884 3586 3053 3625 meam
3080 3571 3325 3641 gloriam,
3349 3573 3441 3627 sed
3470 3574 3677 3627 Domini

2100 3677 2344 3729 qnairens
2363 3703 2377 3720 .
2424 3660 2682 3727 invocabo
2706 3677 2829 3716 eum
2851 3702 2868 3726 ,
2893 3671 2948 3720 et
2976 3677 3082 3717 non
3109 3663 3210 3717 erit
3238 3663 3377 3719 unde
3417 3663 3542 3717 inibi
3575 3681 3676 3717 ιιυ-

2100 3762 2251 3808 ceant
2276 3752 2559 3822 impietatis
2591 3766 2824 3807 errores.
3655 3818 3661 3827 θ

2171 3845 2222 3898 5.
2262 3844 2411 3915 litera.
2437 3842 2518 3916 5.]
2567 3842 3004 3898 Circumdederunt
3030 3860 3106 3898 me
3134 3845 3337 3899 dolores
3367 3846 3540 3900 mortis
3563 3863 3581 3900 :
3628 3846 3678 3900 id

2101 3942 2182 3986 est
2202 3934 2396 3987 (armis.
2427 3932 2490 3987 Et
2533 3943 2772 3986 torrentes
2799 3933 3071 4002 iniquitatis
3117 3935 3530 3988 conturbauerunt
3560 3952 3641 3988 rue
3663 3951 3682 3989 :

2104 4024 2269 4077 turbze
2314 4025 2504 4092 iniquze
2552 4024 2618 4077 ad
2663 4032 2870 4093 tempus
2901 4007 3213 4088 commotae,
3259 4025 3416 4079 veluti
3463 4024 3682 4081 ﬂumina

2105 4115 2345 4185 pluvialia
2374 4117 2480 4171 cito
2508 4115 2738 4169 desitura
2760 4156 2776 4180 ,
2804 4125 3029 4185 egerunt
3053 4124 3110 4171 ut
3151 4119 3530 4172 conturbarent
3571 4135 3678 4171 me.

2173 4206 2227 4261 6.
2268 4204 2430 4277 [verm
2477 4203 2559 4277 6.]
2593 4204 2801 4260 Dolores
2825 4206 3010 4276 inferni
3036 4206 3464 4259 circumdederunt
3492 4210 3683 4262 me:in

2106 4295 2187 4350 his
2212 4297 2302 4366 qui
2330 4310 2417 4351 me
2456 4294 2919 4363 circumdederunt
2956 4303 3014 4349 ut
3059 4295 3339 4364 perderent
3376 4311 3490 4360 me,
3528 4305 3684 4351 erant

2103 4385 2314 4440 dolores
2363 4384 2686 4446 invidentia,
2745 4384 2835 4454 qui
2883 4392 3104 4438 mortem
3151 4393 3440 4453 cperantur
3484 4385 3682 4456 perdu-

2104 4484 2335 4543 cuntque
2358 4473 2425 4530 ad
2453 4473 2716 4530 infernum
2741 4474 2965 4546 peccati.
3014 4473 3477 4552 Prwveneruntme
3517 4478 3686 4546 laquei

2106 4568 2280 4621 mortis
2304 4583 2324 4620 :
2371 4576 2738 4636 prrevenerunt
2776 4582 2896 4635 me,
2924 4576 2982 4621 ut
3007 4566 3205 4635 priores
3245 4582 3437 4622 nocere
3465 4566 3680 4636 vellent,

2106 4659 2247 4730 quod
2271 4652 2349 4714 eis
2378 4668 2559 4729 postea
2584 4658 2913 4715 redderetur.
2943 4659 3099 4715 Tales
3124 4670 3297 4714 autem
3330 4660 3571 4725 homines
3594 4676 3687 4716 ca-

2108 4752 2257 4820 piunt
2275 4751 2326 4805 in
2349 4750 2695 4820 perditionem
2716 4751 2907 4820 quibus
2928 4752 3063 4806 male
3083 4753 3103 4783 ’
3129 4762 3499 4820 prrsuaserunt
3516 4752 3688 4821 jacta-

2110 4842 2251 4896 tioue
2294 4841 2544 4915 iustitiae;
2584 4842 2735 4911 cujus
2774 4856 2880 4898 non
2907 4856 2986 4907 re,
3025 4842 3120 4897 sed
3158 4843 3390 4908 nomine,
3434 4841 3689 4900 adversus

2108 4930 2305 4986 Gentes
2326 4931 2639 5000 gloriantur.

2180 5024 2234 5075 7.
2272 5020 2441 5093 [uers.
2471 5020 2549 5093 7.]
2581 5019 2646 5074 Et
2666 5022 2719 5074 in
2746 5036 2977 5089 pressura
3003 5038 3111 5075 mea
3137 5022 3362 5076 invocavi
3391 5022 3685 5087 Dominum,

2105 5122 2156 5167 ct
2197 5112 2268 5164 ad
2297 5110 2458 5165 Deum
2497 5127 2661 5164 meum
2702 5110 2934 5163 cluuiani.
2986 5110 3056 5165 Et
3098 5114 3347 5167 exaudivit
3395 5112 3457 5167 de
3498 5117 3688 5184 templo

2175 5242 2190 5307 ξ
2217 5241 2440 5307 Pleriun
2465 5250 2592 5302 Mss,
2615 5245 2699 5307 sed
2721 5241 2880 5307 ipsum
2908 5256 3058 5294 cornu
3085 5258 3103 5295 :
3125 5258 3219 5296 nec
3242 5246 3442 5306 habent,
3466 5251 3530 5297 te.

2174 5305 2195 5335 ³
2220 5303 2386 5353 Plures
2408 5313 2533 5362 Mss,
2564 5303 2707 5354 nuda.

2174 5364 2245 5426 (a)
2270 5363 2457 5435 scilicet
2476 5367 2524 5414 in
2542 5367 3079 5436 mliﬁbusqui-busdam
3104 5377 3179 5418 est
3200 5365 3325 5436 tribu.
3346 5366 3490 5432 ﬁliis;
3512 5369 3562 5417 in
3580 5368 3685 5436 aliis

2110 5425 2221 5483 non,
2241 5425 2421 5500 porcis;
2444 5435 2543 5500 aut
2565 5425 2977 5500 ueibn,_porcir_tis,
3010 5432 3116 5500 sive
3146 5425 3481 5500 _poi‘cirui._De
3511 5431 3688 5500 eodem

2111 5487 2248 5558 vers.
2272 5548 2280 5558 _
2302 5487 2365 5558 11
2382 5495 2552 5539 tractat
2565 5487 2863 5558 _A_ugt_i_s_titius
2899 5492 2945 5540 in
2964 5487 3189 5558 Lepistola
3215 5491 3302 5541 149
3336 5491 3395 5540 ad
3419 5491 3684 5558 Paulinum,

2110 5549 2219 5613 data
2241 5549 2431 5613 circiter
2452 5564 2529 5599 an.
2552 5550 2603 5613 ll
2620 5549 2663 5610 ιζ
2684 5552 2863 5613 ibique,
2891 5567 2937 5601 η.
2962 5554 3010 5611 5,
3022 5549 3198 5603 scribit
3223 5567 3233 5601 :
3262 5571 3283 5598 ε
3306 5555 3531 5602 necensui
3573 5549 3687 5603 brcé

2120 5628 2143 5656 ι
2167 5611 2409 5688 yissim'am
2423 5612 2674 5688 quamdam
2695 5611 2911 5675 ejusdem
2937 5614 3100 5688 psalmi
3122 5616 3505 5688 expositionem.
3542 5626 3687 5688 quam

2120 5689 2144 5741 β
2160 5672 2257 5733 jam
2289 5670 2400 5721 olim
2422 5670 2738 5741 dictat-eram:
2756 5692 2779 5720 ι
2809 5683 2915 5727 tunc
2938 5670 3083 5739 igitur
3109 5670 3348 5741 expositio
3387 5670 3576 5729 dictaui
3596 5676 3686 5729 fuit

2115 5730 2258 5799 longe
2281 5742 2394 5785 ante
2430 5748 2489 5786 an
2511 5748 2606 5787 tum
2634 5735 2737 5786 ill.
