1994 3094
153 136 201 163 1-19

151 202 236 223 sancto
248 205 295 224 suo
316 204 399 224 vocent
414 205 492 225 meam
505 205 510 222 :
527 196 660 224 exaudivit
674 196 707 222 de
719 196 798 222 corde
813 203 871 222 meo
882 215 888 225 ,
904 194 929 221 in

152 251 202 278 quo
223 242 336 275 habitat,
356 251 447 271 vocem
464 251 557 270 meam.
578 243 609 269 Et
633 243 727 269 clamor
749 242 854 268 meusin
875 250 934 268 con-

151 292 235 323 spectu
259 288 333 323 ejus:
353 294 379 316 et
397 289 495 316 clamor
518 296 602 320 mens,
617 296 694 322 quem
715 295 768 314 nan
786 287 812 314 in
828 287 934 318 auribus

152 334 286 360 hominum
301 355 308 366 ,
324 335 369 361 sed
383 342 470 362 coram
486 334 541 368 ipso
556 334 624 360 intus
644 333 727 360 habeo
737 354 745 365 ,
760 333 870 359 introibit
886 333 895 348 ¹
909 333 935 359 in

150 386 223 405 aures
237 380 300 413 ejus.

186 425 211 452 8.
233 424 314 460 [vers.
327 424 368 461 8.]
386 424 416 451 Et
429 430 551 452 commota
561 430 596 452 est
609 428 632 451 et
645 424 793 451 ‘contremuit
804 430 868 450 terra
880 432 889 450 :
902 424 936 451 ita

151 471 295 498 clariﬁcato
309 471 362 498 lilio
376 471 490 498 hominis
500 492 506 503 ,
520 471 643 498 commoti
655 476 715 497 sunt
730 475 756 497 et
768 476 935 497 contremue<

152 521 212 544 rtmt
227 522 387 550 peccatores.
410 517 442 544 Et
464 518 628 553 fundamenta
649 517 770 543 montium
789 516 938 543 conturbata

153 568 207 589 sunt
219 571 229 589 .'
242 568 268 590 et
280 571 341 597 spes
354 563 525 598 superborum
539 584 545 595 ,
562 571 620 598 qua:
636 563 646 578 ’
662 563 687 590 in
702 563 750 589 hoc
773 563 868 589 smenlo
883 562 939 589 l'ue-

153 613 222 637 runt.
247 608 410 634 conturbata}
429 614 498 634 sunt.
526 608 557 634 Et
579 613 702 634 commota
725 612 792 635 sunt.
820 608 938 641 quoniam

152 654 230 680 iratus
255 658 290 680 est
314 655 349 680 eis
375 654 466 681 Deus:
493 659 521 681 ut
543 654 643 681 scilicet
664 654 717 688 jam
745 654 938 681 ﬁrmamentum

153 707 203 726 non
219 699 329 726 haberet
343 700 368 726 in
383 700 506 727 cordibus
529 700 662 727 hominum
679 707 739 734 spes
756 699 938 734 temporalium

153 745 292 773 bonorum.

188 791 212 818 9.
233 791 312 827 [vers
329 791 368 827 9.]
387 792 503 818 Ascendit
525 793 609 827 fumus
627 792 704 818 inira
727 791 780 825 ejus
798 799 807 817 :
821 791 941 818 ascendit

153 837 297 872 lncrymosa
309 837 459 871 deprecatio
471 838 651 871 pmnitentium
663 859 669 869 ,
682 845 741 864 cum
756 838 940 871 cognovissent

153 883 212 917 quid
227 882 342 910 minetur
359 883 427 909 Deus
446 882 544 917 impiis.
560 882 592 909 Et
607 883 671 918 ignis
691 891 705 908 o
721 884 784 917 facie
796 883 850 918 ejus
869 891 941 910 επιπ-

154 928 246 955 descit:
272 933 299 955 et
317 928 452 963 ﬂagrantia
473 929 608 956 charitatis
630 933 689 963 post
707 930 887 964 paenitentiam
908 929 941 957 de

154 974 242 1000 notitia
257 973 315 1008 ejus
336 973 485 1000 inardescit.
500 973 624 1001 Cat-bones
646 974 757 1000 sucrensi
779 979 836 1000 sum
850 974 880 1000 ab
895 982 941 1002 eo:

153 1019 195 1056 qui
206 1019 260 1054 jam
275 1020 372 1045 mortui
382 1024 458 1046 erant
475 1019 568 1046 ieserti
582 1019 615 1045 ab
628 1019 687 1049 igne
701 1018 761 1045 boni
776 1019 899 1046 desiderii
910 1027 941 1047 ac

155 1065 210 1091 luce
228 1065 356 1098 iustitiae,
382 1070 409 1091 et
430 1064 515 1098 frigidi
543 1065 727 1098 [coetu-usique
748 1070 941 1099 remanserant,

155 1117 244 1136 rursus
256 1109 362 1137 accensi
377 1114 403 1137 et
419 1110 557 1137 illuminali
571 1110 732 1136 revixerunt.

191 1155 235 1182 10.
256 1154 337 1190 [vers
353 1153 409 1190 10.]
427 1154 456 1181 Et
469 1155 595 1193 inclinavit
610 1155 708 1188 cwlum,
723 1159 745 1182 ct
759 1154 884 1182 descendit
896 1163 905 1182 :
915 1159 942 1183 et

156 1199 409 1233 lmmiliavitjustum
421 1221 428 1231 ,
444 1204 473 1227 ιιι
485 1200 656 1228 descenderet
668 1200 700 1227 ad
716 1200 851 1227 hominum
866 1200 942 1228 inﬁr-

155 1246 279 1273 mitatem.
301 1246 336 1273 Et
360 1247 440 1282 caligo
460 1246 504 1274 sub
523 1246 626 1282 pedibus
651 1247 714 1282 ejus.
744 1246 776 1273 Et
800 1248 874 1282 impii
897 1248 941 1282 qui

155 1297 263 1323 terrena,
271 1293 395 1328 sapiunt,
409 1292 521 1328 caligine
536 1292 644 1320 malitia;
663 1301 718 1319 suae
736 1300 788 1319 non
810 1301 870 1320 eum
894 1301 926 1321 co

154 1344 316 1373 gnoverunt;
342 1343 409 1366 terra
433 1338 503 1366 enim
525 1338 575 1365 sub
598 1338 709 1373 pedibus
728 1338 794 1373 ejus,
819 1344 941 1374 tanquam

153 1384 295 1411 scabellum
311 1384 405 1418 pedum
421 1384 488 1418 ejus.

188 1429 231 1456 1|.
252 1428 334 1464 [vers.
351 1428 408 1465 1L]
429 1428 463 1455 Et
479 1428 589 1455 ascendit
601 1436 676 1463 super
691 1427 823 1456 Cherubin:
836 1450 843 1461 ,
861 1434 884 1456 et
897 1437 941 1456 vo-

154 1475 219 1501 lavit.
236 1475 268 1502 Et
280 1475 409 1502 exaltatus
421 1468 464 1502 est
476 1482 556 1511 super
570 1474 757 1509 plenitudinem
773 1475 900 1508 scicntize,
913 1480 942 1503 ut

153 1528 230 1548 nemo
244 1520 278 1547 ad
291 1528 351 1547 eum
365 1520 524 1556 perveniret,
540 1520 588 1547 nisi
604 1528 650 1555 per
664 1521 818 1548 charitatem
832 1530 838 1547 :
857 1521 943 1555 pleni-

154 1566 214 1592 tudo
227 1566 300 1592 euim
322 1566 386 1600 legis
402 1566 517 1592 Charitas
532 1565 619 1599 (Rom.
643 1573 705 1597 xm,
721 1565 773 1600 10).
800 1566 831 1592 Et
849 1566 901 1592 cito
913 1574 942 1593 se

153 1611 447 1645 incomprehensibilem
473 1619 532 1639 esse
554 1612 744 1638 demonstravit
771 1611 942 1639 dilectoribus

153 1657 216 1688 suis,
233 1664 266 1683 ne
287 1657 359 1683 illum
384 1657 519 1691 corporeis
539 1657 767 1692 imaginationibus
789 1657 799 1672 ³
817 1664 940 1692 compre-

154 1701 232 1728 hendi
252 1701 455 1728 arbitrarentur.
482 1694 579 1728 Volavit
600 1710 675 1736 super
690 1710 784 1735 pennas
801 1707 939 1729 ventorum.

154 1746 197 1773 Illa
212 1752 300 1774 autem
315 1747 454 1779 celeritas,
467 1753 518 1781 qua
533 1753 562 1774 se
575 1746 867 1781 incomprehensibilem
882 1754 941 1775 esse

154 1793 309 1820 monstravit
320 1813 329 1826 ,
344 1799 424 1826 super
443 1792 552 1819 virtutes
566 1792 712 1819 animarum
727 1797 784 1825 est,
798 1793 892 1828 quibus
912 1801 942 1820 se

154 1839 222 1865 velut
237 1839 332 1873 pennis
350 1845 366 1865 a
385 1838 496 1865 terrenis
517 1838 654 1865 timoribus
674 1838 699 1864 in
717 1845 794 1866 auras
814 1838 942 1866 libertatis

154 1884 286 1911 attollunt.

189 1930 232 1957 12.
253 1928 334 1965 [υθνε.
353 1928 407 1965 12.]
422 1928 454 1955 Et
467 1929 548 1964 posuit
561 1928 672 1956 tenebras
684 1929 813 1956 latibulum
837 1938 910 1956 suum
931 1938 939 1957 :

155 1980 180 2002 ct
203 1976 292 2010 posuit
312 1975 500 2010 obscuritatem
515 1979 750 2006 sacramentormn.
770 1980 796 2003 et
810 1977 939 2003 occultam

155 2029 225 2053 spem
243 2020 363 2047 in‘corde
377 2020 556 2051 credentium,
573 2020 615 2046 ubi
631 2020 723 2047 lateret
738 2020 792 2054 ipse
804 2041 811 2053 ,
828 2029 880 2047 non
895 2029 941 2048 eos

155 2066 295 2097 deserens;
311 2065 336 2092 in
354 2065 393 2092 bis
406 2065 484 2092 etiam
500 2065 615 2092 tenebris
626 2064 658 2099 (ll
674 2064 731 2091 Cor.
746 2073 762 2091 v
773 2086 779 2097 ,
795 2066 822 2099 7)
836 2066 878 2093 ubi
895 2075 941 2101 per

156 2112 231 2138 iidem
246 2111 333 2138 adhuc
346 2111 510 2138 ambulamus
520 2132 526 2143 ,
543 2118 594 2138 non
609 2119 655 2146 per
669 2111 783 2146 speciem
796 2133 802 2143 ,
816 2113 940 2146 quamdiu
960 2142 966 2146 _

155 2158 222 2193 quod
237 2166 288 2185 non
304 2158 422 2185 videmus
433 2165 570 2192 speramus
583 2163 608 2184 et
623 2165 669 2191 per
684 2158 833 2192 patientiam
848 2166 941 2192 exspe-

155 2209 258 2230 ctamus
273 2203 360 2237 (Rom.
375 2211 420 2230 vni
431 2224 438 2237 ,
452 2203 509 2238 ‘25).
525 2202 558 2229 In
574 2203 679 2230 circuitu
690 2204 743 2239 ejus
757 2204 941 2231 tabernaculum

154 2250 226 2283 ejus:
241 2249 361 2276 cauversi
385 2254 470 2276 tamen
484 2248 516 2275 ad
532 2249 617 2283 ipsum
632 2249 750 2275 ambiunt
769 2250 812 2283 qui
832 2250 942 2277 credunt

154 2296 176 2321 ci
189 2304 196 2326 ;
211 2295 271 2330 quia
287 2295 312 2321 in
329 2295 414 2321 medio
427 2302 518 2322 eorum
534 2299 584 2327 est,
599 2303 658 2321 cum
673 2295 794 2321 omnibus
807 2295 942 2329 :eqnaliler

155 2339 233 2372 faret,
250 2340 276 2367 in
290 2340 386 2375 quibus
408 2345 530 2374 tanquam
546 2340 570 2366 in
593 2340 762 2366 tabernaculo
778 2339 875 2366 habitat
891 2340 942 2368 hoc

157 2392 283 2420 tempore.
301 2385 440 2412 Tenebrosa
452 2393 516 2420 aqua
535 2386 561 2411 in
586 2385 690 2411 nubibus
713 2385 796 2411 aeris:
813 2393 861 2412 nec
880 2393 941 2420 pro-

156 2439 243 2467 pterea
258 2433 397 2468 quisquam
413 2432 437 2459 in
454 2431 496 2458 illa
520 2432 587 2464 luce,
602 2439 661 2465 qua:
676 2430 761 2457 futura
777 2435 817 2457 est
835 2439 894 2457 cum
909 2439 940 2458 ex

156 2479 205 2506 lide
218 2479 250 2505 ad
264 2479 380 2513 speciem
394 2478 554 2509 venerimus,
567 2477 621 2511 jam
636 2481 664 2503 Se
679 2483 738 2503 esse
752 2476 903 2507 arbitretur.
919 2478 940 2503 si

118 2556 122 2560 Ι
156 2524 304 2558 Scrip'uras
320 2527 391 2549 recte
404 2522 538 2557 intelligit;
554 2522 578 2548 in
595 2521 731 2555 Prophetis
742 2521 812 2548 enim
827 2525 904 2555 atque
915 2522 941 2548 in

155 2571 276 2597 munibus
289 2569 370 2596 divini
384 2567 457 2595 verbi
470 2567 685 2602 pnedicatoribus
699 2566 810 2593 obscura
822 2567 941 2594 doctrina

154 2622 203 2643 esi.

191 2661 232 2688 15.
254 2661 328 2696 [rem
338 2659 390 2695 13].
403 2659 460 2686 Prte
469 2659 567 2694 fulgore
578 2659 603 2685 in
613 2663 746 2692 conspectu
753 2658 808 2691 ejus
816 2666 826 2685 :
835 2658 860 2684 in
870 2666 942 2685 com-

155 2707 289 2740 paratione
302 2706 420 2740 fulgoris,
432 2704 475 2738 qui
486 2709 525 2731 est
536 2704 559 2743 in
569 2700 711 2739 conspectu
722 2703 941 2730 manilestationis

186 2795 194 2810 ¹
207 2795 243 2818 sic
255 2791 361 2818 nonnulli
373 2791 455 2823 probae
469 2794 531 2824 notae
544 2794 595 2824 Mss.
605 2790 673 2824 juxta
683 2793 746 2815 LXX.
761 2789 894 2821 [ξιιμ-οὐρία]

186 2825 196 2841 ³
208 2828 239 2849 ιω
250 2826 274 2848 in
286 2821 446 2855 septeuiwtdss.
459 2826 486 2846 At
498 2821 598 2855 inedi],
610 2828 626 2855 (ι
643 2821 658 2845 i.
685 2850 689 2854 ι
726 2850 740 2855 Α
773 2850 778 2854 ⁴

185 2855 196 2871 ³
206 2859 274 2886 ωιτη
285 2850 435 2887 imitantibus.
447 2853 530 2877 caeteri
544 2852 608 2881 edd.,
619 2850 829 2883 intaginationibtu.

693 132 887 162 ENAHRATIU
906 131 939 158 1ἳί
959 131 1117 158 ιιεελωιυιι
1139 132 1216 159 ΧῊΙ.

1722 143 1772 170 150

986 194 1052 236 ejus.
1067 195 1150 222 Nubes
1160 197 1237 230 ipsius
1250 199 1399 225 transierunt
1413 208 1421 225 :
1436 200 1620 233 prmdicatores
1632 203 1702 230 verbi
1712 204 1771 239 eius

987 249 1037 268 non
1047 241 1099 276 jam
1114 243 1139 269 in
1150 242 1247 270 Judane
1262 244 1355 271 linilms
1368 246 1543 280 continentur,
1555 248 1600 275 sed
1612 250 1770 278 transierunt

987 286 1018 312 ad
1038 286 1146 313 Gentes.
1168 286 1270 314 Grumio
1292 294 1314 315 et
1333 290 1450 317 carbones
1471 292 1544 326 ignis.
1571 293 1770 329 Obiurgationes

988 331 1104 366 ligni-aue
1119 333 1138 365 ‘,
1151 333 1246 367 quibus
1262 335 1332 360 velut
1347 336 1472 370 grandine
1484 338 1561 364 corda
1574 338 1637 365 dura
1656 341 1769 369 tundun-

989 380 1047 403 tur:
1064 378 1085 404 si
1109 383 1194 404 autem
1216 383 1284 405 terra
1298 380 1368 406 culta
1391 387 1415 407 et
1430 382 1513 414 ruitis,
1529 383 1614 415 idest,
1636 385 1694 418 pius
1717 388 1769 413 ani-

989 431 1046 450 mus
1068 425 1209 458 exceperit,
1234 424 1328 452 duritia
1352 427 1485 460 grandinis
1509 429 1534 455 in
1557 437 1661 464 aquam,
1685 431 1709 458 id
1733 437 1773 458 est

991 473 1074 496 terror
1088 469 1223 504 fulguratze
1238 476 1263 497 et
1274 472 1347 505 quasi
1362 473 1504 507 congelatur
1519 475 1706 509 obiurgationis
1721 478 1730 492 ³
1747 478 1770 503 in

989 514 1134 542 doctrinam
1145 516 1283 543 satiantcm
1295 517 1452 545 resolvitur:
1470 519 1528 553 igne
1538 527 1625 548 autem
1637 523 1775 549 i-liaritatis

989 568 1098 587 accensa
1122 562 1199 589 corda
1225 563 1393 590 reviviscunt.
1417 565 1478 592 Haec
1500 567 1585 593 omnia
1612 569 1635 594 in
1662 566 1773 595 nubilms

991 607 1071 640 ipsius
1084 607 1115 633 ad
1131 607 1228 635 Gentes
1241 609 1409 636 transierunt.

1030 653 1069 679 1-1.
1092 652 1245 690 [vers.1:1-.]
1268 655 1299 681 Et
1321 657 1429 683 intonuit
1452 657 1482 684 de
1501 659 1560 684 (mla
1583 659 1721 688 Dominus.-
1749 667 1776 688 ot

991 698 1146 733 Evangelica
1162 699 1255 727 fiducia
1269 701 1301 728 de
1314 703 1394 729 corde
1406 703 1469 737 justi
1482 705 1570 730 snauit
1593 705 1725 733 Dominus.
1743 706 1775 733 Et

992 746 1131 772 Altissimus
1143 747 1209 773 dedit
1223 742 1383 775 vocemsuam
1395 757 1403 775 :
1423 755 1450 776 ut
1464 742 1619 778 iusin-renuis
1632 761 1700 784 eain,
1712 755 1775 780 etin

993 791 1121 825 profundo
1135 800 1222 819 rerum
1236 793 1407 821 humanarum
1422 796 1571 824 audiremus
1585 799 1713 825 caalestia.

1030 837 1070 864 15.
1092 836 1175 872 [υενδ.
1192 837 1245 874 15.]
1267 838 1299 865 Et
1319 841 1397 866 emisit
1412 841 1514 875 sagittas
1534 851 1608 875 suus,
1625 849 1647 870 et
1661 845 1777 878 dispersit

992 891 1053 909 cos:
1078 887 1104 909 et
1126 884 1212 910 emisit
1238 884 1416 919 Evangvlistas
1439 888 1531 920 pennis
1557 889 1678 916 virtutum
1704 896 1776 917 recta

993 928 1084 954 itinera
1101 929 1110 944 ³
1122 929 1322 963 transvolaules,
1340 939 1390 956 non
1404 932 1467 961 suis.
1480 932 1526 959 sed
1542 933 1598 967 eius
1611 941 1625 960 a
1639 942 1690 968 quo
1702 935 1775 962 missi

992 978 1052 1000 sunt
1068 973 1182 1000 viribus:
1198 980 1223 1002 et
1243 975 1366 1010 dispersit
1379 984 1424 1003 eos
1439 976 1471 1003 ad
1492 985 1557 1012 quos
1571 979 1642 1005 missi
1656 983 1731 1013 sunt,
1749 986 1777 1007 ut

993 1019 1050 1045 aliis
1073 1027 1162 1046 eormn
1185 1025 1272 1048 essent
1298 1021 1364 1047 odor
1390 1022 1448 1048 vita:
1468 1022 1493 1049 in
1517 1023 1606 1057 vitam,
1629 1025 1688 1052 aliis
1711 1025 1777 1052 odor

994 1064 1085 1091 mortis
1107 1065 1132 1092 in
1156 1070 1266 1092 mortem
1290 1065 1394 1102 (ilCor.
1411 1068 1515 1103 ",16).
1540 1068 1572 1094 Et
1594 1071 1776 1097 coruscatioues

992 1112 1165 1147 multiplicavit
1177 1134 1183 1144 ,
1199 1118 1221 1140 et
1235 1113 1387 1140 conturbavit
1400 1123 1441 1141 eos
1450 1123 1459 1141 :
1472 1120 1498 1142 et
1511 1116 1635 1143 miracula
1649 1116 1777 1151 nmltipli—

992 1160 1070 1191 cavit,
1084 1164 1109 1186 et
1121 1160 1285 1187 conturbavit
1297 1168 1353 1188 eos.

1029 1205 1071 1232 16.
1092 1204 1172 1241 [υενδ.
1190 1205 1245 1242 16.]
1267 1206 1301 1234 Et
1314 1213 1482 1242 apparuerunt
1496 1210 1575 1243 fontes
1589 1217 1711 1244 aquarum
1725 1217 1734 1236 :
1750 1215 1776 1237 et

992 1257 1170 1287 apparuerunt
1188 1253 1230 1288 qui
1245 1254 1304 1280 facti
1326 1259 1400 1281 erant
1421 1254 1446 1281 in
1468 1255 1670 1289 praedicantibus
1691 1255 1775 1282 futiles

992 1306 1117 1333 aquarum
1131 1299 1278 1325 salientinm
1294 1299 1411 1327 invitam
1426 1306 1550 1327 a‘tcrnam
1566 1300 1652 1335 (Joan.
1669 1309 1704 1334 Iv,
1721 1302 1773 1335 11).

994 1342 1026 1368 Ει
1040 1344 1147 1369 revelata
1160 1349 1216 1369 sunt
1227 1344 1390 1378 fundamenta
1402 1345 1467 1370 orbis
1478 1351 1598 1372 terrarum
1609 1354 1617 1372 .'
1631 1350 1656 1372 ct
1669 1347 1775 1373 revelati

993 1393 1053 1415 sunt
1068 1388 1205 1422 Prophette
1215 1409 1222 1420 ,
1239 1389 1282 1423 qui
1296 1396 1347 1416 non
1368 1390 1595 1424 intelligelmntnr,
1617 1399 1695 1426 super
1709 1399 1776 1426 quos

993 1433 1167 1460 aediﬁcaretur
1192 1433 1262 1460 orbis
1287 1438 1413 1461 terrarum
1437 1435 1548 1462 credens
1572 1436 1715 1462 Domino".
1740 1437 1776 1462 Ab

993 1478 1161 1513 increpatione
1174 1483 1228 1511 tua,
1246 1478 1351 1505 Domine
1364 1486 1372 1505 :
1385 1479 1523 1507 clamantis
1535 1500 1542 1510 .
1562 1481 1776 1515 Appropinquavit

993 1533 1067 1559 super
1079 1532 1120 1551 vos
1135 1533 1237 1559 regnum
1255 1524 1298 1551 llei
1311 1524 1384 1559 (Luc.
1401 1533 1417 1551 Χ
1428 1546 1434 1556 ,
1449 1525 1485 1558 9).
1502 1526 1538 1551 Ab
1553 1526 1716 1560 inspiratione
1725 1527 1778 1560 spi-

993 1571 1055 1598 ritus
1077 1571 1121 1598 irae
1144 1576 1215 1598 tum:
1238 1571 1363 1603 dicentis,
1393 1571 1450 1598 Nisi
1474 1571 1643 1607 paenitentiam
1670 1573 1777 1607 egeritis.

993 1625 1077 1644 omnes
1091 1617 1204 1643 similiter
1216 1617 1354 1643 moriemini
1364 1616 1417 1652 (Id.
1433 1625 1477 1644 χιιι
1489 1638 1495 1649 ,
1511 1617 1548 1652 5).

1030 1663 1072 1690 17.
1089 1663 1162 1699 [νεῖ-ς.
1180 1663 1234 1699 17.]
1257 1663 1324 1690 Misit
1337 1664 1367 1690 de
1379 1672 1485 1695 summo,
1512 1669 1536 1690 et
1549 1665 1643 1699 accepit
1658 1673 1696 1690 me
1706 1672 1716 1691 :
1730 1673 1777 1691 vo-

993 1709 1077 1736 cando
1094 1717 1126 1736 ex
1148 1708 1275 1736 Gentibus
1297 1710 1321 1735 in
1347 1709 1536 1742 hmrcditatem,
1560 1711 1700 1745 gloriosam
1725 1710 1776 1738 Ec-

993 1755 1099 1782 clesiam
1115 1762 1164 1781 non
1180 1755 1318 1782 habentem
1332 1756 1461 1782 maculam
1472 1764 1557 1791 neque
1568 1764 1656 1791 rugam
1669 1756 1775 1791 (Ep/tes.

993 1808 1008 1826 ν
1021 1821 1028 1833 ,
1042 1800 1099 1833 27).
1121 1800 1261 1835 Assumpsit
1276 1809 1314 1827 me
1343 1800 1373 1827 de
1392 1801 1549 1827 multitudine
1569 1810 1690 1835 aquarum
1702 1809 1711 1828 :
1723 1797 1776 1828 ias-

993 1847 1105 1881 sumpsit
1118 1855 1159 1873 me
1173 1846 1206 1873 de
1220 1846 1385 1873 multitudine
1397 1847 1565 1880 populorum.

1029 1892 1071 1918 18.
1093 1891 1173 1927 [vers.
1190 1891 1244 1926 18.]
1258 1891 1330 1918 Eruit
1338 1900 1376 1917 me
1388 1891 1418 1917 de
1430 1892 1535 1918 inimicis
1544 1892 1603 1918 meis
1614 1893 1755 1927 fortissimis
1763 1900 1774 1918 :

992 1936 1060 1964 cruit
1071 1937 1150 1964 mede
1161 1936 1273 1963 inimicis
1284 1937 1408 1971 meis,qui
1421 1937 1615 1971 prrcvaluerunt
1628 1939 1658 1965 ad
1666 1940 1776 1973 allligcn-

992 1982 1052 2009 dam
1062 1987 1087 2009 et
1101 1982 1298 2016 pervcrtendam
1308 1983 1493 2017 l’temporalem
1504 1983 1578 2010 istam
1589 1984 1667 2012 vitam
1681 1993 1775 2012 meam.

992 2028 1026 2055 Et
1039 2029 1068 2054 ab
1082 2029 1119 2055 Itis
1127 2029 1168 2063 qui
1177 2028 1280 2055 oderunt
1294 2037 1341 2059 me,
1362 2029 1478 2063 quoniam
1487 2030 1621 2065 con/artati
1631 2037 1688 2058 sunt
1701 2040 1776 2066 super

993 2083 1049 2102 me:
1071 2074 1192 2109 quamdiu
1207 2074 1254 2101 sub
1269 2075 1330 2107 ipsis
1344 2083 1401 2102 sum
1417 2075 1538 2110 ignorans
1555 2077 1634 2103 Deum
1650 2077 1669 2103 ε.

1030 2121 1073 2147 19.
1096 2119 1169 2155 [vers
1198 2119 1263 2155 19.]
1287 2120 1461 2147 Prwvetwrunt
1481 2130 1520 2147 me
1534 2121 1558 2148 in
1572 2122 1613 2148 die
1638 2123 1776 2157 omit-tionis

993 2174 1074 2193 more:
1088 2166 1188 2200 priores
1203 2166 1266 2192 mihi
1283 2170 1443 2196 nocuerunt,
1458 2167 1483 2192 in
1496 2171 1614 2201 tempore
1632 2176 1683 2202 quo
1702 2177 1774 2195 mor—

994 2214 1044 2240 tale
1059 2218 1084 2239 et
1099 2213 1258 2239 laboriosum
1272 2219 1366 2245 corpus
1377 2220 1449 2247 gero.
1467 2212 1499 2238 Et
1510 2213 1591 2247 [actus
1603 2219 1638 2240 est
1653 2213 1775 2240 Dominus

993 2259 1176 2292 ﬁrmamentum
1201 2266 1281 2284 meum
1295 2266 1304 2285 .'
1319 2263 1345 2285 et
1363 2258 1487 2292 quoniam
1506 2259 1680 2286 amaritudine
1695 2262 1775 2286 Ini-sc-

995 2304 1091 2331 riarum
1118 2303 1310 2330 [irritamentum
1336 2309 1445 2330 terrena:
1470 2303 1609 2337 voluptatis
1635 2306 1778 2331 conturba-

995 2355 1047 2376 tum
1068 2354 1145 2384 alque
1168 2350 1322 2376 convulsum
1350 2354 1399 2382 est,
1430 2349 1513 2376 lactus
1525 2354 1566 2375 est
1582 2349 1707 2376 Dominus
1733 2352 1776 2377 tir-

994 2400 1153 2422 mmneutnm
1168 2403 1265 2421 111ιῖ11111-

1029 2441 1072 2468 ‘20.
1088 2441 1161 2477 [νει-δ.
1173 2440 1237 2476 9.0.]
1252 2440 1283 2466 Et
1296 2440 1380 2466 eduxit
1393 2448 1431 2466 me
1447 2440 1472 2467 in
1487 2440 1644 2468 latitudinem
1659 2450 1668 2468 :
1678 2447 1704 2469 et
1718 2443 1777 2477 quia

1025 2541 1033 2556 ‘
1047 2540 1139 2571 Aliquot
1147 2542 1209 2566 Mss.

1025 2572 1034 2586 ¹
1047 2567 1111 2598 mut.
1125 2567 1244 2599 exceperit
1257 2567 1371 2600 durititmt
1394 2568 1528 2600 graminis,
1546 2568 1571 2592 in
1590 2575 1675 2600 ruptam
1695 2569 1779 2596 Parlcul

992 2606 1057 2627 terra
1068 2601 1197 2632 fulgurata:
1213 2604 1235 2624 et
1253 2599 1322 2630 omni
1333 2598 1462 2632 eongrlatw
1474 2598 1651 2631 objurgationis,
1664 2600 1690 2623 id
1702 2603 1735 2624 est
1754 2599 1779 2624 in

992 2625 1136 2659 doctiimrin.
1146 2635 1193 2655 etc.
1202 2625 1287 2655 Locu'm
1295 2625 1452 2661 emeudanms
1462 2632 1491 2655 ad
1498 2625 1560 2654 Ὧδέ.
1575 2637 1588 2654 e
1600 2625 1688 2661 quibus
1700 2635 1778 2655 tamen

993 2665 1065 2695 aliqui
1076 2669 1121 2693 pro
1133 2662 1269 2695 fulgurutw,
1286 2662 1384 2691 habent,
1394 2660 1520 2693 ﬁguratae;
1533 2666 1557 2686 et
1569 2662 1663 2692 quidam
1675 2661 1780 2692 conliga-

992 2693 1039 2722 ιω(
1050 2700 1092 2725 pro
1101 2693 1237 2724 eougelatw.
1312 2722 1318 2727 .
1332 2723 1336 2727 ἱ

1024 2727 1034 2741 ³
1045 2728 1147 2754 Quatuor
1159 2727 1222 2756 Mss,
1234 2726 1298 2756 recto
1309 2726 1402 2748 itinere.
1460 2753 1465 2756 _
1577 2752 1591 2756 __
1691 2750 1698 2756 _

1025 2757 1035 2771 ι
1049 2752 1096 2779 Am.
1110 2758 1145 2779 Er.
1165 2759 1189 2779 et
1201 2754 1311 2785 plerique
1323 2759 1385 2783 31$,
1398 2753 1530 2779 Dominum.
1545 2752 1610 2778 colb.
1620 2755 1672 2783 Is,
1689 2752 1714 2776 in
1732 2754 1778 2777 Do-

992 2794 1064 2813 ηιυιο.

1026 2820 1035 2835 ⁸
1047 2819 1082 2842 sic
1094 2821 1146 2841 Mss.
1157 2821 1184 2841 At
1195 2816 1308 2851 edd.,.a_d
1320 2814 1476 2851 perdendam.

1026 2850 1036 2865 ⁶
1047 2855 1143 2880 septem
1155 2852 1218 2879 tus-5.,
1229 2850 1271 2880 qui
1280 2850 1390 2879 ignorant
1404 2850 1487 2871 Deum.
