3988 6188
407 318 506 379 151

402 437 642 492 (urnales
664 435 898 508 patiebar
922 430 1217 503 angustias,
1243 430 1424 487 eduxit
1456 446 1541 484 me
1568 430 1618 483 in
1642 427 1969 497 spiritualem

403 529 733 586 latitudinem
762 527 901 582 ﬁdei.
928 524 1075 579 Eruit
1096 541 1195 590 me,
1227 525 1463 593 quoidam
1493 522 1647 576 voluit
1676 539 1751 577 me
1777 537 1794 574 :
1819 529 1972 574 ante-

403 636 563 691 quam
610 619 754 673 illum
783 634 881 688 ego
920 617 1141 680 vellem,
1175 616 1311 670 eruit
1357 631 1442 669 me
1468 614 1533 667 ab
1563 612 1790 667 inimicis
1844 612 1974 666 meis

402 711 815 782 potentissimis,
849 710 938 780 qui
969 709 1095 763 mihi
1134 708 1436 763 invidebant
1457 707 1566 777 jam
1604 705 1798 760 volenti
1829 721 1970 767 eum,

403 813 453 859 et
481 804 550 857 ab
575 803 656 857 his
675 803 766 873 qui
795 802 1024 857 oderunt
1046 816 1152 867 me,
1176 801 1299 871 quia
1330 800 1455 854 volo
1479 815 1621 852 eum.

469 893 562 948 2|.
586 891 734 968 [rem
760 892 875 967 21.]
909 893 972 947 Et
1009 893 1242 946 retribuet
1268 891 1391 944 mihi
1425 889 1671 944 Dominus
1702 890 1975 944 secundum

397 984 647 1058 justitiam
664 1001 823 1038 meam
849 999 866 1037 :
891 992 945 1038 et
964 983 1221 1037 retribuet
1246 981 1374 1035 mihi
1402 980 1657 1034 Dominus
1686 979 1972 1034 secundum

401 1076 661 1148 justitiam
688 1076 840 1131 bona:
878 1074 1183 1142 voluntatis,
1211 1073 1297 1144 qui
1330 1074 1474 1143 prior
1505 1072 1725 1143 praebuit
1764 1071 1965 1124 miseri-

400 1168 657 1235 cordiam,
707 1179 988 1239 antequam
1012 1167 1278 1222 'haberem
1313 1165 1502 1221 bonam
1533 1165 1877 1219 voluntatem.
1907 1162 1975 1216 Et

401 1261 679 1315 secundum
704 1261 972 1329 puritatem
1004 1275 1245 1313 manuum
1287 1273 1513 1310 mearum
1539 1256 1777 1310 retribuet
1804 1254 1930 1307 mihi
1957 1270 1976 1307 :

401 1346 456 1407 et
477 1351 767 1407 secundum
811 1350 1092 1421 puritatem
1126 1349 1382 1403 factorum
1421 1362 1660 1401 meorum
1717 1345 1976 1400 retribuet

401 1443 552 1510 mihi,
576 1443 664 1514 qui
691 1443 874 1497 tribuit
900 1443 1026 1497 mihi
1059 1452 1115 1495 ut
1143 1441 1278 1495 bene
1304 1438 1555 1503 facerem,
1586 1436 1861 1493 educendo
1888 1449 1973 1490 me

400 1537 452 1592 in
479 1536 752 1591 latitudine
780 1535 921 1589 ﬁdei.

470 1627 560 1681 22.
604 1616 750 1699 [vers
780 1625 896 1698 22.]
924 1626 1053 1692 Quia
1093 1625 1337 1678 custodiri
1371 1624 1475 1677 vias
1504 1621 1741 1678 Domini:
1773 1632 1829 1676 ut
1855 1622 1973 1675 lati-

402 1719 527 1774 tudo
558 1719 575 1751 ¹
608 1719 864 1773 bonorum
886 1730 1129 1786 operum,
1159 1731 1278 1786 qua:
1299 1731 1392 1784 per
1421 1715 1577 1768 tidem
1609 1721 1751 1778 sunt,
1772 1722 1828 1767 et
1862 1712 1976 1766 lon-

400 1809 681 1881 ganimitas
702 1806 1078 1879 perseverandi
1107 1814 1484 1873 consequatur.

469 1899 557 1954 23.
604 1896 754 1970 [vers.
791 1894 905 1968 23.]
956 1894 1064 1949 Nec
1097 1884 1249 1964 impie
1273 1893 1401 1962 gessi
1428 1910 1461 1946 a
1513 1892 1615 1945 Deo
1650 1908 1777 1944 meo.
1833 1891 1976 1956 Quo-

399 1991 535 2045 niam
585 1992 606 2021 ²
658 1989 824 2043 omnia
867 1986 1065 2058 judicia
1119 1986 1227 2047 eius
1271 1985 1324 2038 in
1378 1992 1643 2055 conspectu
1695 1997 1802 2035 meo
1833 1991 1972 2036 sunt.

401 2076 651 2148 Quoniam
701 2082 871 2135 omnia
907 2079 1106 2151 judicia
1155 2082 1263 2153 ejus
1332 2093 1351 2131 :
1393 2076 1444 2130 id
1501 2086 1603 2139 est,
1661 2085 1715 2129 et
1763 2074 1977 2143 prauuia

400 2175 679 2243 justorum,
711 2181 765 2226 et
795 2186 977 2241 ptenas
1006 2170 1308 2239 impiorum,
1336 2177 1390 2221 et
1410 2166 1612 2237 ﬁagella
1637 2163 1977 2234 corrigendo-

401 2282 539 2330 rum,
581 2274 635 2320 et
663 2265 980 2321 tentationes
1021 2262 1433 2333 probandorum,
1463 2257 1821 2329 perseveranti
1851 2271 1978 2310 con-

401 2358 744 2428 templatione
772 2354 1075 2411 considero.
1121 2352 1188 2407 Et
1209 2352 1437 2424 justitias
1475 2351 1585 2421 ejus
1612 2367 1712 2404 non
1748 2347 1912 2417 repuli
1946 2364 1978 2401 a

403 2462 517 2505 me:
545 2448 687 2520 quod
732 2447 929 2502 faciunt
968 2445 1276 2501 deﬁcientes
1305 2443 1404 2498 sub
1442 2442 1645 2498 sarcina
1676 2455 1858 2496 earum
1880 2481 1894 2505 ,
1925 2450 1980 2494 et

400 2550 734 2598 revertuntur
762 2540 827 2595 ad
850 2539 1102 2592 vomitum
1136 2551 1309 2592 suum.

467 2633 557 2689 2i.
586 2631 651 2687 Et
679 2648 762 2686 ero
787 2630 1139 2703 inmaculatus
1167 2644 1277 2681 cum
1304 2642 1360 2680 eo
1395 2668 1410 2691 ,
1436 2635 1482 2679 et
1509 2624 1775 2679 observabo
1803 2640 1883 2679 me
1909 2622 1974 2677 ab

400 2725 660 2796 iniquitate
685 2741 815 2778 mea.

474 2814 565 2870 25.
595 2815 748 2888 [νει-ε.
775 2811 892 2885 25.]
916 2811 982 2866 Et
1004 2809 1240 2866 retribuet
1285 2808 1410 2861 mihi
1432 2806 1680 2861 Dominus
1708 2804 1981 2860 secundum

402 2909 647 2980 iustitiam
662 2922 825 2960 meam
847 2905 1061 2972 :itaque
1082 2900 1381 2977 nonsolum
1412 2905 1631 2969 propter
1649 2893 1978 2949 latitudinem

410 2997 558 3066 ﬁdei,
585 3013 704 3068 qua:
728 3012 821 3067 per
843 2994 1182 3050 dilectionem
1198 3000 1450 3061 operatur
1480 2987 1618 3057 (Gal.
1658 3003 1711 3054 v,
1765 2986 1857 3056 6),
1885 2986 1979 3040 sed

403 3092 562 3149 etiam
590 3099 805 3161 propter
830 3086 1209 3158 longitudinem
1259 3078 1663 3153 perseverantia:
1683 3120 1698 3143 ,
1729 3078 1983 3133 retribuet

403 3184 535 3240 mihi
564 3183 819 3238 Dominus
857 3177 1147 3235 secundum
1173 3175 1431 3255 justitiam
1479 3186 1672 3254 meam.
1709 3168 1777 3224 Et
1801 3186 1983 3255 secun-

407 3274 531 3328 dum
565 3272 832 3343 puritatem
862 3284 1100 3324 manuum
1137 3245 1362 3320 mearum
1404 3264 1458 3318 in
1492 3245 1768 3332 conspectu
1808 3245 1982 3314 oculo-

405 3382 521 3422 rum
534 3364 645 3434 eius
659 3380 678 3418 :
696 3377 798 3417 non
819 3359 959 3431 quod
978 3358 999 3390 ⁸
1028 3356 1266 3412 homines
1288 3354 1485 3417 vident,
1504 3353 1597 3409 sed
1626 3352 1676 3407 in
1697 3362 1983 3419 conSpectu

405 3455 681 3515 ocularum
723 3455 859 3524 ejus.
896 3451 1156 3520 Quoniam
1207 3464 1326 3519 qua:
1367 3446 1644 3511 videntur,
1678 3442 1982 3512 temporalia

408 3558 565 3615 sunt;
614 3562 733 3618 quae
758 3553 936 3601 autem
979 3557 1085 3598 non
1111 3540 1375 3603 videntur,
1404 3549 1599 3592 :etcrna
1647 3535 1713 3606 (ll
1747 3534 1861 3589 Cor.
1891 3548 1943 3587 IV
1964 3574 1979 3597 ,

411 3639 503 3709 I8)
525 3657 538 3693 :
561 3652 668 3709 quo
702 3635 929 3707 pertinet
972 3630 1192 3687 altitudo
1225 3629 1356 3699 spei.
1882 3716 1891 3718 _
1930 3692 1949 3718 κ

449 3767 452 3770 ~
480 3728 571 3785 26.
600 3727 766 3802 [uers.
805 3723 926 3798 26.]
959 3724 1084 3778 Cum
1110 3730 1283 3778 sancto
1327 3735 1530 3774 sanctus
1553 3719 1649 3771 eris
1681 3726 1802 3771 :est
1824 3716 1982 3768 etiam

409 3822 615 3877 occulta
664 3817 1028 3891 profunditas,
1085 3830 1185 3883 qua
1256 3810 1564 3881 intelligeris
1626 3825 1744 3863 cum
1799 3814 1983 3861 sancto

410 3923 645 3974 sanctus,
689 3911 810 3980 quia
855 3919 909 3962 tu
960 3905 1276 3961 sanctiﬁcas.
1319 3900 1388 3956 Et
1434 3918 1546 3955 cum
1579 3900 1683 3953 viro
1723 3899 1987 3952 innocente

411 4002 649 4057 innocens
699 4000 797 4053 eris
827 4014 846 4053 :
872 3998 991 4068 quia
1014 4006 1067 4051 tu
1089 3995 1220 4050 nulli
1251 4008 1432 4057 noces,
1454 3991 1547 4047 sed
1570 3990 1836 4075 criniculis
1857 4004 1984 4059 pec-

411 4106 649 4151 catorum
704 4106 920 4147 suorum
975 4087 1333 4157 unusquisque
1374 4082 1751 4153 constringitur
1787 4078 1982 4153 (Prov.

415 4204 471 4253 v,
499 4187 625 4259 22).

485 4279 577 4336 27.
624 4277 771 4352 [uers.
796 4271 913 4346 27.]
938 4270 1006 4325 Et
1032 4287 1144 4325 cum
1180 4271 1336 4326 electo
1370 4269 1550 4324 electus
1578 4267 1673 4321 eris
1706 4282 1724 4319 :
1752 4274 1807 4319 ct
1831 4263 1898 4317 ab
1922 4278 1987 4317 eo

413 4387 573 4443 queat
625 4368 814 4441 eligis,
864 4364 1098 4437 eligeris.
1150 4361 1220 4417 Et
1266 4378 1379 4416 cum
1438 4375 1666 4432 perverso
1730 4371 1987 4425 perversi“

373 4490 379 4501 ·
416 4467 517 4522 eris
536 4462 612 4537 (a)
628 4461 682 4513 δε
711 4472 904 4516 etcum
920 4469 1166 4528 perverso
1182 4451 1376 4507 videris
1404 4463 1680 4521 perversos
1704 4464 1716 4499 :
1740 4445 1985 4517 quoniam

421 4536 622 4616 dicunt.
657 4550 777 4607 Non
812 4558 884 4604 est
909 4556 1046 4603 recta
1073 4545 1152 4599 uia
1190 4542 1397 4597 Domini
1424 4540 1637 4613 (Ezech.
1669 4552 1814 4602 xvnt,
1842 4536 1944 4604 25)
1970 4551 1983 4587 :

417 4654 471 4701 et
491 4645 722 4713 ipsorum
745 4642 826 4696 via
857 4655 960 4694 non
990 4646 1071 4693 est
1098 4645 1261 4691 recta.

487 4732 581 4789 28.
602 4731 753 4805 [vers.
776 4727 892 4802 28.]
920 4727 1170 4794 Quoniam
1197 4734 1251 4777 tu
1279 4721 1518 4791 populum
1538 4717 1773 4772 humilem
1796 4714 1989 4768 salvum

423 4824 590 4895 facies.
617 4822 729 4878 Hoc
755 4833 929 4875 autem
959 4830 1265 4888 perversum
1296 4812 1505 4867 videtur
1534 4808 1816 4880 perversis,
1848 4806 1986 4873 quod

420 4913 733 4969 conﬁtentes
752 4900 969 4982 peccata
995 4923 1086 4963 sua
1116 4907 1293 4962 salvos
1332 4902 1511 4957 facies.
1540 4898 1608 4954 Et
1633 4897 1802 4952 oculos
1822 4913 1991 4966 super-

421 5007 594 5060 borum
651 5001 937 5056 ltumiliabis
968 5013 987 5052 :
1037 4998 1343 5068 ignorantes
1384 5000 1559 5046 autem
1591 4989 1681 5043 Dei
1710 4988 1992 5059 justitiam,

423 5105 479 5152 ct
503 5110 652 5150 suam
689 5092 941 5149 volentes.
962 5091 1287 5145 constituere
1310 5082 1330 5157 (
1353 5082 1500 5138 Rom.
1530 5098 1584 5147 x,
1606 5078 1675 5152 5)
1700 5121 1715 5147 ,
1743 5077 1988 5133 humilia-

422 5188 528 5243 bis.

464 5275 558 5332 29.
572 5273 723 5348 [uers.
735 5267 850 5343 29
872 5268 1122 5338 Quoniam
1139 5276 1191 5320 tu
1212 5263 1518 5323 illuminabis
1535 5263 1788 5317 lucernam
1808 5276 1987 5327 meam,

485 5412 505 5443 ι
529 5405 780 5459 Tredecim
803 5395 928 5461 Mss,
960 5409 1019 5452 [τι
1035 5397 1350 5451 altitudinem.

484 5473 507 5505 ³
532 5478 578 5520 tn
603 5469 733 5527 edd.,
756 5464 1062 5527 Quoniam...
1078 5468 1185 5514 sunt
1205 5472 1393 5527 semper
1415 5470 1433 5509 :
1454 5470 1565 5522 quae
1587 5470 1703 5516 vox,
1741 5466 1993 5517 seniper,a

423 5532 635 5585 melioris
653 5522 779 5580 notae
802 5536 905 5577 Mss.
932 5533 982 5574 et
1004 5538 1032 5573 a
1050 5531 1210 5585 Gram
1232 5522 1385 5571 abest.

488 5580 659 5649 iter“
685 5601 780 5642 .von
803 5600 908 5650 quo.
933 5587 1102 5636 (ueteri
1121 5584 1247 5639 libri.
1267 5591 1364 5633 Non
1386 5580 1531 5650 quod.

489 5657 508 5686 ι
529 5637 883 5717 Resipisse;
934 5656 982 5699 Et
1007 5659 1115 5697 cum
1135 5637 1355 5708 peruerso
1373 5637 1673 5694 subveneris.

489 5719 561 5747 (αι
585 5717 839 5747 Mum-unm-
962 5702 1226 5747 nvrdiealnr
1250 5709 1296 5747 in
1316 5712 1448 5747 Enar.
1479 5702 1596 5747 Γελι.
1623 5715 1673 5747 η

370 5735 375 5743 ·
489 5699 855 5779 (niueis-"tiae.
880 5699 937 5762 Ξῖ
962 5699 1226 5773 explicatur
1250 5709 1298 5759 in
1316 5712 1448 5756 Enar.
1479 5702 1596 5754 I‘sal.
1623 5714 1747 5760 xm,
1765 5711 1814 5748 ιι.
1844 5699 1915 5761 t7,
1941 5705 1992 5750 et

571 5790 718 5841 anu,
739 5775 861 5827 n.7.

1629 315 1686 370 S.
1729 310 2085 369 AUGUSTINI
2126 314 2422 371 EPiSCOPl

3549 319 3650 373 liii

2084 426 2295 483 Domine
2330 431 2612 501 :quoniam
2642 448 2744 485 non
2771 444 2853 489 est
2878 433 3056 488 lumen
3099 442 3332 489 nostrum
3358 446 3422 489 ex
3455 437 3650 499 nobis;

2081 518 2172 573 sed
2215 527 2267 573 tu
2295 520 2614 576 illuminabis
2659 523 2923 577 lucernam
2979 538 3173 589 meam,
3218 523 3455 580 Domine.
3515 524 3653 580 Deus

2081 609 2571 677 meus,illurtiiitabis
2616 614 2840 666 tenebras
2884 629 3017 666 meas
3047 628 3067 666 :
3095 627 3192 667 nos
3232 613 3371 667 enim
3421 615 3653 683 peccatis

2084 700 2283 755 nostris
2311 702 2542 757 tenebras
2581 718 2792 767 sumus;
2821 703 2933 767 sed,
2967 704 3108 760 Deus
3133 718 3302 770 meus,
3332 703 3653 761 illuminabis

2083 792 2326 845 tenebras
2355 806 2516 847 meas.

2150 882 2237 936 50.
2269 881 2419 953 [vers.
2457 881 2568 954 50.]
2602 883 2853 950 Quoniam
2895 903 2926 937 α
2978 896 3023 939 te
3070 903 3225 939 eruar
3261 902 3295 939 a
3338 887 3607 940 tentatione
3637 901 3659 940 :

2080 973 2324 1038 quoniam
2348 988 2451 1026 non
2478 988 2509 1026 a
2536 988 2640 1033 me.
2668 972 2759 1027 sed
2787 988 2815 1027 a
2849 985 2898 1028 te
2918 990 3072 1029 eruar
3099 991 3128 1029 a
3172 977 3477 1031 tentatione.
3505 975 3569 1030 Et
3599 980 3656 1030 in

2082 1064 2187 1119 Deo
2232 1082 2340 1121 meo
2387 1065 2725 1136 transgredior
2762 1083 3005 1121 murum:
3044 1077 3097 1122 et
3122 1083 3224 1122 non
3247 1069 3310 1123 irr
3330 1084 3434 1133 me,
3462 1069 3554 1123 scd
3601 1070 3653 1124 in

2082 1156 2189 1211 Deo
2218 1171 2337 1211 meo
2378 1154 2733 1225 transgredior
2762 1170 2971 1210 murum
2996 1199 3012 1222 ,
3039 1172 3193 1224 quem
3226 1158 3360 1213 inter
3414 1158 3654 1214 homines

2078 1256 2133 1301 et
2157 1247 2422 1302 etetestem
2462 1246 2753 1302 Jerusalem
2782 1257 2995 1318 peccata
3024 1258 3324 1304 erexerunt.
3352 1283 3367 1304 ι

2150 1341 2239 1393 5i.
2269 1337 2415 1411 [vers.
2444 1338 2556 1412 δι]
2582 1338 2717 1395 Deus
2745 1357 2904 1407 meus,
2950 1340 3269 1393 immaculata
3294 1350 3368 1395 est
3396 1341 3475 1394 uia
3491 1341 3601 1407 eius
3632 1357 3654 1394 :

2083 1428 2219 1483 Deus
2246 1445 2394 1485 meus
2437 1445 2539 1484 non
2567 1433 2713 1486 venit
2737 1432 2789 1486 in
2844 1431 3248 1501 homines,.nisi
3290 1422 3657 1488 mandaverint

2081 1521 2218 1573 viam
2250 1520 2369 1574 ﬁdei
2395 1535 2498 1590 qua
2528 1521 2703 1576 veniat
2750 1521 2815 1575 ad
2858 1535 2989 1585 eos;
3033 1522 3153 1591 quia
3209 1521 3541 1576 immaculata
3570 1531 3657 1578 est

2081 1611 2161 1663 via
2184 1609 2317 1679 ejus.
2345 1608 2565 1680 Eloquia
2596 1610 2796 1664 Domini
2814 1611 2932 1680 igne
2954 1611 3236 1665 examinata
3265 1626 3285 1665 :
3309 1610 3512 1680 eloquia
3539 1612 3651 1666 Do-

2079 1701 2205 1754 mini
2240 1700 2359 1770 igne
2406 1701 2756 1755 tribulationis
2803 1701 3110 1772 probantur.
3153 1698 3413 1755 Protector
3440 1712 3512 1755 est
3539 1718 3655 1755 om-

2080 1790 2218 1843 nium
2256 1791 2568 1860 sperantium
2608 1788 2668 1844 id
2684 1807 2738 1845 se
2765 1805 2785 1844 :
2807 1800 2862 1846 et
2886 1805 3074 1845 omnes
3100 1791 3188 1861 qui
3218 1807 3322 1845 non
3348 1792 3401 1845 in
3440 1792 3652 1860 seipsis,

2080 1880 2172 1934 sed
2209 1881 2258 1934 iu
2296 1881 2388 1935 illo
2417 1890 2654 1951 sperant,
2700 1882 2887 1937 eadem
2937 1882 3276 1938 tribulatione
3304 1896 3410 1938 non
3457 1898 3656 1939 consu-

2080 1983 2328 2041 utuntur;
2357 1989 2481 2043 spes
2500 1975 2639 2028 enim
2667 1976 2903 2045 sequitur
2931 1974 3108 2030 ﬁdem.

2151 2064 2237 2119 52.
2261 2062 2409 2137 [vers.
2426 2063 2539 2135 52.]
2561 2064 2809 2130 Quoniam
2834 2065 2946 2134 quis
2963 2064 3119 2127 Deus,
3144 2074 3324 2134 praeter
3343 2064 3657 2119 Dominum?

2080 2157 2162 2213 cui
2191 2161 2469 2213 servimus.
2499 2155 2569 2211 Et
2594 2159 2704 2226 quis
2738 2157 2872 2212 Deus
2900 2169 3082 2229 praeter
3103 2156 3266 2215 Deum
3302 2167 3526 2212 nostrum
3548 2159 3575 2211 Ρ
3600 2167 3657 2213 et

2080 2248 2198 2319 quis
2239 2248 2378 2303 Deus
2417 2256 2609 2316 praeter
2649 2247 2951 2313 Dominum,
2984 2262 3141 2318 quem
3163 2257 3280 2318 post
3302 2247 3491 2303 bonam
3541 2262 3659 2303 ser-

2082 2340 2319 2402 vitutem.
2350 2348 2595 2415 tanquam
2636 2338 2999 2394 lnereditatem
3042 2348 3306 2409 speratam
3349 2337 3441 2393 ﬁlii
3471 2340 3646 2408 possi-

2081 2431 2323 2486 debimus
2336 2432 2361 2485 ?

2152 2523 2239 2578 55.
2271 2520 2420 2595 [vers.
2448 2520 2570 2594 55.]
2598 2520 2734 2576 Deus
2761 2521 2845 2593 qui
2878 2522 3140 2592 pra'cinxit
3165 2538 3243 2575 me
3260 2523 3435 2575 virtute
3465 2537 3484 2575 :
3512 2521 3657 2576 Deus

2081 2613 2169 2682 qui
2196 2627 2282 2666 me
2326 2611 2598 2682 pra-cinxit
2640 2621 2697 2666 ut
2722 2610 2872 2667 fortis
2896 2612 3017 2674 sim.
3077 2627 3145 2667 ne
3174 2611 3471 2667 difﬂuentes
3509 2612 3656 2667 sinus

2081 2702 2382 2773 cupiditatis
2404 2702 2693 2773 impediant
2735 2718 2897 2774 opera
2936 2712 2991 2757 et
3028 2717 3239 2772 gressus
3265 2718 3432 2757 meos.
3464 2700 3531 2755 Et
3560 2718 3655 2772 po-

2081 2794 2181 2847 suit
2211 2793 2586 2848 immaculatam
2611 2793 2742 2847 viam
2779 2810 2941 2848 meam
2957 2809 2978 2847 :
2996 2803 3053 2849 et
3069 2793 3244 2863 posuit
3268 2793 3656 2848 immaculatum

2084 2886 2218 2939 viam
2248 2885 2540 2951 cbaritatis,
2568 2900 2670 2954 qua
2699 2884 2762 2938 ad
2786 2884 2931 2937 illum
2960 2884 3165 2939 veniam
3187 2925 3201 2947 ,
3228 2883 3365 2940 sicut
3391 2884 3649 2939 immacu-

2082 2973 2188 3029 lata
2211 2983 2293 3030 est
2316 2973 2457 3039 ﬁdei,
2480 2990 2583 3044 qua
2606 2974 2743 3028 venit
2769 2973 2833 3027 ad
2856 2989 2960 3028 me.

2154 3066 2240 3121 5.5.
2280 3064 2440 3139 [vers.
2469 3063 2595 3137 δι]
2648 3065 2745 3132 Qui
2792 3066 2998 3135 perfecit
3045 3064 3193 3133 pedes
3242 3080 3376 3117 meos
3419 3073 3659 3135 tanquam

2083 3156 2214 3210 cervi
2242 3170 2260 3210 :
2288 3156 2375 3226 qui
2400 3155 2618 3225 perfecit
2641 3170 2875 3209 amorem
2907 3170 3105 3219 meum,
3136 3154 3200 3207 ad
3233 3154 3651 3209 transcendenda

2084 3246 2296 3314 spinosa
2319 3254 2373 3300 et
2415 3245 2663 3301 umbrosa
2706 3245 3093 3315 implicamenta
3139 3245 3292 3313 hujus
3342 3246 3539 3299 sasculi.
3592 3244 3658 3299 fit

2083 3354 2235 3409 super
2260 3339 2455 3394 excelsa
2498 3347 2677 3392 statuet
2715 3355 2793 3392 me
2820 3354 2839 3392 :
2881 3346 2935 3392 ct
2963 3353 3121 3408 super
3148 3338 3419 3393 cmlestem
3450 3338 3658 3392 habita-

2086 3429 2281 3485 tionem
2322 3428 2449 3500 ﬁgct
2496 3429 2838 3484 intentionem
2880 3443 3049 3483 meam
3077 3470 3092 3492 ,
3123 3438 3180 3482 ut
3207 3428 3428 3498 implcar
3455 3430 3508 3484 in
3537 3443 3660 3484 om-

2087 3534 2208 3574 nem
2236 3518 2615 3590 plenitudinem
2646 3519 2735 3574 Dei
2763 3518 2781 3590 (
2806 3518 2995 3601 Epiros.
3025 3535 3100 3583 ut,
3136 3518 3202 3574 l9
3228 3520 3270 3590 ).

2158 3610 2246 3666 55.
2278 3610 2427 3682 lucra.
2455 3608 2568 3682 55.]
2599 3610 2696 3678 Qui
2722 3611 2862 3665 docet
2888 3628 3065 3665 manus
3092 3627 3226 3665 meas
3245 3612 3313 3664 ad
3339 3612 3568 3680 proelium
3596 3614 3613 3644 ¹
3639 3629 3654 3663 :

2086 3701 2177 3772 qui
2223 3702 2380 3757 docet
2422 3717 2508 3756 me
2548 3701 2763 3771 operari
2808 3700 2874 3755 ad
2925 3701 3252 3771 superandos
3282 3701 3541 3765 inimicos,
3568 3702 3657 3773 qui

2088 3792 2244 3846 nobis
2271 3790 2622 3848 intercludere
2665 3792 2897 3847 ccelcstia
2942 3807 3103 3861 regna
3147 3800 3424 3846 conantur.
3458 3790 3521 3844 Et
3563 3808 3657 3861 po-

2086 3885 2232 3940 suisti
2255 3895 2306 3937 ut
2326 3898 2499 3936 arcum
2525 3897 2708 3936 loreum
2735 3882 2937 3936 brachia
2957 3898 3066 3935 mea
3090 3898 3109 3934 :
3129 3892 3183 3936 et
3213 3882 3430 3952 posuisti
3475 3880 3660 3935 infati-

2088 3978 2311 4048 gabilem
2340 3976 2682 4031 intentionem
2709 3975 2966 4029 bonorum
2994 3989 3210 4044 operum
3255 3989 3514 4028 meorum.

2159 4069 2248 4124 56.
2279 4066 2428 4141 [vers.
2482 4065 2597 4141 56.]
2623 4065 2691 4120 Et
2717 4066 2896 4121 dedisti
2932 4067 3053 4120 mihi
3082 4066 3433 4137 protectionem
3483 4064 3662 4120 salutis

2090 4176 2211 4213 mea:
2235 4162 2255 4190 ²
2280 4200 2295 4224 ,
2323 4170 2369 4213 et
2388 4158 2589 4212 dextera
2616 4167 2702 4210 tua
2721 4158 2937 4227 suscepit
2959 4173 3073 4211 me:
3102 4166 3155 4211 et
3184 4155 3327 4209 favor
3348 4157 3528 4227 gratius
3558 4166 3662 4209 tua:

2089 4251 2320 4319 suscepit
2364 4264 2468 4303 me.
2520 4247 2583 4301 Et
2610 4247 2880 4317 disciplina
2907 4258 2992 4300 tua
3041 4263 3118 4299 me
3142 4245 3321 4299 direxit
3367 4249 3417 4298 in
3457 4246 3610 4311 ﬁnem
3641 4262 3662 4300 :

2090 4354 2141 4396 et
2180 4341 2444 4408 correptio
2483 4349 2571 4392 tua
2615 4354 2700 4392 me
2739 4337 2954 4392 deviare
2979 4352 3084 4392 non
3113 4338 3292 4391 sinens
3335 4336 3547 4401 direxit,
3604 4348 3662 4390 ut

2090 4431 2340 4503 quidquid
2364 4446 2479 4500 ago,
2515 4430 2567 4484 in
2610 4446 2729 4485 eum
2761 4431 2919 4491 linem
2949 4429 3197 4493 referam,
3237 4445 3341 4499 quo
3364 4428 3661 4483 colueretur

2092 4525 2202 4580 tibi.
2234 4523 2299 4576 Et
2336 4523 2602 4594 disciplina
2628 4532 2711 4575 tua
2737 4524 2847 4594 ipsa
2888 4539 2963 4576 me
2990 4522 3179 4577 docebit
3205 4539 3224 4575 :
3253 4530 3306 4576 et
3332 4521 3514 4600 eadem
3541 4536 3660 4575 cor.

2091 4614 2261 4684 reptio
2290 4624 2373 4668 tua
2423 4630 2509 4669 me
2535 4613 2745 4668 docebit
2773 4613 3046 4682 pervenire
3073 4627 3175 4682 quo
3200 4611 3410 4666 direxit.

2170 4705 2258 4758 57.
2297 4702 2442 4775 [vers.
2468 4701 2581 4775 57.]
2620 4702 2855 4757 Dilatasti
2872 4719 3072 4773 gressus
3092 4718 3222 4756 meos
3237 4702 3403 4756 subter
3433 4715 3659 4756 me:nec

2093 4795 2378 4866 impedient
2405 4794 2642 4849 carnales
2677 4796 2971 4864 angustae;
3012 4794 3260 4863 quoniam
3292 4793 3449 4846 latam
3490 4791 3658 4846 fecisti

2091 4885 2400 4941 cbaritatem
2425 4899 2596 4938 meam
2625 4892 2929 4953 operantem
2963 4883 3219 4946 hilariter,
3249 4882 3407 4937 etiam
3435 4882 3500 4935 de
3524 4881 3657 4950 ipsis

2091 4990 2210 5044 qua:
2237 4973 2419 5029 subter
2465 4988 2549 5027 me
2590 4981 2713 5027 sunt
2755 4971 3062 5027 mortalibus
3113 4973 3269 5028 rebus
3314 4982 3362 5025 et
3389 4972 3660 5025 membris.

2097 5063 2160 5118 Et
2183 5081 2285 5117 non
2306 5072 2423 5117 sunt
2444 5064 2697 5132 inﬁrmata
2725 5063 2930 5133 vestigia
2951 5080 3061 5118 mea
3086 5079 3105 5117 :
3138 5074 3191 5117 ct
3219 5079 3320 5135 non
3351 5073 3469 5116 sunt
3512 5063 3663 5116 inﬁr-
3702 5108 3716 5121 .

2094 5166 2255 5220 mata,
2287 5155 2398 5209 sive
2441 5155 2625 5209 itinera
2655 5169 2766 5208 mea
2795 5194 2809 5219 ,
2840 5153 2951 5208 sive
2979 5155 3127 5225 signa
3169 5170 3286 5224 qua:
3328 5154 3569 5221 impressi
3598 5153 3665 5208 ad

2095 5245 2405 5301 imitandum
2436 5246 2797 5315 sequentibus.
3508 5314 3517 5318 ζ

2164 5339 2254 5396 58.
2288 5337 2438 5412 [νινε.
2489 5336 2617 5411 58.]
2669 5336 2952 5409 Persequar
2986 5338 3212 5392 inimicos
3248 5353 3400 5397 meos,
3437 5346 3483 5389 et
3531 5352 3667 5388 com-

2160 5513 2179 5545 ί
2201 5517 2306 5560 Mss.
2331 5508 2445 5571 duo,
2467 5506 2517 5571 in
2549 5507 2788 5569 praelium.
2822 5507 2905 5557 Alii
2938 5507 3180 5571 plerique,
3218 5507 3269 5558 in
3308 5505 3493 5565 prretio.
3536 5512 3665 5566 Apud
3734 5527 3743 5535 -

2096 5579 2205 5624 LXX
2233 5579 2310 5621 est
2328 5569 2397 5620 eis
2419 5568 2647 5632 polenwn.

2162 5637 2182 5667 ²
2204 5635 2277 5683 sic
2299 5628 2446 5687 editio
2462 5639 2568 5679 ων.
2589 5641 2641 5681 et
2662 5628 2878 5680 melioris
2891 5640 3017 5680 noue
3036 5636 3141 5679 uss.
3171 5637 3223 5678 At
3245 5635 3317 5677 Er.
3338 5636 3388 5677 et
3406 5635 3512 5677 octo
3533 5633 3664 5676 λιες..

2099 5694 2263 5746 salutis
2286 5701 2381 5743 tua:
2408 5705 2591 5757 :quam
2613 5692 2866 5757 lectionem
2892 5694 3090 5757 tlelu'aeo
3129 5690 3424 5753 respondere
3465 5698 3668 5738 testatur

2105 5760 2427 5821 Hieronymus,
2450 5753 2499 5805 iii
2521 5756 2658 5817 Epist.
2678 5753 2788 5816 5.35,
2810 5753 2869 5804 ad
2892 5755 3094 5808 Sintiam.
