3988 6188
294 352 390 406 1³⁵ὅὸ

289 464 597 533 prehendam
623 464 782 520 illos:
824 481 1109 536 persequar
1151 465 1366 520 alfectus
1396 467 1637 520 carnales
1682 478 1860 525 tneos,

292 572 389 610 nec
425 556 493 611 ab
532 556 610 611 eis
664 558 1112 627 comprehendar;
1145 559 1591 628 comprehendam
1643 558 1781 621 illos,
1812 566 1867 611 ut

290 648 654 702 absumantur.
693 648 756 702 Et
783 666 881 703 non
925 659 1182 702 convertar
1225 650 1380 703 donec
1404 651 1677 717 deﬁciant:
1709 660 1760 704 et
1798 649 1865 702 ab

291 737 389 791 ista
439 738 729 793 intentione
781 755 883 792 nou
930 748 1210 793 convertar
1260 738 1326 793 ad
1378 740 1647 810 quietem.
1695 739 1865 793 donec

290 828 535 882 deficiant
564 829 651 899 qui
681 828 991 900 obstrepunt
1035 830 1183 883 mihi.

360 921 448 978 59.
483 920 632 994 [ινα-ε.
665 922 776 995 '59.]
801 924 1129 995 Confringam
1153 925 1283 987 illos,
1315 940 1404 978 nec
1430 933 1656 994 poterunt
1686 934 1817 977 stare
1844 938 1862 976 :

289 1029 385 1069 nec
411 1015 675 1069 durabunt
697 1017 974 1072 adversum
994 1016 1301 1071 me.Cadent
1321 1018 1495 1071 subtus
1515 1016 1663 1086 pedes
1689 1032 1821 1068 meos
1843 1030 1862 1067 :

287 1105 509 1178 deiectis
560 1106 664 1161 iIiis
689 1149 704 1172 ,
737 1122 1032 1176 praeponam
1074 1123 1283 1162 amores
1333 1108 1524 1179 quibus
1550 1106 1761 1160 ambqu
1790 1106 1839 1159 in

286 1206 567 1250 a-ternum.
734 1192 743 1204 ’

357 1289 447 1344 40.
500 1287 652 1359 [vers.
680 1287 810 1358 40.]
844 1289 907 1343 Et
952 1292 1255 1361 prwcinxisti
1296 1306 1375 1344 me
1418 1291 1595 1344 uirtute
1644 1290 1711 1343 ad
1756 1288 1858 1343 bel-

284 1380 392 1433 lum
424 1395 443 1433 :
480 1388 535 1435 et
557 1381 920 1435 constrinxiin
951 1382 1163 1438 ﬂuentia
1197 1382 1456 1438 desideria
1500 1382 1674 1436 carnis
1727 1397 1858 1435 mere

283 1472 506 1535 virtute,
554 1485 621 1525 ne
676 1471 729 1524 in
776 1472 864 1525 tali
905 1488 1075 1542 pugna
1134 1472 1471 1542 praepedirer.
1506 1471 1858 1542 Supplantasti

283 1564 594 1633 insurgentes
617 1564 668 1616 in
698 1580 775 1617 me
797 1565 962 1618 subter
988 1583 1065 1619 me
1084 1583 1103 1620 :
1132 1566 1301 1634 decipi
1330 1565 1497 1620 fecisti
1543 1580 1635 1619 eos
1657 1565 1745 1634 qui
1772 1580 1859 1620 me

285 1656 719 1723 insequebantur,
781 1666 835 1709 ut
866 1657 1047 1712 subter
1096 1673 1179 1712 me
1225 1656 1410 1711 fierent
1451 1656 1537 1725 qui
1588 1671 1745 1727 super
1773 1671 1858 1712 me

288 1762 404 1801 esse
426 1745 728 1815 cupiebant.

356 1836 447 1893 4|.
480 1835 631 1909 [vers.
674 1837 805 1909 41.]
838 1837 903 1891 Et
932 1838 1159 1891 inimicos
1203 1854 1337 1892 meos
1381 1837 1560 1891 dedisti
1584 1836 1708 1890 milli
1734 1836 1856 1890 dor-

286 1945 397 1982 sum
424 1944 442 1981 :
467 1937 521 1983 et
560 1928 803 1983 inimicos
844 1944 990 1983 meos
1037 1930 1340 1984 eonvertisti
1364 1972 1378 1995 ,
1405 1938 1456 1984 et
1484 1930 1699 1984 dorsum
1730 1930 1857 1984 mihi

286 2034 379 2072 eos
401 2034 520 2075 esse
550 2018 740 2085 fecisti,
788 2020 835 2073 id
885 2030 985 2083 est,
1014 2029 1069 2074 ut
1104 2028 1451 2090 sequerentur
1493 2036 1600 2075 me.
1634 2020 1701 2073 Et
1742 2021 1857 2074 odio

287 2110 519 2163 habentes
544 2126 625 2163 nte
651 2110 993 2179 disperdidisti
1037 2127 1055 2164 :
1089 2111 1219 2165 alios
1248 2120 1419 2166 autem
1470 2126 1651 2165 eorum
1689 2112 1774 2181 qui
1804 2111 1855 2165 in

286 2200 409 2256 odio
440 2200 878 2270 perduraverunt,
907 2201 1292 2271 disperdidisti.

356 2290 449 2346 42.
475 2290 622 2363 [vcrs.
651 2290 765 2364 42.]
794 2290 1176 2356 Clamarerunt,
1194 2309 1282 2346 nec
1308 2301 1413 2346 erat
1434 2293 1519 2363 qui
1543 2293 1703 2347 salvos
1724 2297 1859 2365 face-

283 2391 360 2434 ret
384 2398 404 2434 :
438 2382 553 2449 quis
594 2382 736 2437 enim
777 2383 948 2437 salvos
978 2381 1211 2450 faceret,
1241 2398 1373 2453 quos
1403 2390 1456 2437 tu
1485 2397 1587 2437 non
1614 2382 1858 2437 faceres?

284 2472 368 2525 Ad
386 2470 676 2536 Dominum,
700 2489 787 2526 nec
808 2473 1057 2526 exaudivit
1080 2489 1163 2527 eos
1192 2488 1210 2526 :
1237 2488 1333 2527 nec
1351 2472 1417 2526 ad
1438 2472 1739 2541 quemlibet,
1764 2472 1857 2526 sed

285 2562 353 2616 ad
396 2562 673 2617 Dominum
731 2563 1120 2629 clamaveruut;
1154 2579 1252 2619 nec
1289 2563 1627 2619 exauditioue
1676 2563 1861 2634 dignos

283 2656 537 2726 judicavit
564 2672 668 2711 non
695 2657 1001 2712 recedentes
1024 2672 1053 2710 a
1078 2657 1275 2711 malitia
1299 2672 1413 2711 sua.

365 2747 455 2801 45.
511 2745 669 2819 [vers.
715 2745 827 2819 45.]
877 2747 941 2800 Et
992 2749 1328 2800 comminuam
1365 2748 1479 2800 illos
1512 2756 1567 2800 ut
1610 2745 1861 2816 pulverem

284 2847 400 2893 ants
428 2839 443 2868 '
478 2837 659 2907 [aciem
686 2837 812 2891 renti
856 2853 875 2892 :
902 2848 957 2893 et
981 2839 1335 2892 comminuam
1381 2838 1529 2901 illos;
1559 2837 1693 2891 aridi
1719 2837 1857 2891 enim

287 2940 426 2995 sunt,
463 2945 571 2984 non
631 2930 943 3000 recipientes
984 2930 1206 2985 imbrem
1237 2928 1611 2984 misericordiae
1640 2928 1732 2983 Dei
1762 2945 1775 2979 :
1807 2936 1862 2982 ut

286 3024 408 3078 elati
426 3033 587 3093 atque
608 3022 770 3077 inﬂati
797 3022 1062 3093 superbia,
1092 3037 1120 3076 a
1149 3037 1242 3092 spe
1265 3021 1411 3075 firma
1430 3032 1482 3076 et
1514 3023 1821 3075 inconcussa
1841 3060 1858 3084 ,

287 3128 337 3167 et
371 3126 622 3184 tanquam
645 3131 672 3167 a
703 3125 859 3169 terrm
886 3115 1149 3169 soliditate
1172 3123 1225 3168 et
1247 3113 1534 3167 stabilitate
1561 3112 1852 3181 rapiantur.

292 3204 544 3258 L‘tlutum
578 3206 852 3274 platearum
891 3206 1061 3259 delebo
1094 3224 1175 3259 eos
1201 3223 1219 3259 :
1248 3221 1339 3275 per
1366 3205 1498 3258 latas
1541 3219 1670 3273 quas
1709 3203 1859 3257 multi

287 3282 561 3350 aiulutlant
592 3298 898 3366 perditionis
914 3299 1043 3364 vias,
1073 3300 1398 3354 luxuriantes
1422 3309 1473 3353 et
1502 3298 1733 3353 lubricos
1759 3298 1858 3353 dc-

288 3386 406 3441 cho
432 3401 545 3442 eos.

354 3478 443 3533 ιιι.
474 3478 622 3551 [vers.
650 3480 762 3553 44.]
787 3479 947 3534 Erues
976 3498 1051 3533 me
1067 3482 1126 3533 de
1150 3480 1618 3535 contradictionibus
1648 3480 1859 3549 populi:

286 3586 444 3625 erues
474 3587 561 3625 me
588 3570 655 3625 de
681 3572 1189 3627 conti-:ulictionibus
1232 3588 1414 3627 eorum
1445 3572 1531 3641 qui
1563 3572 1812 3625 dixerunt
1843 3590 1855 3624 :

288 3661 350 3714 Si
376 3662 708 3715 dimiserimus
744 3680 855 3715 eum
884 3666 902 3694 ²
923 3706 937 3727 ,
976 3680 1120 3717 omne
1155 3664 1393 3718 sweulum
1441 3672 1549 3732 post
1576 3662 1721 3716 illum
1770 3662 1859 3716 ibit

287 3752 467 3823 (Joan.
491 3770 571 3819 xi,
601 3754 731 3824 48).
1830 3816 1835 3820 .

355 3846 446 3900 45.
477 3844 628 3917 [vers.
646 3844 1046 3917 45.]Constitnes
1065 3863 1143 3900 me
1169 3847 1221 3900 in
1241 3856 1390 3917 caput
1410 3845 1658 3900 Gentium.
1683 3844 1858 3913 Popu—

286 3936 363 3991 lus
385 3954 533 4007 quem
570 3954 670 3991 non
690 3939 894 4010 cognovi
918 3939 1113 3992 servivit
1136 3940 1257 3991 mihi
1302 3956 1320 3992 :
1360 3938 1586 4008 populus
1615 3938 1861 3992 Gentium

287 4043 444 4097 quem
476 4029 742 4098 corporali
774 4030 1047 4098 pr;esentia
1077 4044 1179 4083 non
1203 4030 1428 4095 visitavi,
1454 4030 1665 4083 servivit
1685 4029 1832 4082 mihi.

284 4116 352 4171 In
370 4119 613 4172 obauditu
637 4120 773 4173 auris
798 4119 1005 4173 obedivit
1035 4119 1155 4171 mihi
1184 4134 1201 4172 :
1227 4135 1392 4188 neque
1413 4119 1576 4173 oculis
1595 4134 1676 4171 me
1696 4118 1821 4171 vidit
1843 4132 1859 4183 ;

284 4208 383 4261 sed
410 4208 671 4277 recipiens
713 4210 1084 4278 pra-dicatores
1124 4224 1292 4273 meos,
1342 4210 1392 4263 in
1430 4210 1676 4263 obauditu
1722 4209 1863 4263 auris

282 4294 523 4353 obedivit'
539 4298 688 4352 mihi.

357 4387 729 4461 46.[vers.46.]
750 4389 868 4443 Filii
890 4393 1041 4444 alieni
1075 4393 1266 4445 mentiti
1290 4402 1404 4447 sunt
1439 4394 1560 4446 mihi
1586 4409 1603 4446 :
1636 4392 1725 4447 lilii
1758 4409 1859 4447 non

286 4480 392 4534 mei
411 4479 639 4546 dicendi,
659 4480 753 4535 sed
775 4483 945 4551 potius
972 4482 1149 4548 alieni,
1168 4483 1358 4552 quibus
1386 4494 1527 4538 recte
1540 4484 1747 4545 dicitur,
1765 4483 1863 4537 Vos

289 4586 351 4623 ea:
394 4580 533 4639 patre
557 4571 755 4625 diabolo
782 4574 896 4626 estis
926 4571 1036 4639 (1d.
1066 4589 1177 4637 Vill,
1210 4575 1318 4644 44).
1339 4574 1541 4629 mentiti
1561 4584 1682 4629 sunt
1713 4574 1859 4628 mihi.

291 4659 415 4715 Filii
433 4662 587 4715 alieni
606 4663 996 4717 inveteraverunt
1026 4682 1043 4718 :
1068 4664 1157 4718 lilii
1191 4665 1369 4729 alieni,
1395 4666 1587 4735 quibus
1620 4675 1676 4719 ut
1700 4681 1859 4720 reno-

289 4761 541 4807 varentur
592 4752 794 4807 Novum
835 4754 1232 4809 Testamentum
1280 4756 1447 4820 attuli,
1479 4756 1528 4809 in
1560 4768 1737 4810 vetere
1769 4756 1864 4809 bo-

290 4845 431 4898 snine
454 4853 840 4900 remanserunt.
876 4845 938 4899 Et
968 4847 1373 4901 ctaudicaverunt
1401 4865 1433 4900 a
1461 4849 1650 4901 semitis
1702 4849 1806 4901 suis
1837 4865 1849 4901 :

290 4945 342 4987 ιιι
381 4944 628 5004 tauquam
672 4952 775 4990 uno
806 4937 939 5006 pede
968 4939 1187 5004 debiles,
1222 4940 1340 5009 quia
1394 4938 1557 4993 Vetus
1597 4947 1859 5006 tenentes,

292 5025 491 5079 Novum
514 5025 916 5082 Testamentum
943 5040 1280 5099 respuerunt,
1313 5030 1485 5085 claudi
1513 5030 1685 5086 cIi‘ecti
1715 5040 1858 5097 sunt,

290 5116 525 5170 etiamin
559 5118 670 5187 ipsa
693 5128 873 5173 vetere
912 5120 1051 5190 Lege
1092 5121 1265 5190 potius
1295 5121 1603 5177 traditiones
1627 5138 1748 5177 suas
1777 5137 1863 5178 se-

290 5218 533 5274 quentes,
567 5225 723 5280 quam
765 5211 888 5275 Dei;
920 5212 1383 5267 calunmiabantur
1408 5215 1548 5269 enim
1590 5214 1657 5269 de
1686 5217 1858 5269 mani-

289 5300 387 5355 bus
435 5317 540 5357 non
588 5302 708 5359 lotis
740 5301 963 5373 (Matth.
989 5321 1072 5369 xv,
1101 5304 1203 5378 2),
1252 5306 1371 5375 quia
1412 5307 1541 5361 tales
1583 5318 1729 5362 erant
1778 5325 1861 5363 se-

286 5391 430 5444 mita:
460 5407 594 5462 quas
641 5392 743 5463 ipsi
794 5394 1025 5448 fecerant
1070 5404 1122 5447 et
1172 5396 1551 5452 consuetudine
1588 5397 1858 5464 trivetant,

284 5482 585 5538 aberraudo
618 5484 686 5539 ab
711 5485 986 5540 itineribus
1015 5498 1395 5556 praeceptorum
1430 5487 1539 5542 Dei.

348 5661 369 5734 1
392 5660 616 5734 mea!"
639 5660 925 5734 υεεσιέηετια
945 5658 1117 5734 avie"!
1140 5659 1275 5729 Wi-
1537 5724 1547 5734 .

278 5723 369 5834 lu:
392 5729 437 5770 In
463 5722 711 5788 plerisque
749 5720 872 5785 3155.,
908 5720 955 5772 si
998 5720 1315 5773 dimiserimus
1350 5736 1457 5775 eum
1504 5724 1677 5787 rivum,
1704 5739 1854 5776 siccu-

348 5796 403 5834 u.
424 5792 518 5834 etc.
1718 5828 1725 5834 .

387 5817 403 5844 ’
424 5817 518 5834 μιν.

1408 350 1796 408 ΕΝΑΠΒᾹΤΙΟ
1834 349 1896 403 IN
1937 349 2247 411 PSALMUII
2286 356 2467 413 XVIII.
3442 379 3503 432 η

3474 386 3541 435 3’s

2046 467 2133 522 47.
2160 468 2330 541 [vers.-
2358 474 2471 547 47.]
2505 475 2632 531 Vivit
2691 479 2941 539 Dominus
2962 530 2974 549 ,
3007 498 3050 542 et
3090 492 3372 550 benedictus
3395 499 3530 554 Dens

1971 575 2150 613 meus:
2191 565 2480 620 secundum
2520 584 2731 625 carnem
2773 588 2945 631 autem
2972 561 3213 645 'saperc,
3263 605 3404 643 mors
3451 604 3533 647 est

1970 651 2161 718 (Rom.
2190 671 2299 717 vut,
2329 658 2422 726 6);
2473 663 2597 715 vivit
2622 667 2760 720 enim
2812 669 3080 738 Dominus,
3132 689 3184 731 et
3231 680 3536 742 benedictus

1968 743 2106 798 Deus
2150 763 2316 802 meus.
2361 750 2689 809 Etexaltetur
2727 758 2857 813 Deus
2882 765 3055 818 salutis
3101 787 3220 823 mea:
3259 789 3276 825 :
3330 786 3382 829 et
3427 795 3529 835 nou

1912 902 1920 911 .
1969 843 2174 891 terrena
2208 844 2589 899 Consuetudine
2628 848 2692 903 de
2717 850 2822 904 Deo
2869 854 3049 910 salutis
3093 877 3222 916 mea:
3269 872 3527 935 sentiam;

1968 941 2064 979 nec
2107 935 2369 984 terrenam
2399 933 2560 1002 ipsam
2618 938 2862 1008 salutem,
2896 944 2989 999 sed
3034 947 3087 1002 in
3117 953 3328 1009 excelso
3354 958 3418 1011 de
3444 933 3533 1014 illo

1937 1030 1944 1038 '
1966 1029 2193 1084 sperem.

2036 1105 2121 1159 48.
2156 1106 2312 1179 [vers.
2336 1110 2461 1185 48.]
2494 1114 2628 1171 Deus
2653 1121 2737 1185 qui
2757 1122 2848 1176 das
2876 1125 3117 1183 vindictas
3144 1135 3286 1199 mihi,
3335 1147 3380 1191 et
3403 1147 3527 1194 sub-

1965 1195 2042 1249 dis
2069 1200 2280 1291 populos
2305 1202 2393 1255 sub
2424 1221 2501 1259 me
2524 1223 2542 1259 :
2575 1208 2713 1265 Deus
2742 1215 2829 1283 qui
2856 1216 3093 1276 vindicas
3114 1240 3219 1291 me,
3251 1195 3527 1288 subdendo

1964 1288 2183 1354 populos
2213 1292 2309 1345 sub
2336 1309 2440 1347 me.
2485 1296 2744 1354 Liberator
2772 1321 2909 1360 mens
2954 1309 3016 1362 de
3040 1288 3293 1371 inimicis'
3324 1323 3527 1379 iracun-

1963 1377 2089 1485 t‘tisl:
2114 1379 2479 1481 clamantibus,
2513 1388 2777 1462 Cruci/iga,
2806 1399 3045 1470 cruci/ige
3066 1403 3243 1473 (loan.
3273 1426 3388 1478 ιιι,
3424 1414 3456 1469 6
3481 1377 3520 1485 l,

1961 1466 2173 1522 Judmis.

2032 1560 2117 1652 >497.
2150 1561 2293 1633 [vers
2323 1566 2436 1638 49.]
2466 1568 2538 1622 Ab
2558 1572 2923 1645 insurgentibus
2948 1582 2998 1636 in
3028 1601 3104 1639 me
3128 1591 3370 1647 exultabis
3393 1613 3470 1650 me
3505 1615 3524 1652 :

1961 1664 1989 1702 a
2011 1650 2204 1706 Judreis
2234 1655 2621 1727 insurgentibus
2644 1665 2691 1717 in
2715 1682 2799 1721 me
2826 1670 3131 1742 patientem,
3160 1682 3413 1739 exaltabis
3438 1650 3524 1744 me

1962 1757 2340 1813 resurgentem.
2369 1750 2413 1802 A
2440 1751 2544 1806 viro
2576 1754 2743 1825 iniquo
2770 1776 2911 1815 erues
2936 1780 3013 1818 me
3038 1781 3056 1820 :
3078 1783 3108 1822 a
3138 1786 3302 1841 regno
3338 1790 3519 1833 eorum

1961 1849 2138 1903 nuqno
2160 1852 2314 1894 erues
2346 1857 2448 1896 me.

2030 1926 2117 1981 50.
2147 1926 2293 2000 [vers.
2326 1933 2394 1987 50
2420 1932 2439 2006 ]
2479 1934 2754 2003 Propterea
2782 1946 3051 2011 confitebor
3080 1950 3165 2003 tibi
3189 1952 3240 2005 in
3268 1954 3522 2019 Gentibus.

1963 2016 2174 2115 Domine
2206 2038 2219 2073 :
2248 2034 2521 2115 propterea
2553 2029 2638 2083 tibi
2667 2046 2762 2100 per
2787 2051 2869 2088 mc
2892 2040 3279 2095 conﬁtebuntur
3305 2016 3521 2115 Gentes,

1961 2106 2201 2162 Domine.
2241 2110 2307 2164 Et
2332 2117 2524 2169 nomini
2542 2126 2626 2173 tuo
2655 2122 2868 2189 psallam
2897 2140 2915 2177 :
2939 2135 2991 2180 et
3028 2128 3182 2184 latius
3225 2106 3523 2192 innotesces

1962 2199 2112 2255 bonis
2142 2205 2391 2272 operibus
2414 2210 2564 2263 meis.

2030 2295 2091 2349 5i
2105 2334 2117 2348 .
2148 2295 2294 2367 [vefs.
2316 2299 2373 2353 SI
2462 2301 2517 2353 Μ
2520 2304 2795 2373 agni/icans
2815 2309 3003 2365 salutes
3024 2314 3152 2383 regis
3172 2315 3363 2385 ipsius:
3386 2318 3527 2374 Deus

1961 2386 2046 2453 qui
2077 2389 2393 2457 magnilicat,
2425 2402 2479 2445 ut
2508 2394 2842 2454 admirabiles
2872 2402 3023 2458 faciat
3048 2406 3245 2463 salutes
3265 2424 3394 2479 quas
3414 2412 3526 2481 ejus

1963 2476 2127 2531 Filius
2151 2480 2236 2533 dat
2265 2483 2621 2540 credentibus.
2659 2488 2723 2541 Et
2748 2493 2934 2560 faciens
2961 2476 3353 2553 misericordiam
3377 2476 3531 2555 Cll-ri-

1962 2578 2037 2620 sto
2062 2585 2153 2622 suo
2182 2587 2200 2624 :
2234 2572 2367 2626 Deus
2406 2576 2493 2643 qui
2534 2576 2659 2633 facit
2700 2582 3111 2640 misericordiam
3157 2588 3366 2644 Christo
3408 2609 3524 2647 suo.

1963 2655 2128 2710 David
2151 2670 2196 2713 et
2223 2664 2399 2715 semini
2424 2666 2530 2734 ejus
2559 2684 2712 2736 usque
2738 2670 2789 2722 in
2816 2674 3055 2728 steculum
3081 2692 3101 2729 :
3135 2675 3229 2747 ipsi
3261 2679 3527 2737 liberatori

1966 2752 2119 2801 manu
2142 2754 2339 2820 potenti
2366 2755 2451 2823 qui
2474 2756 2593 2810 vici:
2622 2758 2761 2812 hunc
2784 2763 3056 2831 mundum,
3077 2776 3130 2821 et
3158 2768 3234 2822 eis
3259 2763 3392 2839 quos
3414 2788 3528 2827 cre-

1963 2837 2149 2895 dentes
2191 2842 2467 2913 Evangelio
2494 2849 2673 2915 genuit
2706 2850 2756 2904 in
2784 2864 3057 2909 :eternum.
3098 2837 3449 2932 Quaecumque
3475 2864 3526 2918 in

1965 2930 2064 2985 hoc
2095 2933 2300 3001 psalmo
2328 2935 2462 2991 dicza
2500 2950 2642 3005 sunt,
2674 2957 2790 3010 quae
2832 2945 2928 3012 ipsi
2970 2946 3189 3001 Domino
3216 2930 3445 3020 proprie,
3477 2955 3525 3007 id

1963 3030 2052 3075 est'
2068 3024 2222 3093 capiti
2253 3026 2500 3083 Ecclesia:
2526 3045 2818 3100 congruere
2847 3050 2952 3089 non
2981 3049 3215 3106 possunt,
3245 3042 3309 3095 ad
3345 3042 3527 3099 Eccle-

1961 3111 2092 3166 siam
2133 3115 2403 3171 referenda
2442 3132 2583 3174 sunt.
2624 3123 2788 3179 Totus
2814 3126 2951 3181 enim
2982 3128 3220 3186 Christus
3246 3131 3330 3187 hic
3357 3135 3528 3204 loqui-

1962 3212 2065 3268 tur,
2094 3205 2147 3259 in
2174 3222 2276 3275 quo
2296 3222 2417 3264 sunt
2443 3213 2616 3265 omnia
2650 3216 2883 3271 utembra
2911 3220 3047 3286 ejus.

1971 3314 3158 3342 Ἢ

3170 3332 3513 3347 ψ

2380 3398 2462 3458 ΙΝ
2504 3400 2881 3464 PSALMUM
2924 3406 3131 3468 XVIII

2514 3523 2908 3582 ENARRATIO
2947 3528 2986 3582 I.

2315 3635 2380 3689 In
2406 3638 2575 3705 finem,
2610 3638 2846 3695 Psalmus
2875 3644 2970 3712 ipsi
3001 3643 3183 3698 David.

2033 3751 2083 3802 I.
2116 3767 2264 3821 lvers.
2298 3751 2373 3822 1.]
2404 3753 2610 3808 Titulus
2636 3764 2790 3810 notus
2820 3766 2899 3809 est
2925 3774 2937 3811 :
2969 3773 3065 3810 nec
3098 3758 3349 3811 Dominus
3372 3758 3526 3815 Jcsus

1961 3837 2200 3894 Christus
2223 3841 2333 3896 luec
2356 3844 2500 3908 dicit,
2531 3846 2622 3898 sed
2649 3846 2714 3899 de
2740 3846 2826 3898 illo
2852 3847 2963 3900 bare
2988 3847 3250 3901 dicuntur.

2032 3930 2086 3983 2.
2117 3931 2262 4003 [vers.
2287 3933 2365 4005 2.]
2395 3934 2519 3988 Caeli
2546 3946 2780 3989 enarrant
2806 3937 3017 4006 gloriam
3048 3938 3143 3991 Dei
3165 3955 3182 3993 :
3205 3940 3327 4008 justi
3350 3940 3525 3997 Evan-

1963 4021 2183 4089 gelistae,
2217 4023 2267 4075 in
2294 4024 2484 4093 quibus
2515 4024 2652 4077 Deus
2681 4034 2924 4094 tanquam
2956 4028 3004 4080 in
3030 4028 3178 4083 caelis
3201 4029 3417 4095 habitat,
3438 4047 3528 4086 ex-

1967 4122 2165 4181 ponunt
2201 4115 2418 4184 gloriam
2448 4116 2650 4169 Domini
2681 4119 2843 4171 nostri
2873 4118 2993 4172 Jesu
3032 4121 3247 4184 Christi,
3276 4122 3386 4177 sive
3414 4125 3528 4192 glu-

1946 4202 2095 4263 ,riatn
2125 4219 2223 4273 qua
2254 4206 2560 4273 gloriﬁcavit
2589 4206 2796 4261 Patrem
2830 4208 2991 4262 Filius
3020 4227 3178 4278 super
3208 4222 3417 4265 terram.
3466 4214 3529 4266 Et

1966 4310 2117 4361 opera
2144 4312 2381 4347 mammm
2421 4298 2527 4367 ejus
2568 4299 2832 4351 annuntiat
2868 4299 3230 4367 ﬁrmamentum
3262 4318 3280 4355 :
3307 4312 3356 4357 et
3397 4304 3529 4359 facta

1966 4385 2213 4437 virtutum
2244 4386 2447 4439 Domini
2475 4389 2745 4441 annuntiat
2769 4388 3175 4458 firmamentum,
3195 4392 3383 4448 fiducia
3412 4394 3530 4463 Spi-

1967 4474 2097 4527 ritus
2124 4477 2286 4529 sancti
2316 4485 2369 4530 et
2388 4477 2579 4531 cadum
2606 4478 2818 4545 factum,
2842 4481 2980 4551 quod
3000 4491 3153 4537 antea
3181 4484 3367 4540 timore
3388 4497 3529 4543 terra

1966 4574 2097 4618 erat.
2716 4622 2721 4629 ,
3208 4616 3211 4619 .

2038 4657 2088 4710 5.
2122 4655 2271 4728 [vers.
2298 4658 2376 4732 3.]
2418 4659 2533 4713 Dies
2560 4660 2657 4714 diei
2677 4672 2867 4715 eructat
2892 4662 3093 4716 verbum
3123 4678 3141 4717 :
3167 4663 3387 4733 Spiritu:
3418 4667 3530 4738 spi-

1966 4747 2238 4804 ritualibus
2281 4751 2477 4818 proiert
2520 4750 2894 4820 plenitudinem
2939 4752 3381 4810 incommutabilis
3429 4758 3530 4813 Sa-

1967 4839 2174 4907 pientia:
2216 4839 2329 4901 Dei,
2356 4839 2497 4909 quod
2531 4839 2761 4894 Verbum
2812 4840 2863 4894 in
2909 4843 3162 4912 principio
3214 4844 3350 4900 Deus
3394 4848 3531 4917 apud

1969 4930 2135 4985 Deum
2163 4941 2243 4985 est
2269 4932 2461 5000 (Joan.
2492 4947 2528 4997 I,
2563 4932 2583 4983 i
2615 4932 2655 5000 ).
2702 4932 2769 4985 Et
2797 4949 2898 4995 non:
2923 4936 3054 4988 nocti
3083 4939 3345 4991 annuntiat
3372 4940 3528 4995 scien-

1966 5023 2088 5075 tiam
2111 5038 2130 5076 :
2153 5033 2205 5078 et
2231 5024 2525 5078 mortalitas
2549 5024 2721 5077 carnis
2750 5031 2994 5094 tanquam
3025 5026 3177 5097 longe
3206 5030 3388 5098 positis
3414 5049 3528 5087 ear-

1967 5115 2204 5182 nalibus,
2247 5115 2401 5170 fidem
2433 5116 2761 5183 insinuando,
2794 5118 3069 5173 annuntiat
3096 5122 3321 5177 futuram
3358 5126 3527 5179 sciens

1967 5205 2115 5260 liam.

2036 5298 2089 5353 4.
2120 5296 2266 5369 [vers.
2295 5296 2369 5370 4.]
2400 5297 2519 5352 Non
2542 5310 2659 5353 sunt
2683 5300 2911 5370 loquelae,
2940 5318 3093 5373 neque
3124 5320 3391 5368 sermones,
3419 5319 3535 5368 quo-

1966 5406 2078 5442 rum
2102 5407 2200 5444 non
2230 5390 2501 5444 audiantur
2521 5408 2661 5446 voces
2687 5409 2857 5447 eorum
2887 5409 2906 5447 :
2932 5409 3025 5463 per
3048 5410 3181 5464 quos
3209 5412 3313 5449 non
3340 5394 3525 5448 audin!

1964 5483 2071 5537 sint
2088 5496 2246 5537 voces
2262 5482 2734 5552 Evangelistarum,
2757 5500 2875 5540 cum
2894 5486 3137 5541 omnibus
3156 5487 3342 5556 linguis
3364 5485 3523 5538 Eran-

1965 5575 2157 5647 gelium
2185 5575 2579 5644 pnediearetur.

2032 5730 2046 5761 ι
2072 5733 2143 5778 sic
2165 5729 2343 5797 aliquot
2364 5728 2577 5797 melioris
2614 5736 2739 5797 noue
2764 5737 2866 5797 Mss.
2892 5733 3062 5797 omissa
3098 5741 3233 5789 voce,
3262 5730 3392 5792 meis,
3421 5744 3523 5797 qua

1968 5804 2060 5841 nec
2083 5800 2158 5841 est
2180 5789 2303 5855 apud
2327 5797 2451 5841 Lxx.
2478 5789 2700 5854 [ittittticis
2722 5791 2854 5845 meis.
2879 5793 2994 5853 etc.]
