3988 6188
444 333 544 388 155

516 450 569 503 5.
600 444 663 501 In
686 461 878 501 omnem
907 454 1088 498 terram
1109 443 1227 496 exiit
1248 457 1398 496 sonus
1423 457 1613 507 eorum,
1639 440 1757 494 etin
1782 440 1908 509 ﬁnes
1931 454 2005 492 or-

442 541 514 595 bis
531 555 674 594 terra:
697 541 840 594 verba
864 555 1056 592 eorum.

513 633 564 688 6.
597 631 756 703 [vers.
786 628 862 700 6.]
894 629 958 682 In
983 631 1087 683 sole
1115 631 1278 699 posuit
1303 628 1679 682 tabernaculum
1705 645 1848 681 suum
1879 628 1952 696 (a)
1987 644 2002 680 :

445 723 696 778 Dominus
717 732 889 775 autem
918 732 972 774 ut
991 721 1244 775 adversus
1272 738 1430 791 regna
1462 721 1826 791 temporalium
1854 735 2003 775 erro-

446 829 558 866 rum
602 813 959 882 btlligeraret,
997 829 1098 866 non
1141 828 1341 881 pacem,
1373 813 1462 865 sed
1491 812 1717 881 gladium
1749 812 2004 865 missurus

448 904 500 956 in
535 911 727 956 terram
757 903 773 972 (
800 902 982 955 Matth.
1008 920 1060 965 x,
1079 902 1205 973 5i),
1234 902 1285 956 in
1333 913 1568 974 tempore
1593 903 1676 957 vel
1705 903 1756 956 in
1785 901 1999 956 manife-

444 992 670 1046 statione
696 993 865 1060 posuit
895 1002 1139 1061 tanquam
1169 993 1392 1047 militare
1430 993 1782 1046 habitaculum
1811 1007 1962 1046 suum
1987 1027 2032 1057 ,ο

444 1084 543 1137 hoc
592 1092 672 1136 est
717 1082 1156 1152 dispensationem
1201 1083 1572 1137 incarnationis
1611 1098 1741 1136 sum.
1795 1082 1859 1136 Et
1900 1083 2008 1151 ipse

442 1187 678 1238 tanquam
713 1192 926 1245 sponsus
965 1175 1234 1245 procedens
1275 1175 1338 1229 de
1379 1175 1598 1229 thalamo
1631 1191 1722 1228 suo
1751 1193 1770 1228 :
1799 1183 1870 1229 et
1894 1175 2008 1243 ipse

444 1267 734 1336 procedens
758 1267 824 1320 de
851 1278 1000 1320 utero
1027 1267 1286 1337 virginali,
1316 1267 1403 1320 ubi
1431 1267 1568 1321 Deus
1598 1275 1796 1320 natura:
1825 1267 2011 1320 huma-

447 1373 526 1412 na:
550 1367 790 1427 tanquam
825 1363 1049 1428 sponsus
1075 1374 1281 1428 sponsae
1300 1359 1572 1428 c0pulatus
1595 1365 1696 1412 est.
1727 1357 2010 1411 Exsultavit

442 1449 567 1500 sicut
597 1450 736 1518 gigas
763 1448 830 1500 ad
857 1449 1154 1501 currendum
1174 1449 1303 1501 viam
1331 1463 1350 1501 :
1368 1447 1647 1502 exsultavit
1675 1448 1806 1502 sicut
1829 1447 2008 1500 fortis-

447 1541 630 1605 simus,
655 1552 708 1595 et
728 1550 950 1594 eteteros
979 1541 1217 1594 homines
1239 1539 1632 1608 incomparabin
1659 1539 1849 1592 virtute
1878 1555 2011 1608 prte-

444 1632 657 1697 cedens,
688 1647 790 1685 non
818 1632 880 1686 ad
915 1631 1268 1698 habitandam,
1297 1631 1389 1686 sed
1411 1631 1476 1686 ad
1503 1631 1814 1686 curreudam
1846 1631 2006 1684 viam.

443 1720 556 1779 Non
584 1725 722 1777 enim
751 1723 804 1777 in
837 1724 916 1778 via
947 1731 1276 1793 peccatorum
1303 1724 1447 1779 stetit.
1477 1723 1647 1793 (Psal.
1671 1740 1707 1789 ι,
1738 1725 1814 1794 1).

516 1814 566 1866 7.
595 1812 742 1886 [vcrs.
768 1813 842 1886 7.]
873 1815 914 1868 Α
939 1831 1134 1868 summo
1162 1815 1284 1868 coelo
1305 1815 1517 1894 egressio
1537 1815 1645 1887 ejus
1672 1814 1740 1884 (b)
1769 1831 1831 1868 :a
1857 1814 2011 1871 Patre

445 1907 677 1974 egressio
715 1908 829 1975 ejus
851 1950 867 1972 ,
914 1924 1017 1962 non
1063 1909 1366 1978 temporalis
1386 1949 1401 1973 ,
1429 1907 1522 1962 sed
1551 1917 1748 1962 aeterna
1769 1948 1785 1971 ,
1811 1923 1912 1977 qua
1942 1906 2011 1962 de

445 1996 600 2052 Patre
641 2009 930 2053 natusest.
970 1999 1036 2052 Et
1079 2016 1313 2053 occursus
1352 2001 1460 2071 ejus
1499 2017 1650 2070 usque
1671 2006 1738 2052 ad
1764 2016 2010 2053 summum

443 2090 590 2142 caeli1
639 2090 702 2142 Et
748 2091 976 2144 occurrit
1025 2092 1349 2158 plenitudine
1395 2091 1686 2146 divinitatis
1733 2107 1899 2162 usque
1944 2093 2010 2146 ad

446 2180 794 2248 mqualitatcm
841 2182 1028 2235 Patris.
1065 2182 1128 2234 Et
1155 2199 1254 2235 non
1285 2193 1354 2237 est
1382 2184 1466 2253 qui
1491 2199 1545 2237 se
1567 2183 1838 2237 abscondat
1861 2201 1893 2236 a
1921 2200 2010 2238 ca-

447 2268 550 2322 lore
591 2271 698 2339 ejus
720 2288 739 2323 :
761 2285 878 2324 eum
909 2283 1082 2324 autem
1111 2272 1341 2326 Verbum
1367 2275 1527 2328 etiam
1551 2289 1677 2328 caro
1705 2274 1899 2328 factum
1931 2283 2012 2328 est

448 2369 502 2414 et
519 2360 828 2415 habitavitin
852 2363 1002 2416 nobis
1018 2362 1190 2432 (Joan.
1215 2365 1361 2434 1,14)
1388 2365 1756 2420 mortalitatem
1780 2375 2010 2420 nostram

447 2453 759 2520 suscipiens,
791 2467 895 2506 non
939 2454 1175 2522 permisit
1213 2455 1377 2509 ullum
1420 2457 1718 2510 mortalium
1759 2442 2014 2512 excusare

446 2556 505 2596 se
531 2541 597 2597 de
623 2543 804 2598 umbra
834 2545 1048 2609 mortis;
1089 2554 1143 2600 et
1167 2545 1334 2616 ipsam
1363 2547 1503 2601 enim
1535 2549 1830 2616 penetravit
1857 2548 2012 2602 Verbi

445 2634 607 2688 calor.

518 2727 570 2782 8.
599 2727 747 2799 [vers.
777 2727 855 2801 8.]
882 2728 987 2783 Lex
1011 2729 1218 2784 Domini
1241 2730 1563 2784 immaculata
1586 2741 1874 2786 convertens
1899 2730 2013 2784 ani-

450 2833 576 2871 mas.
625 2819 729 2872 Lex
761 2835 887 2890 ergo
924 2822 1127 2876 Domini
1165 2823 1277 2891 ipse
1311 2830 1412 2884 est,
1445 2821 1532 2892 qui
1557 2824 1699 2878 venit
1725 2823 1891 2892 legem
1913 2823 2012 2876 im-

451 2911 630 2978 plete,
675 2927 777 2964 non
827 2914 1034 2968 solvere
1069 2912 1296 2984 (Matth.
1322 2929 1374 2978 v,
1408 2915 1509 2982 17)
1544 2932 1556 2967 :
1587 2923 1640 2968 et
1683 2915 2012 2969 immaculata

452 2999 556 3066 lex,
585 3001 672 3069 qui
705 3012 972 3069 peccatum
1017 3019 1120 3056 non
1165 3004 1309 3064 fecit,
1346 3018 1441 3058 nec
1487 3005 1728 3058 iuventus
1751 3017 1833 3060 est
1863 3005 2015 3059 dolus

447 3090 501 3143 in
519 3106 609 3144 ore
630 3091 744 3159 ejus
769 3090 830 3162 (ll
855 3089 996 3146 Petr.
1024 3109 1083 3152 ll,
1110 3093 1234 3161 22);
1257 3109 1356 3146 non
1395 3109 1638 3161 premens
1665 3095 1868 3148 animas
1898 3110 2013 3149 ser-

450 3183 630 3236 vitulis
664 3184 788 3253 jugo
813 3223 828 3248 ,
859 3185 951 3239 sed
979 3184 1042 3238 ad
1073 3199 1130 3239 se
1159 3186 1462 3239 imitandum
1507 3186 1748 3243 libertate
1789 3201 2016 3242 conver-

451 3286 587 3330 tens.
634 3275 989 3330 Testimonium
1017 3277 1218 3330 Domini
1257 3278 1424 3345 ﬁdele,
1449 3281 1747 3347 sapientiam
1771 3289 2016 3348 priestans

420 3400 431 3412 ο
449 3369 670 3437 parvulis
693 3367 1090 3424 :Testimonium
1113 3369 1313 3422 Domini
1341 3371 1506 3436 ﬁdele,
1538 3371 1657 3441 quia
1689 3386 1845 3427 nemo
1871 3372 2016 3426 novit

450 3459 659 3513 Patrem
702 3460 802 3514 nisi
852 3460 892 3514 F
897 3461 1033 3527 ilius,
1079 3469 1133 3515 et
1176 3461 1258 3516 cui
1307 3462 1528 3517 voluerit
1576 3463 1739 3518 Filius
1780 3463 2016 3521 revelare

449 3548 662 3619 (Matth.
687 3567 763 3616 XI,
789 3551 884 3622 27)
921 3569 934 3604 :
963 3567 1080 3622 qua:
1109 3551 1410 3607 abscondita
1443 3564 1565 3608 sunt
1591 3569 1620 3608 a
1645 3555 1970 3625 sapientibus
1996 3597 2013 3622 ,

449 3651 501 3694 et
531 3643 756 3696 revelata
784 3644 1045 3712 parvulis;
1074 3644 1319 3713 quoniam
1354 3646 1494 3700 Deus
1521 3648 1764 3720 superbis
1791 3648 2008 3716 resistit,

449 3729 734 3807 humilibus
761 3743 934 3789 autem
959 3734 1050 3788 dat
1078 3735 1297 3804 gratiam
1329 3734 1529 3806 (Jacobi
1553 3753 1626 3803 ιν,
1655 3736 1733 3808 6).

519 3825 570 3880 9.
600 3825 746 3897 [vers.
771 3825 848 3898 9.]
869 3826 1089 3904 Iustitia:
1107 3827 1314 3883 Domini
1336 3840 1501 3897 rectte,
1525 3831 1833 3898 ltrtiﬁcantes
1852 3853 1938 3892 cor
1953 3841 1973 3871 ²
1999 3857 2012 3894 :

452 3935 636 3975 omnes
659 3925 873 3991 justitite
905 3927 1110 3982 Domini
1151 3928 1200 3982 in
1237 3929 1328 3983 illo
1370 3939 1547 3993 rectm.
1579 3933 1667 4002 qui
1706 3948 1809 3987 non
1835 3931 2018 3986 docuit

450 4013 590 4082 quod
618 4013 729 4083 ipse
753 4032 852 4069 non
877 4016 1028 4083 fecit;
1063 4029 1118 4074 ut
1144 4023 1231 4090 qui
1260 4022 1610 4112 imitarentur,
1636 4025 1796 4079 corde
1820 4025 2016 4095 gaude-

451 4111 571 4156 reut
594 4145 608 4165 ,
651 4104 700 4156 in
742 4106 819 4158 eis
851 4122 968 4176 qua:
997 4109 1158 4164 libere
1186 4127 1305 4165 cum
1334 4104 1591 4170 eharitate
1629 4114 1881 4176 facerent.
1908 4131 2014 4170 non

451 4193 714 4248 serviliter
757 4210 876 4249 cum
923 4197 1131 4252 timore.
1177 4199 1490 4270 Ρνωεεριωη
1532 4202 1731 4257 Domini
1769 4205 2012 4270 lucidum,

451 4281 744 4339 itluminans
772 4288 942 4340 oculos
973 4303 990 4341 :
1017 4301 1336 4360 przeceptum
1375 4293 1578 4347 Domini
1609 4294 1868 4360 lucidum,
1901 4295 2017 4350 sine

451 4375 746 4430 velamento
783 4379 1070 4432 carnalium
1113 4379 1560 4448 observationum,
1593 4384 1891 4438 illuminans
1922 4385 2016 4438 ho-

450 4467 606 4520 minis
633 4468 896 4523 interioris
915 4479 1206 4540 aspectum.

524 4558 610 4612 10.
652 4555 798 4630 [vers.
835 4559 942 4632 10.]
982 4559 1154 4614 Timor
1193 4560 1396 4615 Domini
1435 4574 1603 4617 castus
1637 4581 1932 4634 permanens
1963 4567 2015 4620 in

449 4650 686 4704 sacculum
713 4653 883 4707 θωραιὲ
903 4668 922 4706 :
949 4653 1106 4708 timor
1129 4653 1355 4720 Domini,
1387 4670 1494 4709 non
1522 4656 1607 4711 ille
1635 4657 1733 4712 sub
1760 4658 1876 4728 lege
1899 4674 2014 4729 pte-

452 4741 618 4806 ualis,
664 4745 971 4812 temporalia
1001 4745 1136 4800 bona
1167 4745 1265 4798 sibi
1299 4745 1538 4800 subtrahi
1580 4747 2011 4817 perhorrescens,

446 4845 669 4900 quorum
700 4833 981 4890 dilectione
1005 4835 1178 4890 anima
1210 4836 1528 4904 fornicatur;
1555 4838 1656 4894 sed
1686 4850 1881 4908 castus,
1911 4859 2015 4913 quo

450 4921 682 4979 Ecclesia
705 4937 954 4992 Sponsum
973 4940 1127 4980 suum
1149 4938 1342 4996 quanto
1368 4927 1636 4985 ardentius
1654 4930 1844 5002 diligit,
1869 4942 2013 4988 tanto

446 5017 750 5086 diligentius
773 5027 923 5072 cavet
951 5019 1218 5076 offendere
1251 5039 1264 5075 :
1301 5030 1355 5076 et
1392 5023 1509 5077 ideo
1548 5039 1651 5078 non
1682 5024 1822 5080 foras
1851 5027 2010 5081 mittit

446 5115 808 5162 consummata
833 5107 1048 5164 dilectio
1075 5112 1312 5167 timorem
1339 5113 1482 5170 hunc
1506 5115 1524 5186 (
1551 5115 1566 5169 ι
1591 5115 1744 5171 Joan.
1780 5133 1851 5182 tv,
1883 5118 1948 5172 18
1972 5119 2010 5186 ),

447 5197 540 5252 sed
561 5208 834 5267 permanet
861 5199 911 5254 in
937 5202 1185 5256 sacculum
1215 5205 1414 5258 smculi.

518 5290 602 5346 11.
631 5289 780 5363 [rem
809 5290 921 5364 11.]
948 5291 1154 5346 Iudicia
1179 5292 1381 5348 Domini
1401 5311 1536 5362 vera,
1551 5299 1830 5367 justi/icata
1858 5300 1910 5352 in
1935 5299 1988 5352 id
1999 5328 2015 5339 -

510 5470 527 5502 ι
551 5469 750 5532 81911188.
767 5470 906 5532 juxta
923 5465 1127 5522 Lxx.‘At
1144 5472 1278 5532 editi,
1307 5472 1374 5525 ad
1396 5487 1630 5524 81mm
1649 5474 1769 5531 eius.
1796 5443 1805 5452 ’

442 5531 890 5645 6ηἒέίῖιίᾱίιῖἆξΧεθνάα.
932 5541 988 5584 At.
1023 5541 1151 5594 Mss,
1189 5531 1304 5594 cor,
1337 5536 1567 5599 singulari
1607 5549 1840 5594 numero,
1879 5537 2019 5598 juxta

481 5714 486 5721 ι
510 5654 584 5776 (ag
609 5661 678 5705 De
700 5654 875 5706 eodem
895 5668 1025 5707 vers.
1049 5656 1081 5707 6
1101 5657 1211 5708 vide
1233 5664 1370 5706 Enar.
1397 5657 1514 5708 Psal.
1541 5671 1666 5709 xuv.
1694 5671 1743 5706 n.
1768 5658 1816 5706 5.

535 5717 561 5766 b
609 5717 738 5769 Idem
761 5730 890 5769 vers.
908 5721 936 5770 7
974 5721 1231 5776 exponitur
1254 5721 1302 5770 in
1319 5725 1451 5768 Etxar.
1479 5719 1596 5770 Psal.
1618 5734 1724 5770 Lvut
1744 5755 1757 5776 ,
1777 5733 1816 5771 St

609 5717 738 5769 Idem
761 5730 890 5769 vers.
908 5721 936 5770 7
974 5721 1231 5782 exponitur
1254 5721 1302 5770 in
1319 5725 1451 5768 Euar.
1479 5719 1596 5770 Psal.
1618 5734 1724 5770 Lvtn
1744 5755 1757 5780 ,
1777 5733 1926 5771 serm.
1955 5723 1977 5772 t
2000 5757 2014 5782 ,

643 5925 666 5950 O

1664 323 1718 378 s.
1761 309 2124 377 AUGUSTINI
2163 322 2455 382 spissum

3572 341 3670 393 156

2109 439 2273 508 ipsum
2302 457 2320 495 :
2345 442 2537 511 judicia
2570 444 2683 514 ejus
2708 447 2795 516 qui
2828 461 2930 502 non
2955 447 3155 518 judieat
3192 461 3542 518 quemquam,
3577 455 3669 502 sed

2110 545 2266 584 omne
2285 532 2536 600 judicium
2563 535 2710 590 dedit
2736 537 2869 591 Filio
2895 537 3079 608 (Joan.
3109 555 3161 605 v,
3188 539 3309 608 9.2),
3332 557 3454 596 vere
3476 542 3667 611 justiti-

2109 633 2224 676 cata
2269 623 2790 690 incommutabiliter;
2837 645 3012 697 neque
3046 631 3185 684 enim
3218 632 3297 686 vel
3341 633 3568 687 minatus
3593 635 3675 687 vel

2111 713 2372 782 pollicitus
2399 716 2534 769 Deus
2558 732 2872 787 quemquam
2895 721 3041 787 fallit,
3064 735 3152 776 aut
3173 723 3444 792 quisquam
3467 726 3545 780 vel
3570 739 3638 779 tm
3654 753 3678 764 -

2110 805 2210 874 piis
2236 807 2568 876 supplicium,
2593 810 2674 863 vel
2703 810 2800 878 piis
2829 813 3101 880 prmmiutn
3120 814 3235 881 ejus
3263 817 3675 885 petesteripcre.

2111 895 2474 953 Desiderabilia
2501 916 2651 970 super
2685 917 2866 954 aurum
2907 913 2953 957 et
2993 905 3210 974 lapidem
3252 907 3520 976 pretiosum
3549 909 3679 962 mul-

2109 997 2215 1042 tum
2245 991 2395 1044 :sive
2438 991 2658 1045 multum
2705 993 2872 1060 ipsum
2921 1008 3106 1048 aurum
3152 1005 3203 1050 ct
3253 996 3518 1066 lapidem,
3568 999 3680 1054 sive

2111 1082 2330 1136 multum
2354 1085 2658 1152 pretiosum,
2687 1085 2796 1138 sive
2821 1086 3040 1139 multum
3069 1085 3464 1152 desiderabilia;
3497 1101 3670 1142 tamen

2112 1172 2480 1228 desiderabilia
2507 1175 2701 1244 judicia
2737 1177 2824 1230 Dei
2857 1191 3014 1246 super
3046 1193 3262 1247 pompas
3291 1179 3443 1248 hujth
3468 1180 3671 1245 ειυειιιὶ,

2111 1279 2330 1333 quarum
2379 1267 2642 1322 desiderio
2697 1269 2755 1322 ﬁt
2795 1278 2849 1323 ut
2895 1285 2998 1322 non
3040 1270 3428 1335 desiderentur,
3475 1273 3565 1327 sed
3615 1274 3674 1326 ti-

2111 1369 2378 1425 meantur,
2409 1370 2499 1414 aut
2525 1369 2950 1426 contemnantur,
2980 1371 3070 1416 aut
3099 1378 3201 1416 non
3228 1364 3510 1418 credantur
3534 1365 3672 1434 judi-

2111 1451 2190 1504 cia
2223 1451 2336 1505 Dei.
2366 1451 2514 1518 Quod
2539 1453 2582 1505 si
2604 1452 2823 1521 quisque
2851 1453 2964 1520 ipse
2988 1454 3054 1506 sit
3079 1469 3264 1508 aurum
3291 1455 3526 1525 lapisque
3553 1473 3678 1525 pre-

2115 1542 2300 1606 tiosus,
2333 1550 2389 1595 ut
2425 1543 2544 1612 igne
2580 1556 2684 1596 non
2722 1534 3094 1607 consumatur,
3141 1545 3233 1598 sed
3275 1556 3577 1600 assumatur
3625 1546 3679 1602 in

2115 1633 2416 1688 thesaurum
2447 1634 2570 1699 Dei,
2600 1635 2718 1704 plus
2745 1651 2900 1705 quam
2929 1637 3161 1704 seipsum
3195 1637 3459 1692 desiderat
3484 1638 3682 1706 judicia

2114 1725 2242 1792 Dei,
2272 1725 2420 1792 cujus
2441 1726 2760 1780 voluntatem
2790 1727 3052 1796 praeponit
3077 1743 3205 1782 suaa.
3240 1727 3308 1780 Et
3336 1728 3563 1782 dulciora
3591 1747 3684 1783 su—

2113 1831 2202 1886 per
2226 1816 2322 1869 mel
2349 1826 2394 1870 et
2416 1821 2586 1886 favum
2616 1833 2636 1871 :
2664 1827 2717 1872 et
2744 1818 2854 1872 sive
2891 1818 3113 1888 quisque
3145 1818 3254 1888 jam
3294 1821 3363 1872 sit
3405 1821 3507 1875 mel
3535 1861 3550 1884 ,
3591 1822 3685 1892 qui

2108 1905 2216 1974 jam
2242 1906 2446 1962 solutus
2464 1907 2583 1961 vitae
2601 1907 2756 1977 hujus
2779 1908 2998 1962 vinculis
3018 1918 3289 1978 exspectat
3309 1909 3448 1965 diem
3474 1927 3576 1980 quo
3592 1928 3686 1968 ve-

2113 1997 2224 2050 niat
2250 1997 2300 2050 in
2323 1999 2503 2066 epulas
2533 1999 2654 2063 Dei;
2682 2000 2791 2053 sive
2817 1999 2987 2053 adhuc
3014 1999 3080 2053 sit
3107 1999 3275 2065 favus,
3303 2011 3360 2055 ut
3382 2003 3528 2071 quasi
3556 2017 3683 2057 cera

2115 2087 2536 2158 circumplicetur
2563 2088 2660 2143 hac
2685 2090 2807 2153 vita,
2832 2105 2936 2144 non
2971 2089 3090 2144 huic
3121 2102 3419 2157 concretus,
3451 2091 3544 2146 sed
3585 2093 3684 2146 im-

2115 2177 2268 2246 plens
2295 2193 2445 2243 eam,
2477 2178 2558 2233 cui
2596 2194 2728 2249 opus
2765 2180 2832 2234 sit
2858 2181 3031 2248 aliqua
3073 2196 3318 2250 pressura
3361 2198 3463 2236 non
3501 2184 3684 2253 oppri-

2115 2270 2308 2324 mentis
2331 2311 2345 2334 ,
2385 2270 2478 2325 sed
2508 2272 2856 2340 expritnentis
2880 2287 3068 2326 manus
3098 2272 3221 2338 Dei,
3251 2288 3354 2344 qua
3391 2273 3458 2329 de
3485 2283 3686 2343 tempo-

2115 2362 2212 2416 rali
2240 2362 2345 2416 vita
2371 2363 2422 2416 in
2459 2372 2709 2418 artemam
2738 2364 3036 2434 eliquetur;
3069 2365 3302 2420 dulciora
3339 2367 3410 2421 illi
3439 2376 3565 2422 sunt
3597 2367 3685 2436 ju-

2114 2451 2247 2504 dicia
2277 2451 2387 2516 Dei,
2416 2468 2572 2523 quam
2598 2453 2694 2506 sibi
2716 2453 2829 2522 ipse
2843 2462 2944 2518 est,
2971 2454 3093 2525 quia
3116 2471 3276 2524 super
3294 2457 3396 2511 mel
3416 2466 3471 2512 et
3497 2457 3676 2511 favum

2116 2541 2192 2596 illi
2217 2541 2451 2596 dulciora
2477 2551 2620 2596 sunt.

2187 2633 2272 2686 12.
2307 2630 2453 2704 [vers.
2487 2632 2598 2706 12.]
2627 2632 2824 2687 Etenim
2849 2651 3016 2689 servus
3042 2645 3155 2688 tuus
3183 2635 3396 2688 custodit
3425 2652 3482 2689 ea
3511 2650 3531 2690 :
3561 2653 3681 2690 nam

2117 2739 2222 2778 non
2263 2725 2576 2780 custodienti
2614 2741 2794 2780 amara
2834 2727 2948 2782 dies
2993 2728 3220 2782 Domini.
3258 2728 3324 2782 In
3363 2729 3686 2784 custodiendo

2115 2814 2205 2867 illa
2233 2816 2487 2869 retributio
2515 2817 2672 2870 multa
2700 2832 2718 2870 :
2747 2832 2853 2871 non
2885 2817 2936 2870 in
2965 2817 3141 2886 aliquo
3168 2827 3316 2872 extra
3344 2817 3513 2886 posito
3535 2834 3683 2884 ωηο

2117 2906 2294 2970 modo,
2322 2905 2414 2959 sed
2451 2906 2501 2960 in
2546 2923 2610 2961 eo
2651 2906 2766 2977 ipso
2801 2922 2906 2976 quo
2939 2907 3136 2976 judicia
3170 2908 3258 2962 Dei
3293 2908 3683 2975 custodiuntur,

2119 2996 2280 3050 multa
2305 2997 2578 3051 retributio
2610 3016 2622 3051 :
2651 2997 2811 3051 multa
2843 3009 2944 3063 est,
2978 2999 3097 3067 quia
3126 2998 3382 3068 gaudetur
3408 2999 3458 3054 in
3490 3000 3587 3054 eis.

2191 3091 2275 3144 15.
2309 3089 2456 3160 [vers.
2487 3088 2597 3161 13.]
2625 3087 2817 3143 Delicta
2836 3091 2946 3159 quis
2975 3090 3244 3160 intelligit?
3272 3090 3327 3144 In
3357 3090 3564 3145 delictis
3589 3107 3662 3146 au

2120 3187 2224 3233 tem
2267 3180 2436 3249 qualis
2464 3181 2692 3234 suavitas
2728 3189 2899 3248 potest
2934 3195 3054 3235 esse
3077 3223 3092 3244 ,
3120 3181 3207 3236 ubi
3235 3198 3339 3236 non
3369 3191 3451 3238 est
3478 3183 3682 3239 intelle-

2119 3272 2270 3325 ctus?
2293 3273 2540 3342 quoniam
2569 3271 2758 3327 delicta
2782 3272 2898 3342 quis
2929 3273 3187 3343 intelligit,
3217 3290 3337 3343 qua:
3362 3274 3532 3344 ipsum
3553 3292 3685 3332 οω-

2118 3363 2224 3416 lum
2245 3363 2515 3430 claudunt,
2540 3363 2625 3418 cui
2651 3363 2827 3417 suavis
2852 3373 2934 3418 est
2962 3365 3179 3430 veritas,
3207 3365 3291 3418 cui
3320 3365 3686 3422 desiderabilia

2117 3464 2171 3510 et
2195 3455 2364 3510 dulcia
2391 3465 2512 3510 sunt
2535 3455 2728 3526 judicia
2763 3456 2886 3521 Dei;
2935 3464 2990 3512 et
3029 3457 3166 3512 sicut
3208 3456 3442 3513 tenebra:
3483 3459 3686 3521 oculos,

2117 3548 2188 3602 ita
2213 3548 2403 3603 delicta
2421 3560 2649 3604 mentem
2679 3549 2948 3613 claudunt,
2971 3565 3070 3605 nec
3095 3551 3265 3606 lucem
3286 3550 3463 3606 sinunt
3483 3551 3685 3618 videre,

2117 3639 2340 3693 necse?

2189 3729 2276 3782 M.
2309 3727 2457 3800 [vers.
2483 3727 2592 3800 14.]
2620 3728 2694 3782 Ab
2723 3730 2928 3783 occultis
2948 3730 3067 3783 meis
3091 3730 3280 3783 munda
3299 3746 3396 3796 me,
3429 3729 3643 3784 Domine
3665 3746 3685 3784 :

2117 3834 2147 3873 a
2176 3820 2547 3890 cupiditatibus
2578 3820 2629 3874 in
2657 3835 2743 3876 me
2772 3819 3054 3876 latentibus
3080 3821 3273 3875 tnunda
3305 3837 3410 3885 me,
3442 3822 3683 3876 Domine.

2119 3912 2186 3967 Et
2211 3913 2274 3967 ab
2297 3914 2471 3967 alienis
2497 3928 2646 3980 parce
2667 3929 2808 3967 servo
2829 3923 2912 3966 tuo
2943 3913 3022 3984 (a)
3051 3931 3064 3967 :
3097 3915 3165 3969 ne
3185 3914 3408 3970 seducar
3434 3915 3500 3968 ab
3526 3915 3643 3969 aliis
3669 3955 3685 3981 ,

2121 4018 2290 4074 neque
2314 4004 2454 4058 enim
2481 4003 2670 4058 alienis
2711 4005 2916 4074 capitur
2954 4006 3040 4074 qui
3085 4015 3168 4061 est
3211 4006 3438 4060 mundus
3483 4021 3515 4060 a
3559 4008 3686 4061 suis.

2120 4093 2283 4149 Parce
2320 4094 2496 4164 itaque
2531 4095 2598 4150 ab
2631 4095 2815 4150 alienis
2837 4096 3228 4165 cupiditatibus,
3257 4113 3361 4150 non
3387 4097 3618 4166 superbo
3639 4108 3690 4154 et

2119 4186 2172 4240 in
2201 4201 2294 4242 sua
2325 4195 2584 4256 potestate
2621 4201 2740 4242 esse
2781 4188 3032 4256 cupienti,
3064 4188 3156 4242 sed
3184 4203 3337 4242 servo
3367 4198 3474 4242 tuo.
3505 4187 3567 4244 Si
3595 4191 3691 4244 mei

2119 4294 2219 4331 non
2261 4279 2447 4348 fuerint
2487 4279 2762 4343 dominata,
2791 4289 2908 4333 tunc
2953 4281 3305 4347 immaculatus
3348 4297 3435 4335 ero
3465 4298 3483 4336 :
3509 4283 3554 4336 si
3587 4283 3689 4338 mei

2118 4383 2223 4422 non
2253 4368 2446 4424 fuerint
2465 4369 2732 4424 dominata
2761 4371 2965 4425 occulta
2991 4385 3104 4424 mea
3125 4412 3138 4435 ,
3165 4377 3220 4425 et
3240 4371 3408 4426 aliena
3442 4383 3651 4442 peccata
3671 4416 3687 4436 ,

2119 4467 2242 4513 tunc
2286 4459 2652 4514 immaculatus
2689 4475 2815 4523 ero;
2863 4476 2965 4515 non
3007 4461 3150 4515 enim
3190 4469 3272 4516 est
3317 4463 3468 4517 tertia
3493 4465 3508 4494 ¹
3541 4464 3693 4532 origo

2118 4555 2339 4626 peccati,
2365 4563 2555 4624 praeter
2577 4553 2841 4608 occultum
2875 4568 3030 4608 suum
3064 4569 3169 4624 quo
3197 4554 3389 4609 cecidit
3413 4555 3682 4619 diabolus,

2116 4657 2170 4703 et
2201 4647 2427 4702 alienum
2466 4660 2572 4716 quo
2615 4645 2863 4700 seductus
2887 4654 2968 4700 est
2999 4645 3178 4709 homo,
3209 4653 3267 4700 ut
3304 4645 3694 4700 consentiendo

2117 4753 2272 4793 suum
2299 4736 2514 4791 faceret.
2545 4735 2613 4789 Et
2638 4733 2914 4790 mundabor
2934 4751 2965 4787 a
2983 4734 3165 4789 delicto
3190 4751 3372 4806 magno
3394 4750 3413 4788 :
3433 4750 3536 4805 quo
3563 4735 3690 4798 alio.

2118 4831 2216 4885 nisi
2247 4825 2544 4900 superbiae?
2591 4826 2703 4882 Non
2735 4828 2877 4882 enim
2906 4835 2989 4881 est
3019 4826 3188 4897 majus
3226 4826 3500 4893 delictum,
3529 4841 3694 4896 quam

2119 4931 2416 4991 apostatarc
2440 4936 2468 4973 a
2495 4921 2624 4986 Deo,
2655 4918 2796 4990 quod
2823 4927 2905 4972 est
2934 4917 3140 4971 initium
3171 4917 3430 4988 superbia:
3461 4917 3694 4972 hominis

2119 5014 2302 5084 (Eccli.
2333 5032 2384 5079 x,
2419 5015 2507 5081 H)
2533 5031 2544 5067 :
2574 5023 2628 5068 et
2648 5028 2770 5068 vere
2797 5012 2885 5065 ille
2906 5011 3270 5064 immaculatus
3293 5020 3393 5076 est,
3416 5009 3504 5078 qui
3531 5011 3695 5064 etiam

2119 5108 2222 5162 hoc
2248 5108 2441 5162 delicto
2467 5113 2642 5170 caret;
2683 5104 2805 5173 quia
2837 5103 2935 5156 hoc
2963 5111 3043 5156 est
3071 5102 3310 5156 ultimum
3351 5101 3699 5156 redeuntibus

2118 5197 2184 5252 ad
2213 5199 2398 5262 Deum,
2426 5195 2563 5264 quod
2593 5193 2960 5249 recedentibus
2981 5193 3205 5262 primum
3235 5190 3352 5246 fuit.

2192 5289 2277 5344 15.
2325 5288 2476 5360 (vers.
2503 5284 2614 5358 15.]
2647 5283 2711 5338 Et
2740 5293 2882 5338 erunt
2914 5293 2968 5338 ut
2994 5283 3339 5353 complaceant
3364 5281 3564 5351 eloquia
3591 5281 3699 5336 oris

2120 5381 2238 5447 mei,
2263 5388 2307 5432 et
2333 5379 2587 5432 meditatio
2625 5377 2790 5432 cordis
2825 5377 2922 5431 mei
2963 5378 3016 5430 in
3054 5384 3320 5444 conspectu
3344 5382 3428 5426 tuo
3456 5389 3651 5440 semper
3674 5386 3700 5427 :

2122 5470 2396 5527 meditatio
2427 5469 2603 5525 cordis
2626 5469 2729 5524 mei
2760 5485 2863 5523 non
2894 5468 2960 5524 ad
2984 5469 3290 5537 jactantiam
3318 5465 3556 5537 placendi
3589 5464 3697 5520 bo—

2123 5563 2370 5628 minibus,
2401 5562 2520 5632 quia
2543 5561 2653 5631 jam
2682 5561 2820 5615 nulla
2852 5560 3096 5631 superbia
3125 5569 3233 5624 est;
3267 5559 3359 5615 sed
3391 5560 3440 5612 in
3470 5572 3698 5625 conspe-

2189 5729 2201 5757 ι
2231 5721 2362 5774 tidd.,
2386 5718 2560 5771 certior
2578 5716 2727 5779 origo.
2759 5714 2850 5779 sed
2876 5716 3040 5779 verius
3061 5720 3189 5769 uss.
3217 5712 3358 5779 tertia
3380 5710 3530 5775 origo.

2191 5791 2262 5848 (a)
2285 5772 2410 5832 Idem
2437 5794 2563 5832 vers.
2595 5772 2942 5840 t-t'explicatur
2965 5778 3016 5825 in
3039 5782 3174 5825 Ense.
3201 5774 3315 5824 l‘sal.
3338 5772 3509 5836 xxxix,
3535 5786 3586 5823 u.
3611 5772 3698 5824 9.
