3988 6188
292 318 389 371 ίὸἺ

287 448 370 489 ctu
395 442 484 487 tuo
502 447 738 503 semper,
758 434 847 504 qui
873 435 1247 491 conscientiam
1278 449 1461 505 puram
1491 436 1725 506 inspicis.
1760 434 1866 489 Do-

285 527 418 578 mine
440 524 649 594 adjutor
671 542 812 579 meus
831 568 846 593 ,
874 537 919 579 et
944 527 1225 595 redemptor
1254 542 1393 579 meus
1416 542 1434 580 :
1456 527 1677 581 Domine
1708 527 1863 595 adju-

287 626 367 668 tor
392 630 561 681 meus,
594 616 860 671 tendentis
886 616 951 669 ad
989 625 1069 681 te;
1113 617 1360 686 quoniam
1388 617 1692 687 redemptor
1714 632 1864 672 meus

284 721 341 759 es
372 715 445 767 tu,
480 714 536 759 ut
568 705 836 761 tenderem
859 706 922 761 ad
956 716 1049 761 te:
1084 723 1149 760 ne
1174 707 1446 777 quisquam
1471 708 1552 763 vel
1585 710 1863 777 sapientiae

280 793 395 853 suae
402 800 657 853 tribuens
684 799 821 869 quod
850 799 914 852 ad
939 809 988 855 te
1012 800 1359 867 convertitur,
1391 800 1471 854 vel
1498 800 1692 854 viribus
1719 800 1859 870 quod

278 891 344 945 ad
376 903 425 946 te
465 892 705 961 pervenit
728 933 743 954 ,
778 892 943 961 magis
981 891 1267 960 repellatur
1287 892 1381 946 abs
1410 900 1464 946 te
1491 892 1578 962 qui
1606 892 1855 960 superbis

278 986 515 1047 resistis;
548 985 668 1055 quia
696 983 983 1038 mundatus
1005 999 1109 1037 nou
1131 973 1267 1038 est‘a
1297 982 1492 1038 delicto
1521 998 1733 1054 magno,
1759 998 1857 1038 nec

276 1079 596 1147 complacuit
623 1077 674 1132 in
706 1087 995 1147 conspectu
1024 1087 1113 1131 tuo
1138 1119 1154 1143 ,
1186 1077 1273 1147 qui
1305 1077 1520 1132 redimis
1554 1086 1610 1132 ut
1637 1094 1858 1133 conver-

276 1179 471 1234 tamur,
502 1179 557 1223 et
581 1168 801 1238 adjuvas
828 1178 886 1222 ut
915 1169 1281 1236 perveniamus
1308 1168 1373 1223 ad
1404 1178 1475 1224 te.

822 1259 1216 1315 ENARRATIO
1253 1261 1318 1318 ll.

819 1366 989 1406 SERIO
1013 1368 1081 1406 AD
1111 1367 1333 1406 PLEBEM.

341 1444 393 1496 1.
429 1442 705 1512 Οιιρτρεειιί
734 1443 1034 1508 Dominum,
1058 1454 1114 1498 ut
1139 1445 1205 1499 ab
1230 1444 1450 1498 occultis
1477 1444 1673 1498 nostris
1699 1460 1850 1498 mun-

268 1537 359 1592 det
388 1552 505 1598 nos,
536 1545 589 1591 et
616 1536 684 1589 ab
711 1536 901 1591 alienis
930 1547 1108 1607 pareat
1134 1537 1305 1593 servis
1330 1537 1440 1591 suis
1463 1579 1477 1603 ,
1507 1537 1631 1607 quid
1662 1536 1761 1591 hoc
1781 1539 1850 1592 sit

266 1628 563 1697 intelligere
599 1627 887 1691 debemus,
929 1636 987 1682 ut
1029 1628 1257 1682 humana
1304 1628 1527 1694 ratione,
1562 1629 1668 1682 'non
1698 1631 1845 1698 quasi

265 1723 442 1775 avium
471 1717 601 1777 voce
624 1732 918 1777 cantemus.
963 1723 1094 1777 Nam
1140 1733 1194 1779 et
1231 1724 1417 1778 meruli
1461 1733 1533 1793 et,
1558 1723 1763 1794 psittaci
1793 1730 1849 1777 et.

262 1813 407 1866 corvi
438 1822 489 1866 et
520 1812 651 1881 picae
680 1820 733 1866 et
760 1812 1062 1882 hujusmodi
1092 1814 1334 1868 volucres
1358 1855 1372 1881 ,
1405 1828 1546 1883 srepe
1574 1813 1642 1867 ab
1670 1812 1845 1867 homi-

265 1903 417 1955 Itilius
441 1902 703 1956 docentur
724 1917 919 1958 sonare
940 1903 1079 1972 quod
1108 1903 1370 1958 nesciunt.
1396 1903 1639 1959 Seienter
1663 1912 1844 1959 autem

263 2004 477 2048 minare
495 2039 509 2057 ,
545 2005 747 2049 natura:
784 1994 1014 2050 hominis
1034 1996 1209 2050 divina
1234 1998 1502 2052 voluntate
1527 2012 1839 2051 concessum

259 2096 357 2141 est.
387 2087 457 2140 Et
484 2103 645 2157 quam
673 2087 821 2141 multi
843 2088 964 2142 mali
987 2097 1039 2142 et
1067 2089 1323 2143 luxuriosi
1353 2089 1428 2143 sic
1447 2098 1663 2143 cantant
1682 2089 1840 2159 digna

257 2179 472 2233 auribus
490 2178 600 2232 suis
616 2186 669 2232 et
688 2178 957 2245 cordibus,
982 2180 1224 2235 novimus
1243 2188 1295 2234 et
1314 2178 1572 2233 dolemus.
1601 2179 1681 2233 Eo
1699 2180 1840 2234 enim

258 2269 466 2337 pt'thS
491 2278 638 2336 sunt,
669 2285 773 2339 quo
798 2286 903 2324 non
926 2280 1151 2340 possunt
1172 2271 1413 2341 ignorare
1438 2270 1578 2340 quod
1601 2280 1837 2345 cantant.

255 2360 440 2413 Sciunt
489 2361 632 2415 enim
676 2377 737 2416 se
783 2371 998 2417 cantare
1047 2361 1260 2432 ﬂagitia,
1309 2371 1360 2417 et
1409 2373 1581 2416 tamen
1625 2346 1840 2416 cantant

257 2460 404 2503 tanto
449 2452 719 2516 libentius,
762 2462 961 2523 quanto
1003 2453 1325 2508 immundius
1359 2454 1646 2524 :quoniam
1690 2463 1835 2508 tanto

252 2556 314 2595 se
350 2553 538 2611 putant
578 2542 827 2608 laetiores,
856 2554 1054 2614 quanto
1076 2544 1268 2598 fuerint
1291 2545 1571 2613 turpiores.
1608 2545 1713 2599 Nos
1737 2560 1834 2600 au-

257 2644 365 2687 tem
395 2634 483 2704 qui
510 2636 560 2689 in
592 2635 827 2691 Ecclesia
848 2637 1023 2691 divina
1054 2638 1260 2707 eloquia
1291 2648 1506 2693 cantare
1526 2638 1829 2715 didicimus,
1897 2654 1901 2657 '

254 2726 412 2780 simul
436 2727 595 2781 etiam
624 2728 822 2783 instare
852 2728 1104 2783 debemus
1128 2743 1246 2784 esse
1274 2728 1413 2799 quod
1444 2730 1696 2798 scriptum
1727 2738 1829 2791 est,

252 2815 437 2872 Beatus
508 2820 725 2887 populus
789 2821 875 2891 qui
940 2820 1174 2891 intelligit
1230 2820 1583 2892 jubilationem
1642 2819 1828 2889 (Psal.

252 2925 502 2975 Lxxxvut,
539 2910 664 2979 16).
695 2911 941 2977 Proinde,
966 2912 1244 2976 carissimi,
1274 2911 1412 2981 quod
1443 2925 1673 2966 consona
1702 2926 1833 2967 voce

249 3000 578 3054 cantat-imus
598 3041 614 3066 ,
652 3016 844 3056 sereno
882 3002 1039 3056 etiam
1069 3002 1228 3057 corde
1259 3018 1415 3057 nosse
1438 3018 1500 3057 ac
1526 3003 1706 3057 videre
1734 3004 1829 3057 (Ιρ-

250 3092 453 3146 bemus.
486 3092 710 3162 Rogavit
736 3094 879 3147 enim
904 3094 1182 3149 Dmuinum
1202 3096 1562 3166 unusquisque
1587 3106 1822 3150 nostrum

250 3188 299 3238 in
341 3186 439 3239 hoc
464 3186 694 3249 cantico,
724 3195 777 3239 et
800 3185 931 3240 dixit
958 3187 1064 3240 Deo
1092 3205 1107 3241 ;
1138 3188 1211 3239 Ab
1248 3187 1454 3240 occultis
1492 3187 1611 3240 meis
1640 3188 1828 3241 munda

249 3296 345 3343 me,
374 3277 592 3331 Domine
611 3318 624 3341 ,
657 3276 789 3330 etab
813 3278 990 3331 alienis
1018 3294 1167 3348 parce
1190 3294 1327 3332 servo
1349 3288 1451 3332 tuo.
1496 3278 1557 3333 Si
1596 3280 1692 3332 mei
1727 3295 1827 3332 non

252 3372 436 3440 fuerint
462 3369 742 3435 dominata,
766 3379 884 3424 tunc
918 3370 1265 3425 immaculatus
1291 3388 1390 3434 ero,
1420 3380 1464 3424 et
1493 3371 1775 3435 ntundabor
1796 3388 1828 3425 a

250 3462 427 3515 delicto
446 3476 647 3530 magno.
672 3459 821 3528 Quod
850 3462 903 3513 ut
925 3461 1058 3516 bene
1084 3461 1312 3516 sciamus
1338 3459 1568 3531 quidsit,
1591 3470 1645 3516 et
1662 3462 1821 3531 quale

251 3554 349 3607 hoc
371 3554 470 3615 sit,
503 3552 668 3621 ipsius
697 3553 882 3622 psalmi
913 3562 1136 3609 textum,
1176 3563 1426 3624 quantum
1453 3553 1615 3609 donat
1643 3555 1820 3610 Domi-

252 3660 348 3699 nus
363 3687 375 3707 ,
409 3644 641 3699 breviter
667 3659 1054 3714 percurramus.
1608 3716 1611 3721 Α

313 3737 365 3789 2.
395 3738 655 3791 Cantatur
692 3739 831 3792 enim
874 3738 940 3793 de
966 3736 1205 3800 Clu-isto;
1237 3738 1376 3807 quod
1424 3740 1699 3794 evidenter
1755 3740 1825 3795 ibi

246 3838 483 3899 apparet,
511 3830 635 3899 quia
663 3830 767 3883 illic
795 3831 1046 3898 scriptum
1074 3839 1187 3885 est:
1212 3830 1319 3899 ipse
1342 3840 1579 3899 tanquam
1601 3847 1821 3901 sponsus

246 3904 518 3989 procedens
546 3921 609 3974 de
633 3922 855 3975 thalamo
875 3938 988 3974 suo.
1015 3920 1145 3988 Quis
1166 3931 1247 3976 est
1272 3921 1412 3976 enim
1441 3936 1693 3990 sponsus,
1725 3922 1824 3977 nisi

244 4014 326 4066 cui
353 4014 674 4082 desponsata
721 4022 801 4066 est
846 4013 930 4066 illa
960 4012 1109 4083 virgo
1132 4012 1200 4066 ab
1229 4012 1503 4080 Apostolo,
1545 4014 1629 4067 cui
1675 4014 1825 4068 timet

242 4115 385 4159 caste
414 4113 595 4159 castus
630 4105 809 4174 sponsi
854 4104 1075 4169 amicus,
1108 4119 1175 4159 ne
1216 4106 1353 4159 sicut
1400 4118 1618 4172 serpens
1660 4104 1825 4159 Evam

243 4195 431 4250 fefellit
457 4194 649 4249 astutia
671 4210 783 4257 sua,
814 4195 892 4249 sic
921 4204 973 4249 et
1003 4193 1156 4263 hujus
1177 4194 1393 4264 virginis
1418 4209 1626 4261 sponsa:
1663 4194 1821 4249 Chri-

240 4288 306 4341 sti
335 4302 527 4341 sensus
556 4296 967 4356 corrumpantur
990 4302 1018 4339 a
1048 4286 1291 4341 castitate
1316 4302 1435 4355 qua:
1477 4295 1556 4341 est
1583 4288 1633 4342 in
1674 4289 1825 4343 Chri-

238 4387 323 4432 sto
352 4378 426 4446 (ll
456 4378 572 4431 Cor.
602 4394 680 4441 XI,
708 4377 804 4448 3)?
836 4378 891 4431 In
925 4377 1024 4431 hoc
1049 4392 1174 4447 ergo
1214 4376 1437 4432 Domino
1464 4386 1516 4431 et
1542 4376 1823 4434 Salvatore

240 4480 430 4522 nostro
452 4467 578 4523 Jesu
605 4468 814 4524 Christo
840 4469 1008 4538 posita
1038 4477 1118 4523 est
1148 4483 1336 4538 magna
1368 4477 1439 4547 et.
1456 4468 1606 4537 plena
1633 4469 1820 4539 gratia,

237 4558 306 4613 de
340 4574 443 4629 qua
488 4559 616 4612 dicit
644 4560 915 4628 apostolus
952 4558 1221 4613 Joannes:
1252 4556 1315 4610 Et
1352 4558 1567 4613 vidimus
1608 4560 1822 4628 gloriam
1868 4567 1879 4575 “

236 4652 372 4720 ejus,
402 4651 619 4721 gloriam
645 4660 883 4721 tanquam
908 4649 1163 4720 Unigeniti
1188 4666 1221 4702 a
1247 4648 1421 4713 Patre,
1442 4649 1641 4719 plenum
1662 4650 1824 4719 gratia

236 4754 285 4797 et
314 4744 524 4797 ueritate
552 4742 730 4813 (Joan.
764 4759 802 4809 ι,
833 4740 941 4810 Μ).
969 4742 1116 4797 lianc
1140 4743 1357 4812 gloriam
1398 4742 1509 4795 caeli
1538 4752 1773 4815 enarrant
1803 4757 1822 4796 :

236 4837 390 4900 eali,
418 4835 587 4889 sancti
610 4844 752 4899 sunt;
780 4835 967 4889 elevati
985 4850 1012 4886 a
1044 4843 1201 4897 terra,
1232 4843 1500 4903 portantes
1518 4833 1819 4888 Dominum.

233 4929 551 4998 Quanquam
580 4928 800 4997 gloriam
829 4928 1022 4981 Christi
1042 4927 1233 4981 coelum
1260 4926 1415 4979 etiam
1436 4925 1823 4999 quodammodo

232 5022 474 5076 narravit
494 5040 506 5074 :
526 5019 737 5089 quando
753 5020 986 5074 narravit
1000 5019 1023 5072 ?
1037 5018 1246 5088 quando
1262 5026 1386 5072 nato
1398 5017 1581 5072 eodem
1601 5018 1823 5072 Domino

229 5114 392 5167 stella
414 5128 548 5167 nova
575 5128 693 5182 qua:
724 5127 990 5182 nunquam
1019 5111 1290 5165 videbatur
1317 5110 1576 5178 apparuit.
1608 5109 1714 5164 Sed
1738 5118 1819 5163 ta-

230 5222 364 5261 men
414 5214 537 5259 sunt
586 5206 820 5259 veriores
849 5213 902 5256 et
944 5203 1276 5257 sublimiorcs
1299 5202 1314 5233 ¹
1346 5202 1489 5266 cmli,
1536 5200 1602 5255 de
1630 5200 1822 5270 quibus

226 5310 631 5369 consequenter
658 5299 727 5353 ibi
756 5297 951 5351 dicitur
979 5313 991 5348 :
1027 5295 1142 5349 Non
1173 5304 1287 5350 sunt
1314 5295 1524 5365 loquela:
1544 5310 1698 5363 neque
1716 5310 1823 5347 ser-

230 5407 433 5449 mones.
461 5406 672 5459 quorum
699 5405 797 5441 mm
833 5387 1104 5439 audiantur
1131 5402 1269 5439 voces
1302 5401 1492 5439 eorum.
1521 5382 1587 5436 In
1625 5399 1821 5436 omnem

228 5497 426 5538 terram
452 5486 572 5537 exiit
610 5499 762 5535 sonus
790 5497 978 5542 eorum,
1009 5490 1053 5531 et
1087 5480 1139 5533 in
1164 5480 1285 5545 fines
1330 5479 1463 5531 orbis
1489 5486 1636 5531 terra?
1672 5478 1826 5527 verba

229 5593 433 5629 eorum.
479 5577 735 5640 Quorum,
784 5572 881 5625 nisi
926 5569 1221 5624 cmlurum?
1258 5584 1480 5638 quorum
1523 5580 1670 5635 ergo,
1720 5563 1819 5618 nisi

230 5666 657 5739 Apostolorum?
684 5665 783 5737 Ipsi
810 5671 1059 5719 enarrant
1100 5662 1249 5716 nobis
1274 5660 1493 5732 gloriam
1537 5658 1650 5722 Dei,
1682 5656 1817 5725 posi-

302 5786 320 5816 ι
352 5789 459 5833 atas.
486 5789 653 5833 carent
676 5780 750 5831 his
780 5778 958 5841 verbis,
986 5781 1094 5828 sunt
1117 5774 1319 5831 veriores
1341 5782 1386 5829 et
1407 5772 1718 5827 sublimiorcs.

1379 320 1775 378 ENARRATIO
1811 322 1875 377 IN
1917 323 2232 385 PSALMUM
2274 331 2457 387 XVlll.

3447 352 3546 408 1538

1976 442 2158 495 tamin
2199 442 2409 500 Christo
2449 446 2591 513 Jcsu,
2628 464 2719 519 per
2755 454 2974 522 gratiam
3028 458 3077 509 in
3127 460 3492 519 remissionem
3525 468 3541 498 '

1970 545 2325 601 peccatorum.
2355 537 2551 595 Omnes
2581 544 2718 595 enim
2749 560 3116 615 peccaverunt,
3148 564 3201 605 et
3246 567 3401 624 egent
3428 559 3543 627 glo-

1968 627 2042 679 ria
2075 628 2184 721 Dei,
2210 630 2479 698 justiticati
2504 636 2665 703 gratis
2692 652 2787 704 per
2823 644 3127 711 sanguinem
3170 647 3331 714 ipsius
3363 650 3538 721 (Rom.

1966 733 2041 782 Ill,
2073 718 2187 786 ‘25).
2215 721 2344 787 Quia
2366 726 2547 792 gratis,
2582 726 2698 779 ideo
2723 731 2918 797 gratia;
2954 749 3055 786 non
3079 746 3155 788 est
3177 740 3318 791 enim
3344 718 3536 809 gratia,

1964 810 2007 864 si
2037 826 2137 865 non
2165 816 2409 880 gratuita.
2444 817 2572 882 Quia
2604 819 2731 873 nihil
2758 821 2879 875 boni
2905 835 3027 879 ante
3052 826 3364 890 feceramus.
3397 836 3537 888 unde

1965 901 2084 955 talia
2111 902 2246 957 dona
2273 921 2625 971 mereremur;
2659 913 2824 979 magis
2851 916 2968 981 quia
2997 918 3012 945 ³
3052 932 3153 969 non
3181 922 3343 987 gratis
3372 923 3536 977 infer-

1961 1004 2107 1048 retur
2135 998 2472 1083 supplicium,
2516 1000 2634 1055 ideo
2671 1005 2833 1073 gratis
2871 1010 3158 1074 praestitum
3203 1023 3284 1066 est
3327 1015 3532 1069 beneli-

1959 1086 2096 1140 cium
2127 1105 2140 1140 :
2170 1090 2298 1144 nihil
2328 1103 2669 1159 praecesserat
2700 1096 2750 1149 in
2788 1099 2989 1153 meritis
3018 1102 3233 1167 nostris,
3277 1105 3374 1159 nisi
3398 1108 3535 1163 unde

1959 1177 2196 1235 damnari
2234 1181 2569 1240 deberemus.
2600 1186 2694 1241 ille
2718 1198 2891 1243 autem
2920 1207 3021 1245 non
3062 1207 3273 1264 propter
3297 1209 3532 1255 nostram

1952 1268 2235 1336 justitiam,
2258 1264 2357 1326 sed
2383 1284 2595 1343 propter
2623 1291 2770 1330 suam
2793 1280 3209 1337 misericordiam
3240 1288 3415 1342 salvos
3432 1305 3530 1345 nos

1956 1360 2080 1417 fecit
2100 1378 2194 1432 per
2214 1365 2476 1421 lavacrum
2502 1372 2914 1438 regenerationis
2932 1373 3056 1441 (Tit.
3090 1391 3166 1442 ιιι,
3190 1378 3267 1448 5).
3290 1378 3411 1435 llmc
3425 1392 3528 1446 est,

1954 1453 2187 1524 inquam,
2232 1456 2396 1525 gloria
2446 1458 2583 1514 Dei:
2618 1459 2753 1516 hanc
2795 1464 2912 1519 caeli
2959 1481 3355 1523 enarraverunt.
3404 1471 3530 1528 llzec

1954 1555 2055 1610 est,
2084 1547 2320 1618 inquam,
2352 1550 2515 1621 gloria
2546 1552 2661 1620 Dei,
2693 1570 2797 1608 non
2828 1564 2911 1609 tua
2944 1558 3111 1615 :nihil
3143 1561 3282 1614 enim
3310 1561 3433 1616 boni
3456 1563 3530 1618 le-

1951 1638 2087 1701 cisti,
2117 1649 2169 1694 et
2191 1649 2364 1696 tamen
2389 1651 2587 1697 tantum
2611 1644 2807 1699 bonum
2832 1649 3103 1717 accepisti.
3128 1648 3181 1704 Si
3214 1666 3340 1720 ergo
3367 1653 3528 1720 perti-

1951 1748 2046 1787 nes
2067 1734 2129 1789 ad
2160 1735 2379 1804 gloriam
2402 1753 2559 1807 quam
2586 1739 2707 1794 coeli
2737 1752 3139 1807 enarraverunt,
3182 1744 3265 1798 die
3304 1745 3526 1803 Domino

1950 1824 2059 1880 Deo
2090 1837 2181 1881 tuo
2209 1845 2222 1881 :
2254 1827 2393 1883 Deus
2418 1846 2575 1894 meus,
2619 1832 2963 1886 misericordia
2990 1836 3100 1903 ejus
3147 1837 3409 1903 praeveniet
3447 1853 3527 1893 me

1952 1916 2120 1987 (Psal.
2150 1935 2291 1985 Lvm,
2342 1920 2428 1989 ll)
2467 1940 2478 1976 :
2512 1923 2768 1990 prtevenit
2797 1924 2938 1977 enim
2972 1935 3056 1990 te;
3101 1927 3279 1995 utique
3319 1943 3522 1995 prmve-

1946 2010 2044 2074 nit,
2076 2011 2193 2079 quia
2226 2011 2355 2073 nihil
2398 2012 2449 2066 in
2483 2022 2533 2067 te
2563 2014 2689 2067 boni
2730 2015 2949 2069 invenit.
2981 2016 3288 2073 Praevenisti
3318 2020 3522 2087 suppli-

1945 2103 2082 2156 cium
2110 2103 2131 2134 ³
2170 2104 2284 2172 ejus
2316 2105 2668 2174 superbiendo
2717 2125 2730 2160 :
2777 2107 2866 2163 ille
2907 2110 3162 2179 praevenit
3206 2112 3517 2180 supplicium

1947 2201 2089 2247 tuum
2122 2203 2336 2263 peccata
2380 2196 2625 2251 dolendo.
2671 2198 2941 2268 Tanquam
2976 2202 3116 2254 enim
3156 2216 3218 2255 ex
3249 2212 3520 2271 peccatore

1937 2284 2273 2356 justiﬁcatus,
2304 2304 2368 2344 ex
2406 2289 2569 2360 impio
2611 2291 2728 2360 pius
2768 2291 2955 2357 factus,
2989 2308 3055 2347 ex
3079 2293 3327 2367 damnato
3358 2295 3405 2348 in
3436 2310 3517 2350 re-

1942 2394 2100 2444 gnum
2131 2378 2154 2411 ⁸
2182 2390 2504 2451 assumptus,
2533 2382 2620 2438 dic
2651 2383 2875 2441 Domino
2903 2385 3010 2440 Deo
3046 2396 3135 2439 tuo
3159 2404 3178 2441 :
3214 2386 3335 2443 Non
3355 2390 3515 2449 nobis,
3596 2452 3599 2456 ,

1940 2468 2172 2537 Domine,
2205 2488 2306 2526 non
2336 2473 2495 2539 nobis,
2525 2473 2612 2527 sed
2639 2476 2828 2530 nomini
2856 2484 2940 2530 tuo
2980 2478 3046 2530 da
3083 2478 3295 2549 gloriam
3344 2478 3513 2549 (Psal.

1938 2577 2061 2615 cxut
2100 2567 2307 2616 secund.
2341 2562 2417 2629 l).
2453 2565 2715 2630 Dicamus,
2760 2564 2883 2620 Non
2920 2567 3060 2622 nobis
3083 2585 3101 2622 :
3145 2569 3335 2637 quibus
3373 2571 3514 2625 enim

1937 2656 1981 2709 si
2002 2657 2148 2724 quasi
2172 2657 2354 2711 nobis?
2380 2657 2645 2725 Dicamus,
2685 2660 2917 2729 inquam,
2951 2659 3073 2715 Non
3116 2663 3255 2717 nobis
3274 2705 3289 2728 ,
3320 2663 3440 2731 quia
3468 2665 3515 2719 si

1939 2746 2008 2799 ita
2040 2746 2239 2801 faceret
2262 2748 2397 2802 sicut
2420 2749 2593 2815 nobis,
2614 2750 2824 2803 nonnisi
2846 2765 3029 2820 pinnas
3056 2751 3316 2822 indigeret
3342 2753 3512 2807 nobis.

1936 2841 2051 2895 Non
2084 2842 2257 2908 nobis,
2281 2841 2375 2897 sed
2402 2843 2601 2897 nomini
2626 2855 2725 2898 suo
2747 2843 2838 2898 det
2862 2845 3082 2914 gloriam
3112 2863 3125 2897 :
3157 2846 3276 2912 quia
3304 2862 3405 2900 non
3427 2861 3513 2901 se-

1936 2933 2165 2986 cundum
2198 2933 2498 3003 iniquitates
2528 2943 2735 2989 nostras
2760 2934 2884 2989 fecit
2909 2935 3062 2990 nobis
3089 2934 3257 3005 (Psal.
3280 2951 3370 2996 eu.
3396 2936 3509 3004 l0).

1936 3023 2057 3077 Non
2086 3039 2213 3094 ergo
2241 3024 2400 3090 nobis,
2434 3024 2668 3090 Domine,
2698 3042 2799 3079 non
2820 3026 2960 3079 nobis
2984 3042 3002 3079 :
3038 3027 3283 3095 repetitio
3310 3026 3507 3101 contir-

1936 3117 2095 3169 matio
2125 3125 2227 3170 est.
2261 3114 2382 3169 Non
2408 3117 2570 3182 nobis,
2599 3115 2843 3184 Domine,
2867 3118 2955 3172 sed
2980 3119 3168 3172 nomini
3197 3127 3281 3172 tuo
3306 3119 3372 3172 da
3396 3120 3509 3189 glo-

1934 3209 2063 3261 riam
2097 3224 2115 3261 :
2144 3208 2243 3263 hoc
2278 3208 2352 3263 illi
2379 3216 2641 3263 noverant
2685 3208 2827 3276 caeli,
2863 3208 2951 3279 qui
2981 3219 3367 3266 enarraverunt
3392 3209 3510 3279 glo-

1933 3302 2063 3356 riam
2096 3301 2206 3356 Dei.

2005 3395 2056 3447 5.
2087 3392 2234 3464 (vers.
2266 3390 2346 3464 2.]
2388 3391 2453 3446 Et
2478 3408 2631 3464 Opera
2657 3409 2898 3446 manuum
2918 3393 3025 3460 eius
3044 3394 3310 3447 annuntiat
3333 3394 3509 3461 firma-

1931 3499 2148 3543 mentum
2173 3504 2190 3541 :
2215 3487 2352 3558 quod
2377 3487 2573 3543 dictum
2601 3496 2701 3555 est,
2724 3487 2937 3557 gloriam
2964 3486 3077 3552 Dei,
3098 3486 3198 3541 hoc
3225 3488 3504 3556 repetitum

1930 3591 2031 3648 est,
2059 3598 2210 3651 opera
2250 3596 2491 3633 manuum
2530 3581 2659 3648 ejus.
2689 3579 2817 3647 Qua:
2859 3592 3020 3648 opera
3060 3593 3306 3631 manuum
3348 3577 3506 3644 ejus?

1929 3671 2043 3726 Non
2070 3672 2209 3726 sicut
2234 3671 2445 3741 quidam
2491 3670 2743 3735 sentiunt,
2790 3670 2926 3723 Deus
2950 3669 3113 3723 verbo
3152 3667 3276 3722 fecit
3302 3668 3503 3730 omnia,

1929 3772 1983 3817 ct
2008 3772 2254 3831 tanquam
2285 3762 2701 3831 prmstantiorem
2722 3759 2929 3813 caeteris
2956 3758 3221 3813 hominem
3252 3758 3369 3813 suis
3390 3772 3504 3812 ma-

1930 3854 2083 3909 nibus
2110 3852 2253 3908 fecit.
2284 3852 2398 3906 Non
2431 3854 2501 3906 ita
2528 3850 2861 3906 sentiendum
2886 3858 2971 3902 est
2999 3866 3011 3901 :
3040 3848 3245 3902 inﬁrma
3272 3860 3354 3903 est
3382 3849 3501 3913 ista,

1929 3954 1983 4001 et
2003 3961 2110 4000 non
2136 3946 2263 3999 satis
2292 3946 2503 3999 climata
2531 3942 2791 3997 sententia
2814 3957 2829 4006 ;
2860 3942 3038 3995 omnia
3066 3941 3211 3996 enim
3238 3941 3402 3997 verbo
3428 3943 3506 3997 le-

1929 4039 2017 4093 cit.
2049 4037 2179 4093 Nam
2210 4038 2331 4092 licet
2356 4051 2514 4105 opera
2542 4034 2635 4090 Dei
2661 4034 2872 4090 diversa
2902 4041 3202 4098 narrentur,
3234 4034 3288 4087 in
3312 4033 3504 4102 quibus

1930 4131 2198 4186 hominem
2241 4128 2308 4184 ad
2357 4128 2638 4197 imaginem
2678 4141 2826 4181 suam
2865 4125 2992 4180 fecit
3022 4123 3173 4193 (Gen.
3206 4127 3280 4193 l);
3326 4132 3503 4179 tamen

1926 4223 2103 4277 omnia
2129 4237 2224 4291 per
2263 4223 2432 4291 ipsum
2464 4220 2600 4273 facta
2630 4227 2773 4283 sunt,
2799 4225 2853 4272 et
2880 4216 2997 4270 sine
3040 4215 3156 4285 ipso
3188 4214 3377 4268 factum
3420 4223 3507 4268 est

1928 4314 2058 4370 nihil
2086 4313 2263 4384 (Joan.
2295 4330 2328 4377 I,
2361 4314 2440 4382 5).
2472 4310 2622 4379 Quod
2650 4318 2825 4365 autem
2851 4307 2918 4362 ad
2947 4322 3135 4363 manus
3165 4307 3255 4360 Dei
3287 4308 3500 4369 attinet,

1926 4416 1979 4462 et
2007 4406 2073 4461 de
2100 4406 2246 4461 rmlis
2262 4404 2459 4458 dictum
2477 4411 2578 4464 est,
2608 4400 2675 4454 Et
2703 4416 2859 4470 opera
2886 4415 3129 4452 manuum
3157 4406 3360 4450 tuarum
3383 4405 3503 4450 sunt

1927 4498 2038 4552 coeli
2067 4496 2236 4568 (Psal.
2263 4511 2333 4555 Cl,
2363 4494 2493 4564 ‘26);
2524 4501 2578 4549 et
2607 4507 2674 4547 ne
2704 4500 2857 4560 putes
2880 4492 3037 4545 etiam
3080 4488 3150 4542 ibi
3187 4489 3352 4542 caries
3374 4502 3502 4541 san—

1926 4602 2039 4646 ctos
2068 4590 2236 4643 dictos
2257 4587 2515 4656 subjecit:
2551 4584 2660 4655 Ipsi
2686 4583 2931 4654 peribunt,
2956 4590 3013 4634 tu
3048 4588 3213 4632 autem
3244 4595 3502 4647 permanes

1927 4682 2113 4755 (Ibid,
2132 4680 2247 4751 ‘27).
2282 4681 2419 4750 Ergo
2438 4694 2539 4733 non
2557 4678 2726 4732 solum
2748 4674 3009 4736 homines,
3034 4671 3125 4727 sed
3156 4671 3314 4726 etiam
3338 4673 3503 4727 caelos

1926 4775 2014 4843 qui
2057 4774 2322 4843 peribunt,
2358 4772 2497 4826 Deus
2549 4769 2792 4823 manibus
2834 4765 2944 4820 suis
2983 4764 3130 4831 fecit,
3168 4764 3251 4818 cui
3296 4763 3497 4818 dictum

1927 4876 2028 4933 cst,
2062 4864 2231 4929 Opera
2256 4878 2499 4917 manuum
2527 4870 2725 4913 tuarum
2748 4865 2864 4911 sunt
2892 4856 3035 4919 eali;
3059 4861 3115 4909 et
3138 4854 3205 4909 de
3235 4863 3372 4908 terra
3400 4856 3501 4907 hoc

1929 4958 2066 5011 idem
2094 4956 2291 5010 dictum
2311 4963 2392 5007 est
2416 4971 2429 5005 :
2459 4949 2709 5017 Quoniam
2732 4948 2892 5018 ipsius
2911 4956 2982 5000 est
3009 4962 3162 5008 mare,
3192 4956 3238 4999 et
3254 4946 3360 5013 ipse
3383 4945 3501 5012 fecit

1926 5049 2074 5110 illud,
2090 5058 2135 5102 et
2160 5047 2356 5100 aridam
2383 5060 2561 5097 manus
2584 5042 2692 5111 ejus
2708 5039 3041 5110 fundaverant
3057 5037 3226 5107 (Psal.
3243 5053 3385 5101 xcnv,
3405 5036 3500 5102 5)?

1928 5141 2069 5211 Ergo
2092 5140 2137 5193 si
2167 5147 2221 5193 et
2265 5137 2434 5191 caelos
2481 5133 2724 5188 manibus
2754 5139 2808 5186 et.
2855 5139 3047 5186 terram
3098 5129 3356 5190 manibus,
3393 5143 3498 5181 non

1927 5232 2096 5286 solum
2122 5230 2391 5284 hominem
2419 5226 2542 5281 fecit
2579 5224 2820 5279 manibus
2844 5241 2856 5278 :
2880 5232 2934 5278 et
2962 5222 3004 5277 si
3032 5222 3195 5277 caelos
3236 5220 3418 5283 verbo,
3447 5227 3498 5274 et

1929 5334 2121 5379 terram
2150 5320 2331 5383 verbo,
2362 5333 2489 5390 ergo
2511 5328 2565 5374 et
2588 5317 2859 5373 hominem
2905 5314 3086 5371 verbo.
3135 5312 3285 5380 Quod
3312 5312 3497 5379 verbo,

1989 5521 2005 5551 ⁸
2031 5518 2210 5567 Catian.
2246 5515 2446 5577 eodexg:
2484 5512 2703 5577 gratiam
2727 5509 3015 5577 remissionis
3052 5513 3368 5570 peccatorum.
3410 5503 3494 5555 Alii

1925 5581 2117 5644 quidam
2142 5586 2271 5644 Mss,
2291 5573 2504 5641 gratiani
2515 5580 2561 5625 et
2583 5573 2902 5644 remissionem
2918 5578 3252 5644 peccatorum.
3280 5628 3369 5644 ..-Α

1990 5645 2009 5674 ³
2032 5651 2161 5699 ων..
2180 5633 2373 5703 (ιιιὶὶῐῃε
2395 5652 2488 5703 non
2509 5636 2674 5703 grgtt's.
2702 5637 2862 5694 Abest,
2886 5633 2963 5692 ne,
2988 5633 3143 5680 abttlr.
3171 5637 3220 5678 et
3235 5643 3259 5675 a
3280 5633 3383 5675 Mss.

1990 5706 2009 5737 ³
2032 5698 2210 5753 Gatian'.
2237 5701 2410 5756 codex,
2436 5698 2728 5760 beneﬁcium.

1991 5769 2012 5799 ⁸
2035 5774 2107 5819 Er.
2134 5772 2183 5817 et
2206 5755 2425 5829 plerique
2449 5755 2573 5823 Mss,
2596 5772 2662 5813 ea;
2679 5756 2901 5808 danutato
2922 5766 3065 5820 regno
3087 5755 3370 5810 assumptus.
