3988 6188
447 360 549 415 139

448 478 547 529 hoc
579 488 770 536 manu;
798 479 850 525 et
871 464 1008 535 quod
1039 476 1217 522 manu.
1242 459 1346 514 hoc
1372 454 1572 511 verbo:
1603 466 1707 505 non
1744 447 1883 501 enim
1915 444 2011 498 Itu-

449 565 621 621 manis
648 560 898 617 membris
926 564 1123 610 statura
1163 551 1254 606 Dei
1280 548 1523 603 distincta
1553 551 1655 604 est,
1687 538 1776 610 qui
1822 536 2016 604 ubique

448 664 590 710 totus
614 660 714 716 est,
746 659 800 705 et
819 647 962 702 nullo
993 643 1295 699 continetur
1325 639 1441 692 loco
1465 652 1479 699 ;
1528 629 1666 703 quod
1694 643 1822 699 ergo
1852 624 2014 679 verbo

450 748 588 808 fecit,
619 742 872 813 sapientia
904 739 1049 799 fecit,
1077 745 1135 792 et
1166 732 1305 804 quod
1336 745 1496 786 manu
1523 725 1668 788 fecit,
1702 724 1896 813 virtute
1936 717 2016 813 fe-

449 838 539 893 cit.
569 809 814 889 Christus
838 840 921 887 est
949 839 1123 884 autem
1173 823 1266 879 Dei
1306 821 1486 876 Virtus
1530 826 1585 872 et
1619 816 1709 869 Dei
1747 809 2014 881 Sapientia

449 927 503 1001 (l
534 927 650 981 Cor.
678 941 717 991 ι,
754 923 845 992 24)
866 940 878 974 :
903 919 1089 977 Omnia
1115 924 1289 970 autem
1323 910 1605 983 peripsum
1633 905 1766 960 facta
1795 911 1935 965 sunt,
1963 906 2019 955 et

448 1024 565 1076 sine
611 1021 726 1090 ipso
777 1017 969 1072 factum
1015 1022 1098 1068 est
1144 1008 1297 1065 nihil.
1351 1006 1696 1075 Enarrarunt,
1745 1001 2014 1059 enarraut,

448 1089 772 1170 enarrabunt
796 1109 919 1165 cmli
959 1105 1177 1177 gloriam
1224 1099 1318 1156 Dei
1348 1117 1362 1153 :
1392 1094 1734 1156 enarrabunt,
1780 1089 2014 1158 inquam,

449 1205 593 1269 rmli,
628 1204 729 1258 hoc
760 1211 844 1257 est
884 1196 1075 1264 s:mcti,
1101 1195 1320 1266 gloriam
1362 1187 1479 1252 Dei,
1505 1202 1535 1241 a
1574 1195 1713 1241 terra
1752 1177 2015 1250 suspensi.

452 1297 618 1353 Deum
648 1305 939 1368 portantes,
969 1289 1245 1363 prmceptis
1271 1292 1532 1345 tonantcs,
1563 1275 1817 1348 sapientia
1838 1286 2019 1368 corn:
2043 1344 2047 1353 .

452 1361 700 1459 scantes;
735 1388 902 1453 illam,
932 1361 990 1439 ut
1018 1384 1146 1448 dixi,
1178 1379 1396 1453 gloriam
1431 1374 1546 1438 Dei,
1583 1385 1686 1442 qua
1722 1367 1852 1423 salvi
1890 1361 2018 1459 facti

453 1454 639 1536 sumus
664 1477 883 1549 indigni.
918 1476 1064 1530 Hanc
1088 1452 1472 1542 indignitatem,
1512 1462 1563 1519 id
1603 1469 1706 1524 est,
1737 1471 1839 1528 qua
1873 1452 2018 1525 digni

455 1588 560 1629 non
590 1548 808 1635 fuimus,
857 1567 1094 1639 agnoscit
1134 1564 1273 1619 ﬁlius
1304 1561 1478 1615 minor
1517 1562 1750 1628 egestate
1793 1548 2024 1606 constri-

455 1676 609 1720 ctus:
638 1663 897 1735 agnoscit,
923 1662 1158 1730 inquam,
1184 1657 1321 1710 hanc
1348 1650 1712 1722 indignitatem
1739 1646 1876 1700 ﬁlius
1923 1640 2023 1697 mi-

457 1770 557 1809 nor
582 1770 611 1808 a
633 1764 781 1824 patre
807 1753 958 1821 longe
1002 1747 1326 1820 peregrinus,
1354 1744 1654 1800 dmmonum
1681 1737 1872 1821 cultor,
1901 1742 2020 1824 tant

455 1860 611 1915 quam
637 1822 935 1913 porcorum
979 1848 1186 1909 pastor;
1221 1834 1460 1907 agnoscit
1500 1831 1717 1902 gloriam
1768 1826 1883 1892 Dei,
1926 1822 2022 1879 sed

455 1942 689 2005 egestate
714 1933 1057 1989 constrictus.
1082 1930 1149 1985 Et
1181 1930 1303 1999 quia
1329 1927 1417 1982 illa
1453 1924 1615 1996 gloria
1663 1921 1755 1976 Dei
1784 1918 1904 1974 facti
1928 1933 2020 1973 su—

456 2041 574 2080 llttls
599 2025 737 2095 quod
763 2023 905 2095 digni
933 2039 1039 2078 non
1080 2021 1296 2086 fuimus,
1338 2018 1466 2073 dicit
1491 2015 1556 2070 ad
1587 2016 1792 2070 Patrem
1824 2025 2019 2066 suum:

462 2115 580 2170 Non
605 2132 716 2170 sum
755 2115 938 2186 dignus
964 2112 1129 2168 vocari
1172 2110 1309 2181 ﬁlius
1337 2118 1451 2163 tuus
1477 2106 1625 2180 (Luc.
1655 2119 1745 2169 xv,
1770 2101 1861 2172 21)
1897 2119 1910 2155 :
1941 2101 2022 2154 iu-

459 2207 602 2274 felix,
632 2222 726 2276 per
752 2205 1102 2260 humilitatem
1140 2204 1385 2272 impetrat
1409 2198 1744 2260 felicitatem;
1772 2204 1825 2249 et
1860 2208 1926 2249 eo
1964 2206 2024 2247 se

455 2296 686 2352 ostendit
710 2295 943 2366 dignum,
974 2307 1081 2364 quo
1099 2291 1382 2348 conﬁtetur
1414 2288 1705 2358 indignum.
1739 2283 1885 2338 Hanc
1909 2283 2022 2354 glo-

456 2388 583 2441 riam
609 2384 705 2440 Dei
734 2384 846 2440 cali
875 2391 1130 2448 euarrant,
1172 2390 1219 2435 et
1244 2396 1397 2450 opera
1424 2394 1666 2432 manuum
1689 2375 1798 2446 ejus
1823 2390 2022 2427 annun-

457 2479 546 2534 tiat
570 2478 940 2548 ﬁrmamentum
968 2491 988 2530 :
1013 2473 1207 2531 etelum
1230 2471 1642 2535 ﬁrmamentum,
1672 2468 1878 2521 ﬁrmmn
1907 2479 2020 2523 cor;

457 2581 565 2647 non
612 2565 851 2621 timidum
886 2580 999 2621 cor.
1047 2563 1368 2619 Annuntiata
1403 2560 1543 2616 enim
1579 2568 1704 2615 sunt
1746 2557 1843 2613 ista
1889 2556 2027 2610 inter

458 2645 670 2729 impios,
716 2658 858 2713 inter
897 2650 1149 2712 adversos
1187 2654 1319 2719 Deo,
1359 2653 1496 2706 inter
1540 2658 1804 2704 amatores
1846 2645 2027 2701 mundi

460 2758 932 2821 persecutoresque
956 2747 1217 2819 justorum
1243 2762 1255 2797 :
1287 2744 1425 2800 inter
1439 2742 1744 2797 saevientem
1775 2737 2026 2794 mundum

458 2843 766 2899 annuntiata
786 2853 908 2898 sunt
935 2842 1052 2896 ista.
1085 2839 1188 2895 Sed
1214 2837 1438 2893 sazviens
1465 2834 1696 2890 mundus
1719 2831 1845 2903 quid
1880 2838 2030 2901 pote-

460 2946 543 2993 rat
591 2936 786 3000 laccre,
816 2934 1027 3004 quando
1076 2932 1464 2986 ﬁrmamentum
1505 2928 1605 2982 ista
1642 2921 2029 2981 annuntiabat?

461 3026 737 3081 Aununtiat
777 3025 1144 3093 ﬁrmamentum
1171 3036 1191 3075 :
1219 3019 1382 3090 quid?
1413 3019 1583 3088 Opera
1632 3031 1871 3074 manuum
1897 3014 2025 3080 eius.

461 3118 589 3185 Qum
615 3124 739 3171 sunt
764 3118 924 3184 opera
948 3128 1196 3168 manuum
1224 3110 1379 3181 ejus?
1417 3109 1594 3166 Gloria
1626 3106 1719 3162 Dei
1771 3106 1884 3170 illa,
1926 3120 2028 3176 qua

462 3209 592 3265 salvi
623 3208 742 3263 facti
784 3221 998 3271 sumus,
1027 3219 1131 3276 qua
1173 3203 1336 3260 creati
1384 3201 1437 3256 in
1482 3198 1635 3254 bonis
1653 3197 1901 3268 operibus
1937 3209 2031 3251 su-

464 3317 613 3357 mus:
639 3300 801 3367 ipsius
820 3299 962 3353 enim
981 3312 1163 3353 sunms
1189 3295 1517 3364 ﬁgmentum,
1553 3289 1717 3344 creati
1734 3289 1790 3342 in
1820 3286 2032 3343 Christo

464 3391 590 3448 Jesu
623 3390 676 3445 in
701 3389 950 3460 cperibus
988 3386 1142 3443 bonis
1186 3384 1404 3455 (Ephes.
1448 3398 1506 3445 ιι,
1550 3381 1677 3450 10);
1723 3394 1828 3434 non
1857 3378 2029 3432 solum

466 3481 660 3553 quippe
679 3480 941 3548 homines,
955 3479 1046 3535 sed
1061 3479 1217 3534 etiam
1231 3477 1422 3547 jnstos,
1444 3476 1490 3529 si
1507 3484 1680 3528 tamen
1697 3485 1899 3537 sumus,
1922 3471 2036 3541 ipse

469 3573 594 3630 fecit
617 3587 735 3638 nos,
759 3581 813 3626 et
851 3586 955 3625 non
984 3571 1081 3641 ipsi
1103 3584 1200 3625 nos
1224 3567 1393 3642 (Psal.
1426 3581 1574 3627 ιρις.
1603 3565 1682 3634 3).

538 3664 592 3720 ι.
620 3661 770 3737 [vers.
799 3658 878 3734 3.]
906 3660 1024 3716 Dies
1047 3660 1145 3715 diei
1185 3666 1375 3713 eructat
1414 3655 1634 3720 verbum,
1672 3663 1719 3708 et
1763 3669 1866 3708 nox
1905 3651 2038 3707 nocti

468 3754 735 3810 annuntiat
757 3753 1014 3808 scientiam
1040 3768 1059 3806 :
1083 3751 1209 3822 quid
1237 3751 1354 3806 est?
1382 3749 1542 3804 Forte
1570 3747 1781 3817 planum
1807 3755 1862 3801 et
1887 3759 2041 3814 aper-

473 3855 583 3902 tum
612 3853 719 3911 est,
750 3842 872 3899 Dies
917 3843 1017 3897 diei
1055 3851 1247 3896 emetat
1275 3841 1506 3904 verbum;
1541 3846 1783 3908 apertum
1821 3845 1875 3891 et
1922 3835 2039 3906 pla-

475 3947 621 3999 num,
647 3940 895 4002 tanquam
924 3944 1022 3999 per
1045 3928 1185 3984 diem
1217 3944 1232 3982 :
1261 3926 1400 3997 quod
1443 3935 1618 3981 autem
1643 3939 1747 3979 nos:
1769 3923 1902 3977 nocti
1947 3938 2041 3975 ano

476 4023 672 4078 nuntiat
695 4023 974 4086 scientiam,
1000 4022 1282 4076 obscurum
1307 4027 1409 4085 est,
1434 4029 1677 4087 tanquam
1697 4031 1791 4086 per
1812 4022 2040 4070 noctem.

477 4113 600 4169 Dies
624 4113 745 4181 diei,
772 4111 940 4167 sancti
967 4113 1182 4178 sanctis,
1213 4110 1449 4181 Apostoli
1478 4109 1738 4173 ﬁdelibus,
1770 4107 1882 4174 ipse
1901 4104 2046 4160 Chri-

476 4214 591 4262 stus
616 4203 904 4276 Apostolis,
934 4203 1124 4274 quibus
1150 4203 1283 4258 dixit
1311 4221 1324 4256 :
1360 4202 1457 4257 Vos
1504 4202 1620 4256 estis
1658 4201 1827 4254 lumen
1869 4197 2045 4251 mundi

482 4296 690 4370 (Matth.
719 4311 770 4351 ν.
795 4296 906 4363 ﬂ).
934 4296 1185 4365 Apertum
1213 4293 1314 4349 hoc
1337 4294 1541 4350 videtur
1558 4302 1613 4348 et
1635 4292 1847 4361 cognitu
1871 4288 2042 4343 facile.

478 4389 758 4458 Quomodo
784 4397 960 4443 autem
989 4402 1092 4441 nox
1118 4387 1252 4441 nocti
1283 4387 1546 4440 annuntiat
1570 4382 1867 4440 scientiam?
1908 4380 2049 4435 Non-

479 4485 607 4541 nulli
631 4484 746 4540 haac
773 4481 933 4539 verba
956 4480 1264 4551 simpliciter
1286 4479 1680 4542 intellexerunt,
1712 4486 1766 4533 et
1784 4474 1919 4530 forte
1949 4473 2049 4528 hoc

480 4579 550 4633 sit
573 4593 784 4643 verum;
803 4576 1128 4632 aestimantes
1154 4572 1251 4626 bac
1266 4571 1525 4627 sententia
1542 4571 1887 4640 signiﬁcatum
1908 4581 2048 4633 esse,

482 4669 623 4741 quod
666 4678 903 4739 tempore
943 4665 1152 4722 Domini
1201 4663 1366 4719 nostri
1413 4662 1540 4717 Jesn
1581 4661 1795 4728 Christi,
1840 4674 1959 4713 cum
1997 4659 2052 4713 in

484 4772 624 4818 terra
652 4766 969 4822 versaretur,
1000 4754 1239 4827 Apostoli
1270 4752 1569 4818 audierunt,
1595 4749 1697 4804 hoc
1727 4750 1778 4804 in
1812 4759 2052 4818 posteros

483 4866 606 4910 esse
634 4850 932 4920 trajectum,
963 4856 1208 4919 tanquam
1233 4844 1300 4901 de
1326 4852 1564 4913 tempore
1588 4840 1640 4895 in
1669 4849 1874 4910 tempus
1902 4856 1915 4893 :
1948 4839 2053 4893 dies

486 4941 607 5007 diei,
637 4954 739 4995 nos:
765 4939 920 5004 nocti,
949 4938 1094 5007 prior
1116 4936 1232 4993 dies
1259 4932 1535 5005 posteriori
1556 4930 1681 4995 diei,
1703 4939 1758 4985 et
1788 4929 1929 4999 prior
1948 4944 2054 4983 nox

490 5031 765 5103 posteriori
792 5031 931 5085 nocti
952 5046 967 5094 ;
988 5030 1111 5100 quia
1136 5028 1251 5084 inec
1274 5026 1513 5082 doctrina
1534 5024 1718 5079 diebus
1738 5032 1795 5078 et
1816 5022 2056 5077 noctibus

492 5120 830 5194 praedicatur.
855 5121 959 5191 iste
981 5119 1204 5190 simplex
1247 5119 1544 5176 intellectus
1563 5115 1646 5171 cui
1692 5112 1888 5173 sufﬁcit
1910 5111 2055 5167 sufﬁ-

494 5217 619 5271 ciat.
659 5213 764 5271 Sed
807 5211 1061 5268 nonnulla
1099 5210 1258 5265 verba
1300 5209 1687 5278 Scripturarum
1714 5204 2055 5260 obscuritate

502 5322 596 5363 sua
625 5306 727 5361 hoc
750 5303 1079 5374 profuerunt,
1118 5299 1260 5371 quod
1284 5300 1477 5355 multas
1503 5298 1872 5368 intelligentias
1898 5311 2059 5366 pepe-

498 5407 683 5455 rerunt
708 5413 724 5453 :
756 5398 933 5466 itaque
962 5394 1063 5449 hoc
1086 5394 1130 5448 si
1156 5392 1366 5462 planum
1386 5401 1547 5455 esset,
1566 5407 1725 5445 unum
1750 5390 1945 5460 aliquid
1961 5403 2058 5443 au-

502 5489 727 5554 diretis;
756 5487 877 5559 quia
899 5501 1027 5541 vero
1051 5484 1276 5539 obscure
1299 5482 1494 5538 dictum
1515 5492 1616 5545 est,
1646 5481 1810 5535 multa
1830 5480 2059 5535 audituri

497 5583 648 5640 estis.
676 5581 771 5637 Est
793 5588 849 5635 et
865 5578 998 5633 alius
1023 5575 1321 5632 intellectus
1349 5590 1363 5627 :
1392 5572 1495 5626 dies
1518 5573 1638 5637 diei,
1656 5588 1757 5625 nos:
1779 5570 1934 5637 nocti,
1962 5571 2064 5626 hoc

500 5681 602 5741 est,
628 5672 844 5745 spiritus
870 5667 1110 5739 spiritui,
1144 5680 1269 5723 caro
1294 5663 1461 5721 carni.
1491 5663 1584 5717 Est
1608 5662 1780 5716 alius:
1809 5660 1917 5716 dies
1940 5661 2059 5726 diei,

498 5744 799 5838 spiritualcs
824 5759 1219 5835 spirituallbus;
1247 5766 1295 5816 et
1332 5772 1430 5812 nos:
1449 5754 1603 5822 nocti,
1630 5744 1869 5811 carnales
1886 5767 2061 5810 carna-

1663 335 1717 391 S.
1760 321 2118 387 AUGUSTINI
2160 323 2454 383 EPISCOPI

3586 323 3684 379 Nili

2123 440 2277 494 libus.
2311 439 2531 509 Utrique
2559 439 2698 493 enim
2726 438 2964 499 audiunt,
2995 438 3090 492 etsi
3129 452 3229 490 non
3260 437 3468 506 utrique
3498 436 3688 489 simili-

2121 541 2202 586 ter
2229 533 2438 601 sapiunt
2468 552 2482 589 :
2514 534 2585 587 illi
2608 534 2749 586 enim
2779 531 3000 586 audiunt
3039 518 3283 600 tanquam
3316 530 3531 583 verbum
3563 546 3685 581 eru-

2121 634 2357 689 ctatnm;
2386 624 2460 678 illi
2512 636 2757 695 tanquam
2787 624 3060 679 scientiam
3103 623 3461 676 annuutiatam
3500 639 3513 674 :
3542 619 3685 689 quod

2119 717 2260 770 enim
2311 724 2568 781 ructatur,
2613 715 2979 785 prarsentibns-
3006 723 3276 778 ructatur;
3329 711 3469 782 quod
3509 722 3689 766 autem

2120 809 2485 871 annuntiatur,
2515 806 2670 877 longe
2698 806 2883 877 positis
2907 807 3267 860 annuntiatur.
3318 805 3543 858 Possunt
3566 796 3690 858 caeli

2120 912 2309 953 sensus
2338 899 2518 968 plures
2572 897 2817 965 inveniri,
2858 897 2952 953 sed
2999 881 3331 953 adhibendus
3379 907 3460 952 est
3502 895 3693 951 modus

2122 998 2345 1059 prepter
2396 990 2667 1059 angustias
2714 989 2991 1059 prmsentis
3020 989 3293 1060 temporis.
3328 990 3571 1044 Dicamus
3599 1005 3695 1044 au-

2123 1089 2230 1134 tem
2257 1089 2311 1135 et
2348 1096 2513 1135 unum
2554 1080 2771 1151 aliquid,
2803 1080 2943 1152 quod
2974 1081 3187 1151 quidam
3218 1082 3361 1136 velut
3403 1082 3693 1152 cuujiricn-
3778 1100 3785 1107 ·

2122 1178 2203 1225 tes
2230 1172 2248 1202 ¹
2276 1182 2599 1240 aperuerunt
2633 1171 2882 1241 :quando
2930 1172 3203 1235 Dominus,
3233 1173 3494 1243 inquiunt,
3537 1174 3695 1229 Chrio

2121 1270 2235 1315 stus
2264 1261 2577 1333 loquebatur
2612 1263 2899 1332 Apostolis,
2944 1262 3060 1317 dies
3102 1263 3204 1318 diei
3245 1264 3523 1319 eructabat
3567 1281 3691 1321 vcr-

2122 1350 2246 1405 bum
2265 1369 2278 1416 ;
2300 1352 2513 1423 quando
2532 1353 2697 1409 Judas
2730 1354 3010 1408 Dominum
3035 1354 3305 1409 Christum
3345 1356 3574 1426 prodidit
3600 1357 3695 1421 Ju-

2123 1441 2273 1509 da-is,
2300 1459 2405 1498 nox
2439 1445 2579 1499 nocti
2607 1446 2951 1501 annuntiabat
2974 1445 3270 1500 scientiam.

2193 1533 2247 1588 5.
2289 1531 2311 1605 [
2334 1550 2461 1588 vers.
2501 1535 2556 1599 5,
2584 1533 2663 1607 4.]
2689 1534 2809 1590 Non
2839 1544 2955 1589 sunt
2995 1536 3210 1607 loquela:
3234 1554 3391 1605 neque
3407 1554 3658 1593 sermones
3674 1583 3694 1607 ,

2123 1640 2335 1694 quorum
2367 1642 2466 1679 non
2486 1626 2760 1681 audiantur
2780 1642 2923 1682 voces
2950 1644 3121 1682 eorum
3148 1643 3169 1682 :
3193 1643 3437 1698 quorum,
3460 1630 3561 1684 nisi
3581 1646 3699 1686 ca:-

2127 1715 2301 1770 lorum'
2333 1717 2542 1771 illorum
2587 1718 2676 1786 qui
2718 1727 2968 1773 enarrant
3010 1718 3230 1795 gloriam
3268 1719 3401 1775 Dei?
3428 1720 3551 1776 Non
3572 1733 3699 1795 sunt

2125 1807 2336 1877 loquelis
2373 1825 2529 1880 neque
2551 1826 2821 1874 sermones,
2869 1792 3079 1881 quorum
3124 1828 3234 1865 non-
3254 1810 3526 1867 audiantur

2124 1916 2323 1956 eorum.
2353 1901 2535 1973 Legite
2551 1904 2716 1958 Actus
2740 1904 3132 1973 Apostolorum,
3161 1903 3428 1974 quomodo
3450 1905 3702 1961 veniente

2124 2007 2286 2062 super
2305 2009 2399 2049 eos
2422 1992 2620 2065 Spiritu
2669 2004 2871 2057 sancto,
2903 2009 3091 2049 omnes
3114 1995 3314 2064 impleti
3339 2005 3462 2049 sunt
3486 1996 3613 2062 illo;
3642 2008 3704 2051 et

2127 2083 2484 2154 loquebantur
2522 2084 2712 2156 linguis
2750 2087 2983 2140 omnium
3024 2087 3281 2157 gentium,
3312 2088 3448 2143 sicut
3469 2090 3703 2159 Spiritus

2126 2174 2284 2229 dabat
2317 2175 2396 2231 eis
2429 2176 2771 2244 pronuntiare
2799 2176 2932 2246 (Aet.
2963 2193 3021 2243 ιι,
3049 2177 3126 2246 4).
3177 2178 3312 2232 Ecce
3340 2193 3440 2232 non
3472 2192 3588 2253 sunt
3615 2180 3701 2233 lo-

2125 2267 2286 2335 quelae
2318 2283 2478 2337 neque
2521 2283 2789 2334 sermones,
2836 2285 3049 2333 quorum
3101 2286 3203 2323 non
3250 2271 3521 2324 audiantur
3557 2287 3705 2327 voces

2126 2372 2297 2410 eorum
2325 2371 2344 2410 :
2370 2356 2464 2411 sed
2490 2371 2598 2412 non
2624 2357 2695 2412 ibi
2739 2366 2940 2412 tantum
2982 2359 3069 2413 ubi
3109 2358 3311 2429 impleti
3340 2369 3465 2416 sunt
3499 2376 3703 2416 sonue-

2127 2458 2287 2510 runt;
2321 2446 2387 2502 In
2411 2463 2607 2508 omnem
2631 2457 2817 2503 terram
2853 2450 2972 2504 exiit
3014 2466 3167 2504 sonus
3201 2467 3389 2516 eorum,
3420 2453 3544 2506 etin
3573 2453 3708 2520 lines

2130 2537 2263 2590 orbis
2294 2547 2441 2593 teme
2467 2537 2617 2595 verba
2641 2555 2832 2593 eorum.
2880 2539 3003 2595 ldeo
3036 2550 3092 2597 et
3119 2555 3216 2597 nos
3251 2540 3336 2597 hic
3387 2543 3651 2612 loquimur
3687 2565 3703 2599 :

2128 2642 2293 2684 sonus
2312 2631 2455 2684 enim
2485 2629 2576 2685 ille
2611 2630 2679 2687 ad
2712 2645 2812 2687 nos
2837 2646 3008 2701 usque
3053 2634 3313 2703 pervenit,
3340 2649 3502 2690 sonus
3533 2638 3620 2707 qui
3645 2638 3707 2692 in

2129 2734 2340 2775 omnem
2371 2731 2565 2776 terram
2609 2722 2760 2789 exiit,
2786 2733 2841 2779 et
2869 2722 3152 2780 btercticus
3178 2726 3467 2782 Ecclesium
3490 2744 3593 2783 non
3620 2729 3710 2783 in-

2131 2819 2258 2865 trat.
2292 2811 2418 2868 ltlco
2439 2827 2604 2869 sonus
2633 2814 2687 2869 in
2716 2830 2931 2870 onmem
2956 2810 3149 2871 terram
3179 2818 3326 2885 exiit,
3357 2830 3411 2872 ut
3432 2828 3484 2872 tu
3514 2819 3565 2873 in
3590 2836 3711 2875 coe-

2132 2903 2240 2959 lum
2292 2905 2478 2961 intres.
2525 2905 2571 2962 Ο
2609 2907 2990 2976 pestilentiose,
3034 2909 3297 2980 litigiose,
3351 2912 3601 2982 pessime,
3646 2923 3714 2967 et

2131 2995 2309 3052 adhuc
2337 3012 2518 3053 errare
2547 2997 2768 3062 volens;
2796 3013 2831 3053 ο
2868 2999 3096 3070 superbe
3140 3000 3232 3064 ﬁli,
3263 3002 3385 3057 audi
3411 3009 3731 3059 testamen-~

2137 3097 2246 3141 tum
2273 3089 2435 3157 patris
2458 3089 2553 3144 tui.
2580 3088 2741 3155 Ecce,
2770 3090 2897 3161 quid
2926 3092 3152 3162 planius,
3180 3093 3305 3163 quid
3334 3096 3606 3164 apertius?
3636 3094 3713 3149 In

2135 3166 2335 3233 omnem
2365 3190 2551 3235 terram
2576 3182 2695 3235 exiit
2714 3199 2869 3237 sonus
2892 3199 3085 3250 eorum,
3111 3195 3160 3238 et
3179 3185 3230 3239 in
3256 3186 3380 3255 ﬁnes
3402 3187 3533 3240 orbis
3556 3196 3717 3242 terra:

2135 3271 2284 3327 verba
2303 3288 2498 3327 eorum.
2526 3273 2788 3345 Numquid
2815 3277 3117 3343 expositore
3138 3292 3271 3347 opus
3286 3277 3401 3333 est?
3425 3278 3560 3347 Quid
3575 3293 3723 3334 con-

2136 3372 2216 3418 tra
2248 3374 2297 3419 te
2318 3366 2565 3420 conaris?
2592 3366 2802 3422 Partem
2841 3369 2919 3423 vis
2954 3368 3010 3423 in
3035 3367 3128 3424 lite
3166 3370 3415 3437 retinere,
3446 3371 3531 3441 qui
3554 3380 3720 3441 potes

2137 3463 2305 3510 totum
2332 3456 2384 3510 in
2408 3456 2692 3512 concordia
2712 3459 2979 3514 retinere?

2209 3548 2262 3602 6.
2306 3547 2478 3620 [vers.
2518 3548 2597 3621 6.]
2637 3549 2705 3604 In
2741 3550 2848 3604 sole
2887 3552 3054 3621 posuit
3097 3552 3469 3608 tabernaculum
3512 3570 3664 3609 suum
3698 3573 3721 3611 :

2142 3638 2198 3694 in
2226 3639 2650 3695 manifestatione
2675 3641 2969 3697 Ecclesiam
3007 3657 3193 3709 suam,
3242 3660 3348 3699 non
3395 3645 3444 3698 in
3469 3646 3718 3712 occulto,

2146 3745 2252 3785 non
2301 3746 2420 3802 qum.
2465 3731 2642 3797 lateat,
2676 3747 2780 3787 non
2818 3733 2964 3788 velut
3000 3744 3238 3803 opertam
3266 3739 3322 3802 ²;
3366 3753 3433 3807 ne
3462 3738 3597 3792 forte
3623 3738 3726 3795 ﬁat

2143 3825 2281 3880 sicut
2304 3835 2486 3893 operta
2511 3840 2671 3894 super
2689 3840 2876 3895 greges
2901 3825 3291 3881 haereticorum.
3326 3828 3528 3883 Dictum
3559 3839 3636 3884 est
3659 3843 3723 3886 et

2143 3919 2349 3975 cuidam
2398 3919 2449 3973 in
2498 3905 2766 3988 Scriptura
2804 3929 3007 3985 sancta,
3039 3920 3289 3987 Quoniam
3325 3931 3378 3974 tu
3417 3922 3467 3975 in
3517 3924 3725 3978 occulto

2146 4010 2324 4082 fecisti,
2352 4010 2553 4080 patieris
2589 4011 2640 4062 in
2675 4009 2778 4063 sole
2808 4007 2871 4081 (ll
2905 4007 3031 4080 Reg.
3072 4025 3166 4077 xu,
3188 4009 3275 4082 l9.)
3305 4026 3319 4064 :
3352 4012 3450 4066 hoc
3476 4020 3557 4067 est
3576 4053 3592 4078 ,
3618 4028 3724 4069 oe-

2147 4105 2288 4159 culte
2311 4103 2505 4157 malum
2529 4103 2718 4166 fecisti,
2751 4117 2934 4171 pinnas
2957 4102 3171 4171 patieris
3205 4103 3255 4155 in
3280 4104 3513 4156 omnium
3540 4106 3724 4159 mani-

2148 4191 2449 4248 festatione.
2491 4193 2559 4245 In
2610 4192 2712 4245 sole
2761 4208 2888 4261 ergo
2935 4192 3099 4260 posuit
3143 4194 3518 4246 tabernaculum
3545 4210 3723 4249 suum.

2149 4283 2283 4351 Quid
2308 4292 2384 4347 tu,
2415 4282 2684 4339 hmretice.
2716 4280 2851 4351 fugis
2881 4283 2930 4334 in
2964 4280 3249 4335 tenebras?
3275 4281 3606 4337 Christianus
3624 4286 3729 4339 es?

2150 4375 2272 4428 audi
2298 4373 2587 4428 Clu-istum.
2620 4372 2825 4428 Servus
2849 4373 2945 4427 es?
2970 4372 3088 4426 audi
3115 4372 3410 4428 dominum.
3439 4375 3601 4430 Filius
3625 4379 3729 4432 es?

2151 4466 2272 4519 andi
2302 4474 2504 4535 patrem
2532 4462 2866 4540 gemendare,
2886 4462 3160 4516 revivisoe.
3194 4463 3443 4520 Dicamus
3467 4466 3606 4521 etde
3632 4476 3691 4521 te
3710 4487 3727 4522 :

2156 4558 2388 4613 Mortuus
2417 4567 2544 4623 erat,
2568 4567 2617 4611 et
2640 4558 2856 4621 revixit;
2887 4557 3121 4625 perierat,
3146 4566 3191 4608 et
3218 4557 3443 4611 inventus
3471 4568 3540 4612 est
3569 4558 3728 4629 (Luc.

2155 4665 2242 4714 xv,
2271 4636 2395 4718 52):
2411 4647 2525 4703 Non
2561 4646 2688 4702 mihi
2718 4646 2884 4712 dicas,
2914 4644 3106 4715 thuid
3134 4661 3219 4700 me
3242 4648 3457 4715 quaeris,
3480 4650 3522 4703 si
3548 4652 3734 4719 perii?

2155 4740 2279 4797 Ideo
2305 4740 2446 4795 enim
2478 4750 2527 4793 te
2566 4753 2769 4810 quam),
2802 4736 2921 4807 quia
2952 4737 3170 4805 periisti.
3198 4736 3348 4804 Noli,
3400 4740 3592 4808 inquit.
3639 4757 3735 4798 me

2157 4847 2395 4903 quaerere
2424 4849 2438 4886 :
2468 4831 2571 4886 hoc
2600 4845 2727 4884 sane
2757 4830 2865 4882 vult
2896 4828 3162 4898 iniquitas,
3193 4845 3293 4900 qua
3319 4830 3471 4884 divisi
3507 4847 3727 4895 sumus;

2157 4924 2250 4979 sed
2281 4940 2384 4978 non
2412 4923 2527 4978 vult
2565 4921 2820 4986 cltaritas,
2850 4935 2951 4991 qua
2983 4918 3170 4977 fratres
3217 4936 3420 4976 sumus.
3453 4922 3732 4992 Improbus

2159 5031 2264 5070 non
2286 5029 2482 5080 essem,
2511 5013 2554 5067 si
2582 5026 2877 5083 quaererem
2905 5026 3115 5067 servum
3142 5028 3350 5077 meum;
3382 5022 3436 5067 et
3457 5013 3733 5083 improbus

2160 5106 2330 5168 dicor,
2358 5105 2481 5175 quia
2508 5117 2688 5173 quer
2718 5102 2932 5157 fratrem
2961 5117 3137 5158 meum
3146 5103 3178 5166 ,?
3205 5103 3292 5159 Sic
3315 5103 3483 5173 sapiat
3525 5104 3581 5160 in
3624 5120 3737 5173 quo

2161 5198 2389 5253 fraterna
2411 5197 2642 5252 charitas
2669 5209 2774 5269 non
2805 5204 2908 5262 est,
2940 5210 3037 5267 ego
3074 5203 3251 5251 tamen
3296 5211 3476 5265 quer
3505 5195 3733 5253 fratrem

2162 5305 2361 5344 meum.
2393 5287 2674 5354 lrascatur,
2700 5287 2827 5341 dum
2860 5297 3034 5341 tamen
3063 5294 3348 5356 quarratur,
3368 5287 3456 5355 qui
3485 5288 3741 5343 inventus

2167 5381 2425 5451 placatur.
2473 5379 2688 5447 Qumro,
2735 5379 2969 5450 inquam,
3019 5378 3231 5434 fratrem
3260 5395 3456 5445 meum,
3485 5380 3740 5435 ctinter-

2166 5473 2305 5543 pello
2327 5488 2432 5541 non
2461 5479 2645 5526 centra
2670 5470 2838 5537 illum,
2855 5468 2949 5525 sed
2973 5486 3067 5540 pro
3097 5470 3185 5524 illo
3211 5470 3488 5525 Dominum
3512 5487 3694 5526 meum
3718 5488 3738 5528 :

2166 5581 2267 5622 nec
2289 5565 2459 5619 dicam
2487 5564 2849 5634 interpellans,
2884 5563 3124 5628 Domine,
3149 5561 3234 5617 dic
3262 5561 3407 5633 fratri
3436 5577 3556 5618 meo
3579 5573 3636 5618 ut
3655 5561 3743 5620 di-

2230 5702 2247 5733 ι
2278 5698 2461 5761 Aliquot
2480 5705 2606 5756 uss,

2232 5763 2260 5813 ¹,
2275 5772 2348 5811 sic
2501 5767 2556 5811 At
2576 5752 2684 5811 tLov.
2707 5760 2883 5811 omissa
2907 5765 3186 5822 negattone,
3208 5752 3332 5807 velut
3345 5761 3533 5819 operta.
