3988 6188
226 325 323 383 161

223 441 371 495 vitiat
395 453 605 494 mecum
633 439 993 495 hmreditatem
1027 439 1173 512 (an.
1203 455 1294 499 xu.
1320 439 1432 510 i5);
1454 437 1568 500 sed,
1595 435 1680 490 dic
1699 433 1801 488 fra-

222 537 294 586 tri
327 547 443 586 ineo
491 543 547 583 ιιι
588 541 764 585 teneat
808 547 1012 585 mecum
1059 523 1445 585 limreditatem.
1490 529 1626 595 Quid
1674 540 1802 596 ergo

225 637 401 685 erras,
435 621 640 674 irati-1?
683 620 805 690 quid
837 637 930 688 per
959 621 1179 690 angulos
1229 619 1398 690 fugis?
1447 619 1570 688 quid
1597 617 1804 671 latitare

225 714 484 770 conaris?
521 715 582 766 Ir
625 715 728 766 sole
767 714 930 782 posuit
960 714 1333 767 tabernaculum
1377 727 1544 766 suum.
1584 708 1654 762 Et
1699 709 1806 776 ipse

224 824 465 876 tartquam
498 822 717 871 sponsus
740 806 1014 874 procedens
1039 808 1100 860 de
1121 806 1340 860 thalamo
1366 822 1477 859 suo.
1510 805 1641 858 Puto
1664 801 1804 872 quod

227 912 488 966 agnoscas
528 913 669 951 eum.
717 897 809 952 llle
855 907 1100 968 tanquam
1145 913 1369 968 sponsus
1409 895 1702 966 procedens
1739 895 1806 949 de

227 989 465 1042 thalamo
493 1003 615 1054 suo,
645 990 912 1043 exsultavit
950 1000 1004 1042 ut
1041 990 1182 1060 gigas
1205 989 1272 1040 ad
1317 988 1614 1041 currendum
1642 988 1805 1048 viam;

228 1082 344 1150 ipse
382 1082 437 1134 in
477 1082 583 1135 sole
612 1082 779 1151 posuit
816 1082 1192 1135 tabernaculum
1235 1098 1382 1134 suum
1413 1080 1556 1134 :hoc
1586 1090 1685 1144 est,
1718 1078 1805 1132 ille

232 1183 485 1243 tanquam
516 1189 766 1242 sponsus,
808 1188 926 1227 cum
969 1172 1201 1226 Verbum
1242 1188 1367 1226 caro
1399 1173 1590 1225 factum
1619 1181 1721 1234 est,
1751 1171 1802 1223 in

229 1275 383 1320 utero
413 1265 656 1335 virginali
688 1265 982 1319 thalamum
1012 1264 1237 1326 invenit;
1280 1271 1436 1332 atque
1467 1262 1586 1316 inde
1609 1271 1806 1315 natura:

228 1359 555 1427 coniunctus
586 1357 852 1420 humanm,
897 1365 1144 1425 tauquam
1188 1355 1256 1409 de
1300 1355 1594 1409 eastissimo
1624 1368 1809 1423 proce-

234 1449 368 1503 dens
400 1447 586 1508 cubili.
620 1447 838 1501 humilis
869 1446 1230 1501 misericordia
1264 1444 1396 1499 infra
1418 1459 1620 1506 omnes,
1659 1442 1808 1497 fortis

231 1541 510 1609 majestate
540 1553 700 1607 super
724 1553 933 1592 omnes.
968 1537 1080 1591 Hoc
1108 1547 1188 1590 est
1217 1537 1380 1598 enim,
1415 1538 1555 1605 gigas
1588 1534 1808 1587 exsulta-

231 1635 296 1687 vit
317 1632 388 1685 ad
416 1631 718 1685 currendum
744 1630 874 1683 viam
898 1645 915 1682 :
939 1637 1096 1682 natus
1117 1637 1219 1692 est,
1245 1627 1436 1690 crevit,
1467 1625 1661 1689 docuit,
1693 1640 1810 1692 pas-

233 1740 322 1778 sus
365 1722 860 1788 est,-resurrexit,
905 1719 1174 1785 ascendit;
1215 1718 1448 1773 cucurrit
1489 1717 1659 1778 viam,
1703 1731 1805 1768 non

235 1816 392 1871 haesit
417 1815 470 1869 in
503 1816 610 1868 via.
642 1815 784 1868 Idem
813 1813 927 1883 ipse
966 1828 1092 1882 ergo
1132 1825 1358 1881 sponsus
1396 1809 1486 1880 qui
1525 1808 1638 1864 hzec
1665 1807 1804 1872 fecit,

235 1909 348 1976 ipse
377 1907 556 1976 posuit
582 1907 634 1959 in
664 1906 785 1967 sole,
829 1905 930 1960 hoc
968 1913 1051 1959 est
1093 1904 1144 1957 in
1175 1902 1618 1965 manilestatione,
1648 1900 1811 1953 taber-

234 2000 472 2054 naculum
512 2015 682 2061 suum,
711 1998 814 2052 hoc
843 2011 925 2053 eSt
955 2007 1189 2052 sanctam
1220 1997 1504 2051 Ecclesium
1534 2010 1700 2049 suam.

300 2093 354 2146 7.
399 2089 576 2164 [rers.
605 2089 686 2163 7.]
725 2091 890 2159 Quam
929 2098 1107 2144 autem
1150 2090 1286 2143 viam
1341 2090 1446 2143 cito
1474 2088 1706 2143 cucurrit
1732 2087 1810 2141 vis

234 2182 458 2237 audire?
489 2183 527 2234 Α
553 2199 747 2236 summo
773 2182 895 2235 ctelo
937 2182 1150 2252 egressio
1191 2182 1322 2251 ejus,
1367 2189 1413 2233 et
1443 2195 1677 2233 occursus
1703 2180 1810 2248 ejus

235 2291 391 2344 usque
422 2273 494 2326 ad
519 2291 771 2328 summum
807 2275 934 2344 ejus.
977 2273 1164 2328 Postea
1195 2288 1323 2328 vero
1371 2287 1530 2342 quam
1580 2272 1811 2326 excurrit

239 2367 381 2432 inde,
410 2374 468 2421 et
494 2367 819 2421 recurrendo
844 2367 1125 2432 remeavit,
1169 2366 1314 2420 misit
1347 2364 1600 2434 Spiritum
1631 2379 1806 2418 suum.

241 2458 382 2512 Visa:
403 2468 530 2512 sunt
553 2459 660 2512 illis
684 2473 844 2526 super
889 2473 1019 2527 quos
1045 2458 1204 2522 venit,
1240 2457 1430 2527 lingua:
1459 2457 1641 2511 divisaa
1667 2456 1809 2512 velut

237 2551 374 2620 ignis
396 2548 536 2622 (Act.
568 2566 626 2614 ιι,
657 2549 733 2622 3).
764 2550 912 2604 Sicut
940 2551 1073 2621 ignis
1118 2552 1264 2605 venit
1315 2551 1543 2619 Spiritus
1574 2559 1806 2613 sanctus,

239 2643 440 2698 [ωιιιιιιι
469 2641 644 2696 carnis
667 2650 1100 2712 consumpturus,
1129 2657 1313 2696 aurum
1338 2651 1583 2696 cocturus
1610 2651 1663 2694 et
1685 2656 1809 2710 pur-

237 2745 497 2804 gaturus;
527 2734 666 2790 sicut
692 2733 827 2804 ignis
858 2733 1022 2796 venit,
1059 2743 1113 2788 et
1156 2733 1273 2788 ideo
1312 2733 1571 2803 sequitur,
1618 2731 1682 2785 Et
1712 2748 1810 2786 non

235 2841 305 2880 est
333 2827 420 2896 qui
438 2843 492 2881 se
507 2826 782 2880 abscondat
801 2843 831 2879 a
852 2826 1022 2880 calore
1042 2827 1171 2895 ejus.
1659 2806 1668 2820 ’

303 2916 357 2972 8.
399 2915 577 2988 [νει-ε.
625 2915 705 2989 8.]
745 2915 853 2970 Lex
903 2915 1103 2969 Domini
1154 2914 1481 2968 immaculata
1525 2924 1811 2968 convertens

238 3008 453 3062 animus.
489 3007 601 3063 lloc
629 3017 713 3062 est
742 3006 966 3076 Spiritus
1011 3015 1243 3060 sanctus.
1299 3006 1655 3061 Testimonium
1704 3004 1807 3057 Do—

237 3100 360 3154 mini
385 3099 558 3168 ﬁdele,
586 3098 888 3169 sapientiam
927 3107 1174 3167 pra'stans
1206 3098 1430 3168 parvulis
1458 3111 1598 3150 :non
1629 3111 1812 3166 super-

238 3191 339 3246 bis.
367 3190 480 3246 Hoc
505 3198 591 3245 est
613 3189 840 3258 Spiritus
869 3198 1102 3242 sanctus.

305 3281 360 3337 9.
403 3279 581 3354 [uers.
623 3278 702 3352 9.]
740 3278 963 3335 Iustitia:
998 3279 1211 3333 Domini
1236 3289 1383 3333 recta:
1412 3295 1430 3333 :
1468 3295 1570 3334 non
1601 3289 1810 3333 terren-

238 3382 336 3436 tes,
365 3371 462 3427 sed
498 3371 812 3440 ludiﬁcantes
853 3371 1024 3424 corda.
1058 3371 1168 3426 Hoc
1199 3381 1280 3426 est
1310 3371 1536 3440 Spiritus
1575 3380 1806 3424 sanctus.

240 3461 559 3532 Praeceptum
593 3461 803 3517 Domini
845 3462 1088 3528 lucidum,
1133 3463 1425 3516 illuminans
1469 3463 1659 3529 oculos,
1706 3480 1808 3518 non

239 3553 498 3609 hebetatis
532 3571 546 3606 :
572 3570 676 3608 non
702 3555 876 3608 carnis
917 3556 1121 3620 oculos,
1171 3555 1263 3609 sed
1292 3557 1500 3620 cordis;
1531 3573 1635 3610 non
1665 3567 1809 3611 exte-

238 3646 396 3701 rioris
422 3646 656 3701 hominis
675 3687 692 3712 ,
725 3645 820 3700 sed
849 3645 1140 3700 interioris.
1187 3645 1298 3701 Hoc
1326 3659 1407 3701 est
1433 3646 1658 3716 Spiritus
1684 3663 1808 3702 san-

236 3746 376 3790 ctus.
1087 3727 1109 3737 ”
1371 3737 1376 3741 ’

307 3829 395 3882 10.
439 3826 607 3899 [υργδ.
642 3826 756 3900 10.]
799 3826 970 3880 Timor
1011 3825 1221 3881 Domini
1249 3843 1268 3881 :
1296 3844 1398 3881 non
1438 3828 1666 3894 servilis,
1717 3829 1807 3883 sed

233 3931 438 3985 castus;
467 3921 632 3991 gratis
659 3935 864 3987 amans,
897 3937 1002 3974 non
1034 3920 1208 3989 puniri
1251 3920 1442 3974 timens
1468 3921 1534 3974 ab
1559 3937 1626 3974 eo
1648 3936 1806 3991 quem

237 4013 436 4074 tremit,
467 4011 562 4066 sed
589 4012 822 4081 separari
851 4011 918 4065 ab
943 4026 1006 4066 eo
1027 4026 1184 4081 quem
1211 4009 1398 4079 diligit.
1430 4009 1531 4065 Iste
1552 4020 1630 4065 est
1654 4011 1812 4066 timor

233 4115 433 4176 castus,
465 4121 570 4158 non
598 4119 754 4174 quem
796 4112 1157 4158 consummata
1197 4101 1430 4156 charitas
1463 4099 1606 4155 funis
1642 4102 1808 4156 mittit

235 4198 277 4267 (l
308 4196 465 4249 Joan.
498 4211 577 4257 tv,
620 4196 743 4265 18);
788 4193 880 4248 sed
926 4211 1222 4264 permanens
1259 4194 1310 4246 in
1342 4197 1579 4247 sazculum
1615 4194 1808 4250 swculi.

235 4289 332 4343 llic
361 4301 445 4341 est
487 4287 718 4358 Spiritus
757 4295 1004 4351 sanctus;
1057 4286 1111 4340 id
1137 4294 1238 4351 est,
1287 4286 1424 4341 hunc
1459 4285 1640 4348 donat,
1667 4281 1804 4340 hunc

234 4376 464 4442 confert,
492 4377 630 4432 hunc
651 4379 834 4433 inserit
854 4377 1077 4446 Spiritus
1107 4388 1340 4433 sanctus.
1370 4377 1580 4431 Iudicia
1603 4376 1810 4432 Domini

234 4487 371 4537 uera,
397 4472 681 4540 justiﬁcata
717 4472 768 4524 in
805 4471 1026 4541 idipsum
1061 4486 1210 4525 :non
1251 4472 1315 4525 ad
1347 4471 1488 4526 rixas
1514 4471 1807 4538 divisionis,

235 4563 331 4616 sed
376 4563 441 4615 ad
489 4561 954 4631 congregationem
1002 4561 1252 4628 unitatis;
1295 4561 1405 4617 hoc
1438 4572 1521 4617 est
1562 4563 1725 4630 enim,
1759 4563 1811 4617 in

236 4656 477 4723 illipsum.
541 4654 652 4708 lloc
718 4663 801 4708 est
855 4653 1084 4724 Spiritus
1139 4663 1371 4709 sanctus.
1433 4654 1557 4710 Ideo
1619 4656 1811 4725 linguis

223 4748 474 4800 euntium
505 4746 645 4816 loqui
695 4747 838 4812 fecit,
883 4748 934 4800 in
978 4762 1110 4817 quos
1139 4747 1312 4817 primo
1342 4748 1517 4808 venit;
1555 4750 1675 4817 quia
1707 4749 1809 4802 lin-

236 4855 366 4910 guns
397 4840 634 4894 omnium
660 4840 897 4910 gentium
921 4841 972 4894 in
1010 4841 1266 4894 unitatem
1293 4855 1351 4896 se
1370 4852 1808 4912 congregatarum

236 4945 363 4987 esse
403 4931 686 4984 nuntiavit.
727 4931 879 4998 Quod
926 4940 1048 4986 ttmc
1078 4930 1304 4986 faciebat
1341 4948 1478 4987 unus
1519 4932 1678 4988 homo
1724 4950 1811 4990 ac-

238 5031 402 5090 cepto
430 5021 630 5089 Spiritu
662 5029 868 5083 sancto,
905 5031 960 5075 ut
995 5036 1129 5076 unus
1171 5020 1330 5076 homo
1358 5023 1549 5092 linguis
1575 5025 1809 5079 omnium

237 5113 578 5179 loqueretur;
610 5112 709 5165 hoc
736 5111 894 5166 modo
929 5113 1039 5182 ipsa
1068 5113 1241 5167 unitas
1268 5113 1408 5180 facit,
1430 5114 1618 5184 linguis
1638 5117 1808 5171 omni-

234 5205 342 5259 bus
367 5204 619 5274 loquitur.
655 5205 719 5259 Et
743 5205 902 5260 modo
929 5220 1063 5259 unus
1092 5205 1250 5261 homo
1277 5206 1328 5260 in
1357 5207 1601 5262 omnibus
1641 5209 1812 5278 genti-

234 5296 340 5350 bus
371 5296 562 5366 linguis
607 5297 854 5351 omnibus
893 5297 1144 5365 loquitur,
1190 5314 1325 5351 unus
1370 5297 1529 5352 homo
1577 5312 1733 5368 caput
1758 5309 1812 5355 et

234 5402 449 5456 corpus.
499 5403 633 5442 llllllS
664 5388 824 5442 homo
868 5389 1106 5443 Christus
1145 5399 1197 5444 et
1230 5390 1484 5457 Ecclesia,
1531 5393 1612 5446 vir
1639 5394 1809 5462 perle-

233 5495 372 5538 ctus,
404 5479 491 5533 ille
517 5495 764 5549 spoasns,
791 5481 878 5535 illa
909 5495 1100 5550 sponsn
1127 5499 1140 5535 :
1171 5483 1261 5534 sed
1290 5493 1456 5547 erunt,
1495 5485 1682 5554 inquit,
1707 5487 1807 5540 duo

250 5591 282 5624 η
312 5587 463 5624 carne
493 5588 592 5626 una
621 5571 768 5643 (Gen.
797 5588 856 5637 ll,
879 5571 991 5644 24).
1023 5571 1228 5628 Iudicia
1260 5574 1350 5629 Dei
1391 5593 1505 5631 vera
1523 5578 1808 5648 justi/lauta

235 5669 290 5718 in
325 5665 545 5731 idipsum
577 5681 594 5718 :
626 5674 844 5734 propter
867 5665 1143 5720 unitatem.

316 5758 397 5811 Η.
443 5755 460 5828 [
487 5773 612 5811 rers.
656 5757 768 5830 11.]
809 5757 1172 5812 Desiderabilia
1200 5776 1348 5830 super
1385 5779 1563 5815 aurum
1587 5772 1633 5816 et
1661 5763 1794 5830 lapi-

1317 321 1704 381 ENARRATIO
1744 319 1806 375 IN
1849 319 2167 377 PSALMUM
2206 321 2389 378 XVIII.

3325 330 3482 385 -162

1916 432 2028 485 dem
2074 435 2343 502 pretiosum
2395 435 2604 490 multum
2646 453 2663 490 :
2705 445 2794 492 aut
2838 439 3062 494 multum
3115 455 3340 508 aurum,
3393 455 3484 499 aut

1918 525 2141 579 multum
2168 529 2473 596 pretiosum,
2495 538 2584 582 aut
2611 530 2833 585 multum
2867 531 3233 588 desiderabilia
3256 552 3272 598 ;
3297 545 3474 591 tamen

1912 617 2170 683 multum,
2228 618 2479 674 lucretico
2541 603 2748 690 parum.
2797 623 2908 677 Non
2969 625 3243 680 nobiscum
3293 643 3471 683 amant

1915 707 2162 776 idipsnm,
2198 720 2251 763 et
2305 711 2578 765 nobiscum
2621 713 2939 769 conﬁtentur
2981 716 3267 772 Christum.
3299 718 3476 787 Ipsum

1913 816 2068 866 quem
2099 818 2306 856 mecum
2330 804 2598 860 conﬁteris
2617 805 2904 874 Christum,
2926 809 3094 879 ipsum
3113 827 3228 864 ama
3251 828 3480 868 mecum.

1916 891 1980 945 Et
2011 893 2098 960 qui
2151 893 2374 962 idipsnm
2422 913 2523 950 non
2552 898 2697 960 vult,
2735 911 2974 963 recusat,
3022 903 3350 970 recalcitrat,
3394 921 3482 960 re-

1913 985 2053 1053 spuit
2093 1001 2106 1038 :
2137 1000 2243 1038 non
2275 986 2346 1038 illi
2379 997 2461 1040 est
2491 987 2840 1044 desiderabile
2886 990 2988 1045 hoc
3015 1008 3174 1062 super
3215 1010 3402 1049 aurum
3427 1007 3484 1052 ,et

1913 1073 2143 1143 lapidem
2176 1077 2464 1145 pretiosum
2494 1081 2738 1133 multum.
2773 1081 2905 1134 Audi
2938 1083 3076 1138 aliud
3104 1103 3117 1139 :
3145 1085 3208 1138 Et
3232 1087 3482 1152 dulciora,

1911 1165 2121 1234 inquit,
2174 1185 2321 1233 super
2367 1168 2466 1223 mel
2503 1181 2546 1222 ct
2577 1176 2765 1241 favum.
2801 1174 2903 1227 Sed
2951 1175 3050 1228 hoc
3079 1177 3356 1231 adversum
3405 1190 3484 1234 est

1912 1259 2105 1312 erranti
2155 1278 2168 1314 :
2205 1261 2305 1315 mel
2337 1278 2574 1316 amarum
2613 1273 2694 1318 est
2741 1265 3005 1330 febrienti,
3045 1267 3202 1323 dulce
3230 1278 3403 1325 tamen
3433 1283 3484 1326 et

1892 1339 2237 1418 ‘acceptahile
2279 1362 2484 1419 sanato,
2514 1354 2636 1423 quia
2673 1369 2852 1409 carum
2903 1366 2982 1410 est
3010 1358 3242 1412 sanitati.
3276 1359 3486 1415 Deside-

1913 1439 2092 1493 rabilia
2131 1457 2284 1510 super
2322 1459 2500 1495 aurum
2528 1454 2574 1497 et
2599 1445 2818 1515 lapidem
2866 1448 3140 1517 pretiosunt
3178 1451 3412 1516 multum,
3441 1461 3486 1504 et

1914 1530 2142 1584 dulciora
2167 1549 2317 1602 super
2349 1535 2446 1587 mel
2473 1543 2516 1588 et
2544 1539 2734 1606 favum.

1986 1623 2072 1676 1‘2.
2118 1622 2291 1696 iners.
2336 1625 2446 1698 12.]
2491 1627 2626 1681 Nam
2667 1640 2716 1683 et
2761 1647 2930 1686 servus
2956 1641 3070 1687 tuus
3119 1633 3334 1690 custodit
3372 1651 3431 1688 ea
3469 1651 3486 1690 :

1913 1729 2070 1783 quam
2115 1714 2293 1794 dulcia
2339 1718 2440 1772 ista
2479 1730 2625 1783 sunt,
2676 1722 3025 1777 custodiendo
3069 1725 3252 1794 prohat
3302 1741 3488 1782 servus

1921 1815 2060 1874 tuus,
2095 1791 2206 1862 non
2236 1810 2518 1880 loquendo.
2546 1811 2790 1868 Custodit
2819 1830 2880 1868 ea
2905 1791 3093 1871 servus
3122 1827 3262 1883 tuus,
3289 1819 3408 1889 quia
3435 1830 3486 1874 ct

1918 1915 2058 1954 nunc
2083 1900 2258 1955 dulcia
2289 1913 2433 1969 sunt,
2462 1913 2515 1958 et
2535 1905 2585 1957 in
2616 1915 2889 1974 posterum
2920 1907 3147 1962 salubria
3171 1920 3328 1973 sunt;
3362 1925 3482 1964 nam

1918 1989 1970 2042 in
1995 1991 2324 2045 custodiendo
2355 2010 2412 2045 ea
2439 1994 2696 2048 retributio
2717 1997 2875 2050 multa
2903 2011 2922 2048 :
2951 1997 3043 2051 scd
3075 2014 3258 2052 amans
3279 1999 3486 2053 animo-
3527 2034 3538 2052 ι

1916 2079 2126 2134 sitatem
2156 2097 2328 2148 suam,
2360 2099 2458 2139 nec
2487 2085 2630 2141 videt
2658 2086 2798 2142 hunc
2816 2087 3152 2158 splendorem
3185 2091 3483 2158 luereticus,

1919 2189 2017 2228 nec
2043 2176 2200 2229 sentit
2227 2176 2581 2233 dulcedinem.

1984 2268 2071 2322 15.
2113 2265 2262 2340 [vers.
2306 2271 2393 2334 15,
2420 2269 2531 2342 14.]
2575 2271 2765 2325 Delicta
2783 2273 2922 2327 enim
2950 2274 3059 2342 quis
3089 2273 3361 2344 intelligit?
3383 2274 3480 2328 Pa-

1917 2365 2018 2424 ter,
2069 2358 2284 2428 ignosce
2323 2360 2448 2426 illis,
2484 2363 2604 2431 quia
2650 2363 2889 2417 nesciunt
2929 2363 3053 2433 quid
3099 2364 3295 2418 iaciunt
3334 2364 3484 2435 (Luc.

1912 2465 2064 2517 mu,
2098 2450 2210 2522 5i).
2244 2450 2388 2517 ideo,
2427 2439 2614 2522 inquit.
2661 2454 2758 2508 iste
2806 2463 2887 2508 est
2925 2469 3109 2509 servus
3134 2456 3223 2526 qui
3253 2457 3487 2511 custodit

1914 2541 2051 2597 hanc
2077 2543 2434 2612 dulcedinem,
2489 2547 2805 2600 suavitatem
2862 2546 3150 2612 charitatis,
3195 2563 3432 2603 amorem
3465 2549 3480 2579 ¹

1915 2634 2151 2690 unitatis.
2175 2635 2307 2706 Ego,
2341 2637 2526 2706 inquit,
2549 2638 2660 2706 ipse
2690 2637 2778 2707 qui
2805 2638 3067 2702 custodio,
3098 2654 3226 2708 rogo
3249 2647 3320 2704 te,
3351 2655 3490 2708 quo-

1913 2726 2056 2780 niam
2077 2727 2257 2780 delicta
2277 2729 2386 2798 quis
2407 2729 2686 2799 intelligit?
2707 2746 2773 2783 ne
2801 2731 2927 2784 mihi
2951 2743 3004 2784 ut
3025 2730 3224 2786 homini
3245 2730 3486 2801 qua-dam

1915 2816 2229 2885 subrepant,
2277 2828 2331 2872 et
2384 2819 2694 2887 quihusdam
2740 2830 2795 2873 ut
2839 2821 2997 2874 homo
3023 2837 3381 2891 prmoccuper,
3412 2824 3488 2876 Ab

1917 2908 2126 2962 occultis
2152 2912 2273 2963 meis
2317 2910 2507 2963 munda
2545 2928 2642 2975 me,
2687 2909 2917 2966 Domine.
2947 2912 3058 2967 Hoc
3095 2929 3226 2983 ergo
3251 2915 3489 2968 cantavi-

1924 3015 2061 3068 mns,
2090 3015 2214 3055 ecce
2243 3001 2307 3054 ad
2339 3000 2440 3056 hoc
2471 3002 2733 3072 loquendo
2761 3005 3116 3073 pervenimus.
3147 3006 3408 3074 Dicamus,
3436 3019 3490 3062 et

1909 3101 2034 3143 cum
2089 3092 2361 3148 intellectu
2405 3105 2700 3159 cantemus,
2747 3105 2801 3150 et
2850 3098 3112 3151 cantando
3153 3114 3386 3167 oremus,
3435 3110 3491 3156 et

1918 3183 2119 3238 orando
2145 3184 2521 3256 impetremus:
2554 3187 2809 3256 dicemus,
2830 3188 2906 3243 Ab
2930 3191 3138 3246 occultis
3157 3194 3278 3247 meis
3300 3194 3491 3248 munda

1918 3293 2018 3339 me,
2049 3275 2284 3332 Domine.
2315 3279 2444 3346 Quis
2473 3280 2611 3334 enim
2637 3280 2827 3335 delicta
2859 3281 3132 3353 intelligit?
3167 3283 3223 3340 Si
3247 3285 3491 3341 videntur

1917 3367 2170 3432 tenebrae,
2200 3369 2562 3451 intelliguntur
2605 3371 2819 3426 delicta.
2866 3373 3104 3444 Denique
3151 3376 3365 3445 quando
3390 3392 3489 3434 nos

1913 3459 2089 3514 delicti
2117 3462 2354 3530 poenitet,
2387 3461 2439 3515 in
2469 3463 2586 3519 luce
2627 3479 2831 3520 sumus.
2861 3463 2998 3520 Nam
3027 3467 3237 3536 quando
3265 3465 3490 3539 quisque

1923 3551 2039 3622 ipso
2063 3553 2258 3609 delicto
2298 3555 2563 3612 involutus
2604 3568 2706 3625 est,
2749 3558 2900 3628 quasi
2944 3558 3307 3614 obtenehratis
3332 3552 3518 3629 Oper;

1921 3643 2093 3711 lisque
2120 3644 2287 3699 oculis
2311 3660 2413 3700 non
2443 3646 2587 3700 videt
2620 3646 2870 3702 delictum
2901 3665 2915 3701 :
2942 3649 3066 3717 quia
3094 3649 3138 3702 si
3167 3649 3255 3702 tibi
3287 3659 3491 3719 tegatur

1913 3742 1968 3786 ct
1995 3735 2167 3788 carnis
2196 3737 2400 3801 oculus,
2434 3752 2530 3790 nec
2555 3737 2695 3791 aliud
2731 3737 2899 3802 vides,
2929 3753 3028 3793 nec
3056 3737 3160 3793 hoc
3187 3739 3326 3794 unde
3357 3740 3490 3811 tegi-

1919 3832 2001 3876 tnr
2030 3824 2198 3878 vides.
2235 3824 2374 3894 Ergo
2425 3826 2533 3880 Deo
2557 3826 2813 3892 dicamus,
2845 3828 2935 3898 qui
2965 3829 3111 3882 novit
3136 3828 3320 3884 videre
3347 3831 3489 3902 quod

1914 3926 2124 3984 purget,
2151 3918 2297 3971 novit
2323 3919 2585 3987 inspicere
2615 3919 2752 3989 quod
2782 3930 2968 3986 sanet;
2997 3921 3072 3975 illi
3100 3921 3339 3976 dicamus
3371 3942 3385 3978 :
3415 3924 3490 3978 Ab

1915 4008 2122 4060 occultis
2150 4009 2272 4063 meis
2297 4011 2486 4063 munda
2516 4027 2609 4073 me,
2666 4008 2916 4076 Domine;
2946 4021 2993 4065 et
3035 4014 3098 4067 ab
3140 4013 3316 4068 alienis
3343 4031 3490 4075 parce

1913 4114 2053 4151 servo
2083 4108 2187 4153 tuo.
2223 4100 2439 4166 Delicta,
2473 4101 2660 4171 inquit,
2690 4116 2807 4156 mea
2862 4101 3139 4173 inquinant
3165 4120 3269 4168 me,
3301 4105 3491 4162 delicta

1914 4189 2084 4244 aliena
2111 4190 2348 4262 afﬂigunt
2375 4207 2460 4246 me
2488 4209 2500 4244 :
2530 4191 2597 4246 ab
2628 4191 2708 4246 his
2737 4193 2928 4248 munda
2957 4211 3064 4262 me,
3091 4196 3158 4250 ab
3179 4196 3284 4250 illis
3313 4212 3490 4267 parce.

1915 4281 2063 4337 Tolle
2098 4283 2225 4336 mihi
2267 4299 2335 4338 ex
2375 4283 2534 4338 corde
2574 4283 2765 4338 malam
2817 4286 3211 4355 cogitationem,
3237 4289 3436 4357 repelle
3460 4305 3490 4342 a

1915 4390 2002 4430 me
2032 4378 2226 4432 malum
2252 4391 2525 4432 suasorem
2555 4395 2568 4428 :
2600 4376 2699 4432 hoc
2728 4389 2837 4442 est,
2862 4379 2935 4432 Ab
2963 4382 3170 4436 occultis
3191 4383 3314 4436 meis
3339 4399 3490 4436 mun-

1916 4466 1983 4518 da
2011 4484 2109 4530 me,
2138 4477 2183 4520 et
2213 4468 2275 4520 ab
2299 4468 2478 4522 alienis
2503 4485 2653 4538 parce
2674 4485 2814 4523 servo
2842 4479 2947 4524 tuo.
2982 4471 3113 4525 Nam
3141 4473 3236 4526 ista
3266 4471 3372 4528 duo
3401 4489 3493 4542 ge-

1915 4574 2042 4612 nera
2071 4558 2408 4623 delictorum,
2444 4562 2656 4631 propria
2684 4560 2841 4616 simul
2881 4572 2936 4616 et
2981 4563 3173 4630 aliena,
3201 4564 3362 4618 etiam
3383 4565 3492 4634 pri-

1918 4650 2079 4711 mitus
2119 4651 2172 4705 in
2212 4653 2431 4706 exordio
2473 4652 2778 4707 claruerunt
2830 4672 2843 4708 :
2879 4653 3120 4708 diabolus
3161 4668 3260 4710 suo
3297 4656 3493 4712 delicto

1915 4743 2137 4807 cecidit,
2182 4744 2350 4798 Adam
2395 4746 2572 4801 alieno
2607 4745 2818 4814 dejccit.
2871 4743 2967 4799 llic
3005 4745 3118 4814 ipse
3159 4745 3252 4801 Dei
3305 4761 3492 4803 servus

1915 4833 2215 4890 custodiens
2235 4835 2430 4905 judicia
2459 4836 2572 4900 Dei,
2602 4835 2654 4888 in
2685 4835 2876 4904 quibus
2923 4835 3198 4892 retributio
3221 4840 3403 4905 multa,
3434 4851 3490 4897 et

1919 4924 1968 4978 in
1997 4925 2101 4980 alio
2128 4926 2330 4995 psalmo
2375 4927 2452 4980 sic
2483 4935 2599 4980 orat
2633 4942 2645 4978 :
2674 4925 2799 4980 Non
2829 4927 2992 4980 veniat
3047 4929 3171 4982 mihi
3200 4947 3286 4999 pes
3311 4948 3490 5000 super-

1916 5017 2009 5071 bia:
2029 5057 2044 5082 ,
2088 5027 2136 5072 et
2190 5033 2372 5072 manus
2417 5026 2736 5088 peccatorum
2787 5034 2886 5072 non
2930 5032 3156 5074 moueant
3196 5040 3276 5078 me
3318 5023 3488 5094 (Psal.

1916 5126 2086 5176 xxxv,
2125 5107 2235 5181 12).
2267 5109 2382 5164 Non
2427 5110 2628 5174 veniat,
2667 5109 2855 5180 inquit,
2905 5111 3033 5166 mihi
3079 5127 3175 5182 pes
3203 5115 3488 5184 superbize,

1915 5202 2016 5257 hoc
2045 5211 2146 5267 est,
2173 5203 2250 5256 Ab
2293 5201 2502 5256 occultis
2528 5203 2650 5256 meis
2677 5204 2867 5256 munda
2887 5219 2987 5270 me,
3015 5203 3264 5270 Domine;
3295 5217 3347 5261 et
3378 5222 3489 5260 ma-

1918 5310 2018 5348 nus
2050 5305 2384 5363 peccatorum
2412 5274 2518 5348 non
2546 5304 2793 5350 moveant
2813 5310 2919 5364 me,
2953 5295 3052 5351 hoc
3077 5309 3179 5362 εει,
3207 5297 3289 5352 Ab
3308 5299 3490 5353 alienis

1915 5403 2064 5457 parce
2077 5402 2217 5440 servo
2244 5397 2349 5440 tuo.

1990 5479 2073 5532 ll.
2117 5477 2178 5533 Si
2221 5479 2316 5532 mei
2345 5495 2444 5532 non
2491 5478 2676 5547 fuerint
2719 5479 2974 5551 dominata
3004 5496 3023 5535 :
3049 5482 3251 5536 occulta
3283 5497 3398 5537 mea
3437 5491 3487 5537 et

1915 5565 2107 5620 delicta
2147 5565 2340 5619 aliena.
2383 5564 2525 5619 Tunc
2572 5567 2926 5622 immaculatus
2953 5585 3038 5621 ero
3065 5586 3083 5622 :
3117 5569 3214 5622 hoc
3246 5583 3347 5622 noa
3376 5584 3488 5623 suis

1915 5660 2110 5714 viribus
2134 5661 2312 5723 audet,
2358 5659 2450 5714 sed
2492 5659 2772 5728 Dominum
2803 5661 3120 5732 deprecatur
3149 5671 3202 5714 ut
3251 5660 3485 5727 impleat,

1981 5775 1996 5804 ί
2023 5780 2070 5822 ιιι
2095 5771 2340 5838 plerisque
2360 5780 2490 5835 Mss,
2513 5785 2692 5824 amore.
