3988 6188
430 323 528 380 163.

423 443 505 497 cui
536 436 729 494 dicitur
762 431 812 485 in
856 425 1055 497 psalmo
1085 440 1095 472 :
1139 417 1327 471 Itinera
1372 426 1478 464 mea
1532 406 1692 476 dirige
1716 399 1985 456 secundum

428 533 626 589 verbum
666 538 824 583 tuum.
863 528 909 572 et
951 532 1051 570 non
1093 510 1374 565 dominetur
1402 501 1522 554 mihi
1570 497 1731 551 omnis
1755 491 1994 559 iniquitas

429 622 598 698 (I'snl.
631 581 820 672 cxvm.
842 608 988 679 1'53).
1012 604 1129 660 Noli
1154 603 1361 660 timere,
1389 597 1431 648 si
1453 591 1769 647 christianus
1788 597 1871 639 es.
1898 581 1992 636 do-

431 685 626 777 inimum
658 707 785 762 foris
815 700 1084 757 hominem
1116 713 1130 748 :
1160 691 1441 746 Dominum
1471 685 1638 739 Deum
1671 689 1816 733 tuum
1855 687 1996 728 sem-

431 775 532 878 per)
552 804 696 856 time.
715 797 906 853 Malum
923 794 974 846 in
999 801 1050 844 te
1067 790 1212 851 time,
1241 783 1342 836 hoc
1362 785 1446 833 est
1463 773 1810 878 cupiditatem
1829 776 2021 868 tuam,-

556 891 769 964 quodin
798 896 851 942 te
876 887 1015 940 Deus
1044 879 1186 942 fecit,
1215 873 1308 929 sed
1343 867 1484 940 quod
1511 865 1619 964 tibi.
1635 863 1748 964 ipse
1775 856 1948 964 fecisti
1980 870 1993 904 :

433 947 772 1052 tehlleminus
795 980 988 1033 bonum
1019 982 1229 1028 servum
1263 965 1416 1025 fecit;
1447 970 1502 1013 tu
1531 956 1624 1012 tibi
1649 955 1699 1008 in
1725 947 1886 1006 corde
1907 955 1998 1047 tuo

433 1040 628 1134 mitium
653 1071 926 1127 dominum
957 1061 1169 1118 creasti.
1202 1056 1391 1113 Merito
1426 1046 1669 1134 subderis
1718 1035 1997 1134 iniquitati,

432 1126 626 1224 merito
648 1126 891 1218 subderis
918 1154 1134 1210 domino
1152 1162 1308 1220 quem
1337 1154 1390 1198 tu
1413 1141 1505 1196 tibi
1524 1136 1622 1208 ipsi
1647 1131 1850 1195 iecisti;
1880 1126 2001 1197 quia

433 1263 480 1318 ei
513 1260 600 1329 qui
625 1267 672 1311 te
697 1255 816 1308 fecit
835 1248 1078 1305 subditus
1104 1256 1223 1298 esse
1252 1236 1488 1292 noluisti.

508 1317 594 1408 1-5.
635 1347 740 1404 Sed
762 1345 805 1399 si
835 1341 952 1407 mei,
985 1336 1171 1406 inquit,
1222 1347 1322 1383 non
1353 1324 1539 1397 fuerint
1581 1317 1857 1380 dominata,
1887 1320 2004 1364 tunc

436 1439 786 1499 immaculata:
817 1449 934 1496 ero;
964 1439 1011 1484 et
1045 1421 1324 1480 mundabor
1369 1435 1402 1471 a
1442 1413 1622 1468 delicto
1645 1421 1826 1478 magno
1853 1420 1872 1457 :
1901 1415 2004 1472 quo

442 1497 690 1610 putamus
719 1527 955 1586 delicto?
994 1520 1136 1593 quod
1179 1515 1305 1571 illud
1335 1524 1415 1569 est
1451 1508 1701 1564 delictum
1725 1497 2007 1610 magntmLt?

440 1591 600 1689 E‘orte
628 1625 766 1682 aliud
792 1622 860 1677 sit
885 1591 1040 1689 quam
1061 1614 1299 1669 dicturus
1319 1615 1458 1669 sum,
1491 1617 1598 1657 non
1623 1608 1798 1653 tamen
1824 1591 2009 1648 celabo

441 1724 582 1796 quod
609 1718 802 1776 sentio.
846 1713 1102 1768 Delictum
1141 1715 1389 1774 magnum
1415 1697 1646 1752 arbitror
1672 1705 1794 1783 esse
1819 1700 2008 1790 super-

443 1779 604 1871 biam.
634 1812 744 1866 Hoc
772 1809 995 1862 fortasse
1036 1809 1092 1854 et
1130 1798 1284 1850 aliter
1327 1788 1678 1862 signiﬁcatum
1724 1779 1807 1836 est
1851 1779 2010 1833 ineo

443 1906 583 1978 quod
610 1904 702 1968 ait,
725 1899 790 1954 Et
808 1892 1087 1951 mundabor
1108 1905 1140 1942 a
1155 1887 1333 1941 delicto
1354 1894 1556 1951 magno.
1584 1871 1835 1978 Quaeritis
1853 1882 2010 1978 quam

446 1963 699 2066 magnum
751 1991 821 2045 sit
868 1988 969 2041 hoc
1005 1983 1276 2041 delictum,
1321 1972 1462 2046 quod
1500 1967 1694 2039 deiecit
1730 1963 2010 2034 Angelum,

450 2055 590 2160 quod
619 2103 681 2142 ex
710 2082 912 2153 Angela
940 2077 1062 2133 fecit
1086 2072 1374 2135 diabolum,
1399 2067 1550 2137 eique
1581 2065 1631 2118 in
1658 2072 1913 2116 atternum
1944 2055 2017 2110 in-

448 2155 683 2239 terclusit
703 2191 920 2247 regnum
951 2165 1243 2227 cmlurum?
1262 2164 1505 2234 Magnum
1532 2159 1633 2213 hoc
1648 2155 1896 2211 delictum
1913 2159 2013 2213 est,

448 2285 502 2330 et
529 2279 684 2341 caput
731 2242 890 2335 atque
933 2275 1094 2316 causa
1119 2257 1354 2312 omnium
1381 2251 1731 2309 delictorum;
1763 2242 2016 2310 scriptum

449 2377 533 2420 est
557 2331 696 2417 enim
732 2377 746 2411 :
775 2331 984 2410 Initium
1009 2349 1198 2422 peccati
1227 2346 1389 2400 omnis
1415 2340 1667 2406 superbia.
1695 2337 1762 2391 Et
1780 2349 1848 2390 ne
1869 2331 2018 2402 quasi

457 2459 570 2512 Icve
592 2449 791 2522 aliquid
811 2453 1141 2505 contemnas,
1176 2437 1411 2504 Initium,
1442 2431 1631 2502 inqttit,
1661 2425 1907 2497 superbire
1930 2423 2022 2477 Ita-

452 2551 600 2605 minis
637 2513 924 2616 apostatare
950 2555 982 2591 a
1011 2536 1118 2590 Deo
1147 2532 1333 2606 (Eccli.
1382 2545 1441 2594 ι,
1475 2526 1562 2590 l5,
1605 2513 2022 2616 tt)._tvon1ev_e

452 2643 649 2699 malum
672 2609 760 2693 est
787 2634 889 2688 hoc
916 2631 1122 2694 vitium,
1155 2626 1343 2679 fratres
1369 2619 1475 2676 mei
1506 2616 1665 2672 :huic
1704 2612 1832 2668 vitio
1859 2612 1911 2666 in
1940 2609 2022 2664 his

456 2732 718 2806 personis,
769 2739 902 2798 quas
953 2719 1143 2776 videtis
1189 2716 1423 2785 amplas,
1471 2709 1714 2780 displicet
1754 2702 2024 2806 humilitas

453 2793 764 2884 christiana.
788 2793 1026 2886 'Propter
1046 2813 1149 2867 hoc
1177 2809 1358 2863 vitium
1376 2803 1731 2873 dedignantur
1749 2796 1885 2852 colla
1901 2793 2027 2850 sub-

457 2922 585 2977 dere
607 2917 734 2988 jugo
761 2907 982 2973 Christi,
1009 2902 1228 2972 obligati
1270 2897 1468 2953 arctius
1507 2894 1635 2964 jngo
1661 2890 1882 2960 peccati.
1910 2887 2024 2988 l‘ion

460 2979 834 3068 enitn'servire
859 3014 964 3054 non
991 2995 1072 3050 eis
1089 2991 1395 3060 continget:
1427 2998 1548 3040 nam
1577 2983 1764 3038 nolunt
1805 2979 2024 3043 servire,

459 3104 556 3161 sed
597 3101 676 3154 eis
703 3092 919 3166 expedit
940 3088 1161 3146 servire.
1203 3080 1442 3138 Nolendo
1491 3078 1693 3134 servire
1736 3075 1863 3130 nihil
1884 3073 2029 3129 aliud

463 3203 642 3267 agunt,
674 3204 832 3262 quam
861 3193 919 3240 ut
962 3183 1103 3236 bono
1138 3177 1360 3232 Domino
1400 3185 1506 3228 non
1546 3170 1811 3234 serviant;
1841 3182 1945 3222 non
1973 3175 2031 3221 ut

463 3258 679 3343 omnino
692 3258 801 3337 non
827 3275 1096 3334 serviant:
1124 3269 1244 3340 quia
1282 3266 1370 3338 qui
1397 3263 1628 3320 noluerit
1671 3261 1876 3317 servire
1898 3258 2026 3314 cha-

464 3376 630 3442 ritati,
663 3385 882 3428 necesse
909 3375 993 3423 est
1019 3371 1078 3419 ut
1101 3361 1298 3416 serviat
1335 3355 1615 3426 iniquitati.
1641 3352 1723 3408 Ab
1759 3351 1862 3406 hoc
1881 3350 2028 3415 vitio,

465 3467 606 3540 quod
646 3472 728 3520 est
751 3469 908 3530 caput
955 3453 1194 3512 omnium
1241 3449 1515 3513 vitiorum,
1542 3445 1662 3516 quia
1689 3443 1813 3498 inde
1841 3450 2033 3497 cmtera

466 3530 594 3615 vitia
619 3566 736 3610 nata
759 3562 902 3611 sunt,
930 3548 1063 3602 facta
1092 3553 1175 3600 est
1201 3539 1462 3610 apostasia
1487 3552 1516 3590 a
1541 3536 1669 3600 Deo,
1687 3543 1844 3588 eunte
1859 3530 2033 3587 anima

467 3654 520 3707 in
557 3647 824 3707 tenebras,
857 3653 909 3698 et
937 3638 1077 3694 male
1111 3644 1296 3691 utente
1343 3631 1512 3686 libero
1536 3627 1773 3689 arbitrio,
1807 3622 2037 3695 peccatis

469 3745 629 3800 etiam
657 3737 866 3795 caneris
907 3729 1210 3790 consecutis
1255 3744 1269 3780 :
1307 3734 1364 3781 ut
1405 3736 1459 3779 et
1499 3719 1845 3777 substantiam
1885 3731 2036 3772 suam

470 3838 749 3906 dissiparet
798 3845 917 3885 cum
953 3821 1320 3881 meretricibus
1361 3819 1546 3872 vivens
1586 3813 1826 3885 prodige,
1871 3819 1924 3864 et
1946 3824 2040 3879 per

472 3901 761 4000 egestatem
794 3923 944 3976 ﬁeret
974 3925 1152 3986 pastor
1191 3925 1468 3984 porcorum
1497 3907 1644 3980 (Luc.
1673 3922 1762 3968 xv,
1811 3901 1923 3976 15),
1951 3901 2042 3972 qui

475 3998 592 4074 erat.
619 4015 797 4069 socius
825 4009 1167 4079 Angelerum.
1195 4005 1420 4073 Propter
1448 3999 1549 4054 hoc
1579 3998 1785 4061 vitium,
1825 4002 2042 4064 propter

476 4111 581 4164 hoc
602 4118 846 4173 magnum
870 4097 1131 4168 superbire
1152 4102 1446 4165 peccatum,
1465 4091 1606 4145 Deus
1631 4086 1843 4142 humilis
1866 4084 2040 4139 venit:

480 4202 596 4257 haec
614 4211 794 4259 causa,
839 4191 939 4246 hoc
967 4195 1243 4260 peccatum
1271 4197 1540 4253 magnum,
1575 4181 1674 4234 iste
1699 4177 1883 4247 ingens
1904 4189 2043 4228 mor-

482 4295 582 4351 hus
601 4288 915 4344 animarum,
944 4279 1360 4347 ninnipotentem
1397 4271 1660 4326 medicum
1697 4268 1765 4323 de
1789 4267 1926 4322 cmlo
1954 4265 2048 4319 de-

481 4386 651 4448 duxit,
685 4391 849 4448 usque
872 4372 936 4427 ad
964 4370 1188 4425 formam
1213 4365 1354 4421 servi
1378 4363 1692 4426 bumiliavit,
1716 4349 2048 4416 contumeliis

483 4477 608 4548 egit,
634 4472 776 4541 ligno
798 4460 1108 4535 suspendit;
1138 4469 1197 4513 ut
1225 4472 1320 4526 per
1350 4455 1574 4508 salutem
1589 4460 1754 4530 tanta:
1775 4449 2050 4505 medicinae

485 4540 700 4624 curetur
723 4559 810 4614 hic
829 4567 1032 4610 tumor.
1064 4550 1182 4606 Jam
1213 4545 1424 4601 tandem
1451 4542 1728 4597 erubescat
1746 4540 1906 4595 homo
1934 4553 2053 4594 esse

487 4655 766 4728 superbus,
791 4655 1006 4720 propter
1025 4657 1184 4714 quem
1216 4638 1386 4693 factus
1408 4644 1490 4689 est
1526 4633 1740 4688 humilis
1768 4633 1926 4687 Deus.
1956 4630 2050 4696 lla,

491 4724 677 4818 inquit,
706 4738 982 4796 mundabor
1010 4752 1041 4788 a
1079 4733 1260 4787 delicto
1298 4742 1499 4799 magno.
1545 4724 1666 4795 quia
1706 4724 1844 4778 Detts
1873 4736 2054 4792 super-

492 4812 581 4898 his
615 4834 848 4898 resistit,
890 4826 1179 4884 humilibus
1220 4831 1396 4877 autem
1449 4819 1539 4873 dat
1585 4815 1808 4888 gratiam
1857 4812 2056 4886 (Jacobi

491 4952 542 4991 tv
565 4975 577 4997 ,
619 4932 672 4986 6.
704 4926 729 4982 1
758 4927 896 4981 Petr.
926 4938 977 4987 v,
999 4919 1076 4990 5).

566 5022 656 5078 iﬁ.
681 5017 832 5090 [rem
875 5010 986 5082 15.]
1026 5008 1093 5063 Et
1137 5024 1224 5078 per
1269 5007 1362 5060 hoc
1399 5012 1454 5058 ut
1500 5000 1838 5072 contplaceant
1866 4999 2060 5069 eloquia

496 5118 598 5172 oris
623 5112 740 5175 mei,
771 5117 818 5163 et
845 5102 1100 5158 meditatio
1131 5099 1296 5154 cordis
1320 5097 1417 5150 mei
1445 5097 1498 5150 in
1526 5101 1793 5164 conspectu
1821 5100 1905 5144 tuo
1927 5107 2063 5145 sem-

501 5225 586 5265 per
614 5221 632 5260 :
659 5216 779 5258 nam
808 5200 848 5253 si
875 5195 941 5250 ab
969 5195 1070 5248 hoc
1096 5205 1287 5261 magno
1314 5189 1507 5244 delicto
1535 5202 1638 5265 non
1665 5182 1978 5246 mundabor,
2012 5183 2065 5236 in

500 5301 782 5362 cnnSpectu
809 5286 1081 5342 hominum
1126 5281 1405 5351 placebunt
1445 5261 1650 5346 eloquia
1690 5290 1834 5338 mea,
1877 5289 1981 5326 non
2013 5273 2066 5325 in

500 5393 786 5453 conspectu
814 5390 922 5433 tuo.
945 5373 1182 5444 Superba
1202 5373 1374 5425 anima
1399 5370 1450 5423 in
1481 5377 1766 5437 conspectu
1795 5365 2067 5418 hominum

504 5483 612 5535 vult
637 5488 844 5548 placere
875 5491 886 5526 :
921 5467 1133 5524 humilis
1163 5467 1332 5520 anima
1364 5467 1415 5518 in
1443 5463 1671 5523 occulto,
1709 5459 1794 5512 ubi
1825 5458 1963 5511 Deus
1990 5455 2070 5506 vi-

504 5583 610 5635 det,
642 5547 748 5623 vult
775 5566 1020 5635 placere;
1054 5569 1112 5614 ut
1149 5560 1191 5612 si
1221 5557 1474 5626 placuerit
1502 5551 1802 5607 hominibus
1825 5549 1892 5602 de
1933 5547 2073 5600 bono

505 5633 686 5734 opere,
719 5633 819 5715 illis
841 5655 1132 5728 gratuletur
1154 5651 1342 5721 quibus
1371 5650 1542 5717 placet
1567 5633 1760 5698 bonum
1789 5655 1942 5709 opus,
1968 5655 2072 5694 non

508 5729 604 5812 sibi
629 5754 711 5808 cui
746 5741 990 5806 sul'ttcere
1014 5746 1173 5802 debet
1197 5743 1318 5813 quia
1346 5739 1471 5795 fecit
1513 5738 1704 5789 bonum
1734 5746 1866 5802 opus
1901 5750 1913 5786 :
1945 5729 2103 5787 ϐίω·

1637 290 1693 345 S.
1737 275 2098 340 AUGUSTINI
2135 274 2431 331 EPlSCOPI

3556 260 3650 316 164

2093 394 2170 444 ria
2198 401 2385 453 nostra,
2418 391 2602 459 inquit.
2636 390 2738 440 hinc
2764 396 2854 451 est,
2880 385 3208 439 testimonium
3234 381 3547 436 conscientia
3569 396 3665 433 no—

2095 492 2212 537 strce
2241 481 2306 552 (ll
2334 482 2448 535 Cor.
2473 498 2519 544 ι,
2555 479 2662 544 19.).
2693 479 2920 548 Ideoque
2949 478 3186 529 dicamus
3211 475 3364 526 etiam
3399 474 3536 539 quod
3581 486 3668 524 se-

2098 574 2757 645 quitur.Dominc,adjutor
2778 588 2914 624 meus
2935 581 2978 623 et
3003 569 3282 635 redemptor
3309 583 3442 618 meus
3472 581 3490 617 :
3517 566 3669 626 adju-

2101 676 2184 719 tor
2208 665 2259 718 in
2288 662 2456 726 bonis,
2489 663 2790 726 redemptor
2819 676 2849 713 a
2881 661 3069 721 malis;
3103 657 3312 726 adjutor
3337 667 3393 710 ut
3434 655 3669 708 httltilt‘tn

2102 759 2152 812 in
2179 759 2438 812 charitate
2469 769 2553 812 tua
2575 799 2590 824 ,
2619 756 2924 824 redemptor
2951 763 3008 808 ut
3045 755 3241 808 liberes
3267 767 3350 806 me
3377 751 3443 805 ab
3475 750 3670 818 iniqui-

2104 861 2208 905 tate
2234 866 2370 904 mea.

2500 1033 2616 1120 ἸΝ
2657 1058 3032 1121 PSALMUM
3070 1059 3229 1121 XIX

2699 1182 3112 1238 ENARIlATIO.

2517 1293 2581 1348 In
2607 1296 2779 1363 ﬁnem,
2809 1295 3044 1373 Psalntus
3072 1294 3258 1349 David.

2181 1411 2232 1461 t.
2275 1405 2425 1480 [vers.
2466 1407 2543 1479 1.]
2580 1407 2747 1462 Νοιιιε
2789 1415 2871 1462 est
2913 1408 3012 1463 iste
3052 1407 3255 1472 titulus,
3299 1422 3398 1463 nec
3433 1403 3682 1463 Christus

2112 1500 2271 1568 dicit,
2303 1501 2397 1556 sed
2428 1500 2637 1556 Christo
2667 1501 2794 1556 dicit
2815 1501 3099 1570 Propheta,
3129 1502 3292 1573 ﬁgura
3318 1504 3531 1575 optandi
3562 1520 3682 1574 qua:

2071 1621 2078 1625 ‘
2112 1604 2328 1650 ventura
2357 1603 2480 1649 sunt
2514 1609 2730 1650 canens.

2183 1688 2238 1742 2.
2273 1686 2422 1759 [vers.
2451 1685 2531 1759 2.]
2565 1687 2817 1741 Exaudiat
2845 1695 2893 1742 te
2915 1685 3164 1742 Dominus
3188 1688 3242 1740 in
3273 1687 3355 1742 die
3393 1688 3684 1742 tribulatio-

2114 1779 2193 1836 nis
2226 1778 2513 1834 :exaudiat
2537 1787 2589 1832 te
2613 1778 2869 1833 Dominus
2896 1777 2950 1832 in
2983 1777 3070 1833 die
3107 1792 3208 1848 qua
3233 1777 3444 1844 dixisti,
3488 1777 3648 1832 Pater
3669 1822 3686 1845 ,

2113 1871 2341 1938 clariﬁca
2365 1869 2556 1925 Filium
2579 1879 2720 1924 tuum
2751 1869 2932 1937 (Joan.
2964 1886 3076 1926 ινιτ
3101 1911 3115 1937 ,
3148 1871 3220 1942 1).
3253 1870 3492 1942 Protegat
3519 1881 3565 1924 te
3593 1890 3689 1925 no-

2117 1980 2227 2017 men
2261 1962 2355 2017 Dei
2377 1961 2540 2017 .Iacob
2570 1979 2589 2016 :
2617 1963 2682 2017 ad
2715 1972 2765 2018 te
2790 1964 2931 2018 enim
2976 1965 3207 2034 pertinet
3244 1965 3468 2033 pepulus
3509 1977 3685 2034 poste-

2118 2053 2229 2108 rior
2253 2061 2376 2107 natu
2401 2094 2417 2120 ,
2443 2053 2564 2124 quia
2589 2055 2761 2122 major
2787 2055 2982 2109 serviet
3006 2056 3197 2109 minori
3228 2055 3376 2128 (Gen.
3412 2073 3538 2123 xxv,
3569 2060 3664 2127 25)

2189 2146 2242 2201 5.
2283 2143 2433 2219 [ven
2473 2144 2551 2218 5.]
2596 2144 2766 2200 Mittat
2800 2145 2888 2198 tibi
2924 2147 3169 2201 auxilium
3197 2147 3262 2201 de
3301 2158 3472 2202 sancto
3496 2191 3509 2216 ,
3555 2161 3600 2202 et
3627 2152 3688 2203 de

2122 2236 2249 2291 Sion
2278 2245 2478 2290 tueatur
2505 2246 2588 2301 te,
2633 2235 2832 2291 faciens
2880 2237 2976 2292 tibi
3021 2238 3401 2293 sanctiﬁcatum
3453 2255 3648 2310 corpus
3675 2283 3690 2303 ,

2121 2327 2411 2384 Eoclesiam
2435 2369 2452 2394 ,
2506 2326 2573 2384 de
2617 2327 2978 2398 speculatione
3019 2336 3184 2384 tutam
3209 2370 3223 2395 ,
3255 2345 3371 2398 quae
3415 2340 3694 2402 exspectat

2121 2419 2332 2489 quando
2353 2419 2536 2474 venias
2557 2435 2587 2474 a
2614 2419 2812 2489 nuptiis
2838 2420 2882 2472 ί.

2193 2512 2247 2566 4.
2275 2507 2425 2584 [vet-3.
2451 2507 2530 2582 4.]
2566 2509 2762 2565 Memor
2783 2511 2849 2565 sit
2883 2511 3044 2565 omnis
3067 2512 3304 2582 sacri/itii
3339 2513 3411 2567 tui
3437 2530 3456 2568 :
3487 2530 3696 2570 memo-

2124 2619 2212 2660 res
2239 2619 2336 2659 nos
2374 2603 2531 2660 faciat
2557 2602 2792 2658 omnium
2838 2603 3147 2673 iniuriarum
3175 2613 3381 2660 tuarum
3415 2615 3469 2660 et
3509 2617 3696 2661 contu-

2129 2696 2428 2759 meliarum,
2467 2708 2601 2764 quas
2630 2708 2728 2764 pro
2762 2693 2914 2749 nobis
2941 2695 3223 2764 pertulisti.
3251 2695 3320 2750 Et
3347 2697 3699 2755 holocaustum

2126 2798 2266 2844 tuum
2308 2791 2493 2864 pingue
2533 2793 2624 2864 ﬁat
2653 2809 2671 2847 :
2697 2802 2752 2850 et
2776 2809 2986 2852 crucem
3010 2836 3025 2863 ,
3073 2811 3176 2869 qua
3213 2805 3351 2854 totus
3386 2799 3597 2855 oblatus
3639 2817 3700 2855 cs

2129 2883 2262 2950 Deo,
2287 2885 2338 2940 in
2368 2887 2598 2942 ltetitiam
2627 2891 3029 2968 resurrectionis
3052 2901 3344 2947 convertat.

2200 2977 2254 3032 5.
2296 2975 2444 3050 [vers
2475 2977 2551 3050 5.]
2597 2979 2672 3051 (a)
2705 2980 2910 3036 Tribuat
2937 2984 3024 3037 tibi
3052 2983 3296 3039 Dominus
3321 2987 3590 3040 secundum
3618 3005 3705 3041 cor

2131 3079 2270 3124 tuum
2293 3087 2310 3124 :
2334 3071 2522 3126 tribuat
2547 3072 2637 3126 tibi
2665 3072 2934 3138 Dominus,
2959 3089 3065 3129 non
3091 3075 3383 3131 secundum
3403 3091 3496 3132 cor
3515 3093 3700 3137 eorum

2132 3161 2224 3231 qui
2255 3170 2570 3230 putaverunt
2595 3163 2962 3232 persequendo
2990 3165 3170 3221 delere
3197 3175 3247 3220 te
3271 3181 3462 3237 posse;
3493 3169 3586 3222 sed
3611 3177 3702 3224 se;

2132 3253 2362 3309 cundum
2396 3269 2490 3310 cor
2519 3263 2664 3309 tuum
2685 3296 2699 3321 ,
2727 3269 2835 3325 quo
2860 3255 3007 3311 scisti
3033 3256 3158 3327 quid
3201 3258 3440 3312 utilitatis
3483 3257 3704 3314 haberet

2133 3351 2310 3420 passio
2352 3361 2458 3404 tua.
2508 3348 2578 3403 Et
2621 3365 2767 3404 omne
2811 3350 3076 3404 consilium
3117 3360 3257 3405 tuum
3301 3351 3547 3422 compleat
3588 3368 3606 3406 :
3651 3363 3706 3406 et

2135 3443 2399 3513 compleat
2425 3458 2582 3498 omne
2611 3443 2890 3497 consilium
2923 3451 3090 3510 tuum,
3129 3457 3233 3498 non
3261 3443 3430 3498 solum
3458 3457 3563 3514 quo
3588 3444 3704 3498 ani-

2138 3549 2276 3588 mam
2302 3543 2441 3587 tuam
2467 3533 2687 3604 posuisti
2719 3549 2816 3603 pro
2841 3533 3026 3588 amicis
3045 3533 3149 3588 tuis
3175 3531 3354 3605 (Joan.
3386 3550 3474 3600 xv,
3508 3534 3619 3604 l3),
3649 3545 3708 3589 ut

2141 3626 2511 3681 mortiﬁcatum
2541 3640 2762 3701 granum
2792 3625 3056 3695 cepiosius
3109 3634 3407 3695 resurgeret
3433 3624 3453 3696 (
3483 3623 3572 3680 Id.
3604 3642 3704 3693 xu,

2139 3716 2263 3789 25);
2298 3716 2389 3772 sed
2419 3717 2578 3771 etiam
2599 3731 2704 3785 quo
2729 3717 2941 3770 cmcitas
2967 3731 3038 3770 ex
3066 3725 3215 3785 parte
3245 3716 3405 3771 lsrael
3431 3716 3565 3771 facta
3592 3726 3669 3771 est
3691 3758 3705 3782 ,

2143 3821 2200 3864 ut
2221 3809 2492 3880 plenitudo
2513 3806 2758 3863 Gentium
2786 3807 3026 3874 intraret,
3053 3817 3108 3862 et
3131 3807 3208 3863 sic
3231 3809 3403 3865 omnis
3428 3808 3587 3865 Israel
3606 3810 3712 3865 sal-

2144 3915 2240 3957 vus
2268 3902 2418 3956 ﬁeret
2443 3900 2616 3972 (Rom.
2647 3916 2703 3954 x1
2722 3941 2738 3965 ,
2767 3899 2881 3962 25).

2215 3995 2269 4049 6.
2311 3992 2461 4067 (vers.
2497 3991 2578 4066 6.]
2618 3991 2993 4047 Exsultabimus
3018 3993 3070 4045 in
3092 3993 3304 4046 salutari
3327 4000 3408 4045 tuo
3435 4007 3453 4044 :
3483 3991 3713 4047 exsulta-

2148 4085 2322 4154 bimus
2345 4084 2487 4156 quod
2515 4084 2608 4138 tibi
2631 4099 2774 4138 mors
2801 4083 2926 4137 nihil
2957 4082 3202 4146 nocebit;
3233 4083 3303 4136 ita
3331 4083 3470 4137 enim
3499 4099 3596 4137 nec
3621 4099 3717 4137 no-

2147 4179 2230 4234 bis
2256 4193 2373 4233 eam
2402 4191 2594 4232 nocere
2618 4189 2773 4244 posse
2800 4174 3138 4228 monstrabis.
3169 4172 3237 4226 Et
3265 4173 3317 4226 in
3346 4173 3547 4227 nomine
3571 4175 3591 4205 ²
3623 4173 3720 4228 Dei

2151 4272 2308 4327 nostri
2333 4268 2764 4340 magniﬁcabimur
2793 4284 2811 4321 :
2841 4277 2894 4322 et
2933 4266 3198 4322 confessio
3246 4257 3319 4320 tui
3357 4267 3588 4322 nominis
3615 4283 3720 4323 non

2153 4365 2324 4421 solum
2350 4377 2452 4417 non
2481 4361 2667 4431 perdet
2688 4361 2828 4428 ,sed
2857 4361 3014 4415 etiam
3046 4359 3402 4430 magniﬁcabit
3425 4374 3541 4415 nos.

2225 4455 2275 4508 7.
2299 4452 2446 4526 [vers
2472 4449 2549 4525 7.]
2585 4451 2803 4522 Impleat
2824 4451 3070 4506 Dominus
3103 4466 3272 4505 omnes
3293 4451 3553 4520 petitiones
3574 4460 3686 4505 tuas
3711 4468 3730 4506 :

2155 4548 2372 4617 impleat
2410 4546 2665 4600 Dominus
2689 4561 2794 4599 non
2822 4545 2990 4600 solum
3016 4545 3302 4614 petitiones
3325 4558 3458 4615 quas
3498 4543 3727 4599 habuisti

2158 4643 2211 4697 in
2237 4650 2398 4703 terra,
2422 4639 2517 4694 sed
2541 4639 2700 4694 etiam
2725 4637 2914 4709 quibus
2944 4637 2998 4692 in
3023 4637 3160 4693 coelo
3180 4637 3486 4707 interpellas
3510 4652 3606 4707 pro
3635 4655 3734 4692 no-

2158 4735 2260 4790 bis.
2293 4733 2446 4788 Nunc
2469 4733 2676 4804 cognovi
2695 4731 2930 4803 quoniam
2953 4731 3144 4785 salvum
3166 4731 3280 4803 fecit
3306 4729 3555 4784 Dominus
3581 4730 3736 4784 Chri-

2159 4835 2289 4881 stum
2332 4842 2478 4880 suum
2506 4840 2525 4878 :
2553 4837 2695 4879 nunc
2735 4822 2865 4878 mihi
2896 4838 2988 4892 per
3031 4823 3357 4891 prophetiam
3397 4821 3739 4878 demonstra-
3811 4825 3818 4830 '

2163 4929 2272 4973 tum
2322 4926 2440 4980 est,
2493 4915 2742 4986 quoniam
2786 4913 3119 4969 resuscitabit
3169 4913 3418 4967 Dominus
3461 4912 3742 4970 Christum

2163 5027 2335 5068 suum.
2367 5008 2619 5064 Exaudiet
2643 5006 2784 5060 illum
2811 5006 2872 5060 de
2895 5004 3019 5060 ctelo
3044 5014 3215 5059 sancto
3235 5021 3324 5058 suo
3349 5021 3367 5058 :
3396 5003 3646 5059 exaudiet
3673 5005 3744 5058 il-

2166 5105 2272 5157 lum
2296 5143 2311 5169 ,
2342 5117 2446 5155 non
2477 5100 2543 5155 de
2581 5108 2721 5154 terra
2763 5106 2964 5151 tantum
2993 5140 3008 5161 ,
3040 5097 3125 5150 ubi
3171 5111 3228 5150 se
3271 5094 3422 5164 petiit
3460 5095 3744 5150 clariﬁcari

2169 5193 2347 5266 (Joan.
2379 5207 2485 5247 xvu
2509 5233 2524 5256 ,
2553 5189 2605 5261 1)
2629 5205 2644 5254 ;
2675 5204 2856 5242 verum
2883 5190 3043 5244 etiam
3072 5189 3138 5243 de
3180 5189 3315 5244 catlo
3338 5231 3351 5249 ,
3402 5186 3488 5240 ubi
3516 5186 3625 5256 jam
3667 5187 3745 5242 ad

2170 5286 2437 5340 dexteram
2470 5282 2640 5336 Patris
2681 5281 3030 5349 interpellans
3074 5294 3167 5349 pro
3209 5279 3363 5333 nobis
3405 5277 3578 5350 (Rom.
3615 5294 3750 5344 vm,

2175 5378 2266 5448 3t)
2284 5419 2298 5443 ,
2328 5374 2534 5430 diﬁ'udit
2569 5372 2692 5427 inde
2721 5371 2984 5459 Spiritum.
3011 5382 3249 5426 sanctum
3277 5385 3437 5440 super
3465 5368 3756 5425 credentes

2238 5555 2252 5584 ¹
2280 5550 2412 5608 Edd.,
2437 5548 2500 5598 ad
2522 5546 2726 5610 nuptias.
2754 5555 2808 5596 At
2841 5554 2968 5604 Mss,
2994 5561 3025 5595 a
3042 5547 3236 5610 nuptiis.

2242 5617 2355 5683 {sic
2497 5606 2776 5659 melioribus
2813 5617 2920 5659 Mss.
2961 5606 3117 5672 juxta
3142 5616 3266 5658 LXX.
3313 5607 3519 5671 [nomine
3566 5606 3766 5658 Domini

2179 5676 2291 5727 Dei;
2314 5674 2430 5734 etc.]

2247 5738 2318 5799 (a)
2351 5734 2622 5797 Diapsalma.
