3988 6188
221 305 318 362 165

219 411 266 462 ἱη
293 421 375 462 se.
421 402 484 458 In
523 400 856 475 potentatibus
889 396 1026 452 salus
1052 395 1267 449 dextera:
1305 392 1413 459 eius
1441 404 1458 442 :
1489 391 1790 456 potentatus

216 500 386 552 nostri
413 473 538 550 sunt
564 494 710 547 salus
739 489 932 545 favoris
961 488 1110 556 ejus,
1137 499 1258 538 cum
1289 482 1447 536 etiam
1474 479 1541 532 de
1569 473 1787 530 tribula-

217 590 364 642 tione
392 585 482 640 dat
511 584 786 643 auxilium,
817 589 874 634 ut
898 576 1108 647 quando
1151 575 1500 633 inlirmamur,
1543 577 1665 622 tunc
1692 579 1793 635 po-

218 688 396 733 tentes
425 678 590 730 simus
621 674 686 745 (II
717 671 832 727 Cor.
865 687 958 734 xu,
993 667 1102 737 10).
1130 665 1262 721 Nam
1292 677 1427 717 vana
1456 660 1598 714 salus
1624 655 1795 710 homi-

221 785 349 824 num
374 766 549 837 (Psal.
580 781 689 831 ιιι,
726 764 836 834 15),
867 776 983 831 qua:
1011 773 1117 813 non
1155 757 1409 819 dexter-aa,
1443 750 1534 805 sed
1562 747 1794 802 sinistra:

218 865 334 932 ejus
364 872 446 915 est
481 878 494 914 :
530 859 627 912 hac
668 859 808 911 enim
849 853 1181 911 extolluntur
1225 849 1275 902 in
1324 858 1567 915 magnam
1611 854 1797 907 super-

219 929 358 1008 biam
387 994 401 1019 ,
432 950 753 1021 quicumque
786 954 1064 1018 peccantes
1093 938 1456 1010 temporaliter
1495 933 1627 989 salvi
1671 929 1792 984 lacti

221 1053 359 1100 sunt.

287 1135 343 1189 8.
374 1132 526 1204 (vers.
555 1129 634 1204 8.]
679 1127 749 1183 Hi
790 1128 842 1180 in
882 1125 1107 1179 curribus
1144 1133 1190 1178 et
1229 1122 1280 1175 hi
1316 1121 1370 1174 in
1414 1119 1549 1190 equis
1581 1113 1656 1188 (ιι)
1692 1132 1704 1167 :
1742 1112 1795 1166 hi

221 1225 437 1280 volubili
484 1222 823 1279 successione
861 1217 1228 1287 temporalium
1267 1213 1527 1267 bonorum
1580 1207 1799 1261 trahun-

225 1327 330 1381 tur,
357 1326 410 1370 et
438 1316 491 1368 hi
517 1312 759 1383 superbis
789 1307 1138 1379 prtel'eruntur
1165 1306 1182 1337 ¹
1213 1303 1524 1363 honoribus,
1555 1308 1712 1366 atque
1740 1295 1793 1349 in

225 1408 307 1461 his
332 1405 622 1460 exsultant.
650 1400 761 1456 Nos
783 1410 948 1454 autem
973 1399 1026 1453 in
1052 1397 1252 1451 nomine
1284 1392 1489 1448 Domini
1519 1389 1613 1443 Dei
1641 1386 1798 1441 nostri

225 1497 586 1553 exsultabimus
612 1511 632 1550 :
661 1508 759 1548 nos
784 1501 961 1547 autem
991 1505 1138 1560 spem
1183 1487 1402 1557 ﬁgentes
1446 1483 1498 1537 in
1542 1479 1753 1535 alternis
1779 1517 1794 1541 ,

228 1605 398 1659 neque
425 1586 648 1657 gloriam
674 1592 908 1638 nostram
936 1587 1254 1650 quierentes,
1281 1577 1333 1632 in
1355 1573 1567 1629 nomine
1592 1568 1797 1625 Domini

232 1683 318 1736 Dei
351 1679 520 1734 nostri
547 1675 954 1732 exsultabimus.

295 1774 348 1829 9.
397 1765 548 1846 [vers.
589 1767 669 1843 9.]
712 1767 825 1834 Ipsi
868 1765 1074 1837 obligati
1113 1771 1269 1825 sunt,
1309 1771 1356 1815 et
1393 1757 1672 1846 ceciderunt
1701 1769 1718 1807 :
1746 1759 1801 1807 et

231 1867 347 1921 ideo
369 1845 468 1934 ipsi
498 1860 869 1932 temporalium
896 1870 1074 1912 rerum
1100 1851 1385 1922 cupiditate
1409 1845 1625 1918 obligati
1654 1851 1796 1908 sunt,

235 1961 478 2013 timentes
520 1968 736 2025 parcere
767 1949 992 2004 Domino
1016 1987 1032 2013 ,
1080 1960 1147 2000 ne
1171 1959 1198 1997 a
1228 1940 1482 1998 Romanis
1521 1935 1803 2007 perderent

237 2052 410 2105 locum
434 2046 616 2120 (Joan.
640 2059 715 2108 xi,
745 2041 870 2112 48);
897 2049 951 2095 et
977 2040 1238 2093 irruentes
1280 2034 1331 2088 in
1370 2031 1596 2102 lapidem
1627 2026 1801 2083 oﬂ'en-

235 2140 394 2196 sionis
423 2139 600 2208 (Rom.
630 2151 710 2201 Ix,
740 2131 831 2205 5‘2)
860 2140 915 2186 et
951 2139 1153 2200 petram
1194 2124 1448 2190 scaudali,
1479 2121 1545 2176 de
1574 2134 1669 2188 Spe
1695 2132 1806 2174 cte-

236 2233 348 2287 lesti
375 2228 687 2286 ceciderunt
719 2224 951 2294 :unibus
983 2221 1195 2276 czecitas
1221 2234 1284 2272 ex
1309 2225 1459 2287 parte
1482 2211 1642 2268 Israel
1669 2209 1803 2264 facta

237 2333 332 2389 est,
365 2316 733 2391 ignorantibus
759 2314 854 2368 Dei
894 2311 1152 2383 justitiam
1178 2349 1194 2372 ,
1237 2316 1294 2362 et
1310 2319 1464 2360 suam
1509 2301 1806 2356 volentibus

237 2389 556 2467 constituere
582 2406 694 2478 (Id.
725 2422 778 2470 Χ,
813 2403 889 2476 ὅ).
925 2401 1035 2456 Nos
1054 2416 1168 2454 vero
1193 2397 1501 2452 surreximus
1522 2395 1564 2459 ’,
1587 2402 1630 2446 et
1660 2389 1808 2445 erecti

238 2521 410 2556 sumus
437 2519 455 2556 :
485 2515 584 2556 nos
615 2513 740 2554 vero
767 2505 822 2550 ut
848 2493 1074 2565 populus
1101 2490 1346 2546 Gentium
1375 2488 1613 2550 intraret,
1640 2483 1704 2538 de
1734 2482 1811 2535 la-

243 2595 450 2666 pidibus
483 2589 694 2647 excitati
729 2587 821 2641 lilii
852 2583 1116 2639 Abraham
1148 2579 1355 2653 (Matth.
1379 2593 1457 2642 ut,
1483 2575 1538 2645 9)
1570 2575 1655 2644 qui
1701 2588 1804 2627 non

242 2686 571 2741 sectabamur
591 2680 844 2752 justitiam
867 2719 882 2742 ,
912 2671 1352 2745 apprehendimus
1375 2684 1492 2724 eam
1521 2667 1691 2738 (Rom.
1721 2679 1794 2730 Ix,

243 2776 360 2850 50),
407 2785 457 2830 et
489 2771 849 2832 surreximus;
879 2782 975 2822 nec
1015 2765 1213 2818 viribus
1239 2761 1467 2825 nostris,
1509 2758 1600 2812 sed
1631 2773 1722 2826 per
1747 2754 1809 2808 li-

244 2853 362 2924 deui
383 2864 656 2938 justilicati
682 2861 846 2917 erecti
875 2872 1078 2914 sumus.

314 2963 398 3017 10.
447 2958 597 3032 [vers.
634 2953 745 3027 10.]
788 2953 1018 3018 Domine,
1053 2951 1247 3003 salvum
1270 2951 1350 3018 {ac
1378 2959 1540 3015 regem
1570 2957 1588 2995 :
1620 2951 1674 2994 ut
1701 2940 1812 3008 ipse

245 3056 332 3125 qui
376 3031 530 3106 nobis
556 3045 827 3118 praeliandi
865 3043 1164 3112 exemplum
1196 3037 1437 3109 passione
1465 3031 1811 3097 monstravit,

245 3145 432 3199 olferat
473 3141 633 3196 etiam
668 3137 925 3194 sacrilicia
955 3143 1130 3188 nostra
1155 3171 1174 3200 ,
1210 3128 1456 3184 sacerdos
1484 3125 1742 3180 excitatus
1784 3137 1813 3175 a

250 3233 469 3288 mortuis
489 3274 504 3297 ,
533 3242 588 3285 et
613 3229 666 3283 in
698 3227 833 3282 ccelo
859 3224 1197 3280 canstitutus.
1239 3218 1306 3272 Et
1331 3216 1512 3272 exaudi
1537 3231 1626 3268 nos
1655 3215 1709 3267 in
1739 3212 1818 3264 die

248 3345 342 3395 qua
361 3321 758 3379 invocaverimus
786 3327 832 3371 te
864 3333 881 3371 :
910 3330 1015 3386 quo
1033 3315 1141 3384 jam
1169 3328 1262 3382 pro
1289 3309 1440 3365 nobis
1468 3306 1723 3362 ollerente
1753 3304 1773 3336 ³
1799 3345 1815 3372 ,

252 3416 437 3471 exaudi
464 3427 564 3468 nos
591 3411 647 3464 in
674 3410 762 3464 die
785 3422 887 3478 qua
913 3404 1334 3460 invocaverimus
1362 3411 1432 3456 te.

255 3530 1810 3564 _________________________.

687 3641 766 3702 IN
806 3636 1183 3701 PSALMUM
1225 3635 1350 3695 XX

787 3791 790 3794 -
841 3757 1256 3815 ΕΝΑΒΒΑἸΊΟ.

608 3874 673 3930 1η
697 3875 868 3944 ﬁnem,
899 3871 1133 3926 Psalmus
1159 3870 1257 3940 ipsi
1285 3868 1467 3922 David.
1491 3889 1502 3900 ·

323 4018 377 4071 1.
427 4015 581 4087 [ειη.
623 4011 704 4084 1.]
730 4012 936 4065 Titulus
986 4015 1142 4062 notus
1191 4014 1308 4069 est;
1359 4002 1427 4058 de
1468 4001 1680 4057 Christo
1730 4015 1818 4052 ca-

257 4110 416 4164 nitur.

322 4201 380 4254 2.
410 4197 560 4271 [vers.
597 4193 678 4266 2.]
721 4192 960 4249 Domine.
999 4193 1050 4244 in
1085 4191 1268 4243 virtute
1295 4199 1380 4240 tua
1409 4185 1656 4240 lmtabitur
1696 4198 1826 4237 rex:

257 4291 484 4346 Domine
506 4331 522 4355 ,
548 4289 601 4342 in
628 4287 821 4340 virtute
865 4295 950 4338 tua
969 4325 983 4345 ,
1013 4297 1115 4353 qua
1143 4280 1164 4312 ‘
1197 4280 1422 4335 Verbum
1463 4293 1586 4332 caro
1635 4276 1825 4330 factum

262 4393 362 4448 est,
393 4380 656 4434 lmtabitur
680 4377 840 4431 homo
865 4374 1104 4429 Christus
1140 4370 1312 4426 Iesus.
1359 4368 1423 4422 Et
1449 4385 1599 4439 super
1620 4367 1830 4420 salutari

264 4487 349 4528 tuo
378 4469 644 4526 exsultabit
672 4468 980 4521 vehementer
1007 4480 1026 4518 :
1054 4473 1108 4519 et
1135 4477 1294 4533 super
1319 4461 1438 4527 hoc,
1468 4477 1574 4531 quo
1600 4459 1831 4514 viviﬁcas

262 4566 461 4625 omnia.
490 4561 774 4618 exsultabit
805 4559 1164 4614 vehementer.

334 4659 391 4711 5.
418 4654 569 4727 [τίη.
597 4650 674 4724 3.]
718 4649 1032 4705 Desiderium
1067 4649 1248 4701 animat
1284 4647 1392 4716 ejus
1419 4644 1598 4698 dedisti
1623 4643 1666 4695 ei
1692 4658 1711 4696 :
1737 4641 1831 4696 de-

267 4748 526 4803 sideravit
549 4743 868 4800 manducare
895 4740 1090 4796 Pascha
1133 4739 1280 4810 (Luc.
1306 4753 1414 4792 χχιι
1436 4779 1450 4804 ,
1484 4735 1610 4803 15),
1644 4743 1696 4789 et
1736 4749 1832 4803 po-

269 4857 399 4895 nere
418 4854 536 4893 cmn
563 4838 741 4899 vellet,
772 4845 930 4904 atque
955 4835 1145 4889 iterum
1171 4847 1289 4886 cum
1309 4831 1469 4884 vellet
1493 4843 1702 4883 sumere
1724 4829 1838 4880 ani-

271 4951 412 4989 mam
440 4949 588 4985 suam
621 4930 796 4999 (Joan.
826 4945 880 4994 x,
916 4927 1039 5000 18);
1080 4937 1133 4982 et
1169 4926 1357 4981 dedisti
1387 4925 1454 4980 ei.
1499 4923 1563 4977 Et
1592 4924 1838 4978 voluntate

270 5027 522 5079 labiorum
547 5025 655 5093 ejus
679 5038 779 5075 non
809 5020 1012 5088 privasti
1033 5019 1055 5051 ⁸
1078 5035 1210 5072 enin.
1240 5016 1421 5070 Pacem
1445 5031 1626 5081 meam,
1649 5014 1837 5082 inquit,

271 5118 504 5180 relinquo
531 5114 666 5166 vobis
693 5109 802 5182 (Id.
830 5127 918 5165 xlv
937 5151 951 5170 ,
981 5111 1075 5178 27)
1119 5127 1131 5159 :
1161 5118 1213 5162 et
1241 5108 1432 5162 factum
1461 5115 1559 5160 est.

346 5210 385 5268 1:
444 5206 594 5281 Even.
637 5203 715 5276 4.]
759 5203 1006 5269 Quoniam
1032 5201 1310 5273 praevenisti
1337 5217 1446 5253 eum
1470 5199 1522 5253 in
1546 5198 1843 5252 benedictio-

339 5361 511 5415 I..".r.tlh.
537 5367 640 5418 113.,
665 5361 898 5422 feruntur.

338 5427 360 5456 τ
386 5425 598 5472 Potiores
617 5415 746 5477 aliis,
771 5415 1139 5470 resurreximns.

341 5490 364 5518 ι
387 5487 460 5533 sic
481 5490 585 5532 Itss.
612 5491 670 5532 At
691 5475 822 5541 edtl.,
849 5479 1077 5545 Quoniam
1099 5489 1186 5541 pro
1197 5475 1328 5545 nobis
1341 5477 1488 5545 pﬁ'ers
1503 5483 1563 5525 te.

340 5549 362 5576 δ
389 5545 524 5609 add,
547 5545 673 5609 quod
696 5557 712 5594 :
739 5553 792 5593 et
811 5537 958 5609 paulo
982 5537 1109 5609 post,
1143 5542 1268 5608 quod
1298 5537 1530 5609 afri/iras.
1583 5546 1639 5586 At
1670 5537 1847 5595 aliquot

277 5617 388 5673 uss.
414 5608 491 5673 hic
512 5599 712 5673 habent,
736 5599 847 5673 qua,
873 5612 924 5653 et
944 5599 1081 5658 infra,
1104 5599 1196 5673 quo
1216 5599 1439 5673 mliﬁcus.

341 5671 364 5702 ³
379 5670 510 5726 Edd.,
525 5659 777 5727 fraudasti.
790 5659 894 5716 Mss.
903 5677 1037 5721 vero,
1049 5659 1258 5726 privas-ti.
1275 5659 1321 5710 tu
1334 5670 1491 5711 Graeco
1502 5669 1592 5718 est,
1603 5659 1844 5712 estet-ﬁsus.

347 5754 422 5817 (a)
447 5751 577 5803 Idem
600 5765 725 5803 vers.
750 5750 782 5800 8
799 5757 1026 5801 tractatur
1053 5749 1100 5796 in
1123 5752 1254 5794 Euar.
1282 5750 1396 5794 Psat.
1419 5759 1573 5800 curn,
1597 5760 1644 5793 ιι.
1679 5745 1750 5792 19.

1270 312 1273 313 ν
1337 268 1728 333 ΕΝΑΒΠΑΊΊΟ
1766 263 1828 320 ιΝ
1870 265 2187 326 PSALMUM
2227 268 2342 325 XX.

3369 277 3466 331 166

1896 383 2040 436 nibus
2066 383 2343 438 dulcedinis
2376 399 2394 437 :
2423 385 2667 454 quoniam
2698 385 2841 454 prius
2867 385 3113 442 hauserat
3138 389 3458 444 benedictio-

1899 490 2016 530 nem
2039 473 2331 528 dulcedinis
2358 485 2456 528 tum.
2477 516 2491 541 ,
2524 475 2588 529 fel
2635 488 2966 544 peccatorum
3011 491 3309 536 nostrorum
3357 498 3460 535 non

1897 566 2075 619 nocuit
2101 566 2147 620 ei
2181 567 2274 637 (a).
2310 565 2531 620 Posuisti
2551 567 2600 618 in
2625 569 2786 635 capite
2815 569 2920 639 ejus
2952 586 3187 622 coronam
3213 574 3274 624 de
3296 575 3466 637 lapide

1898 657 2112 728 pretioso
2141 673 2159 711 :
2185 659 2234 711 in
2268 659 2522 727 principio
2561 659 2819 712 sermonis
2863 660 2976 728 ejus
3005 662 3315 716 accedentes
3350 679 3462 717 am-

1897 751 2105 803 bierunt
2133 765 2254 805 eum
2282 751 2486 819 lapides
2509 751 2758 822 pretiosi.
2792 751 3031 822 discipuli
3059 756 3171 820 sui,
3202 771 3230 808 a
3271 756 3461 826 quibus

1898 843 2170 897 exordium
2201 844 2610 898 annumiatiunis
2639 845 2754 912 ejus
2781 845 2949 900 lieret.

1969 934 2022 989 5.
2065 933 2212 1006 [vers.
2257 933 2334 1006 5.]
2381 932 2547 988 Vitam
2589 935 2764 1004 petiit,
2807 945 2850 988 et
2889 936 3068 989 dediin
3104 937 3194 992 ei:
3223 954 3461 1010 resurre-

1899 1026 2125 1080 ctionem
2156 1026 2340 1096 petiit,
2369 1025 2581 1087 dicens,
2611 1025 2767 1079 Pater
2791 1068 2804 1091 ,
2836 1028 3058 1094 clari/ica
3087 1028 3277 1083 Filium
3316 1044 3457 1083 tuum

1902 1117 2080 1187 (Joau.
2109 1133 2221 1172 xvn
2243 1160 2256 1181 ,
2293 1117 2376 1188 1);
2403 1127 2456 1173 et
2482 1117 2672 1173 dedisti
2701 1119 2770 1170 ei.
2800 1117 3183 1189 Longitudinem
3206 1123 3396 1174 dierum
3410 1123 3460 1174 in

1899 1211 2132 1263 sarculum
2171 1210 2343 1264 seaculi
2371 1227 2389 1264 :
2416 1211 2566 1280 longa
2612 1220 2844 1282 tempora
2893 1213 3069 1267 sarculi
3116 1215 3304 1284 hujus,
3348 1231 3464 1285 quae

1901 1302 2119 1356 haberet
2148 1302 2400 1366 Ecclesia,
2423 1312 2477 1358 et
2495 1303 2744 1373 deinceps
2760 1307 3106 1360 aeternitatem
3133 1308 3182 1360 in
3212 1308 3464 1362 saeculum

1901 1393 2102 1447 saaculi.
2727 1452 2736 1461 Ω

1922 1560 1926 1564 .
1971 1484 2023 1538 6.
2061 1483 2209 1557 [vers.
2250 1484 2327 1558 6.]
2358 1485 2548 1557 Magna
2585 1496 2657 1541 est
2699 1488 2860 1558 gloria
2898 1489 3006 1558 ejus
3048 1490 3100 1543 in
3136 1492 3296 1544 salute
3334 1500 3465 1545 tua:

1903 1593 2087 1647 magna
2117 1577 2432 1646 estquidem
2456 1577 2621 1648 gloria
2646 1579 2761 1647 ejus
2792 1581 2841 1632 in
2869 1581 3038 1635 salute
3058 1622 3072 1646 ,
3102 1596 3204 1650 qua
3234 1597 3353 1636 eum
3383 1597 3468 1636 re-

1901 1669 2187 1724 suscitasti.
2219 1669 2444 1724 Gloriam
2475 1680 2520 1723 et
2554 1687 2788 1742 magnum
2816 1673 3041 1726 decorem
3070 1673 3292 1744 impones
3319 1690 3468 1742 super

1903 1778 2014 1814 eum
2043 1777 2062 1814 :
2087 1761 2181 1816 sed
2220 1761 2392 1815 adhuc
2418 1762 2637 1831 gloriam
2665 1770 2720 1817 et
2747 1778 2994 1832 magnum
3031 1764 3273 1824 decorem
3303 1764 3468 1820 addes

1903 1851 1950 1906 ei
1970 1892 1985 1916 ,
2017 1866 2134 1906 cum
2161 1853 2212 1906 in
2241 1853 2379 1907 caalo
2407 1853 2692 1908 collocahis
2716 1854 2780 1909 ad
2808 1855 3076 1910 dexteram
3105 1865 3266 1910 tuam.
3383 1846 3404 1876 ‘

1975 1943 2025 1996 7.
2059 1942 2206 2016 [νει-ε.
2235 1941 2310 2016 7.]
2342 1944 2593 2010 Quoniam
2619 1945 2758 2000 dabis
2783 1947 2826 1998 ei
2853 1947 3234 2001 benedictionem
3276 1949 3329 2002 in
3371 1964 3469 2002 sta-

1905 2033 2076 2086 culum
2099 2035 2269 2087 sceculi
2299 2050 2319 2086 :
2346 2034 2460 2089 haec
2487 2045 2569 2090 est
2610 2035 2935 2100 benedictio,
2968 2053 3121 2108 quam
3151 2040 3198 2093 ei
3239 2039 3389 2094 dabis
3419 2040 3470 2094 in

1906 2125 2153 2178 sazculum
2179 2126 2356 2179 smculi
2386 2143 2400 2179 :
2431 2124 2732 2195 Latti/icabis
2760 2145 2870 2182 eum
2903 2129 2956 2183 in
2981 2130 3165 2199 gaudio
3190 2147 3304 2183 cum
3334 2129 3470 2184 vultu

1908 2222 1991 2266 tuo
2019 2229 2038 2266 :
2063 2215 2352 2270 secundum
2383 2216 2647 2270 hominem
2691 2217 2978 2274 ltetilicabis
3003 2235 3124 2274 eum
3163 2237 3284 2275 cum
3324 2223 3469 2276 vultu

1911 2311 2020 2368 tuo,
2047 2320 2202 2374 quem
2233 2306 2424 2360 levavit
2447 2307 2512 2361 ad
2544 2317 2611 2362 te.

1980 2394 2032 2449 8.
2077 2394 2223 2469 [vers.
2252 2395 2329 2469 8.]
2363 2398 2739 2466 Quoniamrea:
2759 2399 2928 2469 Sperat
2964 2401 3015 2455 in
3049 2400 3260 2456 Domino
3295 2418 3314 2456 :
3339 2419 3475 2472 quo-

1913 2486 2051 2540 niam
2082 2503 2176 2542 rex
2201 2504 2306 2543 non
2331 2489 2600 2558 superbit,
2642 2491 2736 2546 sed
2772 2491 2982 2546 humilis
3010 2475 3170 2548 corde
3207 2483 3387 2563 sperat
3425 2495 3474 2548 in

1915 2577 2160 2631 Domino.
2189 2577 2253 2631 Et
2288 2580 2340 2632 in
2366 2578 2611 2633 Altissimi
2640 2581 2980 2635 misericordia
3007 2599 3107 2635 non
3146 2585 3475 2638 commovebi-

1915 2678 1994 2721 tur
2036 2683 2054 2720 :
2093 2678 2144 2721 et
2187 2669 2238 2722 in
2283 2669 2536 2724 Altiss’imi
2585 2671 2941 2727 misericordia
2991 2690 3094 2728 non
3143 2677 3480 2731 conturbabit

1916 2757 2264 2818 humilitatem
2313 2760 2427 2831 ejus
2485 2760 2787 2818 obedientia
2835 2764 2852 2795 ί
2914 2779 3082 2836 usque
3137 2767 3206 2821 ad
3249 2779 3476 2823 mortem

1915 2862 2104 2900 CI‘IICIS.

1987 2939 2039 2994 9.
2083 2939 2230 3014 [vers.
2261 2940 2339 3014 9.]
2370 2941 2660 2998 Inveniatur
2683 2963 2863 3000 manus
2885 2956 2971 3000 tua
3007 2949 3236 3004 omnibus
3269 2950 3483 3004 inimicis

1919 3032 2014 3084 tuis
2042 3048 2060 3086 :
2087 3031 2403 3100 inveniatur,
2427 3051 2461 3088 0
2486 3050 2598 3101 rex,
2630 3045 2864 3105 potestas
2892 3048 2998 3103 tua,
3021 3053 3137 3092 cum
3160 3039 3225 3093 ad
3243 3039 3484 3107 judican-

1919 3123 2042 3176 tlum
2069 3125 2278 3179 veneris
2298 3143 2319 3189 ,ί
2345 3125 2588 3180 omnibus
2614 3127 2837 3182 inimicis
2864 3130 2966 3184 tuis
2991 3171 3006 3192 ,
3035 3131 3122 3200 qui
3151 3147 3266 3184 eam
3302 3132 3364 3185 in
3382 3131 3486 3185 hu-

1923 3216 2145 3269 utilitate
2182 3226 2264 3268 tua
2303 3232 2406 3270 non
2449 3218 2838 3273 intellexerunt.
2886 3218 3102 3274 Dextera
3141 3230 3228 3274 tua
3271 3222 3486 3275 inveniat

1923 3314 2090 3359 omnes
2113 3307 2198 3376 qui
2225 3316 2271 3361 te
2311 3309 2522 3361 oderunt
2547 3325 2566 3362 :
2592 3310 2803 3364 claritas
2839 3327 2940 3379 qua
2970 3325 3159 3386 regnas
3196 3311 3261 3366 ad
3303 3314 3488 3368 dexte-

1925 3413 2036 3451 ram
2110 3398 2335 3466 Patris,
2394 3401 2623 3455 inveniat
2687 3405 2738 3455 ln
2804 3402 2889 3457 die
2953 3403 3132 3471 judicii
3195 3407 3488 3474 puniendos

1923 3506 2107 3546 omnes
2129 3492 2218 3561 qui
2245 3503 2295 3547 te
2319 3493 2575 3557 oderunt;
2604 3494 2724 3564 quia
2754 3509 2894 3552 nunc
2923 3495 3020 3563 ipsi
3044 3510 3149 3550 non
3174 3497 3489 3551 invenerunt

1924 3597 2063 3636 eam.

1998 3677 2083 3732 10.
2115 3675 2261 3748 [vers.
2298 3675 2409 3748 10.]
2452 3675 2618 3730 Panes
2662 3693 2745 3730 eos
2787 3687 2840 3729 ut
2871 3661 3122 3730 clibanum
3154 3677 3282 3746 ignis
3316 3693 3334 3730 :
3362 3692 3492 3730 con-

1925 3768 2112 3822 stitues
2142 3783 2234 3822 eos
2259 3768 2506 3822 ardentes
2531 3767 2866 3826 intrinsecus.
2897 3767 3216 3822 conscientia
3245 3768 3489 3837 impieta-
3539 3813 3558 3836 ,

1928 3863 1994 3916 tis
2017 3877 2146 3915 suae.
2175 3859 2241 3913 In
2270 3871 2488 3928 tempore
2515 3861 2678 3913 vultus
2703 3860 2776 3912 tui
2803 3875 2820 3913 :
2849 3861 2898 3912 in
2929 3867 3164 3929 tempore
3187 3861 3494 3916 manifeSta-

1926 3953 2088 4007 tionis
2116 3961 2238 4005 tua}.
2267 3950 2513 4004 Dominus
2537 3951 2590 4003 in
2618 3952 2696 4004 ira
2727 3967 2819 4004 sua
2847 3952 3155 4006 conturbabit
3191 3969 3274 4008 eos
3297 3994 3311 4018 ,
3339 3963 3384 4006 et
3407 3953 3496 4005 de-

1836 4103 1840 4105 _
1929 4048 2120 4100 vorabit
2147 4064 2229 4100 eos
2253 4046 2385 4117 ignis
2411 4061 2431 4098 :
2457 4043 2650 4099 deinde
2671 4043 2966 4097 conturbati
2994 4043 3216 4098 vindicta
3249 4045 3452 4112 Dmniui
3477 4085 3495 4109 ,

1933 4147 2044 4208 post
2073 4138 2462 4191 accusationem
2487 4134 2845 4201 conscientite,
2869 4133 3132 4188 dabuntur
3161 4135 3264 4204 igni
3295 4144 3497 4188 aeterno

1929 4230 2233 4285 devorandi.
2363 4237 2368 4241 '

2003 4324 2088 4376 11.
2131 4320 2280 4393 [vers.
2327 4318 2438 4393 11.]
2477 4319 2716 4372 Fructum
2753 4319 2956 4372 illorum
2992 4317 3054 4371 de
3099 4327 3230 4370 terra
3274 4315 3450 4384 perdes
3477 4330 3498 4372 .'

1934 4414 2160 4469 fructum
2187 4414 2430 4479 illorum,
2460 4413 2578 4482 quia
2609 4422 2847 4466 terrenus
2876 4419 2992 4472 est,
3023 4408 3211 4478 perdes
3235 4407 3303 4462 de
3336 4416 3496 4462 terra.

1935 4508 2001 4561 Et
2025 4524 2189 4562 semen
2219 4524 2390 4583 eorum
2427 4523 2457 4558 α
2495 4507 2616 4574 ﬁliis
2641 4505 2899 4557 hominum
2928 4518 2947 4556 :
2972 4511 3025 4554 et
3058 4515 3216 4569 opera
3245 4500 3450 4553 illorum
3479 4541 3497 4566 ,

1937 4603 2021 4657 vel
2045 4614 2405 4670 quoscumque
2445 4599 2800 4660 seduxerunt,
2832 4610 2936 4648 non
2964 4592 3241 4661 deputabis
3270 4592 3407 4646 inter
3433 4592 3498 4644 li-

1940 4693 2040 4748 lios
2071 4693 2361 4760 hominum,
2391 4708 2522 4763 quos
2550 4691 2603 4744 in
2627 4688 2983 4743 ltazreditatem
3010 4685 3384 4754 sempiternam
3412 4697 3507 4736 vo-

1940 4786 2090 4840 casti.

2016 4881 2101 4934 19..
2135 4879 2281 4951 (vers.
2341 4875 2449 4949 12.]
2500 4875 2749 4944 Quoniam
2779 4871 3146 4924 declinaverunt
3175 4871 3224 4925 in
3257 4879 3302 4923 te
3328 4868 3463 4922 mala
3491 4885 3524 4922 ι

1945 4972 2057 5025 lucc
2083 4979 2257 5024 autem
2286 4985 2436 5038 poena
2464 4967 2783 5022 retribuetur
2813 4962 2909 5024 eis,
2938 4962 3190 5031 quoniam
3211 4961 3344 5015 mala
3390 4977 3510 5030 qua:

1947 5065 2044 5118 sibi
2065 5064 2401 5124 iunninerete
2424 5068 2672 5128 regnante
2694 5055 3102 5120 arbitrabantur,
3128 5056 3177 5110 in
3200 5065 3248 5109 te
3263 5053 3508 5108 occiden-

1948 5156 2070 5208 dum
2088 5153 2444 5208 detorserunt.
2475 5151 2822 5221 Cogitaverm
2848 5149 3128 5212 consilium,
3148 5149 3278 5216 quod
3301 5164 3396 5200 non
3427 5163 3544 5214 po-.

1951 5257 2147 5300 tnerunt
2171 5246 2391 5299 stabilire
2412 5245 2800 5311 :cogitaverunt
2817 5242 3112 5305 consilium,
3143 5241 3394 5302 dicentes,
3417 5235 3517 5290 Ea:-

1952 5339 2082 5407 pt‘dit
2106 5353 2260 5389 unum
2279 5351 2370 5404 pro
2402 5333 2626 5386 omnibus
2678 5335 2805 5386 mori
2835 5334 2851 5402 (
2883 5330 2967 5384 Id.
3001 5333 3211 5392 xLSll);
3240 5329 3376 5395 quod
3408 5340 3512 5380 nun

1955 5437 2240 5500 potuerunt
2262 5426 2516 5488 stabilire,
2548 5425 2842 5478 nescientes
2867 5423 2990 5493 quid
3021 5423 3281 5476 dixerint..

2017 5679 2030 5708 ¹
2059 5677 2130 5722 sic
2153 5675 2342 5780 optimm
2367 5679 2492 5720 noue
2515 5675 2619 5717 Mss.
2651 5675 2700 5716 at
2725 5663 2858 5724 edd.,
2884 5671 3023 5726 atque
3046 5659 3374 5709 obedientiam.

2017 5742 2086 5780 tnl
2113 5742 2188 5780 nia
2225 5749 2274 5780 sa
2297 5749 2388 5780 ma.

2015 5742 2086 5798 (tt)
2113 5742 2204 5797 ιηιι,
2225 5742 2388 5782 saluta.
