3988 6188
438 279 538 338 167

511 391 597 446 13.
638 381 787 464 [vers.
845 385 956 460 15.]
998 383 1246 451 Quoniam
1285 399 1436 452 pones
1477 399 1559 435 eos
1605 383 1846 434 dorsum:
1870 394 2006 449 quo-

439 485 580 538 niam
610 478 878 537 ordinabis
914 493 1008 534 eos
1053 478 1104 531 in
1154 476 1256 540 his,
1299 492 1330 529 a
1367 476 1559 546 quibus
1603 473 1909 544 postpositis
1958 481 2012 526 et

439 576 754 642 contemptis
782 569 1055 624 averteris.
1084 567 1151 623 In
1181 567 1404 637 reliquiis
1428 567 1526 620 tuis
1565 565 1870 635 prwparabis
1901 564 2013 617 vul-

357 700 362 710 ι
442 676 545 719 tum
569 677 772 718 eorum:
801 671 856 716 et
883 663 934 716 in
964 660 1046 715 his
1070 675 1189 731 quae
1214 659 1491 728 relinquis,
1518 657 1568 711 id
1598 666 1681 712 est
1710 657 1761 710 in
1800 655 2010 724 cupidi-

445 759 634 812 tatihns
672 753 820 825 regni
861 753 1078 819 terreni,
1125 749 1443 822 prteparabis
1481 749 1573 803 tibi
1611 747 1677 801 ad
1709 745 2008 819 passionem

445 848 823 919 impudentiam
843 861 1048 901 eorum.

518 939 603 992 14.
645 935 794 1009 [vers.
840 934 952 1006 14.]
986 934 1245 992 Exaltare.
1300 931 1532 995 Domine,
1578 930 1631 982 in
1672 929 1854 982 virtute
1889 935 2014 983 tata:

445 1047 600 1102 quem
631 1029 881 1084 humilem
923 1044 1027 1081 non
1057 1032 1434 1092 cognoverunt,
1475 1021 1736 1084 exaltare,
1769 1019 2012 1084 Domine,

447 1123 498 1176 in
527 1122 716 1174 virtute
747 1129 856 1184 tua,
883 1133 1042 1188 quam
1072 1117 1427 1170 inlirmitatem
1459 1120 1793 1183 putaverunt.
1836 1108 2017 1164 Canta-

455 1212 615 1266 bimus
642 1221 686 1264 et
708 1211 974 1281 psallentus
1003 1209 1202 1262 virtutes
1230 1215 1340 1260 tuas
1367 1220 1386 1259 :
1414 1203 1577 1259 corde
1613 1210 1668 1258 et
1694 1215 1854 1272 opere
1880 1199 2020 1256 cele-

448 1305 719 1359 brabimus
739 1313 792 1357 et
822 1311 942 1356 nota
974 1299 1226 1354 faciemus
1255 1295 1510 1351 mirabilia
1540 1302 1650 1348 tua.

715 1417 2027 1446 ___—_______———————-——‘

459 1438 708 1452 .__..—

840 1488 920 1548 IN
963 1483 1339 1547 PSALMUM
1381 1481 1537 1542 XXI
1573 1477 1657 1559 (α)

986 1608 1164 1663 ΕΝ.Μῖ
1174 1604 1378 1660 RATIO
1417 1603 1458 1658 1.

507 1725 572 1780 1η
594 1727 762 1796 ﬁnem,
792 1741 883 1796 pro
912 1723 1220 1792 susceptione
1245 1718 1510 1780 matutina,
1541 1713 1779 1768 Psalmus
1805 1711 1986 1766 David.

520 1843 572 1894 1.
614 1839 761 1911 [vers.
791 1835 866 1908 1.]
891 1836 943 1890 In
973 1835 1150 1896 linem,
1175 1847 1268 1902 pro
1287 1829 1675 1886 resurrectione
1689 1841 1780 1880 sua
1799 1825 1910 1893 ipse
1934 1823 2028 1876 Do-

448 1934 622 1988 minus
643 1931 797 1985 Jesus
815 1927 1054 1983 Christus
1069 1926 1315 1996 loquitur.
1334 1923 1579 1978 Matutina
1597 1920 1734 1975 enim
1755 1916 2028 1985 luitprima

449 2024 649 2080 sabbati
680 2023 997 2077 resurrectio
1022 2019 1155 2088 ejus,
1174 2033 1275 2086 qua
1301 2023 1578 2084 susceptus
1597 2012 1749 2067 estin
1773 2019 2027 2064 aeternam

449 2119 635 2181 vitam,
667 2114 751 2169 cui
779 2125 923 2167 mors
950 2113 1086 2166 ultra
1115 2126 1221 2164 non
1249 2105 1606 2164 dominabitur
1645 2102 1820 2176 (Rom.
1845 2116 1918 2163 vr,
1947 2099 2025 2168 9).

453 2209 709 2264 Dicuntur
737 2214 912 2260 autem
937 2205 1034 2258 ista
1057 2219 1122 2258 ex
1145 2216 1370 2271 persona
1396 2196 1633 2254 crucifixi
1653 2214 1667 2251 :
1691 2209 1812 2249 nam
1839 2193 1906 2248 de
1928 2207 2019 2247 ca-

451 2301 559 2369 pite
584 2297 768 2367 psalmi
799 2296 954 2364 hujus
989 2302 1113 2349 sunt
1139 2293 1296 2347 verba
1325 2307 1442 2362 quae
1468 2291 1583 2361 ipse
1610 2287 1860 2343 clamavit
1897 2299 2018 2340 cum

455 2392 506 2444 in
533 2405 690 2444 cruce
719 2387 990 2458 penderet,
1045 2400 1320 2454 personam
1361 2383 1518 2438 etiam
1565 2392 1784 2436 servans
1833 2377 2028 2432 veteris

456 2481 703 2546 hominis,
732 2479 883 2548 cujus
903 2478 1273 2533 mortalitatem
1303 2476 1551 2547 portavit.
1583 2472 1715 2528 Nam
1747 2479 1905 2527 vetus
1926 2467 2026 2524 ho-

455 2588 543 2628 mo
571 2569 998 2626 nosterconlixus
1023 2576 1105 2623 est
1127 2568 1269 2623 cruci
1299 2584 1415 2622 cum
1444 2567 1534 2620 illo
1555 2563 1738 2635 (Ibid.,
1772 2559 1848 2635 6).

526 2665 582 2719 2.
624 2662 774 2735 [vers.
825 2660 904 2735 2.]
946 2660 1100 2724 Deus,
1133 2659 1629 2734 Deusmeus,res_pice
1647 2670 1743 2721 me,
1771 2669 2029 2725 quare’me

454 2755 767 2825 dereliquiin
802 2753 946 2823 longe
981 2768 1013 2805 a
1040 2751 1200 2806 salute
1229 2765 1338 2802 mea
1378 2747 1486 2819 (b)?
1516 2749 1672 2818 longe
1697 2748 1866 2802 factus
1889 2762 1918 2800 a
1943 2761 2030 2801 sa-

459 2847 570 2901 lute
597 2861 742 2909 mea;
787 2844 1034 2914 quoniam
1078 2843 1232 2912 longe
1274 2848 1355 2894 est
1395 2854 1427 2893 a
1469 2839 1838 2911 peccatoribus
1883 2839 2064 2894 salus-

468 2936 636 3006 (Psal.
678 2949 835 2989 cxvm
860 2975 874 2997 ,
905 2934 1048 3000 155).
1079 2930 1239 2985 Verba
1277 2930 1570 2984 delictorum
1606 2945 1828 2982 meorum
1859 2945 1877 2983 :
1907 2944 2027 2983 nam

459 3025 576 3079 haec
597 3024 755 3078 verba
785 3031 908 3077 sunt
926 3038 1029 3076 non
1049 3021 1286 3090 justitire,
1311 3019 1402 3074 sed
1423 3018 1734 3074 delictorum
1761 3033 2024 3074 meormn.

460 3107 626 3172 Vetus
651 3116 791 3170 enim
822 3115 982 3169 homo
1010 3114 1249 3170 conlisus
1266 3112 1408 3166 cruci
1433 3111 1695 3181 loquitur;
1718 3111 1878 3166 etiam
1903 3126 2030 3168 cau-

463 3221 576 3260 sam
602 3207 868 3276 ‘ignorans
911 3219 1076 3274 quare
1121 3218 1242 3258 eum
1291 3202 1638 3272 dereliquerit
1688 3201 1830 3256 Dens
1875 3218 1890 3256 :
1939 3210 2032 3258 aut

461 3309 608 3353 certe
629 3339 643 3362 ,
674 3297 846 3370 Longe
869 3313 902 3350 a
925 3295 1090 3350 salute
1114 3311 1223 3349 mea
1251 3304 1365 3348 sunt
1388 3293 1536 3347 verba
1569 3291 1866 3348 delictorum
1891 3309 2028 3349 meo.

460 3405 596 3443 rum.

533 3482 587 3537 5.
616 3479 764 3554 [vers.
821 3479 899 3553 3.]
939 3478 1072 3534 Deus
1106 3495 1272 3545 meus,
1318 3476 1545 3532 clamabo
1571 3478 1637 3532 ad
1666 3486 1712 3532 te
1735 3493 1824 3548 per
1860 3475 2027 3546 diem,

463 3589 553 3627 nec
577 3572 814 3626 ert-audies
842 3571 912 3643 (c)
944 3588 958 3625 :
992 3570 1131 3625 Deus
1153 3585 1326 3638 meus,
1352 3569 1593 3626 clamabo
1618 3569 1682 3625 ad
1714 3579 1764 3626 te
1799 3570 1850 3624 in
1871 3571 2030 3627 rebus

460 3665 728 3736 prosperis
757 3664 913 3733 hujus
933 3663 1073 3725 vitas.
1097 3669 1155 3716 ut
1175 3677 1278 3718 non
1305 3671 1607 3725 mutentur;
1639 3677 1738 3717 nec
1753 3661 2028 3729 exaudies,

461 3758 583 3827 quia
626 3755 803 3811 verbis
829 3755 1140 3811 delictorum
1179 3769 1418 3809 meorum
1466 3754 1532 3808 ad
1579 3763 1629 3809 te
1671 3753 1933 3810 clamabo.
1961 3753 2030 3809 Et

465 3857 624 3910 nocte,
653 3855 700 3900 et
737 3862 836 3900 non
862 3844 930 3898 ad
955 3845 1290 3915 insipientia»:
1319 3844 1440 3900 mihi
1460 3859 1477 3898 :
1496 3853 1550 3900 et
1579 3845 1631 3899 in
1661 3843 1900 3899 adversis
1925 3844 2030 3898 uti-

460 3953 564 4007 que
593 3935 748 4006 hujus
772 3938 893 3990 vitm
917 3935 1160 3992 clamabo
1186 3945 1243 3990 ut
1279 3945 1678 4005 prosperentur,
1707 3945 1762 3991 et
1788 3936 2031 3991 similiter

463 4041 567 4080 non
595 4024 866 4081 exaudies.
895 4025 1075 4096 Neque
1101 4027 1200 4080 hoc
1227 4027 1354 4082 facis
1383 4027 1446 4080 ad
1478 4026 1833 4097 insipientiam
1876 4027 2028 4095 mihi,

463 4118 556 4172 sed
579 4117 754 4186 potius
778 4125 836 4171 ut
858 4119 1056 4187 sapiam
1081 4117 1204 4186 quid
1231 4118 1462 4173 clamare
1484 4135 1567 4173 me
1595 4119 1753 4184 velis;
1780 4133 1884 4173 non
1912 4135 2031 4174 ver-

465 4211 545 4265 bis
573 4208 883 4266 delietornm
909 4225 973 4264 ex
1003 4209 1264 4264 desiderio
1285 4211 1593 4280 temporalis
1618 4211 1764 4276 vitae,
1795 4209 1891 4265 sed
1913 4221 2028 4266 ver-

464 4303 548 4359 bis
571 4301 934 4358 conversionis
958 4300 1022 4354 ad
1046 4309 1097 4355 te
1119 4301 1169 4354 in
1191 4303 1350 4356 vitam
1373 4313 1646 4356 mternam.

531 4395 585 4453 4.
627 4390 776 4467 [vers.
827 4390 907 4466 4.]
935 4390 1010 4445 Tu
1033 4401 1199 4444 autem
1220 4392 1272 4445 in
1287 4401 1459 4446 sancto
1483 4392 1698 4457 habitas,
1718 4393 1828 4446 laus
1845 4391 2030 4446 Israel:

461 4499 518 4542 ιιι
543 4495 719 4543 autem
746 4485 799 4539 in
825 4493 1009 4540 sancto
1035 4482 1260 4547 habitas,
1291 4492 1346 4537 et
1373 4482 1493 4538 ideo
1520 4475 1790 4538 immunda
1814 4483 2032 4538 delicto-

462 4593 580 4633 rum
605 4577 767 4633 verba
807 4591 911 4630 non
938 4573 1207 4630 cxaudies.
1236 4572 1375 4628 Laus
1417 4573 1642 4629 videntis
1665 4585 1736 4640 te,
1780 4590 1883 4630 non
1915 4575 2030 4644 ejus

461 4669 552 4739 qui
582 4668 788 4723 laudem
817 4683 966 4723 suam
988 4666 1231 4736 quaesivit
1256 4665 1307 4720 in
1337 4664 1600 4735 gustando
1628 4666 1790 4721 vetito
1815 4666 1956 4730 cibo,
1977 4675 2034 4721 ut

465 4761 665 4830 apertis
702 4760 972 4830 corporeis
1012 4759 1178 4814 oculis
1223 4755 1552 4812 abscondere
1592 4769 1651 4812 se
1693 4765 1975 4813 conaretur
2000 4771 2033 4812 a

464 4861 749 4920 conspectu
777 4860 864 4904 tuo
886 4849 1035 4919 (Gen.
1054 4855 1155 4920 ιιι).

536 4945 589 4999 5.
631 4941 780 5016 [vers.
834 4941 914 5015 5.]
965 4940 1098 4996 Inte
1121 4947 1445 5013 speraverant
1461 4947 1626 5010 patres
1643 4939 2032 4995 nostrimmnes

465 5034 589 5103 justi
617 5033 839 5097 scilicet,
869 5049 972 5087 non
992 5042 1290 5102 qurerentcs
1315 5047 1464 5086 suam
1490 5029 1722 5096 laudem,
1751 5029 1844 5086 sed
1864 5039 2029 5095 tuam;

463 5133 802 5196 speraverant,
832 5133 876 5177 et
901 5123 1072 5177 eruisti
1101 5139 1204 5178 eos.

535 5214 587 5269 6.
629 5211 776 5286 [vers.
838 5211 916 5285 6.]
942 5212 1021 5265 Ad
1048 5223 1094 5266 te
1121 5212 1479 5280 clamauerunt,
1507 5223 1554 5268 et
1580 5213 1705 5268 salvi
1731 5212 1852 5283 {acti
1879 5221 2034 5267 sunt:

422 5357 427 5362 .
467 5307 531 5362 ad
561 5317 610 5360 te
640 5306 1018 5369 clamavernnt,
1061 5320 1166 5359 non
1213 5306 1390 5360 verbis
1431 5305 1750 5362 delictorum
1776 5322 1806 5360 a
1834 5307 2031 5376 quibus

527 5484 598 5593 qn)
625 5491 759 5541 Hunc
777 5482 931 5542 ipsum
956 5478 1187 5529 Psalmum
1209 5493 1294 5529 xxi
1312 5480 1513 5542 exponit
1539 5482 1830 5543 Augustinus
1851 5481 1901 5530 in
1921 5483 2034 5544 Epi-

527 5565 536 5593 l
557 5559 582 5593 a
606 5545 689 5593 HO
707 5544 764 5591 a..l
787 5549 1088 5590 Honoratum.

463 5544 582 5598 stola
606 5545 689 5593 HO
707 5544 764 5591 a..l
787 5549 1088 5590 Honoratum.

530 5609 598 5670 (ιι)
622 5604 887 5670 De_eodem
906 5616 1036 5651 vers.
1059 5601 1264 5670 Sagitta
1287 5603 1335 5651 in
1360 5609 1495 5651 Enar.
1523 5602 1856 5670 Psal_._xxxvu,
1895 5616 1945 5653 ιι.
1966 5602 2026 5668 6;

464 5663 594 5727 xaut,
621 5682 666 5718 ιι.
693 5667 739 5727 2;
764 5680 887 5722 Lvtu.
910 5677 1058 5713 serm.
1080 5666 1123 5720 1.
1149 5663 1197 5712 ιι.
1215 5663 1271 5724 9.;
1294 5677 1510 5723 cxxxvu,
1536 5679 1582 5727 ιι.
1613 5664 1688 5713 14.

527 5725 596 5794 (c)
622 5725 749 5780 Ideni
773 5740 898 5779 vers.
923 5727 956 5777 3
973 5734 1202 5778 tractatur
1225 5728 1274 5777 in
1295 5733 1434 5778 Enar.
1452 5725 1572 5778 Psal.
1595 5741 1688 5790 ιιιι,
1715 5738 1764 5776 ιι.
1788 5727 1838 5778 5.

1656 269 1713 325 S.
1756 265 2114 325 AUGUSTINI
2155 269 2455 326 EPlSCOl’l

3574 269 3679 322 163

2123 381 2276 453 longe
2306 394 2388 439 est
2411 384 2575 448 salus,
2605 405 2661 441 σε
2687 392 2808 440 ideo
2830 384 2958 440 salvi
2981 381 3100 438 facti
3129 391 3270 438 sunt.
3293 382 3318 436 1
3327 400 3356 436 ιι
3384 393 3430 437 te
3455 401 3677 452 speraru-

2117 487 2253 542 runt,
2297 487 2343 530 et
2371 493 2470 530 non
2498 488 2611 530 sunt
2638 477 2876 546 confusi:
2900 477 2951 531 in
2982 487 3033 531 te
3070 485 3432 545 speraverant,
3466 492 3562 530 nec
3593 493 3689 530 eos

2118 566 2304 622 fefellit
2331 582 2482 636 Spes;
2512 583 2616 622 non
2645 567 2786 621 enim
2816 567 2867 622 in
2898 581 2956 622 se
2985 566 3129 621 illam
3160 574 3472 635 posuerunt.

2189 661 2239 714 7.
2284 657 2432 731 [vers.
2485 657 2563 732 7.]
2590 659 2698 730 Ego
2724 671 2886 713 autem
2915 675 3026 713 sum
3059 658 3257 723 vermis,
3287 666 3334 710 et
3367 674 3466 709 non
3496 656 3645 707 homo
3675 669 3692 708 :

2118 764 2216 818 ego
2243 760 2419 804 autem
2443 750 2554 820 jam
2600 766 2702 804 non
2735 766 2796 804 ex
2827 764 3052 819 persona
3083 747 3250 802 Adam
3305 747 3546 815 loquens,
3596 746 3688 800 sed

2119 855 2217 910 ego
2247 842 2459 909 proprie
2484 839 2635 894 .lesus
2659 839 2899 895 Christus
2925 839 3040 894 sine
3077 837 3282 893 semine
3311 837 3365 891 in
3407 852 3566 892 carne
3599 853 3681 890 na-

2122 941 2206 984 tus
2228 945 2344 984 sum
2363 932 2403 996 ⁸,
2433 939 2488 984 ιιι
2513 945 2685 985 essem
2712 931 2763 984 in
2795 929 3011 985 homine
3042 930 3178 983 ultra
3221 929 3494 992 homines;
3525 936 3582 982 ut
3609 923 3692 982 vel

2120 1023 2196 1077 sic
2218 1022 2522 1093 dignaretur
2560 1022 2749 1076 imitari
2784 1021 3010 1075 humana
3054 1020 3302 1090 Superbia
3345 1019 3693 1074 humilitatem

2122 1127 2314 1166 meam.
2348 1112 2684 1182 Opprobriunt
2709 1112 2965 1165 hominum
2984 1119 3030 1164 et
3055 1110 3265 1180 abjectio
3291 1109 3447 1179 plebis
3469 1125 3487 1162 :
3509 1109 3560 1164 in
3589 1124 3693 1179 qua

2128 1201 2300 1257 factus
2331 1218 2446 1257 sum
2477 1202 2819 1272 opprobrium
2844 1201 3139 1262 hominum,
3188 1200 3254 1253 ita
3283 1210 3340 1254 ut
3376 1215 3474 1270 pro
3511 1199 3693 1254 eonvi-

2122 1295 2270 1349 cioso
2286 1293 2564 1349 maledicto
2586 1293 2877 1357 diceretur;
2899 1290 2978 1346 Tu
3002 1292 3070 1346 sis
3095 1292 3368 1360 discipulus
3384 1291 3492 1361 ejus
3515 1289 3693 1363 (Joan.

2124 1401 2198 1454 Ix,
2226 1387 2342 1456 28),
2369 1395 2423 1441 et
2450 1386 2598 1456 plebs
2625 1400 2711 1440 me
2739 1393 3122 1441 contemneret.

2195 1476 2247 1531 8.
2291 1475 2441 1549 [vers.
2497 1473 2574 1548 8.]
2617 1460 2802 1529 Omnes
2834 1476 2917 1544 qui
2945 1473 3312 1544 conspiciebant
3344 1490 3441 1538 me,
3487 1476 3699 1528 subsan-

2125 1566 2311 1621 nabant
2339 1582 2456 1620 me:
2485 1581 2671 1621 omnes
2710 1567 2797 1635 qui
2829 1565 3222 1635 conspiciebant
3261 1580 3365 1631 me,
3403 1565 3699 1621 irridebant

2126 1672 2233 1719 me,
2266 1655 2330 1709 Et
2370 1655 2524 1710 locuti
2551 1665 2665 1710 sunt
2690 1656 2850 1718 labiis,
2881 1665 2925 1709 et
2951 1665 3206 1708 moverunt
3244 1664 3396 1725 caput
3416 1669 3436 1708 :
3456 1663 3509 1710 et
3536 1655 3702 1712 locuti

2127 1757 2250 1801 sunt
2276 1762 2379 1800 non
2412 1747 2462 1800 in
2492 1746 2672 1810 corde,
2697 1745 2787 1799 sed
2812 1746 2862 1799 in
2889 1744 3063 1800 labiis.

2198 1838 2250 1893 9.
2295 1836 2444 1910 [vers.
2495 1836 2574 1910 9.]
2613 1837 2741 1892 Nam
2789 1836 3088 1890 irridenter‘
3115 1845 3395 1890 moverunt
3417 1836 3704 1904 caput,di-

2128 1940 2308 1985 centes
2351 1948 2364 1984 :
2395 1929 2627 2001 Speravit
2653 1930 2706 1983 in
2732 1929 3028 1993 Dominum,
3056 1938 3196 1981 eruat
3235 1943 3379 1992 eum;
3399 1933 3592 1982 salvum
3622 1932 3704 1998 fa-

2129 2022 2228 2074 ciat
2256 2038 2390 2087 eunt,
2415 2021 2651 2092 quoniam
2679 2022 2781 2074 vult
2809 2037 2942 2075 eunt.
2988 2019 3113 2074 Haec
3135 2021 3293 2075 verba
3325 2027 3495 2085 erant,
3519 2018 3613 2074 sed
3645 2020 3699 2074 in

2130 2112 2279 2166 labiis
2299 2112 2629 2167 dicebantur.

2163 2257 2166 2259 Α
2201 2202 2288 2257 10.
2347 2200 2497 2274 [vers.
2551 2201 2663 2273 10.]
2705 2201 2954 2268 Quoniam
2981 2209 3034 2254 tu
3062 2215 3114 2254 es
3143 2198 3226 2270 qui
3255 2198 3514 2252 extraxiin
3539 2214 3614 2252 me
3638 2199 3706 2252 de

2129 2301 2295 2346 ventre
2315 2293 2595 2363 :quoniam
2624 2302 2676 2347 tn
2701 2307 2759 2346 es
2782 2292 2869 2362 qui
2889 2291 3160 2346 extraxisti
3189 2304 3292 2351 me,
3318 2305 3422 2343 non
3447 2289 3616 2344 solum
3630 2287 3705 2344 de

2131 2382 2222 2436 illo
2247 2392 2431 2438 ventre
2457 2382 2719 2452 virginali,
2748 2398 2868 2436 nam
2895 2381 3142 2462 omnibus
3171 2379 3469 2434 hominibus
3496 2380 3580 2435 lex
3597 2381 3698 2435 ism

2130 2471 2380 2529 nascendi
2413 2482 2496 2528 est
2527 2482 2583 2528 ut
2619 2472 2686 2527 de
2711 2481 2894 2527 ventre
2923 2470 3291 2536 extrahantur,
3323 2471 3416 2526 sed
3446 2471 3604 2525 etiam
3633 2471 3706 2526 de

2129 2576 2316 2624 ventre
2340 2565 2573 2622 Judaicae
2617 2566 2819 2636 gentis;
2849 2565 3002 2633 cujus
3049 2563 3281 2620 tenebris
3321 2562 3609 2635 obtegitur,
3646 2573 3708 2621 et

2128 2658 2364 2713 nondum
2392 2658 2446 2712 in
2469 2657 2641 2712 lucem
2670 2655 2864 2712 Christi
2895 2665 3049 2711 natus
3076 2665 3178 2722 est,
3217 2654 3456 2726 quisquis
3485 2670 3541 2710 tn
3581 2672 3705 2709 car-

2131 2748 2234 2803 nali
2257 2747 2624 2804 observatione
2637 2747 2838 2802 sabbati
2856 2755 2909 2802 et
2927 2743 3348 2803 circumcisionis
3362 2757 3712 2802 czeterorum-

2129 2855 2233 2912 que
2251 2839 2433 2896 talium
2449 2840 2675 2896 salutem
2703 2839 2872 2911 ponit.
2906 2839 3036 2913 Spes
3056 2857 3166 2894 mea
3184 2841 3247 2893 ab
3273 2840 3501 2894 uberibus
3526 2839 3709 2893 matris

2131 2949 2290 2990 mete:
2317 2946 2442 3005 spes
2481 2948 2601 2989 mea
2637 2926 2800 2999 Deus‘,
2833 2948 2938 2986 non
2963 2947 3028 2987 ex
3066 2947 3171 3003 quo
3206 2931 3460 2987 uberibus
3482 2931 3710 3002 virginis

2131 3026 2315 3082 lactari
2344 3025 2501 3096 cmpi,
2524 3040 2647 3079 nam
2667 3032 2720 3078 et
2738 3032 2858 3079 ante
2879 3023 3087 3094 utique;
3118 3023 3213 3078 sed
3238 3022 3306 3078 ab
3333 3022 3583 3079 uberibus
3601 3020 3712 3094 Sy—

2131 3132 2370 3188 nagogae,
2391 3117 2528 3172 sicut
2549 3115 2618 3172 de
2641 3124 2827 3170 ventre
2851 3115 2983 3181 dixi,
3028 3114 3302 3170 extraxisti
3341 3129 3446 3181 me,
3490 3129 3557 3170 ne
3582 3130 3711 3170 ear-

2131 3208 2306 3261 nalem
2336 3205 2772 3262 consuetudinem
2797 3221 3064 3277 sugerem.

2203 3299 2289 3352 11.
2330 3297 2478 3369 [vers.
2534 3295 2646 3371 11.]
2673 3295 2736 3350 In
2759 3308 2804 3352 te
2831 3298 3156 3367 conﬁrmatus
3179 3314 3293 3353 sum
3316 3314 3379 3354 ea:
3401 3308 3538 3352 utero
3555 3299 3716 3369 :ipse

2130 3397 2212 3444 est
2240 3397 2421 3443 uterus
2448 3388 2763 3460 Synagogze,
2795 3389 2884 3458 qui
2911 3389 2995 3443 me
3019 3403 3123 3443 non
3155 3388 3391 3459 pertulit,
3413 3388 3507 3444 sed
3535 3388 3711 3458 jacta-

2130 3480 2206 3535 vit
2233 3495 2346 3536 me:
2378 3494 2481 3534 non
2509 3489 2686 3536 autem
2727 3480 2913 3545 cecidi,
2954 3480 3078 3550 quia
3124 3480 3430 3535 continuisti
3478 3495 3584 3536 me.
3627 3480 3715 3536 De

2130 3580 2297 3626 ventre
2315 3572 2490 3626 matris
2526 3587 2648 3626 mete
2681 3571 2817 3626 Deus
2853 3589 2991 3628 meus
3024 3588 3076 3627 es
3119 3583 3193 3627 tu.
3231 3571 3312 3627 De
3336 3583 3504 3628 ventre
3529 3575 3717 3629 matris

2131 3679 2294 3719 mete:
2327 3678 2431 3718 non
2457 3661 2633 3719 ellecit
2659 3672 2844 3719 venter
2869 3665 3053 3720 matris
3083 3680 3216 3720 mea:
3236 3672 3294 3720 ut
3311 3673 3556 3736 tanquam
3581 3680 3683 3734 par
3707 3696 3714 3702 -

2131 3755 2286 3808 vulus
2305 3753 2500 3812 oblitus
2518 3768 2690 3808 essem
2714 3753 2810 3808 tui.

2205 3845 2290 3900 12.
2333 3844 2484 3917 [vers.
2533 3842 2643 3916 12.]
2683 3843 2819 3899 Deus
2841 3862 2980 3900 meus
3004 3862 3055 3900 es
3094 3854 3168 3912 tu,
3191 3863 3254 3900 ne
3279 3845 3507 3902 discedas
3529 3863 3562 3900 a
3583 3863 3666 3901 me
3688 3863 3712 3902 :

2131 3938 2366 4008 quoniam
2394 3922 2647 3990 tribulatio
2673 3936 2902 4006 proxima
2926 3947 3016 3992 est.
3041 3937 3181 3992 Deus
3209 3953 3358 3992 meus
3383 3953 3510 4008 ergo
3536 3953 3597 3993 es
3623 3948 3709 4004 tu,
3735 3981 3744 3990 .

2132 4045 2201 4086 ne
2224 4028 2465 4085 discedas
2490 4045 2521 4084 a
2550 4045 2670 4085 me:
2698 4030 2946 4100 quoniam
2977 4029 3242 4086 tribulatio
3275 4031 3423 4101 juxta
3468 4046 3556 4086 me
3584 4041 3708 4094 est;

2133 4136 2254 4176 nam
2276 4121 2432 4176 estin
2457 4135 2685 4191 corpore
2708 4135 2847 4176 meo.
2875 4121 3126 4188 Quoniam
3151 4139 3252 4175 non
3276 4131 3348 4175 est
3369 4122 3453 4192 qui
3472 4122 3676 4191 adjuvet
3691 4139 3713 4178 :

2132 4213 2250 4284 quis
2269 4213 2409 4269 enim
2429 4212 2667 4282 adjuvat,
2695 4213 2739 4267 si
2773 4222 2826 4266 tn
2857 4228 2960 4266 non
2990 4212 3244 4282 adjuvas?

2203 4305 2290 4360 15.
2332 4302 2480 4376 [vers.
2523 4301 2638 4375 15.]
2693 4302 3140 4357 Circumdederunt
3194 4320 3272 4357 me
3314 4303 3456 4358 vituli
3509 4304 3661 4360 multi
3691 4311 3724 4361 :'

2132 4393 2481 4452 circumdedit
2508 4411 2594 4450 me
2635 4395 2915 4450 multitudo
2961 4395 3274 4451 lnxttriantis
3315 4396 3504 4466 plebis.
3543 4396 3710 4453 Tauri

2135 4486 2344 4557 pingues
2380 4483 2676 4540 obsederunt
2703 4479 2898 4540 nie:et
2926 4485 3191 4555 principes
3233 4486 3349 4556 ejus
3390 4488 3458 4544 de
3483 4503 3715 4560 oppres-

2134 4579 2284 4634 sione
2313 4593 2430 4634 mea
2456 4577 2583 4640 laeti.
2615 4577 2937 4632 obsederunt
2961 4593 3064 4631 me.

2208 4669 2294 4723 1-1.
2337 4667 2487 4742 [vers.
2545 4667 2655 4741 14.]
2692 4666 3008 4739 Aperuerunt
3050 4669 3103 4722 in
3143 4685 3221 4723 me
3247 4685 3304 4725 os
3340 4687 3487 4727 suun:
3517 4688 3537 4727 :
3577 4688 3713 4744 ape-

2135 4770 2356 4816 ruerunt
2383 4761 2434 4815 in
2462 4776 2548 4816 me
2579 4777 2660 4826 os,
2689 4776 2794 4816 non
2822 4760 2890 4815 de
2917 4759 3207 4830 Scripturis
3234 4764 3359 4831 tuis,
3389 4765 3482 4821 sed
3509 4765 3577 4821 de
3613 4782 3714 4821 cu—

2136 4852 2444 4922 piditatibus
2463 4855 2592 4907 suis.
2625 4851 2769 4907 Sicut
2796 4852 2872 4905 leo
2901 4852 3104 4920 rapiens
3132 4862 3178 4907 et
3203 4855 3440 4926 rugiens:
3459 4857 3596 4911 sicut
3627 4857 3717 4912 leo

2135 4943 2286 5012 cujus
2317 4943 2498 5014 rapina
2526 4954 2628 5007 est,
2654 4943 2793 5013 quod
2822 4944 3190 5014 apprehensus
3216 4947 3475 5002 adductus
3493 4950 3513 4980 '
3553 4964 3713 5012 sttttt,‘

2136 5043 2190 5088 et
2213 5035 2432 5104 rugitus,
2460 5033 2726 5104 Cruciﬁgc,
2753 5033 3002 5106 Cruciﬁge
3025 5036 3043 5106 (
3082 5035 3177 5090 Id.
3206 5054 3315 5102 nx,
3352 5038 3409 5111 6)
3435 5044 3466 5094 Ξ.

2211 5126 2296 5180 15.
2336 5122 2487 5198 [vers.
2538 5125 2650 5198 15.]
2681 5126 2824 5182 Sicut
2855 5144 2988 5200 aqua
3013 5127 3204 5195 eﬂ'usus
3244 5147 3375 5194 sum,
3407 5141 3452 5184 et
3480 5131 3716 5200 dispersu

2136 5225 2252 5268 sunt
2278 5214 2447 5268 ontnia
2465 5231 2580 5272 ossa
2599 5231 2708 5269 mea
2726 5231 2745 5270 :
2769 5217 2905 5272 sicut
2928 5232 3061 5288 aqua
3087 5219 3286 5274 effusus
3305 5235 3443 5286 sum,
3463 5223 3552 5277 ubi
3572 5224 3714 5295 lapsi

2137 5315 2260 5361 sunt
2287 5317 2654 5377 persecutores
2679 5307 2812 5372 mei;
2849 5317 2903 5362 et
2926 5309 3115 5364 timore
3141 5310 3377 5380 dispersa
3405 5323 3526 5367 sunt
3553 5329 3582 5368 a
3613 5332 3707 5372 me

2139 5395 2467 5452 ﬁrmamenta
2494 5398 2753 5468 corporis,
2781 5397 2883 5454 hoc
2911 5410 2993 5454 est
3014 5399 3285 5467 Ecclesiae,
3315 5400 3558 5474 discipuli
3581 5408 3713 5465 mei.

2139 5487 2354 5548 Fadum
2395 5499 2466 5544 est
2510 5507 2596 5545 cor
2637 5507 2802 5546 meum
2825 5493 2956 5547 sicut
2993 5508 3108 5547 cera
3133 5494 3430 5562 liquescens,
3463 5497 3515 5552 in
3541 5500 3709 5554 medio

2200 5669 2219 5702 ί
2248 5666 2431 5732 Aliquot
2451 5675 2578 5728 Mss,
2594 5667 2700 5732 sine
2722 5668 2897 5732 semine
2917 5668 3192 5732 utcarnatus
3212 5683 3338 5722 sum.

2203 5732 2224 5762 ²
2245 5738 2315 5780 Sic
2466 5739 2522 5782 At
2547 5724 2678 5796 ΕΔΜ,
2703 5731 2954 5783 abductus.
3018 5724 3033 5746 ⁸
