  <div class='ocr_page' id='page_1' title='image "/cluster/home/n/w/nwhite01/storage/ocr_20150623/36/hvd.32044096580584/092.png"; bbox 0 0 3988 6188; ppageno 0'>
   <div class='ocr_carea' id='block_1_1' title="bbox 307 263 408 320">
    <p class='ocr_par' dir='ltr' id='par_1_1' title="bbox 307 263 408 320">
     <span class='ocr_line' id='line_1_1' title="bbox 307 263 408 320; baseline -0.03 0"><span class='ocrx_word' id='word_1_1' title='bbox 307 263 408 320; x_wconf 72' lang='grc'>169</span> 
     </span>
    </p>
   </div>
   <div class='ocr_carea' id='block_1_2' title="bbox 307 364 1877 443">
    <p class='ocr_par' dir='ltr' id='par_1_2' title="bbox 307 364 1877 443">
     <span class='ocr_line' id='line_1_2' title="bbox 307 364 1877 443; baseline -0.001 -13"><span class='ocrx_word' id='word_1_2' title='bbox 307 364 1118 442; x_wconf 65' lang='grc' dir='ltr'><strong>ιιεκενίιηιείεδανίοηιὶῖιήιοῖι,</strong></span> <span class='ocrx_word' id='word_1_3' title='bbox 1148 389 1264 443; x_wconf 80' lang='lat' dir='ltr'><strong>qua:</strong></span> <span class='ocrx_word' id='word_1_4' title='bbox 1308 375 1358 428; x_wconf 92' lang='lat' dir='ltr'><strong>in</strong></span> <span class='ocrx_word' id='word_1_5' title='bbox 1405 377 1600 429; x_wconf 76' lang='lat' dir='ltr'><strong>sanctis</strong></span> <span class='ocrx_word' id='word_1_6' title='bbox 1642 376 1790 440; x_wconf 80' lang='lat' dir='ltr'><strong>libris</strong></span> <span class='ocrx_word' id='word_1_7' title='bbox 1809 375 1877 438; x_wconf 88' lang='lat' dir='ltr'><strong>de</strong></span> 
     </span>
    </p>
   </div>
   <div class='ocr_carea' id='block_1_3' title="bbox 309 464 1878 534">
    <p class='ocr_par' dir='ltr' id='par_1_3' title="bbox 309 464 1878 534">
     <span class='ocr_line' id='line_1_3' title="bbox 309 464 1878 534; baseline -0.002 -12"><span class='ocrx_word' id='word_1_8' title='bbox 309 485 392 522; x_wconf 91' lang='lat' dir='ltr'><strong>me</strong></span> <span class='ocrx_word' id='word_1_9' title='bbox 418 466 717 525; x_wconf 83' lang='lat' dir='ltr'><strong>conscripta</strong></span> <span class='ocrx_word' id='word_1_10' title='bbox 746 474 848 529; x_wconf 90' lang='lat' dir='ltr'><strong>est,</strong></span> <span class='ocrx_word' id='word_1_11' title='bbox 876 475 1122 534; x_wconf 81' lang='lat' dir='ltr'><strong>tanquam</strong></span> <span class='ocrx_word' id='word_1_12' title='bbox 1149 464 1279 518; x_wconf 90' lang='lat' dir='ltr'><strong>dura</strong></span> <span class='ocrx_word' id='word_1_13' title='bbox 1310 476 1363 520; x_wconf 89' lang='lat' dir='ltr'><strong>et</strong></span> <span class='ocrx_word' id='word_1_14' title='bbox 1389 466 1564 520; x_wconf 80' lang='lat' dir='ltr'><strong>clausa</strong></span> <span class='ocrx_word' id='word_1_15' title='bbox 1595 483 1696 520; x_wconf 91' lang='lat' dir='ltr'><strong>non</strong></span> <span class='ocrx_word' id='word_1_16' title='bbox 1726 467 1878 522; x_wconf 85' lang='lat' dir='ltr'><strong>intel-</strong></span> 
     </span>
    </p>
   </div>
   <div class='ocr_carea' id='block_1_4' title="bbox 309 555 1879 628">
    <p class='ocr_par' dir='ltr' id='par_1_4' title="bbox 309 555 1879 628">
     <span class='ocr_line' id='line_1_4' title="bbox 309 555 1879 628; baseline -0.001 -17"><span class='ocrx_word' id='word_1_17' title='bbox 309 556 598 628; x_wconf 79' lang='lat' dir='ltr'><strong>ligebatur;</strong></span> <span class='ocrx_word' id='word_1_18' title='bbox 638 556 730 610; x_wconf 90' lang='lat' dir='ltr'><strong>sed</strong></span> <span class='ocrx_word' id='word_1_19' title='bbox 777 565 1048 624; x_wconf 74' lang='lat' dir='ltr'><strong>postquam</strong></span> <span class='ocrx_word' id='word_1_20' title='bbox 1091 555 1224 624; x_wconf 72' lang='lat' dir='ltr'><strong>ignis</strong></span> <span class='ocrx_word' id='word_1_21' title='bbox 1257 571 1386 610; x_wconf 64' lang='lat' dir='ltr'><strong>mea:</strong></span> <span class='ocrx_word' id='word_1_22' title='bbox 1418 557 1674 625; x_wconf 87' lang='lat' dir='ltr'><strong>passionis</strong></span> <span class='ocrx_word' id='word_1_23' title='bbox 1702 571 1879 610; x_wconf 86' lang='lat' dir='ltr'><strong>acces-</strong></span> 
     </span>
    </p>
   </div>
   <div class='ocr_carea' id='block_1_5' title="bbox 308 642 1880 715">
    <p class='ocr_par' dir='ltr' id='par_1_5' title="bbox 308 642 1880 715">
     <span class='ocr_line' id='line_1_5' title="bbox 308 642 1880 715; baseline 0.001 -16"><span class='ocrx_word' id='word_1_24' title='bbox 308 649 390 708; x_wconf 75' lang='lat' dir='ltr'><strong>siL,</strong></span> <span class='ocrx_word' id='word_1_25' title='bbox 418 659 666 714; x_wconf 82' lang='lat' dir='ltr'><strong>tanquam</strong></span> <span class='ocrx_word' id='word_1_26' title='bbox 696 643 995 711; x_wconf 75' lang='lat' dir='ltr'><strong>liqiicfacta,</strong></span> <span class='ocrx_word' id='word_1_27' title='bbox 1020 642 1352 699; x_wconf 80' lang='lat' dir='ltr'><strong>manifestata</strong></span> <span class='ocrx_word' id='word_1_28' title='bbox 1370 657 1471 711; x_wconf 87' lang='lat' dir='ltr'><strong>est,</strong></span> <span class='ocrx_word' id='word_1_29' title='bbox 1491 656 1541 700; x_wconf 85' lang='lat' dir='ltr'><strong>et</strong></span> <span class='ocrx_word' id='word_1_30' title='bbox 1559 655 1776 715; x_wconf 67' lang='lat' dir='ltr'><strong>excepta</strong></span> <span class='ocrx_word' id='word_1_31' title='bbox 1798 655 1880 700; x_wconf 87' lang='lat' dir='ltr'><strong>est</strong></span> 
     </span>
    </p>
   </div>
   <div class='ocr_carea' id='block_1_6' title="bbox 308 726 1129 792">
    <p class='ocr_par' dir='ltr' id='par_1_6' title="bbox 308 726 1129 792">
     <span class='ocr_line' id='line_1_6' title="bbox 308 726 1129 792; baseline -0.004 -1"><span class='ocrx_word' id='word_1_32' title='bbox 308 741 356 792; x_wconf 86' lang='lat' dir='ltr'><strong>in</strong></span> <span class='ocrx_word' id='word_1_33' title='bbox 381 737 637 790; x_wconf 79' lang='lat' dir='ltr'><strong>memoria</strong></span> <span class='ocrx_word' id='word_1_34' title='bbox 659 734 910 788; x_wconf 76' lang='lat' dir='ltr'><strong>Ecclesia:</strong></span> <span class='ocrx_word' id='word_1_35' title='bbox 940 750 1093 788; x_wconf 69' lang='lat' dir='ltr'><strong>mere.</strong></span> <span class='ocrx_word' id='word_1_36' title='bbox 1127 726 1129 728; x_wconf 51' lang='grc'><em>’</em></span> 
     </span>
    </p>
   </div>
   <div class='ocr_carea' id='block_1_7' title="bbox 382 826 1879 901">
    <p class='ocr_par' dir='ltr' id='par_1_7' title="bbox 382 826 1879 901">
     <span class='ocr_line' id='line_1_7' title="bbox 382 826 1879 901; baseline -0.003 -16"><span class='ocrx_word' id='word_1_37' title='bbox 382 829 461 884; x_wconf 80' lang='grc'><strong>16.</strong></span> <span class='ocrx_word' id='word_1_38' title='bbox 505 827 654 901; x_wconf 72' lang='grc' dir='ltr'><strong>[ιεεη.</strong></span> <span class='ocrx_word' id='word_1_39' title='bbox 708 826 818 899; x_wconf 82' lang='grc'>16.]</span> <span class='ocrx_word' id='word_1_40' title='bbox 856 826 1071 880; x_wconf 77' lang='lat' dir='ltr'><strong>Exaruit</strong></span> <span class='ocrx_word' id='word_1_41' title='bbox 1100 829 1230 881; x_wconf 80' lang='lat' dir='ltr'><strong>velut</strong></span> <span class='ocrx_word' id='word_1_42' title='bbox 1257 838 1380 882; x_wconf 87' lang='lat' dir='ltr'><strong>testa</strong></span> <span class='ocrx_word' id='word_1_43' title='bbox 1417 829 1571 883; x_wconf 87' lang='lat' dir='ltr'><strong>virtus</strong></span> <span class='ocrx_word' id='word_1_44' title='bbox 1624 845 1879 883; x_wconf 81' lang='lat' dir='ltr'><strong>mea:ex-</strong></span> 
     </span>
    </p>
   </div>
   <div class='ocr_carea' id='block_1_8' title="bbox 303 916 1879 990">
    <p class='ocr_par' dir='ltr' id='par_1_8' title="bbox 303 916 1879 990">
     <span class='ocr_line' id='line_1_8' title="bbox 303 916 1879 990; baseline -0.002 -15"><span class='ocrx_word' id='word_1_45' title='bbox 303 922 440 975; x_wconf 84' lang='lat' dir='ltr'><strong>aruit</strong></span> <span class='ocrx_word' id='word_1_46' title='bbox 465 920 710 990; x_wconf 81' lang='lat' dir='ltr'><strong>passione</strong></span> <span class='ocrx_word' id='word_1_47' title='bbox 729 919 894 972; x_wconf 89' lang='lat' dir='ltr'><strong>virtus</strong></span> <span class='ocrx_word' id='word_1_48' title='bbox 923 934 1069 982; x_wconf 87' lang='lat' dir='ltr'><strong>mea;</strong></span> <span class='ocrx_word' id='word_1_49' title='bbox 1095 936 1197 972; x_wconf 88' lang='lat' dir='ltr'><strong>non</strong></span> <span class='ocrx_word' id='word_1_50' title='bbox 1222 919 1363 974; x_wconf 91' lang='lat' dir='ltr'><strong>velut</strong></span> <span class='ocrx_word' id='word_1_51' title='bbox 1387 916 1585 982; x_wconf 84' lang='lat' dir='ltr'><strong>fenum,</strong></span> <span class='ocrx_word' id='word_1_52' title='bbox 1613 919 1705 973; x_wconf 89' lang='lat' dir='ltr'><strong>sed</strong></span> <span class='ocrx_word' id='word_1_53' title='bbox 1735 921 1879 973; x_wconf 89' lang='lat' dir='ltr'><strong>velut</strong></span> 
     </span>
    </p>
   </div>
   <div class='ocr_carea' id='block_1_9' title="bbox 305 1009 1910 1084">
    <p class='ocr_par' dir='ltr' id='par_1_9' title="bbox 305 1009 1910 1084">
     <span class='ocr_line' id='line_1_9' title="bbox 305 1009 1910 1084; baseline -0.002 -18"><span class='ocrx_word' id='word_1_54' title='bbox 305 1023 460 1077; x_wconf 79' lang='lat' dir='ltr'><strong>testa,</strong></span> <span class='ocrx_word' id='word_1_55' title='bbox 491 1028 610 1081; x_wconf 77' lang='lat' dir='ltr'><strong>qua:</strong></span> <span class='ocrx_word' id='word_1_56' title='bbox 651 1009 711 1064; x_wconf 82' lang='lat' dir='ltr'><strong>lit</strong></span> <span class='ocrx_word' id='word_1_57' title='bbox 735 1011 855 1080; x_wconf 83' lang='lat' dir='ltr'><strong>igne</strong></span> <span class='ocrx_word' id='word_1_58' title='bbox 877 1012 1100 1065; x_wconf 87' lang='lat' dir='ltr'><strong>lirmior.</strong></span> <span class='ocrx_word' id='word_1_59' title='bbox 1125 1011 1188 1065; x_wconf 82' lang='lat' dir='ltr'><strong>Et</strong></span> <span class='ocrx_word' id='word_1_60' title='bbox 1206 1011 1378 1084; x_wconf 83' lang='lat' dir='ltr'><strong>lingua</strong></span> <span class='ocrx_word' id='word_1_61' title='bbox 1398 1030 1509 1066; x_wconf 85' lang='lat' dir='ltr'><strong>mea</strong></span> <span class='ocrx_word' id='word_1_62' title='bbox 1534 1013 1742 1067; x_wconf 77' lang='lat' dir='ltr'><strong>ad/tresit</strong></span> <span class='ocrx_word' id='word_1_63' title='bbox 1764 1013 1880 1082; x_wconf 79' lang='lat' dir='ltr'><strong>fau-</strong></span> <span class='ocrx_word' id='word_1_64' title='bbox 1905 1057 1910 1063; x_wconf 94' lang='lat'><strong>.</strong></span> 
     </span>
    </p>
   </div>
   <div class='ocr_carea' id='block_1_10' title="bbox 303 1102 1874 1173">
    <p class='ocr_par' dir='ltr' id='par_1_10' title="bbox 303 1102 1874 1173">
     <span class='ocr_line' id='line_1_10' title="bbox 303 1102 1874 1173; baseline 0.001 -18"><span class='ocrx_word' id='word_1_65' title='bbox 303 1104 444 1156; x_wconf 82' lang='lat' dir='ltr'><strong>cibus</strong></span> <span class='ocrx_word' id='word_1_66' title='bbox 471 1103 593 1156; x_wconf 88' lang='lat' dir='ltr'><strong>meis</strong></span> <span class='ocrx_word' id='word_1_67' title='bbox 615 1119 634 1155; x_wconf 92' lang='lat'><strong><em>:</em></strong></span> <span class='ocrx_word' id='word_1_68' title='bbox 659 1111 713 1156; x_wconf 90' lang='lat' dir='ltr'><strong>et</strong></span> <span class='ocrx_word' id='word_1_69' title='bbox 742 1112 1084 1156; x_wconf 87' lang='lat' dir='ltr'><strong>servaverunt</strong></span> <span class='ocrx_word' id='word_1_70' title='bbox 1111 1102 1250 1170; x_wconf 87' lang='lat' dir='ltr'><strong>apud</strong></span> <span class='ocrx_word' id='word_1_71' title='bbox 1279 1117 1336 1158; x_wconf 88' lang='lat' dir='ltr'><strong>se</strong></span> <span class='ocrx_word' id='word_1_72' title='bbox 1365 1112 1625 1173; x_wconf 71' lang='lat' dir='ltr'><strong>prazcepta</strong></span> <span class='ocrx_word' id='word_1_73' title='bbox 1645 1120 1759 1157; x_wconf 89' lang='lat' dir='ltr'><strong>mea</strong></span> <span class='ocrx_word' id='word_1_74' title='bbox 1778 1103 1874 1169; x_wconf 79' lang='lat' dir='ltr'><strong>illi,</strong></span> 
     </span>
    </p>
   </div>
   <div class='ocr_carea' id='block_1_11' title="bbox 305 1193 1876 1266">
    <p class='ocr_par' dir='ltr' id='par_1_11' title="bbox 305 1193 1876 1266">
     <span class='ocr_line' id='line_1_11' title="bbox 305 1193 1876 1266; baseline 0.001 -18"><span class='ocrx_word' id='word_1_75' title='bbox 305 1212 398 1265; x_wconf 77' lang='lat' dir='ltr'><strong>per</strong></span> <span class='ocrx_word' id='word_1_76' title='bbox 421 1211 556 1265; x_wconf 88' lang='lat' dir='ltr'><strong>quos</strong></span> <span class='ocrx_word' id='word_1_77' title='bbox 583 1194 848 1249; x_wconf 88' lang='lat' dir='ltr'><strong>locuturus</strong></span> <span class='ocrx_word' id='word_1_78' title='bbox 887 1210 1052 1248; x_wconf 88' lang='lat' dir='ltr'><strong>eram.</strong></span> <span class='ocrx_word' id='word_1_79' title='bbox 1101 1193 1168 1246; x_wconf 84' lang='lat' dir='ltr'><strong>Et</strong></span> <span class='ocrx_word' id='word_1_80' title='bbox 1205 1195 1257 1248; x_wconf 88' lang='lat' dir='ltr'><strong>in</strong></span> <span class='ocrx_word' id='word_1_81' title='bbox 1301 1196 1552 1266; x_wconf 81' lang='lat' dir='ltr'><strong>pulverem</strong></span> <span class='ocrx_word' id='word_1_82' title='bbox 1583 1197 1754 1250; x_wconf 85' lang='lat' dir='ltr'><strong>mortis</strong></span> <span class='ocrx_word' id='word_1_83' title='bbox 1783 1197 1876 1250; x_wconf 87' lang='lat' dir='ltr'><strong>de-</strong></span> 
     </span>
    </p>
   </div>
   <div class='ocr_carea' id='block_1_12' title="bbox 300 1284 1877 1357">
    <p class='ocr_par' dir='ltr' id='par_1_12' title="bbox 300 1284 1877 1357">
     <span class='ocr_line' id='line_1_12' title="bbox 300 1284 1877 1357; baseline 0.001 -20"><span class='ocrx_word' id='word_1_84' title='bbox 300 1287 490 1338; x_wconf 65' lang='lat' dir='ltr'><strong>duxisti</strong></span> <span class='ocrx_word' id='word_1_85' title='bbox 523 1301 633 1337; x_wconf 87' lang='lat' dir='ltr'><strong>me:</strong></span> <span class='ocrx_word' id='word_1_86' title='bbox 657 1294 710 1338; x_wconf 92' lang='lat' dir='ltr'><strong>et</strong></span> <span class='ocrx_word' id='word_1_87' title='bbox 738 1284 787 1337; x_wconf 91' lang='lat' dir='ltr'><strong>in</strong></span> <span class='ocrx_word' id='word_1_88' title='bbox 815 1284 1003 1352; x_wconf 91' lang='lat' dir='ltr'><strong>impios</strong></span> <span class='ocrx_word' id='word_1_89' title='bbox 1047 1285 1204 1338; x_wconf 89' lang='lat' dir='ltr'><strong>morti</strong></span> <span class='ocrx_word' id='word_1_90' title='bbox 1241 1285 1555 1352; x_wconf 88' lang='lat' dir='ltr'><strong>destinatos,</strong></span> <span class='ocrx_word' id='word_1_91' title='bbox 1602 1301 1735 1357; x_wconf 87' lang='lat' dir='ltr'><strong>quos</strong></span> <span class='ocrx_word' id='word_1_92' title='bbox 1763 1296 1877 1339; x_wconf 92' lang='lat' dir='ltr'><strong>tan-</strong></span> 
     </span>
    </p>
   </div>
   <div class='ocr_carea' id='block_1_13' title="bbox 301 1376 1876 1447">
    <p class='ocr_par' dir='ltr' id='par_1_13' title="bbox 301 1376 1876 1447">
     <span class='ocr_line' id='line_1_13' title="bbox 301 1376 1876 1447; baseline 0 -17"><span class='ocrx_word' id='word_1_93' title='bbox 301 1395 457 1447; x_wconf 78' lang='lat' dir='ltr'><strong>quam</strong></span> <span class='ocrx_word' id='word_1_94' title='bbox 491 1378 760 1446; x_wconf 82' lang='lat' dir='ltr'><strong>pulverem</strong></span> <span class='ocrx_word' id='word_1_95' title='bbox 793 1376 998 1446; x_wconf 82' lang='lat' dir='ltr'><strong>projicit</strong></span> <span class='ocrx_word' id='word_1_96' title='bbox 1021 1387 1206 1441; x_wconf 84' lang='lat' dir='ltr'><strong>ventus</strong></span> <span class='ocrx_word' id='word_1_97' title='bbox 1232 1394 1258 1429; x_wconf 89' lang='lat' dir='ltr'><strong>a</strong></span> <span class='ocrx_word' id='word_1_98' title='bbox 1281 1376 1415 1432; x_wconf 77' lang='lat' dir='ltr'><strong>facie</strong></span> <span class='ocrx_word' id='word_1_99' title='bbox 1444 1390 1616 1442; x_wconf 70' lang='lat' dir='ltr'><strong>terrm,</strong></span> <span class='ocrx_word' id='word_1_100' title='bbox 1654 1377 1876 1432; x_wconf 83' lang='lat' dir='ltr'><strong>deduxi-</strong></span> 
     </span>
    </p>
   </div>
   <div class='ocr_carea' id='block_1_14' title="bbox 301 1475 498 1523">
    <p class='ocr_par' dir='ltr' id='par_1_14' title="bbox 301 1475 498 1523">
     <span class='ocr_line' id='line_1_14' title="bbox 301 1475 498 1523; baseline -0.005 -1"><span class='ocrx_word' id='word_1_101' title='bbox 301 1475 367 1523; x_wconf 90' lang='lat' dir='ltr'><strong>sti</strong></span> <span class='ocrx_word' id='word_1_102' title='bbox 395 1486 498 1523; x_wconf 90' lang='lat' dir='ltr'><strong>me.</strong></span> 
     </span>
    </p>
   </div>
   <div class='ocr_carea' id='block_1_15' title="bbox 373 1557 1874 1631">
    <p class='ocr_par' dir='ltr' id='par_1_15' title="bbox 373 1557 1874 1631">
     <span class='ocr_line' id='line_1_15' title="bbox 373 1557 1874 1631; baseline 0.003 -19"><span class='ocrx_word' id='word_1_103' title='bbox 373 1561 458 1612; x_wconf 89' lang='grc'><strong>17.</strong></span> <span class='ocrx_word' id='word_1_104' title='bbox 502 1557 657 1630; x_wconf 83' lang='lat' dir='ltr'><strong>[vers._</strong></span> <span class='ocrx_word' id='word_1_105' title='bbox 708 1557 817 1631; x_wconf 72' lang='lat'><strong>17.]</strong></span> <span class='ocrx_word' id='word_1_106' title='bbox 861 1557 1106 1623; x_wconf 80' lang='lat' dir='ltr'><strong>Quoniam</strong></span> <span class='ocrx_word' id='word_1_107' title='bbox 1146 1560 1572 1615; x_wconf 78' lang='lat' dir='ltr'><strong>circumdederunt</strong></span> <span class='ocrx_word' id='word_1_108' title='bbox 1615 1579 1691 1615; x_wconf 86' lang='lat' dir='ltr'><strong>nte</strong></span> <span class='ocrx_word' id='word_1_109' title='bbox 1727 1579 1874 1616; x_wconf 82' lang='lat' dir='ltr'><strong>canes</strong></span> 
     </span>
    </p>
   </div>
   <div class='ocr_carea' id='block_1_16' title="bbox 300 1650 1870 1720">
    <p class='ocr_par' dir='ltr' id='par_1_16' title="bbox 300 1650 1870 1720">
     <span class='ocr_line' id='line_1_16' title="bbox 300 1650 1870 1720; baseline 0.003 -18"><span class='ocrx_word' id='word_1_110' title='bbox 300 1653 445 1704; x_wconf 87' lang='lat' dir='ltr'><strong>multi</strong></span> <span class='ocrx_word' id='word_1_111' title='bbox 462 1671 479 1705; x_wconf 90' lang='lat'><strong><em>:</em></strong></span> <span class='ocrx_word' id='word_1_112' title='bbox 507 1650 756 1719; x_wconf 82' lang='lat' dir='ltr'><strong>quoniam</strong></span> <span class='ocrx_word' id='word_1_113' title='bbox 783 1651 1245 1705; x_wconf 65' lang='lat' dir='ltr'><strong>circumdederunt</strong></span> <span class='ocrx_word' id='word_1_114' title='bbox 1268 1668 1373 1717; x_wconf 90' lang='lat' dir='ltr'><strong>me,</strong></span> <span class='ocrx_word' id='word_1_115' title='bbox 1393 1666 1494 1704; x_wconf 92' lang='lat' dir='ltr'><strong>non</strong></span> <span class='ocrx_word' id='word_1_116' title='bbox 1515 1668 1608 1720; x_wconf 91' lang='lat' dir='ltr'><strong>pro</strong></span> <span class='ocrx_word' id='word_1_117' title='bbox 1630 1654 1870 1718; x_wconf 80' lang='lat' dir='ltr'><strong>veritate,</strong></span> 
     </span>
    </p>
   </div>
   <div class='ocr_carea' id='block_1_17' title="bbox 300 1743 1871 1812">
    <p class='ocr_par' dir='ltr' id='par_1_17' title="bbox 300 1743 1871 1812">
     <span class='ocr_line' id='line_1_17' title="bbox 300 1743 1871 1812; baseline 0.003 -16"><span class='ocrx_word' id='word_1_118' title='bbox 300 1745 392 1797; x_wconf 72' lang='lat' dir='ltr'><strong>scd</strong></span> <span class='ocrx_word' id='word_1_119' title='bbox 423 1759 518 1812; x_wconf 81' lang='lat' dir='ltr'><strong>pro</strong></span> <span class='ocrx_word' id='word_1_120' title='bbox 539 1744 944 1806; x_wconf 87' lang='lat' dir='ltr'><strong>consuetudine,</strong></span> <span class='ocrx_word' id='word_1_121' title='bbox 978 1743 1231 1798; x_wconf 71' lang='lat' dir='ltr'><strong>latrantes</strong></span> <span class='ocrx_word' id='word_1_122' title='bbox 1259 1746 1431 1798; x_wconf 90' lang='lat' dir='ltr'><strong>multi.</strong></span> <span class='ocrx_word' id='word_1_123' title='bbox 1459 1743 1737 1808; x_wconf 68' lang='lat' dir='ltr'><strong>Concilium</strong></span> <span class='ocrx_word' id='word_1_124' title='bbox 1762 1765 1871 1801; x_wconf 84' lang='lat' dir='ltr'><strong>nta-</strong></span> 
     </span>
    </p>
   </div>
   <div class='ocr_carea' id='block_1_18' title="bbox 297 1835 1872 1907">
    <p class='ocr_par' dir='ltr' id='par_1_18' title="bbox 297 1835 1872 1907">
     <span class='ocr_line' id='line_1_18' title="bbox 297 1835 1872 1907; baseline 0.003 -17"><span class='ocrx_word' id='word_1_125' title='bbox 297 1838 598 1907; x_wconf 77' lang='lat' dir='ltr'><strong>lignantium</strong></span> <span class='ocrx_word' id='word_1_126' title='bbox 645 1837 970 1890; x_wconf 87' lang='lat' dir='ltr'><strong>circumdedit</strong></span> <span class='ocrx_word' id='word_1_127' title='bbox 1009 1853 1103 1890; x_wconf 88' lang='lat' dir='ltr'><strong>me.</strong></span> <span class='ocrx_word' id='word_1_128' title='bbox 1160 1835 1206 1888; x_wconf 87' lang='lat' dir='ltr'><strong><em>F</em></strong></span> <span class='ocrx_word' id='word_1_129' title='bbox 1207 1837 1418 1890; x_wconf 88' lang='lat' dir='ltr'><strong>oderunt</strong></span> <span class='ocrx_word' id='word_1_130' title='bbox 1463 1855 1638 1892; x_wconf 84' lang='lat' dir='ltr'><strong>manus</strong></span> <span class='ocrx_word' id='word_1_131' title='bbox 1662 1856 1797 1894; x_wconf 87' lang='lat' dir='ltr'><strong>meas</strong></span> <span class='ocrx_word' id='word_1_132' title='bbox 1825 1851 1872 1894; x_wconf 88' lang='lat' dir='ltr'><strong>et</strong></span> 
     </span>
    </p>
   </div>
   <div class='ocr_carea' id='block_1_19' title="bbox 300 1925 1726 1997">
    <p class='ocr_par' dir='ltr' id='par_1_19' title="bbox 300 1925 1726 1997">
     <span class='ocr_line' id='line_1_19' title="bbox 300 1925 1726 1997; baseline 0.001 -17"><span class='ocrx_word' id='word_1_133' title='bbox 300 1929 449 1996; x_wconf 82' lang='lat' dir='ltr'><strong>pedes</strong></span> <span class='ocrx_word' id='word_1_134' title='bbox 471 1927 548 1996; x_wconf 82' lang='grc' dir='ltr'><strong>(α)</strong></span> <span class='ocrx_word' id='word_1_135' title='bbox 570 1943 588 1980; x_wconf 89' lang='lat'><strong><em>:</em></strong></span> <span class='ocrx_word' id='word_1_136' title='bbox 620 1925 866 1980; x_wconf 82' lang='lat' dir='ltr'><strong>foderunt</strong></span> <span class='ocrx_word' id='word_1_137' title='bbox 889 1927 1052 1980; x_wconf 85' lang='lat' dir='ltr'><strong>clavis</strong></span> <span class='ocrx_word' id='word_1_138' title='bbox 1082 1943 1268 1981; x_wconf 87' lang='lat' dir='ltr'><strong>manus</strong></span> <span class='ocrx_word' id='word_1_139' title='bbox 1289 1943 1435 1982; x_wconf 90' lang='lat' dir='ltr'><strong>meas</strong></span> <span class='ocrx_word' id='word_1_140' title='bbox 1467 1939 1519 1984; x_wconf 88' lang='lat' dir='ltr'><strong>et</strong></span> <span class='ocrx_word' id='word_1_141' title='bbox 1547 1930 1726 1997; x_wconf 83' lang='lat' dir='ltr'><strong>pedes.</strong></span> 
     </span>
    </p>
   </div>
   <div class='ocr_carea' id='block_1_20' title="bbox 358 2022 1871 2095">
    <p class='ocr_par' dir='ltr' id='par_1_20' title="bbox 358 2022 1871 2095">
     <span class='ocr_line' id='line_1_20' title="bbox 358 2022 1871 2095; baseline 0.001 -18"><span class='ocrx_word' id='word_1_142' title='bbox 358 2024 451 2083; x_wconf 78' lang='grc'>18.</span> <span class='ocrx_word' id='word_1_143' title='bbox 495 2023 647 2095; x_wconf 69' lang='grc' dir='ltr'><strong>[ιιενδ.</strong></span> <span class='ocrx_word' id='word_1_144' title='bbox 700 2022 811 2093; x_wconf 76' lang='grc'>18.]</span> <span class='ocrx_word' id='word_1_145' title='bbox 854 2023 1304 2076; x_wconf 85' lang='lat' dir='ltr'><strong>Dinumeraverunt</strong></span> <span class='ocrx_word' id='word_1_146' title='bbox 1354 2024 1522 2076; x_wconf 84' lang='lat' dir='ltr'><strong>omnia</strong></span> <span class='ocrx_word' id='word_1_147' title='bbox 1565 2041 1678 2078; x_wconf 87' lang='lat' dir='ltr'><strong>ossa</strong></span> <span class='ocrx_word' id='word_1_148' title='bbox 1721 2041 1871 2078; x_wconf 86' lang='lat' dir='ltr'><strong>mea:</strong></span> 
     </span>
    </p>
   </div>
   <div class='ocr_carea' id='block_1_21' title="bbox 296 2112 1869 2181">
    <p class='ocr_par' dir='ltr' id='par_1_21' title="bbox 296 2112 1869 2181">
     <span class='ocr_line' id='line_1_21' title="bbox 296 2112 1869 2181; baseline 0.003 -17"><span class='ocrx_word' id='word_1_149' title='bbox 296 2113 768 2166; x_wconf 82' lang='lat' dir='ltr'><strong>dinmneravertmt</strong></span> <span class='ocrx_word' id='word_1_150' title='bbox 795 2113 846 2164; x_wconf 90' lang='lat' dir='ltr'><strong>in</strong></span> <span class='ocrx_word' id='word_1_151' title='bbox 879 2112 1023 2181; x_wconf 81' lang='lat' dir='ltr'><strong>ligno</strong></span> <span class='ocrx_word' id='word_1_152' title='bbox 1066 2112 1234 2166; x_wconf 87' lang='lat' dir='ltr'><strong>crucis</strong></span> <span class='ocrx_word' id='word_1_153' title='bbox 1274 2121 1485 2166; x_wconf 81' lang='lat' dir='ltr'><strong>extenta</strong></span> <span class='ocrx_word' id='word_1_154' title='bbox 1532 2115 1706 2167; x_wconf 81' lang='lat' dir='ltr'><strong>omnia</strong></span> <span class='ocrx_word' id='word_1_155' title='bbox 1749 2129 1869 2169; x_wconf 87' lang='lat' dir='ltr'><strong>ossa</strong></span> 
     </span>
    </p>
   </div>
   <div class='ocr_carea' id='block_1_22' title="bbox 297 2203 1869 2274">
    <p class='ocr_par' dir='ltr' id='par_1_22' title="bbox 297 2203 1869 2274">
     <span class='ocr_line' id='line_1_22' title="bbox 297 2203 1869 2274; baseline 0.002 -18"><span class='ocrx_word' id='word_1_156' title='bbox 297 2220 427 2256; x_wconf 78' lang='lat' dir='ltr'><strong>mea.</strong></span> <span class='ocrx_word' id='word_1_157' title='bbox 455 2203 478 2255; x_wconf 85' lang='grc'><strong>1</strong></span> <span class='ocrx_word' id='word_1_158' title='bbox 488 2206 566 2274; x_wconf 83' lang='lat' dir='ltr'><strong>psi</strong></span> <span class='ocrx_word' id='word_1_159' title='bbox 587 2220 699 2256; x_wconf 85' lang='lat' dir='ltr'><strong>vero</strong></span> <span class='ocrx_word' id='word_1_160' title='bbox 723 2203 1158 2256; x_wconf 84' lang='lat' dir='ltr'><strong>consideraverunt</strong></span> <span class='ocrx_word' id='word_1_161' title='bbox 1179 2213 1224 2256; x_wconf 88' lang='lat' dir='ltr'><strong>et</strong></span> <span class='ocrx_word' id='word_1_162' title='bbox 1248 2213 1609 2266; x_wconf 74' lang='lat' dir='ltr'><strong>conspexerunt</strong></span> <span class='ocrx_word' id='word_1_163' title='bbox 1634 2221 1711 2257; x_wconf 88' lang='lat' dir='ltr'><strong>nte</strong></span> <span class='ocrx_word' id='word_1_164' title='bbox 1733 2221 1750 2258; x_wconf 87' lang='lat'><strong><em>:</em></strong></span> <span class='ocrx_word' id='word_1_165' title='bbox 1773 2206 1869 2274; x_wconf 81' lang='lat' dir='ltr'><strong>ipsi</strong></span> 
     </span>
    </p>
   </div>
   <div class='ocr_carea' id='block_1_23' title="bbox 295 2294 1871 2372">
    <p class='ocr_par' dir='ltr' id='par_1_23' title="bbox 295 2294 1871 2372">
     <span class='ocr_line' id='line_1_23' title="bbox 295 2294 1871 2372; baseline 0.003 -28"><span class='ocrx_word' id='word_1_166' title='bbox 295 2310 438 2358; x_wconf 83' lang='lat' dir='ltr'><strong>vero,</strong></span> <span class='ocrx_word' id='word_1_167' title='bbox 472 2295 523 2347; x_wconf 91' lang='lat' dir='ltr'><strong>id</strong></span> <span class='ocrx_word' id='word_1_168' title='bbox 551 2304 631 2348; x_wconf 84' lang='lat' dir='ltr'><strong>est</strong></span> <span class='ocrx_word' id='word_1_169' title='bbox 661 2309 762 2348; x_wconf 90' lang='lat' dir='ltr'><strong>non</strong></span> <span class='ocrx_word' id='word_1_170' title='bbox 792 2295 998 2358; x_wconf 80' lang='lat' dir='ltr'><strong>unitati,</strong></span> <span class='ocrx_word' id='word_1_171' title='bbox 1019 2294 1871 2372; x_wconf 81' lang='lat' dir='ltr'><strong>consideraveruntetconspexe-</strong></span> 
     </span>
    </p>
   </div>
   <div class='ocr_carea' id='block_1_24' title="bbox 293 2393 1554 2439">
    <p class='ocr_par' dir='ltr' id='par_1_24' title="bbox 293 2393 1554 2439">
     <span class='ocr_line' id='line_1_24' title="bbox 293 2393 1554 2439; baseline -0.001 -1"><span class='ocrx_word' id='word_1_172' title='bbox 293 2397 413 2438; x_wconf 90' lang='lat' dir='ltr'><strong>runt</strong></span> <span class='ocrx_word' id='word_1_173' title='bbox 439 2402 546 2439; x_wconf 88' lang='lat' dir='ltr'><strong>me.</strong></span> <span class='ocrx_word' id='word_1_174' title='bbox 604 2423 612 2438; x_wconf 88' lang='lat'><strong>.</strong></span> <span class='ocrx_word' id='word_1_175' title='bbox 1541 2393 1554 2406; x_wconf 81' lang='lat'><strong>’</strong></span> 
     </span>
    </p>
   </div>
   <div class='ocr_carea' id='block_1_25' title="bbox 362 2475 1869 2550">
    <p class='ocr_par' dir='ltr' id='par_1_25' title="bbox 362 2475 1869 2550">
     <span class='ocr_line' id='line_1_25' title="bbox 362 2475 1869 2550; baseline 0.001 -19"><span class='ocrx_word' id='word_1_176' title='bbox 362 2477 446 2532; x_wconf 82' lang='grc'><strong>19.</strong></span> <span class='ocrx_word' id='word_1_177' title='bbox 491 2475 655 2550; x_wconf 66' lang='grc' dir='ltr'><strong>[νει-δ.</strong></span> <span class='ocrx_word' id='word_1_178' title='bbox 714 2477 797 2532; x_wconf 90' lang='grc'><strong>19.</strong></span> <span class='ocrx_word' id='word_1_179' title='bbox 826 2476 847 2550; x_wconf 86' lang='grc'>]</span> <span class='ocrx_word' id='word_1_180' title='bbox 878 2477 1160 2532; x_wconf 80' lang='lat' dir='ltr'><strong>Diviserunt</strong></span> <span class='ocrx_word' id='word_1_181' title='bbox 1201 2477 1294 2531; x_wconf 83' lang='lat' dir='ltr'><strong>sibi</strong></span> <span class='ocrx_word' id='word_1_182' title='bbox 1323 2479 1609 2532; x_wconf 86' lang='lat' dir='ltr'><strong>vestimenta</strong></span> <span class='ocrx_word' id='word_1_183' title='bbox 1643 2494 1774 2546; x_wconf 84' lang='lat' dir='ltr'><strong>mea,</strong></span> <span class='ocrx_word' id='word_1_184' title='bbox 1819 2491 1869 2534; x_wconf 88' lang='lat' dir='ltr'><strong>et</strong></span> 
     </span>
    </p>
   </div>
   <div class='ocr_carea' id='block_1_26' title="bbox 265 2571 1316 2641">
    <p class='ocr_par' dir='ltr' id='par_1_26' title="bbox 265 2571 1316 2641">
     <span class='ocr_line' id='line_1_26' title="bbox 265 2571 1316 2641; baseline 0.001 -16"><span class='ocrx_word' id='word_1_185' title='bbox 265 2627 267 2632; x_wconf 68' lang='grc'>,</span> <span class='ocrx_word' id='word_1_186' title='bbox 291 2587 440 2641; x_wconf 69' lang='grc' dir='ltr'><strong>τηρεῖ</strong></span> <span class='ocrx_word' id='word_1_187' title='bbox 467 2583 645 2625; x_wconf 77' lang='lat' dir='ltr'><strong>vestem</strong></span> <span class='ocrx_word' id='word_1_188' title='bbox 672 2587 832 2624; x_wconf 75' lang='lat' dir='ltr'><strong>nteant</strong></span> <span class='ocrx_word' id='word_1_189' title='bbox 859 2571 1094 2624; x_wconf 83' lang='lat' dir='ltr'><strong>miserunt</strong></span> <span class='ocrx_word' id='word_1_190' title='bbox 1117 2580 1316 2626; x_wconf 58' lang='lat' dir='ltr'><strong>sortem.</strong></span> 
     </span>
    </p>
   </div>
   <div class='ocr_carea' id='block_1_27' title="bbox 363 2662 1867 2737">
    <p class='ocr_par' dir='ltr' id='par_1_27' title="bbox 363 2662 1867 2737">
     <span class='ocr_line' id='line_1_27' title="bbox 363 2662 1867 2737; baseline 0.003 -22"><span class='ocrx_word' id='word_1_191' title='bbox 363 2663 452 2717; x_wconf 74' lang='lat'><strong>9.0.</strong></span> <span class='ocrx_word' id='word_1_192' title='bbox 495 2662 643 2735; x_wconf 63' lang='grc' dir='ltr'><strong>[πονε.</strong></span> <span class='ocrx_word' id='word_1_193' title='bbox 699 2662 815 2736; x_wconf 75' lang='lat'><strong>‘20.]</strong></span> <span class='ocrx_word' id='word_1_194' title='bbox 857 2663 940 2716; x_wconf 85' lang='lat' dir='ltr'><strong>Tu,</strong></span> <span class='ocrx_word' id='word_1_195' title='bbox 961 2669 1143 2729; x_wconf 81' lang='lat' dir='ltr'><strong>autem,</strong></span> <span class='ocrx_word' id='word_1_196' title='bbox 1178 2663 1407 2725; x_wconf 79' lang='lat' dir='ltr'><strong>Domine,</strong></span> <span class='ocrx_word' id='word_1_197' title='bbox 1434 2680 1495 2718; x_wconf 90' lang='lat' dir='ltr'><strong>ne</strong></span> <span class='ocrx_word' id='word_1_198' title='bbox 1521 2664 1668 2735; x_wconf 82' lang='lat' dir='ltr'><strong>longe</strong></span> <span class='ocrx_word' id='word_1_199' title='bbox 1694 2666 1867 2737; x_wconf 72' lang='lat' dir='ltr'><strong>feceris</strong></span> 
     </span>
    </p>
   </div>
   <div class='ocr_carea' id='block_1_28' title="bbox 292 2754 1867 2820">
    <p class='ocr_par' dir='ltr' id='par_1_28' title="bbox 292 2754 1867 2820">
     <span class='ocr_line' id='line_1_28' title="bbox 292 2754 1867 2820; baseline 0.003 -15"><span class='ocrx_word' id='word_1_200' title='bbox 292 2755 536 2807; x_wconf 63' lang='lat' dir='ltr'><strong>amcitiam</strong></span> <span class='ocrx_word' id='word_1_201' title='bbox 559 2766 700 2807; x_wconf 87' lang='lat' dir='ltr'><strong>tuum</strong></span> <span class='ocrx_word' id='word_1_202' title='bbox 729 2772 759 2808; x_wconf 90' lang='lat' dir='ltr'><strong>a</strong></span> <span class='ocrx_word' id='word_1_203' title='bbox 801 2771 878 2808; x_wconf 89' lang='lat' dir='ltr'><strong>me</strong></span> <span class='ocrx_word' id='word_1_204' title='bbox 910 2770 928 2808; x_wconf 93' lang='lat'><em>:</em></span> <span class='ocrx_word' id='word_1_205' title='bbox 962 2762 1016 2807; x_wconf 95' lang='lat' dir='ltr'><strong>tu</strong></span> <span class='ocrx_word' id='word_1_206' title='bbox 1045 2763 1242 2818; x_wconf 85' lang='lat' dir='ltr'><strong>autem,</strong></span> <span class='ocrx_word' id='word_1_207' title='bbox 1275 2754 1515 2820; x_wconf 86' lang='lat' dir='ltr'><strong>Domine,</strong></span> <span class='ocrx_word' id='word_1_208' title='bbox 1545 2771 1648 2807; x_wconf 92' lang='lat' dir='ltr'><strong>non</strong></span> <span class='ocrx_word' id='word_1_209' title='bbox 1679 2757 1727 2807; x_wconf 93' lang='lat' dir='ltr'><strong>in</strong></span> <span class='ocrx_word' id='word_1_210' title='bbox 1764 2757 1867 2810; x_wconf 87' lang='lat' dir='ltr'><strong>line</strong></span> 
     </span>
    </p>
   </div>
   <div class='ocr_carea' id='block_1_29' title="bbox 293 2845 1867 2910">
    <p class='ocr_par' dir='ltr' id='par_1_29' title="bbox 293 2845 1867 2910">
     <span class='ocr_line' id='line_1_29' title="bbox 293 2845 1867 2910; baseline 0.001 -13"><span class='ocrx_word' id='word_1_211' title='bbox 293 2847 490 2910; x_wconf 68' lang='lat' dir='ltr'><strong>surculi,</strong></span> <span class='ocrx_word' id='word_1_212' title='bbox 522 2847 657 2901; x_wconf 88' lang='lat' dir='ltr'><strong>sicut</strong></span> <span class='ocrx_word' id='word_1_213' title='bbox 683 2855 936 2910; x_wconf 63' lang='lat' dir='ltr'><strong>caeteros;</strong></span> <span class='ocrx_word' id='word_1_214' title='bbox 967 2845 1062 2900; x_wconf 89' lang='lat' dir='ltr'><strong>sed</strong></span> <span class='ocrx_word' id='word_1_215' title='bbox 1091 2847 1266 2899; x_wconf 88' lang='lat' dir='ltr'><strong>statim</strong></span> <span class='ocrx_word' id='word_1_216' title='bbox 1292 2847 1546 2900; x_wconf 90' lang='lat' dir='ltr'><strong>resuscita</strong></span> <span class='ocrx_word' id='word_1_217' title='bbox 1567 2861 1674 2900; x_wconf 90' lang='lat' dir='ltr'><strong>me.</strong></span> <span class='ocrx_word' id='word_1_218' title='bbox 1693 2845 1758 2900; x_wconf 82' lang='lat' dir='ltr'><strong>In</strong></span> <span class='ocrx_word' id='word_1_219' title='bbox 1779 2847 1867 2899; x_wconf 89' lang='lat' dir='ltr'><strong>de-</strong></span> 
     </span>
    </p>
   </div>
   <div class='ocr_carea' id='block_1_30' title="bbox 294 2935 1864 3007">
    <p class='ocr_par' dir='ltr' id='par_1_30' title="bbox 294 2935 1864 3007">
     <span class='ocr_line' id='line_1_30' title="bbox 294 2935 1864 3007; baseline 0.003 -21"><span class='ocrx_word' id='word_1_220' title='bbox 294 2937 566 3003; x_wconf 71' lang='lat' dir='ltr'><strong>j&#39;ensioncm</strong></span> <span class='ocrx_word' id='word_1_221' title='bbox 605 2953 766 2991; x_wconf 82' lang='lat' dir='ltr'><strong>meam</strong></span> <span class='ocrx_word' id='word_1_222' title='bbox 808 2937 1018 3007; x_wconf 78' lang='lat' dir='ltr'><strong>aspice:</strong></span> <span class='ocrx_word' id='word_1_223' title='bbox 1048 2937 1260 3007; x_wconf 82' lang='lat' dir='ltr'><strong>aspice,</strong></span> <span class='ocrx_word' id='word_1_224' title='bbox 1306 2952 1372 2990; x_wconf 89' lang='lat' dir='ltr'><strong>ne</strong></span> <span class='ocrx_word' id='word_1_225' title='bbox 1413 2936 1538 3006; x_wconf 87' lang='lat' dir='ltr'><strong>quid</strong></span> <span class='ocrx_word' id='word_1_226' title='bbox 1588 2935 1720 2990; x_wconf 83' lang='lat' dir='ltr'><strong>mihi</strong></span> <span class='ocrx_word' id='word_1_227' title='bbox 1763 2951 1864 2996; x_wconf 85' lang='lat' dir='ltr'><strong>no-</strong></span> 
     </span>
    </p>
   </div>
   <div class='ocr_carea' id='block_1_31' title="bbox 291 3037 462 3084">
    <p class='ocr_par' dir='ltr' id='par_1_31' title="bbox 291 3037 462 3084">
     <span class='ocr_line' id='line_1_31' title="bbox 291 3037 462 3084; baseline 0.023 -4"><span class='ocrx_word' id='word_1_228' title='bbox 291 3037 462 3084; x_wconf 71' lang='lat' dir='ltr'><strong>ccam.</strong></span> 
     </span>
    </p>
   </div>
   <div class='ocr_carea' id='block_1_32' title="bbox 359 3120 1864 3194">
    <p class='ocr_par' dir='ltr' id='par_1_32' title="bbox 359 3120 1864 3194">
     <span class='ocr_line' id='line_1_32' title="bbox 359 3120 1864 3194; baseline 0.003 -20"><span class='ocrx_word' id='word_1_229' title='bbox 359 3121 447 3174; x_wconf 72' lang='lat'><strong>2|.</strong></span> <span class='ocrx_word' id='word_1_230' title='bbox 491 3120 642 3193; x_wconf 84' lang='lat' dir='ltr'><strong>[vers.</strong></span> <span class='ocrx_word' id='word_1_231' title='bbox 699 3120 814 3194; x_wconf 74' lang='lat' dir='ltr'><strong>2L]</strong></span> <span class='ocrx_word' id='word_1_232' title='bbox 856 3120 992 3176; x_wconf 85' lang='lat' dir='ltr'><strong>Erue</strong></span> <span class='ocrx_word' id='word_1_233' title='bbox 1010 3138 1041 3174; x_wconf 89' lang='lat' dir='ltr'><strong>a</strong></span> <span class='ocrx_word' id='word_1_234' title='bbox 1067 3122 1260 3191; x_wconf 78' lang='lat' dir='ltr'><strong>framea</strong></span> <span class='ocrx_word' id='word_1_235' title='bbox 1280 3124 1500 3176; x_wconf 78' lang='lat' dir='ltr'><strong>animum</strong></span> <span class='ocrx_word' id='word_1_236' title='bbox 1521 3140 1683 3177; x_wconf 88' lang='lat' dir='ltr'><strong>meam</strong></span> <span class='ocrx_word' id='word_1_237' title='bbox 1701 3138 1864 3178; x_wconf 72' lang='lat' dir='ltr'><strong>rente</strong></span> 
     </span>
    </p>
   </div>
   <div class='ocr_carea' id='block_1_33' title="bbox 294 3212 1862 3280">
    <p class='ocr_par' dir='ltr' id='par_1_33' title="bbox 294 3212 1862 3280">
     <span class='ocr_line' id='line_1_33' title="bbox 294 3212 1862 3280; baseline 0.002 -17"><span class='ocrx_word' id='word_1_238' title='bbox 294 3212 523 3265; x_wconf 86' lang='lat' dir='ltr'><strong>animam</strong></span> <span class='ocrx_word' id='word_1_239' title='bbox 551 3227 722 3266; x_wconf 82' lang='lat' dir='ltr'><strong>meam</strong></span> <span class='ocrx_word' id='word_1_240' title='bbox 751 3228 779 3264; x_wconf 91' lang='lat' dir='ltr'><strong>a</strong></span> <span class='ocrx_word' id='word_1_241' title='bbox 809 3213 981 3280; x_wconf 83' lang='lat' dir='ltr'><strong>lingua</strong></span> <span class='ocrx_word' id='word_1_242' title='bbox 1011 3212 1378 3266; x_wconf 86' lang='lat' dir='ltr'><strong>dissensionis.</strong></span> <span class='ocrx_word' id='word_1_243' title='bbox 1416 3212 1477 3265; x_wconf 86' lang='lat' dir='ltr'><strong>Et</strong></span> <span class='ocrx_word' id='word_1_244' title='bbox 1509 3214 1571 3267; x_wconf 86' lang='lat' dir='ltr'><strong>de</strong></span> <span class='ocrx_word' id='word_1_245' title='bbox 1597 3231 1748 3267; x_wconf 88' lang='lat' dir='ltr'><strong>manu</strong></span> <span class='ocrx_word' id='word_1_246' title='bbox 1771 3229 1862 3266; x_wconf 84' lang='lat' dir='ltr'><strong>ca—</strong></span> 
     </span>
    </p>
   </div>
   <div class='ocr_carea' id='block_1_34' title="bbox 293 3304 1864 3375">
    <p class='ocr_par' dir='ltr' id='par_1_34' title="bbox 293 3304 1864 3375">
     <span class='ocr_line' id='line_1_34' title="bbox 293 3304 1864 3375; baseline 0.005 -22"><span class='ocrx_word' id='word_1_247' title='bbox 293 3304 365 3356; x_wconf 83' lang='lat' dir='ltr'><strong>nis</strong></span> <span class='ocrx_word' id='word_1_248' title='bbox 386 3304 586 3355; x_wconf 86' lang='lat' dir='ltr'><strong>unicam</strong></span> <span class='ocrx_word' id='word_1_249' title='bbox 613 3320 775 3357; x_wconf 86' lang='lat' dir='ltr'><strong>meam</strong></span> <span class='ocrx_word' id='word_1_250' title='bbox 795 3320 813 3356; x_wconf 90' lang='lat'><strong><em>:</em></strong></span> <span class='ocrx_word' id='word_1_251' title='bbox 836 3312 889 3357; x_wconf 88' lang='lat' dir='ltr'><strong>et</strong></span> <span class='ocrx_word' id='word_1_252' title='bbox 913 3304 977 3356; x_wconf 89' lang='lat' dir='ltr'><strong>de</strong></span> <span class='ocrx_word' id='word_1_253' title='bbox 1002 3313 1261 3371; x_wconf 84' lang='lat' dir='ltr'><strong>potestate</strong></span> <span class='ocrx_word' id='word_1_254' title='bbox 1291 3305 1463 3375; x_wconf 81' lang='lat' dir='ltr'><strong>populi</strong></span> <span class='ocrx_word' id='word_1_255' title='bbox 1494 3322 1556 3360; x_wconf 79' lang='lat' dir='ltr'><strong>ex</strong></span> <span class='ocrx_word' id='word_1_256' title='bbox 1585 3318 1864 3361; x_wconf 79' lang='lat' dir='ltr'><strong>consuetu-</strong></span> 
     </span>
    </p>
   </div>
   <div class='ocr_carea' id='block_1_35' title="bbox 289 3393 1228 3448">
    <p class='ocr_par' dir='ltr' id='par_1_35' title="bbox 289 3393 1228 3448">
     <span class='ocr_line' id='line_1_35' title="bbox 289 3393 1228 3448; baseline 0.002 -4"><span class='ocrx_word' id='word_1_257' title='bbox 289 3393 412 3446; x_wconf 84' lang='lat' dir='ltr'><strong>dine</strong></span> <span class='ocrx_word' id='word_1_258' title='bbox 439 3393 682 3446; x_wconf 90' lang='lat' dir='ltr'><strong>latrantis</strong></span> <span class='ocrx_word' id='word_1_259' title='bbox 709 3393 999 3448; x_wconf 78' lang='lat' dir='ltr'><strong>Ecclesium</strong></span> <span class='ocrx_word' id='word_1_260' title='bbox 1035 3409 1228 3448; x_wconf 87' lang='lat' dir='ltr'><strong>meam.</strong></span> 
     </span>
    </p>
   </div>
   <div class='ocr_carea' id='block_1_36' title="bbox 357 3482 1859 3556">
    <p class='ocr_par' dir='ltr' id='par_1_36' title="bbox 357 3482 1859 3556">
     <span class='ocr_line' id='line_1_36' title="bbox 357 3482 1859 3556; baseline 0.005 -21"><span class='ocrx_word' id='word_1_261' title='bbox 357 3482 446 3536; x_wconf 69' lang='grc'>22.</span> <span class='ocrx_word' id='word_1_262' title='bbox 494 3483 644 3556; x_wconf 79' lang='lat' dir='ltr'><strong>[vers.</strong></span> <span class='ocrx_word' id='word_1_263' title='bbox 700 3483 816 3556; x_wconf 68' lang='lat'><strong>22.]</strong></span> <span class='ocrx_word' id='word_1_264' title='bbox 857 3483 1065 3538; x_wconf 88' lang='lat' dir='ltr'><strong>Salvum</strong></span> <span class='ocrx_word' id='word_1_265' title='bbox 1092 3501 1170 3538; x_wconf 88' lang='lat' dir='ltr'><strong>me</strong></span> <span class='ocrx_word' id='word_1_266' title='bbox 1196 3489 1276 3553; x_wconf 79' lang='lat' dir='ltr'><strong>fac</strong></span> <span class='ocrx_word' id='word_1_267' title='bbox 1317 3487 1380 3538; x_wconf 87' lang='lat' dir='ltr'><strong>de</strong></span> <span class='ocrx_word' id='word_1_268' title='bbox 1407 3502 1491 3539; x_wconf 88' lang='lat' dir='ltr'><strong>ore</strong></span> <span class='ocrx_word' id='word_1_269' title='bbox 1529 3488 1720 3543; x_wconf 79' lang='lat' dir='ltr'><strong>leonis:</strong></span> <span class='ocrx_word' id='word_1_270' title='bbox 1750 3491 1859 3544; x_wconf 86' lang='lat' dir='ltr'><strong>sal-</strong></span> 
     </span>
    </p>
   </div>
   <div class='ocr_carea' id='block_1_37' title="bbox 286 3575 1857 3647">
    <p class='ocr_par' dir='ltr' id='par_1_37' title="bbox 286 3575 1857 3647">
     <span class='ocr_line' id='line_1_37' title="bbox 286 3575 1857 3647; baseline 0.005 -19"><span class='ocrx_word' id='word_1_271' title='bbox 286 3592 404 3628; x_wconf 81' lang='lat' dir='ltr'><strong>vum</strong></span> <span class='ocrx_word' id='word_1_272' title='bbox 424 3592 513 3630; x_wconf 89' lang='lat' dir='ltr'><strong>me</strong></span> <span class='ocrx_word' id='word_1_273' title='bbox 537 3575 615 3630; x_wconf 80' lang='lat' dir='ltr'><strong>fac</strong></span> <span class='ocrx_word' id='word_1_274' title='bbox 641 3577 707 3631; x_wconf 90' lang='lat' dir='ltr'><strong>de</strong></span> <span class='ocrx_word' id='word_1_275' title='bbox 732 3593 825 3632; x_wconf 90' lang='lat' dir='ltr'><strong>ore</strong></span> <span class='ocrx_word' id='word_1_276' title='bbox 854 3579 1000 3647; x_wconf 69' lang='grc' dir='ltr'><strong>ι·ηηί</strong></span> <span class='ocrx_word' id='word_1_277' title='bbox 1030 3579 1318 3633; x_wconf 75' lang='lat' dir='ltr'><strong>szccularis.</strong></span> <span class='ocrx_word' id='word_1_278' title='bbox 1351 3578 1412 3631; x_wconf 84' lang='lat' dir='ltr'><strong>Et</strong></span> <span class='ocrx_word' id='word_1_279' title='bbox 1437 3598 1466 3631; x_wconf 75' lang='grc' dir='ltr'><em>ιι</em></span> <span class='ocrx_word' id='word_1_280' title='bbox 1492 3583 1722 3634; x_wconf 85' lang='lat' dir='ltr'><strong>cornibus</strong></span> <span class='ocrx_word' id='word_1_281' title='bbox 1743 3585 1857 3636; x_wconf 83' lang='lat' dir='ltr'><strong>uni-</strong></span> 
     </span>
    </p>
   </div>
   <div class='ocr_carea' id='block_1_38' title="bbox 286 3669 1856 3727">
    <p class='ocr_par' dir='ltr' id='par_1_38' title="bbox 286 3669 1856 3727">
     <span class='ocr_line' id='line_1_38' title="bbox 286 3669 1856 3727; baseline 0.006 -10"><span class='ocrx_word' id='word_1_282' title='bbox 286 3683 589 3720; x_wconf 85' lang='lat' dir='ltr'><strong>cornnorum</strong></span> <span class='ocrx_word' id='word_1_283' title='bbox 617 3669 948 3722; x_wconf 79' lang='lat' dir='ltr'><strong>humilitatem</strong></span> <span class='ocrx_word' id='word_1_284' title='bbox 979 3686 1174 3722; x_wconf 79' lang='lat' dir='ltr'><strong>nteant:</strong></span> <span class='ocrx_word' id='word_1_285' title='bbox 1199 3681 1252 3725; x_wconf 92' lang='lat' dir='ltr'><strong>ct</strong></span> <span class='ocrx_word' id='word_1_286' title='bbox 1271 3687 1298 3724; x_wconf 90' lang='lat' dir='ltr'><strong>a</strong></span> <span class='ocrx_word' id='word_1_287' title='bbox 1324 3671 1736 3727; x_wconf 88' lang='lat' dir='ltr'><strong>sublimitatilms</strong></span> <span class='ocrx_word' id='word_1_288' title='bbox 1762 3691 1822 3727; x_wconf 91' lang='lat' dir='ltr'><strong>su</strong></span> <span class='ocrx_word' id='word_1_289' title='bbox 1854 3708 1856 3710; x_wconf 60' lang='grc' dir='ltr'><strong><em>τ</em></strong></span> 
     </span>
    </p>
   </div>
   <div class='ocr_carea' id='block_1_39' title="bbox 291 3737 1859 3834">
    <p class='ocr_par' dir='ltr' id='par_1_39' title="bbox 291 3737 1859 3834">
     <span class='ocr_line' id='line_1_39' title="bbox 291 3737 1859 3834; baseline 0.006 -26"><span class='ocrx_word' id='word_1_290' title='bbox 291 3759 569 3825; x_wconf 86' lang='lat' dir='ltr'><strong>perborum</strong></span> <span class='ocrx_word' id='word_1_291' title='bbox 613 3775 672 3813; x_wconf 91' lang='lat' dir='ltr'><strong>se</strong></span> <span class='ocrx_word' id='word_1_292' title='bbox 714 3737 1052 3827; x_wconf 76' lang='lat' dir='ltr'><strong>singulariter</strong></span> <span class='ocrx_word' id='word_1_293' title='bbox 1098 3761 1434 3831; x_wconf 73' lang='lat' dir='ltr'><strong>erigentium,</strong></span> <span class='ocrx_word' id='word_1_294' title='bbox 1479 3773 1859 3834; x_wconf 80' lang='lat' dir='ltr'><strong>consortcsqne</strong></span> 
     </span>
    </p>
   </div>
   <div class='ocr_carea' id='block_1_40' title="bbox 284 3851 1658 3923">
    <p class='ocr_par' dir='ltr' id='par_1_40' title="bbox 284 3851 1658 3923">
     <span class='ocr_line' id='line_1_40' title="bbox 284 3851 1658 3923; baseline 0.004 -21"><span class='ocrx_word' id='word_1_295' title='bbox 284 3865 391 3903; x_wconf 90' lang='lat' dir='ltr'><strong>non</strong></span> <span class='ocrx_word' id='word_1_296' title='bbox 421 3851 726 3915; x_wconf 80' lang='lat' dir='ltr'><strong>ferentium,</strong></span> <span class='ocrx_word' id='word_1_297' title='bbox 751 3853 949 3905; x_wconf 89' lang='lat' dir='ltr'><strong>salvam</strong></span> <span class='ocrx_word' id='word_1_298' title='bbox 976 3852 1058 3923; x_wconf 68' lang='lat' dir='ltr'><strong>{ac</strong></span> <span class='ocrx_word' id='word_1_299' title='bbox 1089 3852 1434 3908; x_wconf 83' lang='lat' dir='ltr'><strong>humilitatem</strong></span> <span class='ocrx_word' id='word_1_300' title='bbox 1466 3871 1658 3909; x_wconf 87' lang='lat' dir='ltr'><strong>meam.</strong></span> 
     </span>
    </p>
   </div>
   <div class='ocr_carea' id='block_1_41' title="bbox 351 3942 1857 4020">
    <p class='ocr_par' dir='ltr' id='par_1_41' title="bbox 351 3942 1857 4020">
     <span class='ocr_line' id='line_1_41' title="bbox 351 3942 1857 4020; baseline 0.005 -25"><span class='ocrx_word' id='word_1_301' title='bbox 351 3942 442 3998; x_wconf 78' lang='lat'><strong>9.5.</strong></span> <span class='ocrx_word' id='word_1_302' title='bbox 508 3959 636 3996; x_wconf 73' lang='lat' dir='ltr'><strong>vers.</strong></span> <span class='ocrx_word' id='word_1_303' title='bbox 688 3942 801 4015; x_wconf 78' lang='lat'><strong>9.5.]</strong></span> <span class='ocrx_word' id='word_1_304' title='bbox 831 3943 1065 4020; x_wconf 84' lang='lat' dir='ltr'><strong>Narrabo</strong></span> <span class='ocrx_word' id='word_1_305' title='bbox 1085 3962 1262 3998; x_wconf 84' lang='lat' dir='ltr'><strong>nomen</strong></span> <span class='ocrx_word' id='word_1_306' title='bbox 1285 3957 1421 3998; x_wconf 86' lang='lat' dir='ltr'><strong>tuum</strong></span> <span class='ocrx_word' id='word_1_307' title='bbox 1454 3945 1692 4016; x_wconf 78' lang='lat' dir='ltr'><strong>fratribus</strong></span> <span class='ocrx_word' id='word_1_308' title='bbox 1712 3950 1857 4002; x_wconf 74' lang='lat' dir='ltr'><strong>meis:</strong></span> 
     </span>
    </p>
   </div>
   <div class='ocr_carea' id='block_1_42' title="bbox 280 4034 1944 4100">
    <p class='ocr_par' dir='ltr' id='par_1_42' title="bbox 280 4034 1944 4100">
     <span class='ocr_line' id='line_1_42' title="bbox 280 4034 1944 4100; baseline 0.003 -12"><span class='ocrx_word' id='word_1_309' title='bbox 280 4036 510 4088; x_wconf 69' lang='lat' dir='ltr'><strong>narrabo</strong></span> <span class='ocrx_word' id='word_1_310' title='bbox 537 4049 730 4100; x_wconf 81' lang='lat' dir='ltr'><strong>nomen</strong></span> <span class='ocrx_word' id='word_1_311' title='bbox 773 4046 918 4089; x_wconf 91' lang='lat' dir='ltr'><strong>tuum</strong></span> <span class='ocrx_word' id='word_1_312' title='bbox 965 4034 1272 4100; x_wconf 82' lang='lat' dir='ltr'><strong>humilibus,</strong></span> <span class='ocrx_word' id='word_1_313' title='bbox 1301 4045 1354 4090; x_wconf 78' lang='lat' dir='ltr'><strong>et</strong></span> <span class='ocrx_word' id='word_1_314' title='bbox 1379 4052 1438 4091; x_wconf 88' lang='lat' dir='ltr'><strong>se</strong></span> <span class='ocrx_word' id='word_1_315' title='bbox 1478 4038 1700 4092; x_wconf 81' lang='lat' dir='ltr'><strong>invicem</strong></span> <span class='ocrx_word' id='word_1_316' title='bbox 1731 4040 1854 4093; x_wconf 39' lang='lat' dir='ltr'><strong>dili‘</strong></span> <span class='ocrx_word' id='word_1_317' title='bbox 1937 4087 1944 4092; x_wconf 93' lang='lat'><strong>.</strong></span> 
     </span>
    </p>
   </div>
   <div class='ocr_carea' id='block_1_43' title="bbox 281 4125 1857 4193">
    <p class='ocr_par' dir='ltr' id='par_1_43' title="bbox 281 4125 1857 4193">
     <span class='ocr_line' id='line_1_43' title="bbox 281 4125 1857 4193; baseline 0.004 -16"><span class='ocrx_word' id='word_1_318' title='bbox 281 4125 524 4193; x_wconf 75' lang='lat' dir='ltr'><strong>gentibus</strong></span> <span class='ocrx_word' id='word_1_319' title='bbox 544 4125 682 4178; x_wconf 90' lang='lat' dir='ltr'><strong>sicut</strong></span> <span class='ocrx_word' id='word_1_320' title='bbox 706 4143 736 4177; x_wconf 71' lang='grc' dir='ltr'>κ</span> <span class='ocrx_word' id='word_1_321' title='bbox 765 4141 847 4178; x_wconf 89' lang='lat' dir='ltr'><strong>me</strong></span> <span class='ocrx_word' id='word_1_322' title='bbox 876 4125 1052 4180; x_wconf 84' lang='lat' dir='ltr'><strong>dilecti</strong></span> <span class='ocrx_word' id='word_1_323' title='bbox 1079 4136 1201 4179; x_wconf 88' lang='lat' dir='ltr'><strong>sunt</strong></span> <span class='ocrx_word' id='word_1_324' title='bbox 1223 4128 1468 4182; x_wconf 79' lang='lat' dir='ltr'><strong>fratribus</strong></span> <span class='ocrx_word' id='word_1_325' title='bbox 1489 4129 1636 4182; x_wconf 87' lang='lat' dir='ltr'><strong>meis.</strong></span> <span class='ocrx_word' id='word_1_326' title='bbox 1670 4128 1732 4182; x_wconf 88' lang='lat' dir='ltr'><strong>In</strong></span> <span class='ocrx_word' id='word_1_327' title='bbox 1756 4148 1857 4183; x_wconf 87' lang='lat' dir='ltr'><strong>me-</strong></span> 
     </span>
    </p>
   </div>
   <div class='ocr_carea' id='block_1_44' title="bbox 283 4205 1855 4290">
    <p class='ocr_par' dir='ltr' id='par_1_44' title="bbox 283 4205 1855 4290">
     <span class='ocr_line' id='line_1_44' title="bbox 283 4205 1855 4290; baseline 0.005 -23"><span class='ocrx_word' id='word_1_328' title='bbox 283 4217 366 4268; x_wconf 73' lang='grc' dir='ltr'><strong><em>ϋο</em></strong></span> <span class='ocrx_word' id='word_1_329' title='bbox 410 4215 649 4268; x_wconf 75' lang='lat' dir='ltr'><strong>Ecclesia:</strong></span> <span class='ocrx_word' id='word_1_330' title='bbox 686 4217 896 4269; x_wconf 85' lang='lat' dir='ltr'><strong>cantabo</strong></span> <span class='ocrx_word' id='word_1_331' title='bbox 941 4227 986 4270; x_wconf 86' lang='lat' dir='ltr'><strong>te</strong></span> <span class='ocrx_word' id='word_1_332' title='bbox 1007 4233 1026 4269; x_wconf 90' lang='lat'><strong><em>:</em></strong></span> <span class='ocrx_word' id='word_1_333' title='bbox 1066 4218 1118 4270; x_wconf 91' lang='lat' dir='ltr'><strong>in</strong></span> <span class='ocrx_word' id='word_1_334' title='bbox 1145 4217 1316 4271; x_wconf 91' lang='lat' dir='ltr'><strong>medio</strong></span> <span class='ocrx_word' id='word_1_335' title='bbox 1343 4217 1595 4272; x_wconf 71' lang='lat' dir='ltr'><strong>Ecclesia:</strong></span> <span class='ocrx_word' id='word_1_336' title='bbox 1620 4205 1855 4290; x_wconf 75' lang='lat' dir='ltr'><strong>gaudens</strong></span> 
     </span>
    </p>
   </div>
   <div class='ocr_carea' id='block_1_45' title="bbox 278 4306 676 4377">
    <p class='ocr_par' dir='ltr' id='par_1_45' title="bbox 278 4306 676 4377">
     <span class='ocr_line' id='line_1_45' title="bbox 278 4306 676 4377; baseline -0.005 -17"><span class='ocrx_word' id='word_1_337' title='bbox 278 4306 580 4377; x_wconf 50' lang='lat' dir='ltr'><strong>Mdicabo</strong></span> <span class='ocrx_word' id='word_1_338' title='bbox 608 4317 676 4361; x_wconf 89' lang='lat' dir='ltr'><strong>te.</strong></span> 
     </span>
    </p>
   </div>
   <div class='ocr_carea' id='block_1_46' title="bbox 349 4398 1854 4471">
    <p class='ocr_par' dir='ltr' id='par_1_46' title="bbox 349 4398 1854 4471">
     <span class='ocr_line' id='line_1_46' title="bbox 349 4398 1854 4471; baseline 0.006 -19"><span class='ocrx_word' id='word_1_339' title='bbox 349 4400 442 4452; x_wconf 63' lang='grc'><strong>24.</strong></span> <span class='ocrx_word' id='word_1_340' title='bbox 483 4398 631 4470; x_wconf 24' lang='lat' dir='ltr'><strong>[‘vers.</strong></span> <span class='ocrx_word' id='word_1_341' title='bbox 679 4398 794 4471; x_wconf 66' lang='lat'><strong>‘24.]</strong></span> <span class='ocrx_word' id='word_1_342' title='bbox 830 4400 928 4467; x_wconf 81' lang='lat' dir='ltr'><strong>Qui</strong></span> <span class='ocrx_word' id='word_1_343' title='bbox 954 4401 1135 4454; x_wconf 82' lang='lat' dir='ltr'><strong>timetis</strong></span> <span class='ocrx_word' id='word_1_344' title='bbox 1156 4401 1450 4468; x_wconf 85' lang='lat' dir='ltr'><strong>Dominum,</strong></span> <span class='ocrx_word' id='word_1_345' title='bbox 1484 4405 1687 4458; x_wconf 82' lang='lat' dir='ltr'><strong>laudate</strong></span> <span class='ocrx_word' id='word_1_346' title='bbox 1708 4423 1854 4461; x_wconf 89' lang='lat' dir='ltr'><strong>eum:</strong></span> 
     </span>
    </p>
   </div>
   <div class='ocr_carea' id='block_1_47' title="bbox 280 4490 1848 4562">
    <p class='ocr_par' dir='ltr' id='par_1_47' title="bbox 280 4490 1848 4562">
     <span class='ocr_line' id='line_1_47' title="bbox 280 4490 1848 4562; baseline 0.004 -17"><span class='ocrx_word' id='word_1_347' title='bbox 280 4492 368 4562; x_wconf 71' lang='lat' dir='ltr'><strong>:rti</strong></span> <span class='ocrx_word' id='word_1_348' title='bbox 396 4490 589 4544; x_wconf 80' lang='lat' dir='ltr'><strong>timetis</strong></span> <span class='ocrx_word' id='word_1_349' title='bbox 610 4491 908 4552; x_wconf 87' lang='lat' dir='ltr'><strong>Dominum,</strong></span> <span class='ocrx_word' id='word_1_350' title='bbox 931 4492 1093 4545; x_wconf 88' lang='lat' dir='ltr'><strong>nolite</strong></span> <span class='ocrx_word' id='word_1_351' title='bbox 1111 4507 1348 4560; x_wconf 67' lang='lat' dir='ltr'><strong>quaerere</strong></span> <span class='ocrx_word' id='word_1_352' title='bbox 1374 4494 1581 4548; x_wconf 87' lang='lat' dir='ltr'><strong>laudem</strong></span> <span class='ocrx_word' id='word_1_353' title='bbox 1600 4507 1848 4561; x_wconf 88' lang='lat' dir='ltr'><strong>vestram,</strong></span> 
     </span>
    </p>
   </div>
   <div class='ocr_carea' id='block_1_48' title="bbox 273 4581 1850 4658">
    <p class='ocr_par' dir='ltr' id='par_1_48' title="bbox 273 4581 1850 4658">
     <span class='ocr_line' id='line_1_48' title="bbox 273 4581 1850 4658; baseline 0.003 -22"><span class='ocrx_word' id='word_1_354' title='bbox 273 4582 371 4637; x_wconf 76' lang='lat' dir='ltr'><strong>sed</strong></span> <span class='ocrx_word' id='word_1_355' title='bbox 403 4581 572 4650; x_wconf 86' lang='lat' dir='ltr'><strong>ipsum</strong></span> <span class='ocrx_word' id='word_1_356' title='bbox 603 4581 833 4635; x_wconf 82' lang='lat' dir='ltr'><strong>laudate.</strong></span> <span class='ocrx_word' id='word_1_357' title='bbox 867 4581 1162 4636; x_wconf 80' lang='lat' dir='ltr'><strong>Universum</strong></span> <span class='ocrx_word' id='word_1_358' title='bbox 1204 4600 1367 4637; x_wconf 88' lang='lat' dir='ltr'><strong>semen</strong></span> <span class='ocrx_word' id='word_1_359' title='bbox 1393 4582 1575 4650; x_wconf 72' lang='lat' dir='ltr'><strong>Iacob,</strong></span> <span class='ocrx_word' id='word_1_360' title='bbox 1613 4589 1850 4658; x_wconf 79' lang='lat' dir='ltr'><strong>magniﬁ-</strong></span> 
     </span>
    </p>
   </div>
   <div class='ocr_carea' id='block_1_49' title="bbox 272 4673 1846 4747">
    <p class='ocr_par' dir='ltr' id='par_1_49' title="bbox 272 4673 1846 4747">
     <span class='ocr_line' id='line_1_49' title="bbox 272 4673 1846 4747; baseline 0.004 -23"><span class='ocrx_word' id='word_1_361' title='bbox 272 4683 386 4725; x_wconf 81' lang='lat' dir='ltr'><strong>cale</strong></span> <span class='ocrx_word' id='word_1_362' title='bbox 423 4689 532 4725; x_wconf 84' lang='lat' dir='ltr'><strong>eum</strong></span> <span class='ocrx_word' id='word_1_363' title='bbox 558 4688 574 4725; x_wconf 90' lang='lat'><strong><em>:</em></strong></span> <span class='ocrx_word' id='word_1_364' title='bbox 602 4673 902 4726; x_wconf 86' lang='lat' dir='ltr'><strong>universum</strong></span> <span class='ocrx_word' id='word_1_365' title='bbox 933 4689 1114 4727; x_wconf 90' lang='lat' dir='ltr'><strong>semen</strong></span> <span class='ocrx_word' id='word_1_366' title='bbox 1159 4673 1275 4741; x_wconf 79' lang='lat' dir='ltr'><strong>ejus</strong></span> <span class='ocrx_word' id='word_1_367' title='bbox 1305 4675 1386 4728; x_wconf 91' lang='lat' dir='ltr'><strong>cui</strong></span> <span class='ocrx_word' id='word_1_368' title='bbox 1432 4675 1598 4745; x_wconf 82' lang='lat' dir='ltr'><strong>major</strong></span> <span class='ocrx_word' id='word_1_369' title='bbox 1625 4679 1846 4747; x_wconf 79' lang='lat' dir='ltr'><strong>serviet,</strong></span> 
     </span>
    </p>
   </div>
   <div class='ocr_carea' id='block_1_50' title="bbox 270 4765 784 4834">
    <p class='ocr_par' dir='ltr' id='par_1_50' title="bbox 270 4765 784 4834">
     <span class='ocr_line' id='line_1_50' title="bbox 270 4765 784 4834; baseline -0.006 -15"><span class='ocrx_word' id='word_1_370' title='bbox 270 4765 605 4834; x_wconf 76' lang='lat' dir='ltr'><strong>magniﬁcate</strong></span> <span class='ocrx_word' id='word_1_371' title='bbox 643 4781 784 4818; x_wconf 92' lang='lat' dir='ltr'><strong>eum.</strong></span> 
     </span>
    </p>
   </div>
   <div class='ocr_carea' id='block_1_51' title="bbox 343 4843 1846 4932">
    <p class='ocr_par' dir='ltr' id='par_1_51' title="bbox 343 4843 1846 4932">
     <span class='ocr_line' id='line_1_51' title="bbox 343 4843 1846 4932; baseline 0.002 -16"><span class='ocrx_word' id='word_1_372' title='bbox 343 4861 435 4916; x_wconf 73' lang='lat'><strong>9.5.</strong></span> <span class='ocrx_word' id='word_1_373' title='bbox 481 4859 632 4932; x_wconf 87' lang='lat' dir='ltr'><strong>[vers.</strong></span> <span class='ocrx_word' id='word_1_374' title='bbox 696 4857 814 4932; x_wconf 77' lang='lat'><strong>9.5.]</strong></span> <span class='ocrx_word' id='word_1_375' title='bbox 851 4843 1199 4914; x_wconf 42' lang='lat' dir='ltr'><strong>Timeat‘enm</strong></span> <span class='ocrx_word' id='word_1_376' title='bbox 1239 4877 1385 4914; x_wconf 89' lang='lat' dir='ltr'><strong>omne</strong></span> <span class='ocrx_word' id='word_1_377' title='bbox 1432 4878 1594 4916; x_wconf 82' lang='lat' dir='ltr'><strong>semen</strong></span> <span class='ocrx_word' id='word_1_378' title='bbox 1643 4862 1846 4919; x_wconf 85' lang='lat' dir='ltr'><strong>Israel:</strong></span> 
     </span>
    </p>
   </div>
   <div class='ocr_carea' id='block_1_52' title="bbox 270 4953 1840 5014">
    <p class='ocr_par' dir='ltr' id='par_1_52' title="bbox 270 4953 1840 5014">
     <span class='ocr_line' id='line_1_52' title="bbox 270 4953 1840 5014; baseline 0.001 -7"><span class='ocrx_word' id='word_1_379' title='bbox 270 4955 495 5007; x_wconf 85' lang='lat' dir='ltr'><strong>timeant</strong></span> <span class='ocrx_word' id='word_1_380' title='bbox 524 4967 644 5006; x_wconf 90' lang='lat' dir='ltr'><strong>cum</strong></span> <span class='ocrx_word' id='word_1_381' title='bbox 674 4967 861 5005; x_wconf 89' lang='lat' dir='ltr'><strong>omnes</strong></span> <span class='ocrx_word' id='word_1_382' title='bbox 885 4953 951 5005; x_wconf 90' lang='lat' dir='ltr'><strong>ad</strong></span> <span class='ocrx_word' id='word_1_383' title='bbox 982 4968 1169 5006; x_wconf 89' lang='lat' dir='ltr'><strong>novam</strong></span> <span class='ocrx_word' id='word_1_384' title='bbox 1197 4953 1354 5006; x_wconf 88' lang='lat' dir='ltr'><strong>vitam</strong></span> <span class='ocrx_word' id='word_1_385' title='bbox 1398 4953 1526 5014; x_wconf 89' lang='lat' dir='ltr'><strong>nati,</strong></span> <span class='ocrx_word' id='word_1_386' title='bbox 1570 4964 1623 5008; x_wconf 91' lang='lat' dir='ltr'><strong>ct</strong></span> <span class='ocrx_word' id='word_1_387' title='bbox 1652 4956 1716 5008; x_wconf 87' lang='lat' dir='ltr'><strong>ad</strong></span> <span class='ocrx_word' id='word_1_388' title='bbox 1761 4957 1840 5008; x_wconf 88' lang='lat' dir='ltr'><strong>vi-</strong></span> 
     </span>
    </p>
   </div>
   <div class='ocr_carea' id='block_1_53' title="bbox 263 5042 1846 5115">
    <p class='ocr_par' dir='ltr' id='par_1_53' title="bbox 263 5042 1846 5115">
     <span class='ocr_line' id='line_1_53' title="bbox 263 5042 1846 5115; baseline 0.003 -19"><span class='ocrx_word' id='word_1_389' title='bbox 263 5048 475 5097; x_wconf 85' lang='lat' dir='ltr'><strong>sionem</strong></span> <span class='ocrx_word' id='word_1_390' title='bbox 507 5043 596 5095; x_wconf 86' lang='lat' dir='ltr'><strong>Dei</strong></span> <span class='ocrx_word' id='word_1_391' title='bbox 628 5043 873 5096; x_wconf 87' lang='lat' dir='ltr'><strong>reoarati.</strong></span> <span class='ocrx_word' id='word_1_392' title='bbox 923 5042 1174 5105; x_wconf 82' lang='lat' dir='ltr'><strong>Quoniam</strong></span> <span class='ocrx_word' id='word_1_393' title='bbox 1216 5059 1314 5096; x_wconf 88' lang='lat' dir='ltr'><strong>non</strong></span> <span class='ocrx_word' id='word_1_394' title='bbox 1359 5045 1544 5113; x_wconf 85' lang='lat' dir='ltr'><strong>sprevit</strong></span> <span class='ocrx_word' id='word_1_395' title='bbox 1578 5063 1732 5115; x_wconf 85' lang='lat' dir='ltr'><strong>neque</strong></span> <span class='ocrx_word' id='word_1_396' title='bbox 1757 5049 1846 5100; x_wconf 88' lang='lat' dir='ltr'><strong>de-</strong></span> 
     </span>
    </p>
   </div>
   <div class='ocr_carea' id='block_1_54' title="bbox 263 5135 1842 5205">
    <p class='ocr_par' dir='ltr' id='par_1_54' title="bbox 263 5135 1842 5205">
     <span class='ocr_line' id='line_1_54' title="bbox 263 5135 1842 5205; baseline 0.003 -17"><span class='ocrx_word' id='word_1_397' title='bbox 263 5135 433 5201; x_wconf 74' lang='lat' dir='ltr'><strong>spexit</strong></span> <span class='ocrx_word' id='word_1_398' title='bbox 462 5150 655 5200; x_wconf 72' lang='lat' dir='ltr'><strong>precem</strong></span> <span class='ocrx_word' id='word_1_399' title='bbox 687 5149 920 5204; x_wconf 77' lang='lat' dir='ltr'><strong>pauperis</strong></span> <span class='ocrx_word' id='word_1_400' title='bbox 939 5152 958 5186; x_wconf 92' lang='lat'><strong><em>:</em></strong></span> <span class='ocrx_word' id='word_1_401' title='bbox 978 5136 1221 5203; x_wconf 79' lang='lat' dir='ltr'><strong>quoniam</strong></span> <span class='ocrx_word' id='word_1_402' title='bbox 1250 5151 1352 5188; x_wconf 90' lang='lat' dir='ltr'><strong>non</strong></span> <span class='ocrx_word' id='word_1_403' title='bbox 1384 5137 1582 5202; x_wconf 86' lang='lat' dir='ltr'><strong>sprevit</strong></span> <span class='ocrx_word' id='word_1_404' title='bbox 1611 5153 1842 5205; x_wconf 88' lang='lat' dir='ltr'><strong>precem,</strong></span> 
     </span>
    </p>
   </div>
   <div class='ocr_carea' id='block_1_55' title="bbox 264 5226 1840 5298">
    <p class='ocr_par' dir='ltr' id='par_1_55' title="bbox 264 5226 1840 5298">
     <span class='ocr_line' id='line_1_55' title="bbox 264 5226 1840 5298; baseline 0.003 -18"><span class='ocrx_word' id='word_1_405' title='bbox 264 5244 380 5280; x_wconf 84' lang='lat' dir='ltr'><strong>non</strong></span> <span class='ocrx_word' id='word_1_406' title='bbox 409 5227 547 5279; x_wconf 69' lang='lat' dir='ltr'><strong>Illius</strong></span> <span class='ocrx_word' id='word_1_407' title='bbox 569 5228 664 5298; x_wconf 75' lang='lat' dir='ltr'><strong>qui</strong></span> <span class='ocrx_word' id='word_1_408' title='bbox 686 5226 862 5280; x_wconf 78' lang='lat' dir='ltr'><strong>verbis</strong></span> <span class='ocrx_word' id='word_1_409' title='bbox 887 5226 1196 5281; x_wconf 87' lang='lat' dir='ltr'><strong>delictorum</strong></span> <span class='ocrx_word' id='word_1_410' title='bbox 1227 5229 1458 5280; x_wconf 85' lang='lat' dir='ltr'><strong>clamans</strong></span> <span class='ocrx_word' id='word_1_411' title='bbox 1475 5232 1540 5281; x_wconf 87' lang='lat' dir='ltr'><strong>ad</strong></span> <span class='ocrx_word' id='word_1_412' title='bbox 1570 5229 1732 5284; x_wconf 85' lang='lat' dir='ltr'><strong>Deum</strong></span> <span class='ocrx_word' id='word_1_413' title='bbox 1760 5233 1840 5285; x_wconf 89' lang='lat' dir='ltr'><strong>vi-</strong></span> 
     </span>
    </p>
   </div>
   <div class='ocr_carea' id='block_1_56' title="bbox 262 5318 1839 5400">
    <p class='ocr_par' dir='ltr' id='par_1_56' title="bbox 262 5318 1839 5400">
     <span class='ocr_line' id='line_1_56' title="bbox 262 5318 1839 5400; baseline 0.004 -30"><span class='ocrx_word' id='word_1_414' title='bbox 262 5332 378 5370; x_wconf 85' lang='lat' dir='ltr'><strong>tam</strong></span> <span class='ocrx_word' id='word_1_415' title='bbox 423 5333 611 5370; x_wconf 75' lang='lat' dir='ltr'><strong>vanam</strong></span> <span class='ocrx_word' id='word_1_416' title='bbox 654 5318 1146 5400; x_wconf 56' lang='lat' dir='ltr'><strong>traitsire&#39;itoleliztt,</strong></span> <span class='ocrx_word' id='word_1_417' title='bbox 1194 5318 1282 5373; x_wconf 86' lang='lat' dir='ltr'><strong>sed</strong></span> <span class='ocrx_word' id='word_1_418' title='bbox 1331 5335 1543 5386; x_wconf 88' lang='lat' dir='ltr'><strong>precem</strong></span> <span class='ocrx_word' id='word_1_419' title='bbox 1594 5324 1839 5390; x_wconf 86' lang='lat' dir='ltr'><strong>pauperis</strong></span> 
     </span>
    </p>
   </div>
   <div class='ocr_carea' id='block_1_57' title="bbox 259 5408 1840 5480">
    <p class='ocr_par' dir='ltr' id='par_1_57' title="bbox 259 5408 1840 5480">
     <span class='ocr_line' id='line_1_57' title="bbox 259 5408 1840 5480; baseline 0.001 -16"><span class='ocrx_word' id='word_1_420' title='bbox 259 5424 375 5464; x_wconf 84' lang='lat' dir='ltr'><strong>non</strong></span> <span class='ocrx_word' id='word_1_421' title='bbox 405 5420 654 5462; x_wconf 76' lang='lat' dir='ltr'><strong>tumentis</strong></span> <span class='ocrx_word' id='word_1_422' title='bbox 685 5408 737 5459; x_wconf 89' lang='lat' dir='ltr'><strong>in</strong></span> <span class='ocrx_word' id='word_1_423' title='bbox 771 5408 974 5476; x_wconf 83' lang='lat' dir='ltr'><strong>pompis</strong></span> <span class='ocrx_word' id='word_1_424' title='bbox 1007 5409 1417 5462; x_wconf 67' lang='lat' dir='ltr'><strong>transeuntibus.</strong></span> <span class='ocrx_word' id='word_1_425' title='bbox 1451 5409 1630 5480; x_wconf 81' lang='lat' dir='ltr'><strong>Neque</strong></span> <span class='ocrx_word' id='word_1_426' title='bbox 1666 5415 1840 5466; x_wconf 85' lang='lat' dir='ltr'><strong>avertit</strong></span> 
     </span>
    </p>
   </div>
   <div class='ocr_carea' id='block_1_58' title="bbox 259 5499 1838 5570">
    <p class='ocr_par' dir='ltr' id='par_1_58' title="bbox 259 5499 1838 5570">
     <span class='ocr_line' id='line_1_58' title="bbox 259 5499 1838 5570; baseline 0.005 -18"><span class='ocrx_word' id='word_1_427' title='bbox 259 5501 450 5568; x_wconf 67' lang='lat' dir='ltr'><strong>[aciem</strong></span> <span class='ocrx_word' id='word_1_428' title='bbox 478 5517 620 5552; x_wconf 86' lang='lat' dir='ltr'><strong>suam</strong></span> <span class='ocrx_word' id='word_1_429' title='bbox 645 5517 676 5550; x_wconf 88' lang='lat' dir='ltr'><strong>a</strong></span> <span class='ocrx_word' id='word_1_430' title='bbox 702 5516 778 5551; x_wconf 88' lang='lat' dir='ltr'><strong>me</strong></span> <span class='ocrx_word' id='word_1_431' title='bbox 805 5515 817 5551; x_wconf 84' lang='lat'><strong>.</strong></span> <span class='ocrx_word' id='word_1_432' title='bbox 850 5499 985 5552; x_wconf 87' lang='lat' dir='ltr'><strong>sicut</strong></span> <span class='ocrx_word' id='word_1_433' title='bbox 1011 5500 1076 5552; x_wconf 88' lang='lat' dir='ltr'><strong>ab</strong></span> <span class='ocrx_word' id='word_1_434' title='bbox 1107 5500 1194 5563; x_wconf 77' lang='lat' dir='ltr'><strong>illo</strong></span> <span class='ocrx_word' id='word_1_435' title='bbox 1225 5502 1309 5569; x_wconf 72' lang='lat' dir='ltr'><strong>qui</strong></span> <span class='ocrx_word' id='word_1_436' title='bbox 1335 5501 1561 5570; x_wconf 73' lang='lat' dir='ltr'><strong>«licebat,</strong></span> <span class='ocrx_word' id='word_1_437' title='bbox 1585 5504 1838 5560; x_wconf 87' lang='lat' dir='ltr'><strong>Clamabo</strong></span> 
     </span>
    </p>
   </div>
   <div class='ocr_carea' id='block_1_59' title="bbox 289 5685 1764 5760">
    <p class='ocr_par' dir='ltr' id='par_1_59' title="bbox 289 5685 1764 5760">
     <span class='ocr_line' id='line_1_59' title="bbox 289 5685 1764 5760; baseline 0.006 -23"><span class='ocrx_word' id='word_1_438' title='bbox 289 5689 370 5750; x_wconf 79' lang='grc' dir='ltr'><strong>(α)</strong></span> <span class='ocrx_word' id='word_1_439' title='bbox 396 5697 464 5737; x_wconf 87' lang='lat' dir='ltr'><strong>De</strong></span> <span class='ocrx_word' id='word_1_440' title='bbox 491 5685 616 5740; x_wconf 84' lang='lat' dir='ltr'><strong>vers.</strong></span> <span class='ocrx_word' id='word_1_441' title='bbox 649 5693 723 5748; x_wconf 85' lang='lat' dir='ltr'><strong>i7,</strong></span> <span class='ocrx_word' id='word_1_442' title='bbox 751 5691 824 5746; x_wconf 87' lang='lat'><strong>18,</strong></span> <span class='ocrx_word' id='word_1_443' title='bbox 847 5699 962 5746; x_wconf 63' lang='grc' dir='ltr'>ως..</span> <span class='ocrx_word' id='word_1_444' title='bbox 982 5691 1092 5739; x_wconf 73' lang='lat' dir='ltr'><strong>vida</strong></span> <span class='ocrx_word' id='word_1_445' title='bbox 1119 5698 1249 5741; x_wconf 77' lang='lat' dir='ltr'><strong>Enar.</strong></span> <span class='ocrx_word' id='word_1_446' title='bbox 1279 5692 1398 5746; x_wconf 77' lang='lat' dir='ltr'><strong>Psal.</strong></span> <span class='ocrx_word' id='word_1_447' title='bbox 1422 5709 1619 5760; x_wconf 65' lang='lat' dir='ltr'><strong>LXXXW,</strong></span> <span class='ocrx_word' id='word_1_448' title='bbox 1643 5710 1689 5745; x_wconf 74' lang='grc' dir='ltr'>η.</span> <span class='ocrx_word' id='word_1_449' title='bbox 1711 5699 1764 5746; x_wconf 79' lang='grc'>5.</span> 
     </span>
    </p>
   </div>
   <div class='ocr_carea' id='block_1_60' title="bbox 511 5788 1106 5850">
    <p class='ocr_par' dir='ltr' id='par_1_60' title="bbox 511 5788 1106 5850">
     <span class='ocr_line' id='line_1_60' title="bbox 511 5788 1106 5850; baseline -0.005 -1"><span class='ocrx_word' id='word_1_450' title='bbox 511 5796 773 5850; x_wconf 44' lang='lat' dir='ltr'><strong>linunt.</strong></span> <span class='ocrx_word' id='word_1_451' title='bbox 815 5790 862 5847; x_wconf 81' lang='grc' dir='ltr'><strong>Χ</strong></span> <span class='ocrx_word' id='word_1_452' title='bbox 880 5788 1106 5847; x_wconf 67' lang='lat' dir='ltr'><strong>XXVI.</strong></span> 
     </span>
    </p>
   </div>
   <div class='ocr_carea' id='block_1_61' title="bbox 1438 261 2458 324">
    <p class='ocr_par' dir='ltr' id='par_1_61' title="bbox 1438 261 2458 324">
     <span class='ocr_line' id='line_1_61' title="bbox 1438 261 2458 324; baseline 0.005 -8"><span class='ocrx_word' id='word_1_453' title='bbox 1438 262 1824 318; x_wconf 70' lang='lat' dir='ltr'><strong>ENARRATIO</strong></span> <span class='ocrx_word' id='word_1_454' title='bbox 1862 263 1925 318; x_wconf 80' lang='lat' dir='ltr'><strong>IN</strong></span> <span class='ocrx_word' id='word_1_455' title='bbox 1963 261 2280 323; x_wconf 75' lang='lat' dir='ltr'><strong>PSALMUM</strong></span> <span class='ocrx_word' id='word_1_456' title='bbox 2322 267 2458 324; x_wconf 77' lang='lat' dir='ltr'><strong>XXI.</strong></span> 
     </span>
    </p>
   </div>
   <div class='ocr_carea' id='block_1_62' title="bbox 3451 297 3550 355">
    <p class='ocr_par' dir='ltr' id='par_1_62' title="bbox 3451 297 3550 355">
     <span class='ocr_line' id='line_1_62' title="bbox 3451 297 3550 355; baseline 0.04 -4"><span class='ocrx_word' id='word_1_457' title='bbox 3451 297 3550 355; x_wconf 80' lang='grc'>170</span> 
     </span>
    </p>
   </div>
   <div class='ocr_carea' id='block_1_63' title="bbox 1986 376 3548 472">
    <p class='ocr_par' dir='ltr' id='par_1_63' title="bbox 1986 376 3548 472">
     <span class='ocr_line' id='line_1_63' title="bbox 1986 376 3548 472; baseline 0.024 -44"><span class='ocrx_word' id='word_1_458' title='bbox 1986 376 2050 429; x_wconf 89' lang='lat' dir='ltr'><strong>ad</strong></span> <span class='ocrx_word' id='word_1_459' title='bbox 2081 386 2149 439; x_wconf 87' lang='lat' dir='ltr'><strong>te,</strong></span> <span class='ocrx_word' id='word_1_460' title='bbox 2180 394 2276 432; x_wconf 89' lang='lat' dir='ltr'><strong>nec</strong></span> <span class='ocrx_word' id='word_1_461' title='bbox 2306 384 2572 438; x_wconf 80' lang='lat' dir='ltr'><strong>exaudies.</strong></span> <span class='ocrx_word' id='word_1_462' title='bbox 2608 385 2669 439; x_wconf 84' lang='lat' dir='ltr'><strong>Et</strong></span> <span class='ocrx_word' id='word_1_463' title='bbox 2698 405 2812 442; x_wconf 83' lang='lat' dir='ltr'><strong>cum</strong></span> <span class='ocrx_word' id='word_1_464' title='bbox 2838 392 3105 452; x_wconf 83' lang='lat' dir='ltr'><strong>clamarent</strong></span> <span class='ocrx_word' id='word_1_465' title='bbox 3127 400 3196 453; x_wconf 87' lang='lat' dir='ltr'><strong>ad</strong></span> <span class='ocrx_word' id='word_1_466' title='bbox 3231 419 3364 472; x_wconf 86' lang='lat' dir='ltr'><strong>eum,</strong></span> <span class='ocrx_word' id='word_1_467' title='bbox 3388 425 3548 465; x_wconf 69' lang='lat' dir='ltr'><strong>exau-</strong></span> 
     </span>
    </p>
   </div>
   <div class='ocr_carea' id='block_1_64' title="bbox 1984 467 2221 521">
    <p class='ocr_par' dir='ltr' id='par_1_64' title="bbox 1984 467 2221 521">
     <span class='ocr_line' id='line_1_64' title="bbox 1984 467 2221 521; baseline 0.017 -3"><span class='ocrx_word' id='word_1_468' title='bbox 1984 467 2104 519; x_wconf 84' lang='lat' dir='ltr'><strong>divit</strong></span> <span class='ocrx_word' id='word_1_469' title='bbox 2128 485 2221 521; x_wconf 88' lang='lat' dir='ltr'><strong>nte.</strong></span> 
     </span>
    </p>
   </div>
   <div class='ocr_carea' id='block_1_65' title="bbox 2053 555 3546 646">
    <p class='ocr_par' dir='ltr' id='par_1_65' title="bbox 2053 555 3546 646">
     <span class='ocr_line' id='line_1_65' title="bbox 2053 555 3546 646; baseline 0.025 -37"><span class='ocrx_word' id='word_1_470' title='bbox 2053 557 2142 611; x_wconf 71' lang='lat'><strong>‘26.</strong></span> <span class='ocrx_word' id='word_1_471' title='bbox 2171 555 2316 632; x_wconf 84' lang='lat' dir='ltr'><strong>[vers.</strong></span> <span class='ocrx_word' id='word_1_472' title='bbox 2347 563 2460 635; x_wconf 73' lang='lat'><strong>9.6.]</strong></span> <span class='ocrx_word' id='word_1_473' title='bbox 2487 567 2634 632; x_wconf 70' lang='lat' dir='ltr'><strong>Apud</strong></span> <span class='ocrx_word' id='word_1_474' title='bbox 2655 579 2700 622; x_wconf 90' lang='lat' dir='ltr'><strong>te</strong></span> <span class='ocrx_word' id='word_1_475' title='bbox 2719 572 2827 626; x_wconf 79' lang='lat' dir='ltr'><strong>laus</strong></span> <span class='ocrx_word' id='word_1_476' title='bbox 2849 590 2959 628; x_wconf 81' lang='lat' dir='ltr'><strong>mea</strong></span> <span class='ocrx_word' id='word_1_477' title='bbox 3003 594 3142 638; x_wconf 88' lang='lat' dir='ltr'><strong>:non</strong></span> <span class='ocrx_word' id='word_1_478' title='bbox 3173 585 3312 640; x_wconf 82' lang='lat' dir='ltr'><strong>enim</strong></span> <span class='ocrx_word' id='word_1_479' title='bbox 3335 586 3546 646; x_wconf 85' lang='lat' dir='ltr'><strong>laudem</strong></span> 
     </span>
    </p>
   </div>
   <div class='ocr_carea' id='block_1_66' title="bbox 1986 657 3548 736">
    <p class='ocr_par' dir='ltr' id='par_1_66' title="bbox 1986 657 3548 736">
     <span class='ocr_line' id='line_1_66' title="bbox 1986 657 3548 736; baseline 0.025 -38"><span class='ocrx_word' id='word_1_480' title='bbox 1986 661 2154 700; x_wconf 88' lang='lat' dir='ltr'><strong>meam</strong></span> <span class='ocrx_word' id='word_1_481' title='bbox 2186 664 2400 719; x_wconf 81' lang='lat' dir='ltr'><strong>qmero,</strong></span> <span class='ocrx_word' id='word_1_482' title='bbox 2441 657 2560 723; x_wconf 78' lang='lat' dir='ltr'><strong>quia</strong></span> <span class='ocrx_word' id='word_1_483' title='bbox 2607 667 2660 712; x_wconf 91' lang='lat' dir='ltr'><strong>tu</strong></span> <span class='ocrx_word' id='word_1_484' title='bbox 2700 661 2826 716; x_wconf 84' lang='lat' dir='ltr'><strong>mibi</strong></span> <span class='ocrx_word' id='word_1_485' title='bbox 2851 679 2912 718; x_wconf 80' lang='lat' dir='ltr'><strong>es</strong></span> <span class='ocrx_word' id='word_1_486' title='bbox 2967 665 3114 736; x_wconf 87' lang='lat' dir='ltr'><strong>laus,</strong></span> <span class='ocrx_word' id='word_1_487' title='bbox 3154 673 3245 736; x_wconf 77' lang='lat' dir='ltr'><strong>qui</strong></span> <span class='ocrx_word' id='word_1_488' title='bbox 3283 675 3336 729; x_wconf 89' lang='lat' dir='ltr'><strong>in</strong></span> <span class='ocrx_word' id='word_1_489' title='bbox 3364 691 3548 736; x_wconf 87' lang='lat' dir='ltr'><strong>sancto</strong></span> 
     </span>
    </p>
   </div>
   <div class='ocr_carea' id='block_1_67' title="bbox 1987 737 3547 837">
    <p class='ocr_par' dir='ltr' id='par_1_67' title="bbox 1987 737 3547 837">
     <span class='ocr_line' id='line_1_67' title="bbox 1987 737 3547 837; baseline 0.023 -47"><span class='ocrx_word' id='word_1_490' title='bbox 1987 737 2231 805; x_wconf 78' lang='lat' dir='ltr'><strong>habitas,</strong></span> <span class='ocrx_word' id='word_1_491' title='bbox 2283 752 2335 797; x_wconf 89' lang='lat' dir='ltr'><strong>et</strong></span> <span class='ocrx_word' id='word_1_492' title='bbox 2370 744 2478 814; x_wconf 88' lang='lat' dir='ltr'><strong>jam</strong></span> <span class='ocrx_word' id='word_1_493' title='bbox 2520 761 2761 805; x_wconf 89' lang='lat' dir='ltr'><strong>sanetum</strong></span> <span class='ocrx_word' id='word_1_494' title='bbox 2803 764 2856 808; x_wconf 88' lang='lat' dir='ltr'><strong>te</strong></span> <span class='ocrx_word' id='word_1_495' title='bbox 2889 756 3262 826; x_wconf 82' lang='lat' dir='ltr'><strong>deprecantem</strong></span> <span class='ocrx_word' id='word_1_496' title='bbox 3295 769 3547 837; x_wconf 82' lang='lat' dir='ltr'><strong>exaudis,</strong></span> 
     </span>
    </p>
   </div>
   <div class='ocr_carea' id='block_1_68' title="bbox 1985 827 3547 917">
    <p class='ocr_par' dir='ltr' id='par_1_68' title="bbox 1985 827 3547 917">
     <span class='ocr_line' id='line_1_68' title="bbox 1985 827 3547 917; baseline 0.022 -37"><span class='ocrx_word' id='word_1_497' title='bbox 1985 827 2099 884; x_wconf 89' lang='lat' dir='ltr'><strong>laus</strong></span> <span class='ocrx_word' id='word_1_498' title='bbox 2146 830 2327 886; x_wconf 87' lang='lat' dir='ltr'><strong>lsrael.</strong></span> <span class='ocrx_word' id='word_1_499' title='bbox 2361 833 2423 887; x_wconf 89' lang='lat' dir='ltr'><strong>In</strong></span> <span class='ocrx_word' id='word_1_500' title='bbox 2451 835 2679 893; x_wconf 85' lang='lat' dir='ltr'><strong>Ecclesia</strong></span> <span class='ocrx_word' id='word_1_501' title='bbox 2700 857 2888 912; x_wconf 85' lang='lat' dir='ltr'><strong>magna</strong></span> <span class='ocrx_word' id='word_1_502' title='bbox 2915 850 3183 917; x_wconf 76' lang='lat' dir='ltr'><strong>conﬁtebor</strong></span> <span class='ocrx_word' id='word_1_503' title='bbox 3208 854 3295 908; x_wconf 86' lang='lat' dir='ltr'><strong>tibi</strong></span> <span class='ocrx_word' id='word_1_504' title='bbox 3319 868 3339 912; x_wconf 88' lang='lat'><strong><em>:</em></strong></span> <span class='ocrx_word' id='word_1_505' title='bbox 3367 862 3420 914; x_wconf 90' lang='lat' dir='ltr'><strong>in</strong></span> <span class='ocrx_word' id='word_1_506' title='bbox 3449 827 3547 916; x_wconf 50' lang='lat' dir='ltr'><strong>Ec:</strong></span> 
     </span>
    </p>
   </div>
   <div class='ocr_carea' id='block_1_69' title="bbox 1983 919 3520 1007">
    <p class='ocr_par' dir='ltr' id='par_1_69' title="bbox 1983 919 3520 1007">
     <span class='ocr_line' id='line_1_69' title="bbox 1983 919 3520 1007; baseline 0.023 -35"><span class='ocrx_word' id='word_1_507' title='bbox 1983 919 2145 973; x_wconf 84' lang='lat' dir='ltr'><strong>clesia</strong></span> <span class='ocrx_word' id='word_1_508' title='bbox 2177 924 2322 978; x_wconf 85' lang='lat' dir='ltr'><strong>orbis</strong></span> <span class='ocrx_word' id='word_1_509' title='bbox 2354 937 2609 983; x_wconf 83' lang='lat' dir='ltr'><strong>terrarum</strong></span> <span class='ocrx_word' id='word_1_510' title='bbox 2639 933 2934 991; x_wconf 61' lang='lat' dir='ltr'><strong>confitebor</strong></span> <span class='ocrx_word' id='word_1_511' title='bbox 2971 939 3084 994; x_wconf 87' lang='lat' dir='ltr'><strong>tibi.</strong></span> <span class='ocrx_word' id='word_1_512' title='bbox 3127 942 3253 998; x_wconf 82' lang='lat' dir='ltr'><strong>Vota</strong></span> <span class='ocrx_word' id='word_1_513' title='bbox 3287 964 3398 1002; x_wconf 74' lang='lat' dir='ltr'><strong>mea</strong></span> <span class='ocrx_word' id='word_1_514' title='bbox 3430 959 3520 1007; x_wconf 66' lang='lat' dir='ltr'><strong>rei!</strong></span> 
     </span>
    </p>
   </div>
   <div class='ocr_carea' id='block_1_70' title="bbox 1983 1011 3542 1107">
    <p class='ocr_par' dir='ltr' id='par_1_70' title="bbox 1983 1011 3542 1107">
     <span class='ocr_line' id='line_1_70' title="bbox 1983 1011 3542 1107; baseline 0.021 -44"><span class='ocrx_word' id='word_1_515' title='bbox 1983 1011 2101 1064; x_wconf 83' lang='lat' dir='ltr'><strong>dant</strong></span> <span class='ocrx_word' id='word_1_516' title='bbox 2139 1031 2308 1100; x_wconf 74' lang='lat' dir='ltr'><strong>coram</strong></span> <span class='ocrx_word' id='word_1_517' title='bbox 2348 1019 2631 1076; x_wconf 83' lang='lat' dir='ltr'><strong>timenti/ms</strong></span> <span class='ocrx_word' id='word_1_518' title='bbox 2673 1041 2785 1077; x_wconf 88' lang='lat' dir='ltr'><strong>eunt</strong></span> <span class='ocrx_word' id='word_1_519' title='bbox 2808 1042 3175 1091; x_wconf 79' lang='lat' dir='ltr'><strong>:sacramenta</strong></span> <span class='ocrx_word' id='word_1_520' title='bbox 3215 1040 3455 1107; x_wconf 86' lang='lat' dir='ltr'><strong>corporis</strong></span> <span class='ocrx_word' id='word_1_521' title='bbox 3495 1055 3542 1096; x_wconf 82' lang='lat' dir='ltr'><strong>et</strong></span> 
     </span>
    </p>
   </div>
   <div class='ocr_carea' id='block_1_71' title="bbox 1985 1107 3349 1186">
    <p class='ocr_par' dir='ltr' id='par_1_71' title="bbox 1985 1107 3349 1186">
     <span class='ocr_line' id='line_1_71' title="bbox 1985 1107 3349 1186; baseline 0.021 -30"><span class='ocrx_word' id='word_1_522' title='bbox 1985 1107 2256 1174; x_wconf 77' lang='lat' dir='ltr'><strong>Sanguinis</strong></span> <span class='ocrx_word' id='word_1_523' title='bbox 2284 1110 2385 1162; x_wconf 80' lang='lat' dir='ltr'><strong>mei</strong></span> <span class='ocrx_word' id='word_1_524' title='bbox 2416 1112 2631 1167; x_wconf 82' lang='lat' dir='ltr'><strong>reddant</strong></span> <span class='ocrx_word' id='word_1_525' title='bbox 2661 1130 2838 1170; x_wconf 89' lang='lat' dir='ltr'><strong>coram</strong></span> <span class='ocrx_word' id='word_1_526' title='bbox 2871 1119 3176 1180; x_wconf 86' lang='lat' dir='ltr'><strong>timentibus</strong></span> <span class='ocrx_word' id='word_1_527' title='bbox 3203 1143 3349 1186; x_wconf 89' lang='lat' dir='ltr'><strong>eum.</strong></span> 
     </span>
    </p>
   </div>
   <div class='ocr_carea' id='block_1_72' title="bbox 2054 1194 3547 1295">
    <p class='ocr_par' dir='ltr' id='par_1_72' title="bbox 2054 1194 3547 1295">
     <span class='ocr_line' id='line_1_72' title="bbox 2054 1194 3547 1295; baseline 0.023 -49"><span class='ocrx_word' id='word_1_528' title='bbox 2054 1194 2140 1248; x_wconf 77' lang='lat'><strong>‘27.</strong></span> <span class='ocrx_word' id='word_1_529' title='bbox 2173 1195 2320 1267; x_wconf 83' lang='lat' dir='ltr'><strong>[vers.</strong></span> <span class='ocrx_word' id='word_1_530' title='bbox 2349 1199 2462 1272; x_wconf 68' lang='lat'><strong>27.]</strong></span> <span class='ocrx_word' id='word_1_531' title='bbox 2493 1202 2658 1256; x_wconf 80' lang='lat' dir='ltr'><strong>Edent</strong></span> <span class='ocrx_word' id='word_1_532' title='bbox 2687 1224 2948 1278; x_wconf 86' lang='lat' dir='ltr'><strong>pauperes,</strong></span> <span class='ocrx_word' id='word_1_533' title='bbox 2982 1223 3025 1266; x_wconf 90' lang='lat' dir='ltr'><strong>et</strong></span> <span class='ocrx_word' id='word_1_534' title='bbox 3053 1221 3410 1275; x_wconf 68' lang='lat' dir='ltr'><strong>satur-abutitur</strong></span> <span class='ocrx_word' id='word_1_535' title='bbox 3437 1227 3508 1295; x_wconf 84' lang='grc' dir='ltr'><strong>(η)</strong></span> <span class='ocrx_word' id='word_1_536' title='bbox 3527 1243 3547 1280; x_wconf 88' lang='lat'><strong><em>:</em></strong></span> 
     </span>
    </p>
   </div>
   <div class='ocr_carea' id='block_1_73' title="bbox 1982 1284 3546 1371">
    <p class='ocr_par' dir='ltr' id='par_1_73' title="bbox 1982 1284 3546 1371">
     <span class='ocr_line' id='line_1_73' title="bbox 1982 1284 3546 1371; baseline 0.022 -33"><span class='ocrx_word' id='word_1_537' title='bbox 1982 1284 2140 1340; x_wconf 88' lang='lat' dir='ltr'><strong>edent</strong></span> <span class='ocrx_word' id='word_1_538' title='bbox 2173 1289 2398 1345; x_wconf 84' lang='lat' dir='ltr'><strong>humiles</strong></span> <span class='ocrx_word' id='word_1_539' title='bbox 2427 1302 2481 1345; x_wconf 93' lang='lat' dir='ltr'><strong>et</strong></span> <span class='ocrx_word' id='word_1_540' title='bbox 2510 1303 2905 1366; x_wconf 85' lang='lat' dir='ltr'><strong>contemptores</strong></span> <span class='ocrx_word' id='word_1_541' title='bbox 2940 1307 3147 1371; x_wconf 75' lang='lat' dir='ltr'><strong>saeculi,</strong></span> <span class='ocrx_word' id='word_1_542' title='bbox 3182 1319 3234 1362; x_wconf 90' lang='lat' dir='ltr'><strong>et</strong></span> <span class='ocrx_word' id='word_1_543' title='bbox 3260 1284 3546 1370; x_wconf 65' lang='lat' dir='ltr'><strong>imitabim-</strong></span> 
     </span>
    </p>
   </div>
   <div class='ocr_carea' id='block_1_74' title="bbox 1985 1377 3548 1473">
    <p class='ocr_par' dir='ltr' id='par_1_74' title="bbox 1985 1377 3548 1473">
     <span class='ocr_line' id='line_1_74' title="bbox 1985 1377 3548 1473; baseline 0.022 -46"><span class='ocrx_word' id='word_1_544' title='bbox 1985 1383 2098 1442; x_wconf 89' lang='lat' dir='ltr'><strong>tur;</strong></span> <span class='ocrx_word' id='word_1_545' title='bbox 2128 1377 2197 1468; x_wconf 80' lang='lat' dir='ltr'><strong>ita</strong></span> <span class='ocrx_word' id='word_1_546' title='bbox 2230 1381 2370 1434; x_wconf 90' lang='lat' dir='ltr'><strong>enim</strong></span> <span class='ocrx_word' id='word_1_547' title='bbox 2399 1398 2496 1437; x_wconf 88' lang='lat' dir='ltr'><strong>nec</strong></span> <span class='ocrx_word' id='word_1_548' title='bbox 2523 1387 2726 1454; x_wconf 83' lang='lat' dir='ltr'><strong>cupiam</strong></span> <span class='ocrx_word' id='word_1_549' title='bbox 2756 1389 3114 1458; x_wconf 71' lang='lat' dir='ltr'><strong>lmjussrccnli</strong></span> <span class='ocrx_word' id='word_1_550' title='bbox 3141 1404 3548 1473; x_wconf 84' lang='lat' dir='ltr'><strong>concupiscent,</strong></span> 
     </span>
    </p>
   </div>
   <div class='ocr_carea' id='block_1_75' title="bbox 1981 1469 3549 1566">
    <p class='ocr_par' dir='ltr' id='par_1_75' title="bbox 1981 1469 3549 1566">
     <span class='ocr_line' id='line_1_75' title="bbox 1981 1469 3549 1566; baseline 0.02 -47"><span class='ocrx_word' id='word_1_551' title='bbox 1981 1482 2082 1522; x_wconf 90' lang='lat' dir='ltr'><strong>nec</strong></span> <span class='ocrx_word' id='word_1_552' title='bbox 2108 1469 2381 1566; x_wconf 68' lang='lat' dir='ltr'><strong>timebunt</strong></span> <span class='ocrx_word' id='word_1_553' title='bbox 2424 1473 2676 1544; x_wconf 86' lang='lat' dir='ltr'><strong>inopiam.</strong></span> <span class='ocrx_word' id='word_1_554' title='bbox 2718 1475 2784 1532; x_wconf 83' lang='lat' dir='ltr'><strong>Et</strong></span> <span class='ocrx_word' id='word_1_555' title='bbox 2833 1482 3107 1539; x_wconf 84' lang='lat' dir='ltr'><strong>laudabunt</strong></span> <span class='ocrx_word' id='word_1_556' title='bbox 3153 1469 3424 1548; x_wconf 79' lang='lat' dir='ltr'><strong>Dominum</strong></span> <span class='ocrx_word' id='word_1_557' title='bbox 3463 1469 3549 1566; x_wconf 82' lang='lat' dir='ltr'><strong>qui</strong></span> 
     </span>
    </p>
   </div>
   <div class='ocr_carea' id='block_1_76' title="bbox 1979 1558 3546 1640">
    <p class='ocr_par' dir='ltr' id='par_1_76' title="bbox 1979 1558 3546 1640">
     <span class='ocr_line' id='line_1_76' title="bbox 1979 1558 3546 1640; baseline 0.021 -32"><span class='ocrx_word' id='word_1_558' title='bbox 1979 1558 2238 1620; x_wconf 84' lang='lat' dir='ltr'><strong>requirunt</strong></span> <span class='ocrx_word' id='word_1_559' title='bbox 2267 1577 2380 1612; x_wconf 81' lang='lat' dir='ltr'><strong>eum</strong></span> <span class='ocrx_word' id='word_1_560' title='bbox 2404 1577 2422 1614; x_wconf 91' lang='lat'><strong><em>:</em></strong></span> <span class='ocrx_word' id='word_1_561' title='bbox 2445 1579 2562 1617; x_wconf 89' lang='lat' dir='ltr'><strong>nam</strong></span> <span class='ocrx_word' id='word_1_562' title='bbox 2595 1567 2708 1620; x_wconf 90' lang='lat' dir='ltr'><strong>laus</strong></span> <span class='ocrx_word' id='word_1_563' title='bbox 2739 1569 2943 1625; x_wconf 87' lang='lat' dir='ltr'><strong>Domini</strong></span> <span class='ocrx_word' id='word_1_564' title='bbox 2970 1583 3049 1629; x_wconf 89' lang='lat' dir='ltr'><strong>est</strong></span> <span class='ocrx_word' id='word_1_565' title='bbox 3071 1583 3328 1636; x_wconf 85' lang='lat' dir='ltr'><strong>cructatio</strong></span> <span class='ocrx_word' id='word_1_566' title='bbox 3354 1558 3546 1640; x_wconf 75' lang='lat' dir='ltr'><strong>saturi—</strong></span> 
     </span>
    </p>
   </div>
   <div class='ocr_carea' id='block_1_77' title="bbox 1980 1648 3546 1731">
    <p class='ocr_par' dir='ltr' id='par_1_77' title="bbox 1980 1648 3546 1731">
     <span class='ocr_line' id='line_1_77' title="bbox 1980 1648 3546 1731; baseline 0.021 -32"><span class='ocrx_word' id='word_1_567' title='bbox 1980 1648 2100 1701; x_wconf 88' lang='lat' dir='ltr'><strong>tatis</strong></span> <span class='ocrx_word' id='word_1_568' title='bbox 2146 1649 2304 1704; x_wconf 89' lang='lat' dir='ltr'><strong>illius.</strong></span> <span class='ocrx_word' id='word_1_569' title='bbox 2362 1650 2538 1707; x_wconf 82' lang='lat' dir='ltr'><strong>Vivent</strong></span> <span class='ocrx_word' id='word_1_570' title='bbox 2583 1658 2736 1710; x_wconf 78' lang='lat' dir='ltr'><strong>corda</strong></span> <span class='ocrx_word' id='word_1_571' title='bbox 2777 1677 2947 1716; x_wconf 86' lang='lat' dir='ltr'><strong>eorum</strong></span> <span class='ocrx_word' id='word_1_572' title='bbox 2987 1681 3041 1718; x_wconf 86' lang='lat' dir='ltr'><strong>tn</strong></span> <span class='ocrx_word' id='word_1_573' title='bbox 3077 1670 3312 1725; x_wconf 67' lang='lat' dir='ltr'><strong>sarculum</strong></span> <span class='ocrx_word' id='word_1_574' title='bbox 3342 1678 3546 1731; x_wconf 70' lang='lat' dir='ltr'><strong>seculi:</strong></span> 
     </span>
    </p>
   </div>
   <div class='ocr_carea' id='block_1_78' title="bbox 1978 1739 2718 1801">
    <p class='ocr_par' dir='ltr' id='par_1_78' title="bbox 1978 1739 2718 1801">
     <span class='ocr_line' id='line_1_78' title="bbox 1978 1739 2718 1801; baseline 0.015 -11"><span class='ocrx_word' id='word_1_575' title='bbox 1978 1752 2099 1790; x_wconf 89' lang='lat' dir='ltr'><strong>nam</strong></span> <span class='ocrx_word' id='word_1_576' title='bbox 2130 1739 2276 1794; x_wconf 89' lang='lat' dir='ltr'><strong>cibus</strong></span> <span class='ocrx_word' id='word_1_577' title='bbox 2303 1743 2394 1796; x_wconf 88' lang='lat' dir='ltr'><strong>ille</strong></span> <span class='ocrx_word' id='word_1_578' title='bbox 2418 1745 2594 1800; x_wconf 88' lang='lat' dir='ltr'><strong>cordis</strong></span> <span class='ocrx_word' id='word_1_579' title='bbox 2620 1757 2718 1801; x_wconf 87' lang='lat' dir='ltr'><strong>est.</strong></span> 
     </span>
    </p>
   </div>
   <div class='ocr_carea' id='block_1_79' title="bbox 2047 1828 3544 1911">
    <p class='ocr_par' dir='ltr' id='par_1_79' title="bbox 2047 1828 3544 1911">
     <span class='ocr_line' id='line_1_79' title="bbox 2047 1828 3544 1911; baseline 0.019 -30"><span class='ocrx_word' id='word_1_580' title='bbox 2047 1829 2132 1884; x_wconf 71' lang='lat'><strong>28.</strong></span> <span class='ocrx_word' id='word_1_581' title='bbox 2166 1828 2319 1903; x_wconf 83' lang='lat' dir='ltr'><strong>[vers.</strong></span> <span class='ocrx_word' id='word_1_582' title='bbox 2365 1833 2479 1906; x_wconf 69' lang='lat'><strong>28.]</strong></span> <span class='ocrx_word' id='word_1_583' title='bbox 2523 1837 3077 1910; x_wconf 83' lang='lat' dir='ltr'><strong>Commentorabuntur,</strong></span> <span class='ocrx_word' id='word_1_584' title='bbox 3117 1859 3163 1904; x_wconf 84' lang='lat' dir='ltr'><strong>et</strong></span> <span class='ocrx_word' id='word_1_585' title='bbox 3201 1866 3544 1911; x_wconf 68' lang='lat' dir='ltr'><strong>convertentur</strong></span> 
     </span>
    </p>
   </div>
   <div class='ocr_carea' id='block_1_80' title="bbox 1975 1920 3538 2012">
    <p class='ocr_par' dir='ltr' id='par_1_80' title="bbox 1975 1920 3538 2012">
     <span class='ocr_line' id='line_1_80' title="bbox 1975 1920 3538 2012; baseline 0.021 -40"><span class='ocrx_word' id='word_1_586' title='bbox 1975 1923 2043 1973; x_wconf 91' lang='lat' dir='ltr'><strong>ad</strong></span> <span class='ocrx_word' id='word_1_587' title='bbox 2069 1920 2342 1979; x_wconf 87' lang='lat' dir='ltr'><strong>Dominum</strong></span> <span class='ocrx_word' id='word_1_588' title='bbox 2371 1927 2588 1983; x_wconf 79' lang='lat' dir='ltr'><strong>universi</strong></span> <span class='ocrx_word' id='word_1_589' title='bbox 2609 1931 2734 1994; x_wconf 80' lang='lat' dir='ltr'><strong>ﬁnes</strong></span> <span class='ocrx_word' id='word_1_590' title='bbox 2755 1942 2900 1988; x_wconf 68' lang='lat' dir='ltr'><strong>terrm</strong></span> <span class='ocrx_word' id='word_1_591' title='bbox 2917 1947 3508 2003; x_wconf 84' lang='lat' dir='ltr'><strong>:commemorabuntur</strong></span> <span class='ocrx_word' id='word_1_592' title='bbox 3526 1995 3538 2012; x_wconf 84' lang='grc'>,</span> 
     </span>
    </p>
   </div>
   <div class='ocr_carea' id='block_1_81' title="bbox 1975 2013 3540 2094">
    <p class='ocr_par' dir='ltr' id='par_1_81' title="bbox 1975 2013 3540 2094">
     <span class='ocr_line' id='line_1_81' title="bbox 1975 2013 3540 2094; baseline 0.019 -28"><span class='ocrx_word' id='word_1_593' title='bbox 1975 2013 2246 2070; x_wconf 82' lang='lat' dir='ltr'><strong>exciderat</strong></span> <span class='ocrx_word' id='word_1_594' title='bbox 2283 2017 2424 2071; x_wconf 90' lang='lat' dir='ltr'><strong>enim</strong></span> <span class='ocrx_word' id='word_1_595' title='bbox 2469 2020 2605 2074; x_wconf 89' lang='lat' dir='ltr'><strong>Deus</strong></span> <span class='ocrx_word' id='word_1_596' title='bbox 2635 2022 2892 2080; x_wconf 86' lang='lat' dir='ltr'><strong>Gentibus</strong></span> <span class='ocrx_word' id='word_1_597' title='bbox 2918 2032 3216 2087; x_wconf 82' lang='lat' dir='ltr'><strong>mortaliter</strong></span> <span class='ocrx_word' id='word_1_598' title='bbox 3249 2038 3384 2092; x_wconf 82' lang='lat' dir='ltr'><strong>natis</strong></span> <span class='ocrx_word' id='word_1_599' title='bbox 3406 2049 3464 2094; x_wconf 89' lang='lat' dir='ltr'><strong>et</strong></span> <span class='ocrx_word' id='word_1_600' title='bbox 3491 2043 3540 2094; x_wconf 91' lang='lat' dir='ltr'><strong>in</strong></span> 
     </span>
    </p>
   </div>
   <div class='ocr_carea' id='block_1_82' title="bbox 1974 2107 3542 2188">
    <p class='ocr_par' dir='ltr' id='par_1_82' title="bbox 1974 2107 3542 2188">
     <span class='ocr_line' id='line_1_82' title="bbox 1974 2107 3542 2188; baseline 0.021 -32"><span class='ocrx_word' id='word_1_601' title='bbox 1974 2107 2236 2160; x_wconf 76' lang='lat' dir='ltr'><strong>exteriora</strong></span> <span class='ocrx_word' id='word_1_602' title='bbox 2277 2108 2642 2177; x_wconf 87' lang='lat' dir='ltr'><strong>tendentibus;</strong></span> <span class='ocrx_word' id='word_1_603' title='bbox 2674 2123 2727 2168; x_wconf 89' lang='lat' dir='ltr'><strong>et</strong></span> <span class='ocrx_word' id='word_1_604' title='bbox 2764 2124 2888 2172; x_wconf 91' lang='lat' dir='ltr'><strong>tunc</strong></span> <span class='ocrx_word' id='word_1_605' title='bbox 2927 2133 3308 2180; x_wconf 82' lang='lat' dir='ltr'><strong>convertentur</strong></span> <span class='ocrx_word' id='word_1_606' title='bbox 3335 2129 3401 2184; x_wconf 88' lang='lat' dir='ltr'><strong>ad</strong></span> <span class='ocrx_word' id='word_1_607' title='bbox 3433 2131 3542 2188; x_wconf 84' lang='lat' dir='ltr'><strong>Do-</strong></span> 
     </span>
    </p>
   </div>
   <div class='ocr_carea' id='block_1_83' title="bbox 1977 2196 3542 2292">
    <p class='ocr_par' dir='ltr' id='par_1_83' title="bbox 1977 2196 3542 2292">
     <span class='ocr_line' id='line_1_83' title="bbox 1977 2196 3542 2292; baseline 0.022 -47"><span class='ocrx_word' id='word_1_608' title='bbox 1977 2196 2174 2252; x_wconf 87' lang='lat' dir='ltr'><strong>minum</strong></span> <span class='ocrx_word' id='word_1_609' title='bbox 2203 2200 2432 2255; x_wconf 83' lang='lat' dir='ltr'><strong>universi</strong></span> <span class='ocrx_word' id='word_1_610' title='bbox 2457 2202 2587 2258; x_wconf 83' lang='lat' dir='ltr'><strong>ﬁnes</strong></span> <span class='ocrx_word' id='word_1_611' title='bbox 2611 2216 2782 2261; x_wconf 62' lang='lat' dir='ltr'><strong>terra).</strong></span> <span class='ocrx_word' id='word_1_612' title='bbox 2810 2207 2878 2263; x_wconf 82' lang='lat' dir='ltr'><strong>Et</strong></span> <span class='ocrx_word' id='word_1_613' title='bbox 2897 2212 3179 2270; x_wconf 84' lang='lat' dir='ltr'><strong>adorabunt</strong></span> <span class='ocrx_word' id='word_1_614' title='bbox 3205 2218 3258 2272; x_wconf 85' lang='lat' dir='ltr'><strong>in</strong></span> <span class='ocrx_word' id='word_1_615' title='bbox 3279 2236 3542 2292; x_wconf 80' lang='lat' dir='ltr'><strong>conspectu</strong></span> 
     </span>
    </p>
   </div>
   <div class='ocr_carea' id='block_1_84' title="bbox 1948 2287 3541 2370">
    <p class='ocr_par' dir='ltr' id='par_1_84' title="bbox 1948 2287 3541 2370">
     <span class='ocr_line' id='line_1_84' title="bbox 1948 2287 3541 2370; baseline 0.023 -35"><span class='ocrx_word' id='word_1_616' title='bbox 1948 2287 2082 2363; x_wconf 71' lang='lat' dir='ltr'><strong>ejus</strong></span> <span class='ocrx_word' id='word_1_617' title='bbox 2112 2289 2355 2344; x_wconf 71' lang='lat' dir='ltr'><strong>universae</strong></span> <span class='ocrx_word' id='word_1_618' title='bbox 2396 2296 2574 2361; x_wconf 78' lang='lat' dir='ltr'><strong>patria:</strong></span> <span class='ocrx_word' id='word_1_619' title='bbox 2610 2299 2870 2366; x_wconf 81' lang='lat' dir='ltr'><strong>gentium:</strong></span> <span class='ocrx_word' id='word_1_620' title='bbox 2892 2311 2947 2357; x_wconf 89' lang='lat' dir='ltr'><strong>et</strong></span> <span class='ocrx_word' id='word_1_621' title='bbox 2986 2306 3282 2364; x_wconf 83' lang='lat' dir='ltr'><strong>adorabunt</strong></span> <span class='ocrx_word' id='word_1_622' title='bbox 3320 2313 3373 2368; x_wconf 90' lang='lat' dir='ltr'><strong>in</strong></span> <span class='ocrx_word' id='word_1_623' title='bbox 3403 2287 3541 2370; x_wconf 78' lang='lat' dir='ltr'><strong>eon-</strong></span> 
     </span>
    </p>
   </div>
   <div class='ocr_carea' id='block_1_85' title="bbox 1977 2377 3132 2460">
    <p class='ocr_par' dir='ltr' id='par_1_85' title="bbox 1977 2377 3132 2460">
     <span class='ocr_line' id='line_1_85' title="bbox 1977 2377 3132 2460; baseline 0.021 -33"><span class='ocrx_word' id='word_1_624' title='bbox 1977 2377 2216 2433; x_wconf 86' lang='lat' dir='ltr'><strong>scientiis</strong></span> <span class='ocrx_word' id='word_1_625' title='bbox 2241 2382 2352 2434; x_wconf 88' lang='lat' dir='ltr'><strong>suis</strong></span> <span class='ocrx_word' id='word_1_626' title='bbox 2380 2385 2639 2439; x_wconf 73' lang='lat' dir='ltr'><strong>universa:</strong></span> <span class='ocrx_word' id='word_1_627' title='bbox 2667 2390 3132 2460; x_wconf 60' lang='lat' dir='ltr'><strong>patriaa’gentium.</strong></span> 
     </span>
    </p>
   </div>
   <div class='ocr_carea' id='block_1_86' title="bbox 2049 2468 3543 2567">
    <p class='ocr_par' dir='ltr' id='par_1_86' title="bbox 2049 2468 3543 2567">
     <span class='ocr_line' id='line_1_86' title="bbox 2049 2468 3543 2567; baseline 0.019 -44"><span class='ocrx_word' id='word_1_628' title='bbox 2049 2468 2141 2567; x_wconf 55' lang='lat' dir='ltr'><strong>ﬂii.</strong></span> <span class='ocrx_word' id='word_1_629' title='bbox 2171 2469 2322 2544; x_wconf 87' lang='lat' dir='ltr'><strong>[vers.</strong></span> <span class='ocrx_word' id='word_1_630' title='bbox 2352 2473 2471 2547; x_wconf 57' lang='grc' dir='ltr'><strong>εει]</strong></span> <span class='ocrx_word' id='word_1_631' title='bbox 2498 2477 2744 2543; x_wconf 80' lang='lat' dir='ltr'><strong>Quoniam</strong></span> <span class='ocrx_word' id='word_1_632' title='bbox 2770 2479 2976 2537; x_wconf 87' lang='lat' dir='ltr'><strong>Domini</strong></span> <span class='ocrx_word' id='word_1_633' title='bbox 3002 2496 3073 2540; x_wconf 85' lang='lat' dir='ltr'><strong>est</strong></span> <span class='ocrx_word' id='word_1_634' title='bbox 3101 2505 3324 2560; x_wconf 75' lang='lat' dir='ltr'><strong>regnum,</strong></span> <span class='ocrx_word' id='word_1_635' title='bbox 3356 2503 3404 2548; x_wconf 80' lang='lat' dir='ltr'><strong>et</strong></span> <span class='ocrx_word' id='word_1_636' title='bbox 3438 2495 3543 2567; x_wconf 79' lang='lat' dir='ltr'><strong>ipse</strong></span> 
     </span>
    </p>
   </div>
   <div class='ocr_carea' id='block_1_87' title="bbox 1975 2558 3541 2657">
    <p class='ocr_par' dir='ltr' id='par_1_87' title="bbox 1975 2558 3541 2657">
     <span class='ocr_line' id='line_1_87' title="bbox 1975 2558 3541 2657; baseline 0.02 -47"><span class='ocrx_word' id='word_1_637' title='bbox 1975 2558 2319 2616; x_wconf 84' lang='lat' dir='ltr'><strong>dominabitur</strong></span> <span class='ocrx_word' id='word_1_638' title='bbox 2343 2567 2563 2635; x_wconf 86' lang='lat' dir='ltr'><strong>gentium</strong></span> <span class='ocrx_word' id='word_1_639' title='bbox 2589 2572 2868 2638; x_wconf 80' lang='lat' dir='ltr'><strong>:quoniam</strong></span> <span class='ocrx_word' id='word_1_640' title='bbox 2912 2573 3116 2632; x_wconf 84' lang='lat' dir='ltr'><strong>Domini</strong></span> <span class='ocrx_word' id='word_1_641' title='bbox 3155 2558 3242 2636; x_wconf 78' lang='lat' dir='ltr'><strong>est</strong></span> <span class='ocrx_word' id='word_1_642' title='bbox 3278 2558 3494 2654; x_wconf 73' lang='lat' dir='ltr'><strong>regnum</strong></span> <span class='ocrx_word' id='word_1_643' title='bbox 3523 2631 3541 2657; x_wconf 87' lang='lat'><strong>,</strong></span> 
     </span>
    </p>
   </div>
   <div class='ocr_carea' id='block_1_88' title="bbox 1974 2654 3610 2745">
    <p class='ocr_par' dir='ltr' id='par_1_88' title="bbox 1974 2654 3610 2745">
     <span class='ocr_line' id='line_1_88' title="bbox 1974 2654 3610 2745; baseline 0.018 -43"><span class='ocrx_word' id='word_1_644' title='bbox 1974 2664 2080 2703; x_wconf 91' lang='lat' dir='ltr'><strong>non</strong></span> <span class='ocrx_word' id='word_1_645' title='bbox 2108 2654 2458 2721; x_wconf 88' lang='lat' dir='ltr'><strong>superborum</strong></span> <span class='ocrx_word' id='word_1_646' title='bbox 2490 2656 2791 2726; x_wconf 74' lang='lat' dir='ltr'><strong>hominum;</strong></span> <span class='ocrx_word' id='word_1_647' title='bbox 2822 2671 2878 2716; x_wconf 91' lang='lat' dir='ltr'><strong>et</strong></span> <span class='ocrx_word' id='word_1_648' title='bbox 2902 2664 3014 2734; x_wconf 87' lang='lat' dir='ltr'><strong>ipse</strong></span> <span class='ocrx_word' id='word_1_649' title='bbox 3036 2666 3391 2728; x_wconf 85' lang='lat' dir='ltr'><strong>dominabitur</strong></span> <span class='ocrx_word' id='word_1_650' title='bbox 3411 2654 3542 2745; x_wconf 48' lang='lat' dir='ltr'><strong>gen;</strong></span> <span class='ocrx_word' id='word_1_651' title='bbox 3598 2689 3610 2697; x_wconf 85' lang='lat'><em>‘</em></span> 
     </span>
    </p>
   </div>
   <div class='ocr_carea' id='block_1_89' title="bbox 1975 2740 2122 2793">
    <p class='ocr_par' dir='ltr' id='par_1_89' title="bbox 1975 2740 2122 2793">
     <span class='ocr_line' id='line_1_89' title="bbox 1975 2740 2122 2793; baseline 0.007 -1"><span class='ocrx_word' id='word_1_652' title='bbox 1975 2740 2122 2793; x_wconf 91' lang='lat' dir='ltr'><strong>tium.</strong></span> 
     </span>
    </p>
   </div>
   <div class='ocr_carea' id='block_1_90' title="bbox 2041 2830 3534 2912">
    <p class='ocr_par' dir='ltr' id='par_1_90' title="bbox 2041 2830 3534 2912">
     <span class='ocr_line' id='line_1_90' title="bbox 2041 2830 3534 2912; baseline 0.018 -27"><span class='ocrx_word' id='word_1_653' title='bbox 2041 2831 2129 2886; x_wconf 79' lang='grc'><strong>50.</strong></span> <span class='ocrx_word' id='word_1_654' title='bbox 2159 2830 2306 2904; x_wconf 87' lang='lat' dir='ltr'><strong>[vers.</strong></span> <span class='ocrx_word' id='word_1_655' title='bbox 2335 2835 2450 2909; x_wconf 77' lang='lat'><strong>50.]</strong></span> <span class='ocrx_word' id='word_1_656' title='bbox 2483 2836 2912 2897; x_wconf 79' lang='lat' dir='ltr'><strong>Manducaverunt</strong></span> <span class='ocrx_word' id='word_1_657' title='bbox 2939 2855 2984 2898; x_wconf 87' lang='lat' dir='ltr'><strong>et</strong></span> <span class='ocrx_word' id='word_1_658' title='bbox 3009 2848 3342 2906; x_wconf 86' lang='lat' dir='ltr'><strong>adoraverunt</strong></span> <span class='ocrx_word' id='word_1_659' title='bbox 3366 2871 3534 2912; x_wconf 83' lang='lat' dir='ltr'><strong>omnes</strong></span> 
     </span>
    </p>
   </div>
   <div class='ocr_carea' id='block_1_91' title="bbox 1970 2921 3539 3007">
    <p class='ocr_par' dir='ltr' id='par_1_91' title="bbox 1970 2921 3539 3007">
     <span class='ocr_line' id='line_1_91' title="bbox 1970 2921 3539 3007; baseline 0.02 -35"><span class='ocrx_word' id='word_1_660' title='bbox 1970 2921 2145 2976; x_wconf 80' lang='lat' dir='ltr'><strong>divites</strong></span> <span class='ocrx_word' id='word_1_661' title='bbox 2166 2934 2310 2978; x_wconf 82' lang='lat' dir='ltr'><strong>terra:</strong></span> <span class='ocrx_word' id='word_1_662' title='bbox 2332 2943 2349 2978; x_wconf 92' lang='lat'><em>:</em></span> <span class='ocrx_word' id='word_1_663' title='bbox 2373 2930 2818 2988; x_wconf 86' lang='lat' dir='ltr'><strong>manducaverunt</strong></span> <span class='ocrx_word' id='word_1_664' title='bbox 2861 2950 3052 3007; x_wconf 84' lang='lat' dir='ltr'><strong>corpus</strong></span> <span class='ocrx_word' id='word_1_665' title='bbox 3092 2940 3402 3001; x_wconf 81' lang='lat' dir='ltr'><strong>humilitatis</strong></span> <span class='ocrx_word' id='word_1_666' title='bbox 3435 2951 3539 3002; x_wconf 88' lang='lat' dir='ltr'><strong>Do-</strong></span> 
     </span>
    </p>
   </div>
   <div class='ocr_carea' id='block_1_92' title="bbox 1947 3013 3541 3110">
    <p class='ocr_par' dir='ltr' id='par_1_92' title="bbox 1947 3013 3541 3110">
     <span class='ocr_line' id='line_1_92' title="bbox 1947 3013 3541 3110; baseline 0.019 -44"><span class='ocrx_word' id='word_1_667' title='bbox 1947 3013 2100 3067; x_wconf 80' lang='lat' dir='ltr'><strong>.tnini</strong></span> <span class='ocrx_word' id='word_1_668' title='bbox 2148 3016 2228 3068; x_wconf 89' lang='lat' dir='ltr'><strong>sui</strong></span> <span class='ocrx_word' id='word_1_669' title='bbox 2276 3019 2436 3073; x_wconf 88' lang='lat' dir='ltr'><strong>etiam</strong></span> <span class='ocrx_word' id='word_1_670' title='bbox 2488 3022 2676 3078; x_wconf 86' lang='lat' dir='ltr'><strong>divites</strong></span> <span class='ocrx_word' id='word_1_671' title='bbox 2722 3034 2913 3095; x_wconf 81' lang='lat' dir='ltr'><strong>teme,</strong></span> <span class='ocrx_word' id='word_1_672' title='bbox 2961 3046 3060 3086; x_wconf 88' lang='lat' dir='ltr'><strong>nec</strong></span> <span class='ocrx_word' id='word_1_673' title='bbox 3101 3035 3236 3089; x_wconf 90' lang='lat' dir='ltr'><strong>sicut</strong></span> <span class='ocrx_word' id='word_1_674' title='bbox 3280 3053 3541 3110; x_wconf 85' lang='lat' dir='ltr'><strong>pauperes</strong></span> 
     </span>
    </p>
   </div>
   <div class='ocr_carea' id='block_1_93' title="bbox 1968 3109 3537 3189">
    <p class='ocr_par' dir='ltr' id='par_1_93' title="bbox 1968 3109 3537 3189">
     <span class='ocr_line' id='line_1_93' title="bbox 1968 3109 3537 3189; baseline 0.019 -31"><span class='ocrx_word' id='word_1_675' title='bbox 1968 3109 2188 3161; x_wconf 75' lang='lat' dir='ltr'><strong>saturati</strong></span> <span class='ocrx_word' id='word_1_676' title='bbox 2217 3119 2339 3162; x_wconf 88' lang='lat' dir='ltr'><strong>sunt</strong></span> <span class='ocrx_word' id='word_1_677' title='bbox 2365 3126 2529 3182; x_wconf 83' lang='lat' dir='ltr'><strong>usque</strong></span> <span class='ocrx_word' id='word_1_678' title='bbox 2570 3116 2638 3169; x_wconf 89' lang='lat' dir='ltr'><strong>ad</strong></span> <span class='ocrx_word' id='word_1_679' title='bbox 2679 3117 3057 3187; x_wconf 85' lang='lat' dir='ltr'><strong>imitationem,</strong></span> <span class='ocrx_word' id='word_1_680' title='bbox 3097 3127 3190 3181; x_wconf 84' lang='lat' dir='ltr'><strong>sed</strong></span> <span class='ocrx_word' id='word_1_681' title='bbox 3240 3109 3412 3186; x_wconf 82' lang='lat' dir='ltr'><strong>tamen</strong></span> <span class='ocrx_word' id='word_1_682' title='bbox 3441 3135 3537 3189; x_wconf 88' lang='lat' dir='ltr'><strong>ad-</strong></span> 
     </span>
    </p>
   </div>
   <div class='ocr_carea' id='block_1_94' title="bbox 1968 3201 3539 3296">
    <p class='ocr_par' dir='ltr' id='par_1_94' title="bbox 1968 3201 3539 3296">
     <span class='ocr_line' id='line_1_94' title="bbox 1968 3201 3539 3296; baseline 0.019 -46"><span class='ocrx_word' id='word_1_683' title='bbox 1968 3209 2269 3255; x_wconf 81' lang='lat' dir='ltr'><strong>oraverunt.</strong></span> <span class='ocrx_word' id='word_1_684' title='bbox 2303 3201 2370 3256; x_wconf 86' lang='lat' dir='ltr'><strong>In</strong></span> <span class='ocrx_word' id='word_1_685' title='bbox 2418 3219 2679 3277; x_wconf 85' lang='lat' dir='ltr'><strong>conspectu</strong></span> <span class='ocrx_word' id='word_1_686' title='bbox 2719 3213 2825 3280; x_wconf 83' lang='lat' dir='ltr'><strong>ejus</strong></span> <span class='ocrx_word' id='word_1_687' title='bbox 2873 3217 3130 3282; x_wconf 81' lang='lat' dir='ltr'><strong>procith</strong></span> <span class='ocrx_word' id='word_1_688' title='bbox 3181 3222 3399 3276; x_wconf 85' lang='lat' dir='ltr'><strong>universi</strong></span> <span class='ocrx_word' id='word_1_689' title='bbox 3452 3229 3539 3296; x_wconf 81' lang='lat' dir='ltr'><strong>qui</strong></span> 
     </span>
    </p>
   </div>
   <div class='ocr_carea' id='block_1_95' title="bbox 1968 3292 3537 3381">
    <p class='ocr_par' dir='ltr' id='par_1_95' title="bbox 1968 3292 3537 3381">
     <span class='ocr_line' id='line_1_95' title="bbox 1968 3292 3537 3381; baseline 0.018 -40"><span class='ocrx_word' id='word_1_690' title='bbox 1968 3292 2278 3346; x_wconf 75' lang='lat' dir='ltr'><strong>descendunt</strong></span> <span class='ocrx_word' id='word_1_691' title='bbox 2325 3295 2376 3348; x_wconf 88' lang='lat' dir='ltr'><strong>in</strong></span> <span class='ocrx_word' id='word_1_692' title='bbox 2429 3306 2661 3353; x_wconf 87' lang='lat' dir='ltr'><strong>terram:</strong></span> <span class='ocrx_word' id='word_1_693' title='bbox 2691 3302 2837 3358; x_wconf 90' lang='lat' dir='ltr'><strong>solus</strong></span> <span class='ocrx_word' id='word_1_694' title='bbox 2889 3308 3032 3360; x_wconf 87' lang='lat' dir='ltr'><strong>enim</strong></span> <span class='ocrx_word' id='word_1_695' title='bbox 3078 3309 3222 3366; x_wconf 84' lang='lat' dir='ltr'><strong>videt</strong></span> <span class='ocrx_word' id='word_1_696' title='bbox 3271 3292 3537 3381; x_wconf 80' lang='lat' dir='ltr'><strong>quomodo</strong></span> 
     </span>
    </p>
   </div>
   <div class='ocr_carea' id='block_1_96' title="bbox 1969 3387 3534 3464">
    <p class='ocr_par' dir='ltr' id='par_1_96' title="bbox 1969 3387 3534 3464">
     <span class='ocr_line' id='line_1_96' title="bbox 1969 3387 3534 3464; baseline 0.017 -29"><span class='ocrx_word' id='word_1_697' title='bbox 1969 3387 2247 3453; x_wconf 89' lang='lat' dir='ltr'><strong>procidant</strong></span> <span class='ocrx_word' id='word_1_698' title='bbox 2296 3389 2562 3455; x_wconf 86' lang='lat' dir='ltr'><strong>universi,</strong></span> <span class='ocrx_word' id='word_1_699' title='bbox 2614 3394 2702 3462; x_wconf 86' lang='lat' dir='ltr'><strong>qui</strong></span> <span class='ocrx_word' id='word_1_700' title='bbox 2753 3397 3029 3452; x_wconf 64' lang='lat' dir='ltr'><strong>caelestem</strong></span> <span class='ocrx_word' id='word_1_701' title='bbox 3079 3407 3534 3464; x_wconf 74' lang='lat' dir='ltr'><strong>conversationem</strong></span> 
     </span>
    </p>
   </div>
   <div class='ocr_carea' id='block_1_97' title="bbox 1967 3477 3607 3566">
    <p class='ocr_par' dir='ltr' id='par_1_97' title="bbox 1967 3477 3607 3566">
     <span class='ocr_line' id='line_1_97' title="bbox 1967 3477 3607 3566; baseline 0.018 -36"><span class='ocrx_word' id='word_1_702' title='bbox 1967 3477 2310 3544; x_wconf 84' lang='lat' dir='ltr'><strong>deserentes,</strong></span> <span class='ocrx_word' id='word_1_703' title='bbox 2348 3484 2402 3538; x_wconf 88' lang='lat' dir='ltr'><strong>in</strong></span> <span class='ocrx_word' id='word_1_704' title='bbox 2444 3495 2580 3540; x_wconf 86' lang='lat' dir='ltr'><strong>terra</strong></span> <span class='ocrx_word' id='word_1_705' title='bbox 2612 3489 2814 3557; x_wconf 79' lang='lat' dir='ltr'><strong>eligunt</strong></span> <span class='ocrx_word' id='word_1_706' title='bbox 2845 3493 2980 3548; x_wconf 82' lang='lat' dir='ltr'><strong>beati</strong></span> <span class='ocrx_word' id='word_1_707' title='bbox 3013 3511 3269 3566; x_wconf 84' lang='lat' dir='ltr'><strong>apparere</strong></span> <span class='ocrx_word' id='word_1_708' title='bbox 3300 3501 3529 3557; x_wconf 87' lang='lat' dir='ltr'><strong>ltomini-</strong></span> <span class='ocrx_word' id='word_1_709' title='bbox 3599 3528 3607 3532; x_wconf 63' lang='grc'><strong>’</strong></span> 
     </span>
    </p>
   </div>
   <div class='ocr_carea' id='block_1_98' title="bbox 1967 3569 3000 3639">
    <p class='ocr_par' dir='ltr' id='par_1_98' title="bbox 1967 3569 3000 3639">
     <span class='ocr_line' id='line_1_98' title="bbox 1967 3569 3000 3639; baseline 0.016 -17"><span class='ocrx_word' id='word_1_710' title='bbox 1967 3569 2081 3632; x_wconf 82' lang='lat' dir='ltr'><strong>bus,</strong></span> <span class='ocrx_word' id='word_1_711' title='bbox 2117 3589 2218 3626; x_wconf 86' lang='lat' dir='ltr'><strong>non</strong></span> <span class='ocrx_word' id='word_1_712' title='bbox 2248 3575 2543 3630; x_wconf 85' lang='lat' dir='ltr'><strong>videntibus</strong></span> <span class='ocrx_word' id='word_1_713' title='bbox 2569 3580 2770 3635; x_wconf 88' lang='lat' dir='ltr'><strong>ruinam</strong></span> <span class='ocrx_word' id='word_1_714' title='bbox 2797 3598 3000 3639; x_wconf 84' lang='lat' dir='ltr'><strong>eorum.</strong></span> 
     </span>
    </p>
   </div>
   <div class='ocr_carea' id='block_1_99' title="bbox 2036 3662 3530 3742">
    <p class='ocr_par' dir='ltr' id='par_1_99' title="bbox 2036 3662 3530 3742">
     <span class='ocr_line' id='line_1_99' title="bbox 2036 3662 3530 3742; baseline 0.016 -29"><span class='ocrx_word' id='word_1_715' title='bbox 2036 3662 2124 3714; x_wconf 83' lang='lat'><strong>5|.</strong></span> <span class='ocrx_word' id='word_1_716' title='bbox 2165 3662 2313 3733; x_wconf 80' lang='lat' dir='ltr'><strong>[vcrs.</strong></span> <span class='ocrx_word' id='word_1_717' title='bbox 2356 3664 2467 3736; x_wconf 73' lang='lat'><strong>51.]</strong></span> <span class='ocrx_word' id='word_1_718' title='bbox 2507 3667 2576 3721; x_wconf 84' lang='lat' dir='ltr'><strong>Et</strong></span> <span class='ocrx_word' id='word_1_719' title='bbox 2619 3673 2785 3724; x_wconf 79' lang='lat' dir='ltr'><strong>animo</strong></span> <span class='ocrx_word' id='word_1_720' title='bbox 2826 3690 2936 3726; x_wconf 86' lang='lat' dir='ltr'><strong>mea</strong></span> <span class='ocrx_word' id='word_1_721' title='bbox 2965 3675 3062 3742; x_wconf 81' lang='lat' dir='ltr'><strong>ipsi</strong></span> <span class='ocrx_word' id='word_1_722' title='bbox 3089 3677 3321 3732; x_wconf 76' lang='lat' dir='ltr'><strong>vivet:et</strong></span> <span class='ocrx_word' id='word_1_723' title='bbox 3358 3683 3530 3736; x_wconf 88' lang='lat' dir='ltr'><strong>anima</strong></span> 
     </span>
    </p>
   </div>
   <div class='ocr_carea' id='block_1_100' title="bbox 1951 3754 3533 3833">
    <p class='ocr_par' dir='ltr' id='par_1_100' title="bbox 1951 3754 3533 3833">
     <span class='ocr_line' id='line_1_100' title="bbox 1951 3754 3533 3833; baseline 0.018 -34"><span class='ocrx_word' id='word_1_724' title='bbox 1951 3764 2080 3820; x_wconf 74' lang='lat' dir='ltr'><strong>mea</strong></span> <span class='ocrx_word' id='word_1_725' title='bbox 2107 3767 2221 3820; x_wconf 78' lang='lat' dir='ltr'><strong>qua:</strong></span> <span class='ocrx_word' id='word_1_726' title='bbox 2249 3754 2298 3806; x_wconf 92' lang='lat' dir='ltr'><strong>in</strong></span> <span class='ocrx_word' id='word_1_727' title='bbox 2330 3767 2637 3827; x_wconf 85' lang='lat' dir='ltr'><strong>contemptu</strong></span> <span class='ocrx_word' id='word_1_728' title='bbox 2667 3762 2845 3816; x_wconf 69' lang='lat' dir='ltr'><strong>smculi</strong></span> <span class='ocrx_word' id='word_1_729' title='bbox 2879 3763 3032 3831; x_wconf 85' lang='lat' dir='ltr'><strong>hujus</strong></span> <span class='ocrx_word' id='word_1_730' title='bbox 3058 3768 3205 3833; x_wconf 77' lang='lat' dir='ltr'><strong>quasi</strong></span> <span class='ocrx_word' id='word_1_731' title='bbox 3233 3771 3363 3823; x_wconf 83' lang='lat' dir='ltr'><strong>mori</strong></span> <span class='ocrx_word' id='word_1_732' title='bbox 3389 3773 3533 3827; x_wconf 84' lang='lat' dir='ltr'><strong>vide-</strong></span> 
     </span>
    </p>
   </div>
   <div class='ocr_carea' id='block_1_101' title="bbox 1966 3841 3532 3922">
    <p class='ocr_par' dir='ltr' id='par_1_101' title="bbox 1966 3841 3532 3922">
     <span class='ocr_line' id='line_1_101' title="bbox 1966 3841 3532 3922; baseline 0.017 -31"><span class='ocrx_word' id='word_1_733' title='bbox 1966 3848 2051 3892; x_wconf 90' lang='lat' dir='ltr'><strong>tur</strong></span> <span class='ocrx_word' id='word_1_734' title='bbox 2093 3841 2414 3922; x_wconf 81' lang='lat' dir='ltr'><strong>hominibus.</strong></span> <span class='ocrx_word' id='word_1_735' title='bbox 2463 3864 2566 3901; x_wconf 91' lang='lat' dir='ltr'><strong>non</strong></span> <span class='ocrx_word' id='word_1_736' title='bbox 2612 3851 2746 3917; x_wconf 90' lang='lat' dir='ltr'><strong>sibi,</strong></span> <span class='ocrx_word' id='word_1_737' title='bbox 2795 3853 2888 3906; x_wconf 88' lang='lat' dir='ltr'><strong>sed</strong></span> <span class='ocrx_word' id='word_1_738' title='bbox 2932 3854 3030 3922; x_wconf 86' lang='lat' dir='ltr'><strong>ipsi</strong></span> <span class='ocrx_word' id='word_1_739' title='bbox 3080 3857 3236 3910; x_wconf 85' lang='lat' dir='ltr'><strong>vivet.</strong></span> <span class='ocrx_word' id='word_1_740' title='bbox 3268 3859 3336 3913; x_wconf 84' lang='lat' dir='ltr'><strong>Et</strong></span> <span class='ocrx_word' id='word_1_741' title='bbox 3366 3879 3532 3918; x_wconf 81' lang='lat' dir='ltr'><strong>semen</strong></span> 
     </span>
    </p>
   </div>
   <div class='ocr_carea' id='block_1_102' title="bbox 1963 3917 3533 4014">
    <p class='ocr_par' dir='ltr' id='par_1_102' title="bbox 1963 3917 3533 4014">
     <span class='ocr_line' id='line_1_102' title="bbox 1963 3917 3533 4014; baseline 0.02 -34"><span class='ocrx_word' id='word_1_742' title='bbox 1963 3947 2126 3983; x_wconf 85' lang='lat' dir='ltr'><strong>meum</strong></span> <span class='ocrx_word' id='word_1_743' title='bbox 2151 3917 2325 3996; x_wconf 72' lang='lat' dir='ltr'><strong>serviet</strong></span> <span class='ocrx_word' id='word_1_744' title='bbox 2350 3937 2465 3989; x_wconf 79' lang='lat' dir='ltr'><strong>illi:</strong></span> <span class='ocrx_word' id='word_1_745' title='bbox 2486 3949 2539 3991; x_wconf 89' lang='lat' dir='ltr'><strong>et</strong></span> <span class='ocrx_word' id='word_1_746' title='bbox 2563 3949 2722 4007; x_wconf 87' lang='lat' dir='ltr'><strong>opera</strong></span> <span class='ocrx_word' id='word_1_747' title='bbox 2751 3957 2892 4008; x_wconf 89' lang='lat' dir='ltr'><strong>mea,</strong></span> <span class='ocrx_word' id='word_1_748' title='bbox 2916 3945 2998 3998; x_wconf 90' lang='lat' dir='ltr'><strong>vel</strong></span> <span class='ocrx_word' id='word_1_749' title='bbox 3027 3961 3121 4014; x_wconf 84' lang='lat' dir='ltr'><strong>per</strong></span> <span class='ocrx_word' id='word_1_750' title='bbox 3144 3963 3230 4004; x_wconf 78' lang='lat' dir='ltr'><strong>nte</strong></span> <span class='ocrx_word' id='word_1_751' title='bbox 3253 3951 3533 4011; x_wconf 67' lang='lat' dir='ltr'><strong>euidentes</strong></span> 
     </span>
    </p>
   </div>
   <div class='ocr_carea' id='block_1_103' title="bbox 1962 4021 2888 4100">
    <p class='ocr_par' dir='ltr' id='par_1_103' title="bbox 1962 4021 2888 4100">
     <span class='ocr_line' id='line_1_103' title="bbox 1962 4021 2888 4100; baseline 0.012 -26"><span class='ocrx_word' id='word_1_752' title='bbox 1962 4021 2013 4074; x_wconf 74' lang='lat' dir='ltr'><strong>in</strong></span> <span class='ocrx_word' id='word_1_753' title='bbox 2036 4037 2179 4088; x_wconf 87' lang='lat' dir='ltr'><strong>cum,</strong></span> <span class='ocrx_word' id='word_1_754' title='bbox 2200 4026 2429 4080; x_wconf 79' lang='lat' dir='ltr'><strong>servient</strong></span> <span class='ocrx_word' id='word_1_755' title='bbox 2457 4028 2551 4082; x_wconf 85' lang='lat' dir='ltr'><strong>illi.</strong></span> <span class='ocrx_word' id='word_1_756' title='bbox 2885 4097 2888 4100; x_wconf 11' lang='grc' dir='ltr'><strong><em>ἥ</em></strong></span> 
     </span>
    </p>
   </div>
   <div class='ocr_carea' id='block_1_104' title="bbox 2040 4111 3532 4202">
    <p class='ocr_par' dir='ltr' id='par_1_104' title="bbox 2040 4111 3532 4202">
     <span class='ocr_line' id='line_1_104' title="bbox 2040 4111 3532 4202; baseline 0.017 -38"><span class='ocrx_word' id='word_1_757' title='bbox 2040 4111 2127 4165; x_wconf 73' lang='lat'><strong>52.</strong></span> <span class='ocrx_word' id='word_1_758' title='bbox 2187 4111 2335 4184; x_wconf 65' lang='grc' dir='ltr'><strong>[νει-ε.</strong></span> <span class='ocrx_word' id='word_1_759' title='bbox 2391 4116 2504 4189; x_wconf 72' lang='lat'><strong>32.]</strong></span> <span class='ocrx_word' id='word_1_760' title='bbox 2561 4119 2950 4177; x_wconf 83' lang='lat' dir='ltr'><strong>Annuntiabitur</strong></span> <span class='ocrx_word' id='word_1_761' title='bbox 3003 4126 3224 4183; x_wconf 86' lang='lat' dir='ltr'><strong>Domino</strong></span> <span class='ocrx_word' id='word_1_762' title='bbox 3279 4137 3532 4202; x_wconf 81' lang='lat' dir='ltr'><strong>generatio</strong></span> 
     </span>
    </p>
   </div>
   <div class='ocr_carea' id='block_1_105' title="bbox 1962 4209 3529 4291">
    <p class='ocr_par' dir='ltr' id='par_1_105' title="bbox 1962 4209 3529 4291">
     <span class='ocr_line' id='line_1_105' title="bbox 1962 4209 3529 4291; baseline 0.018 -38"><span class='ocrx_word' id='word_1_763' title='bbox 1962 4212 2168 4256; x_wconf 84' lang='lat' dir='ltr'><strong>ventura</strong></span> <span class='ocrx_word' id='word_1_764' title='bbox 2191 4222 2208 4257; x_wconf 92' lang='lat'><em>:</em></span> <span class='ocrx_word' id='word_1_765' title='bbox 2231 4209 2630 4263; x_wconf 85' lang='lat' dir='ltr'><strong>ammntiabitur</strong></span> <span class='ocrx_word' id='word_1_766' title='bbox 2660 4210 2709 4264; x_wconf 92' lang='lat' dir='ltr'><strong>in</strong></span> <span class='ocrx_word' id='word_1_767' title='bbox 2749 4212 3001 4270; x_wconf 85' lang='lat' dir='ltr'><strong>honorem</strong></span> <span class='ocrx_word' id='word_1_768' title='bbox 3031 4218 3235 4274; x_wconf 87' lang='lat' dir='ltr'><strong>Domini</strong></span> <span class='ocrx_word' id='word_1_769' title='bbox 3263 4229 3529 4291; x_wconf 71' lang='lat' dir='ltr'><strong>generatio</strong></span> 
     </span>
    </p>
   </div>
   <div class='ocr_carea' id='block_1_106' title="bbox 1959 4291 3528 4386">
    <p class='ocr_par' dir='ltr' id='par_1_106' title="bbox 1959 4291 3528 4386">
     <span class='ocr_line' id='line_1_106' title="bbox 1959 4291 3528 4386; baseline 0.016 -41"><span class='ocrx_word' id='word_1_770' title='bbox 1959 4291 2090 4345; x_wconf 85' lang='lat' dir='ltr'><strong>Novi</strong></span> <span class='ocrx_word' id='word_1_771' title='bbox 2114 4294 2460 4351; x_wconf 82' lang='lat' dir='ltr'><strong>Testamenti.</strong></span> <span class='ocrx_word' id='word_1_772' title='bbox 2486 4299 2550 4353; x_wconf 86' lang='lat' dir='ltr'><strong>Et</strong></span> <span class='ocrx_word' id='word_1_773' title='bbox 2571 4305 2935 4359; x_wconf 83' lang='lat' dir='ltr'><strong>a‘nnuntiabunt</strong></span> <span class='ocrx_word' id='word_1_774' title='bbox 2960 4310 3100 4362; x_wconf 74' lang='lat' dir='ltr'><strong>cmli‘</strong></span> <span class='ocrx_word' id='word_1_775' title='bbox 3115 4311 3366 4379; x_wconf 83' lang='lat' dir='ltr'><strong>justitiam</strong></span> <span class='ocrx_word' id='word_1_776' title='bbox 3387 4317 3528 4386; x_wconf 71' lang='lat' dir='ltr'><strong>ejus:</strong></span> 
     </span>
    </p>
   </div>
   <div class='ocr_carea' id='block_1_107' title="bbox 1961 4388 3530 4474">
    <p class='ocr_par' dir='ltr' id='par_1_107' title="bbox 1961 4388 3530 4474">
     <span class='ocr_line' id='line_1_107' title="bbox 1961 4388 3530 4474; baseline 0.016 -39"><span class='ocrx_word' id='word_1_777' title='bbox 1961 4394 2014 4435; x_wconf 86' lang='lat' dir='ltr'><strong>et</strong></span> <span class='ocrx_word' id='word_1_778' title='bbox 2059 4388 2448 4443; x_wconf 89' lang='lat' dir='ltr'><strong>aunnntiabnnt</strong></span> <span class='ocrx_word' id='word_1_779' title='bbox 2479 4391 2829 4461; x_wconf 68' lang='lat' dir='ltr'><strong>Evangelista:</strong></span> <span class='ocrx_word' id='word_1_780' title='bbox 2852 4396 3107 4464; x_wconf 71' lang='lat' dir='ltr'><strong>justitiam</strong></span> <span class='ocrx_word' id='word_1_781' title='bbox 3147 4402 3283 4470; x_wconf 84' lang='lat' dir='ltr'><strong>ejus.</strong></span> <span class='ocrx_word' id='word_1_782' title='bbox 3328 4404 3530 4474; x_wconf 77' lang='lat' dir='ltr'><strong>Populo</strong></span> 
     </span>
    </p>
   </div>
   <div class='ocr_carea' id='block_1_108' title="bbox 1957 4478 3535 4562">
    <p class='ocr_par' dir='ltr' id='par_1_108' title="bbox 1957 4478 3535 4562">
     <span class='ocr_line' id='line_1_108' title="bbox 1957 4478 3535 4562; baseline 0.016 -36"><span class='ocrx_word' id='word_1_783' title='bbox 1957 4478 2042 4544; x_wconf 87' lang='lat' dir='ltr'><strong>qui</strong></span> <span class='ocrx_word' id='word_1_784' title='bbox 2067 4487 2293 4531; x_wconf 85' lang='lat' dir='ltr'><strong>nascetur</strong></span> <span class='ocrx_word' id='word_1_785' title='bbox 2313 4498 2458 4550; x_wconf 75' lang='lat' dir='ltr'><strong>quem</strong></span> <span class='ocrx_word' id='word_1_786' title='bbox 2477 4486 2593 4554; x_wconf 75' lang='lat' dir='ltr'><strong>fecit</strong></span> <span class='ocrx_word' id='word_1_787' title='bbox 2617 4485 2866 4541; x_wconf 81' lang='lat' dir='ltr'><strong>Dominus</strong></span> <span class='ocrx_word' id='word_1_788' title='bbox 2898 4505 2918 4543; x_wconf 89' lang='lat'><strong><em>:</em></strong></span> <span class='ocrx_word' id='word_1_789' title='bbox 2949 4491 3142 4560; x_wconf 85' lang='lat' dir='ltr'><strong>populo</strong></span> <span class='ocrx_word' id='word_1_790' title='bbox 3167 4494 3256 4562; x_wconf 80' lang='lat' dir='ltr'><strong>qui</strong></span> <span class='ocrx_word' id='word_1_791' title='bbox 3281 4507 3535 4552; x_wconf 73' lang='lat' dir='ltr'><strong>nascetur</strong></span> 
     </span>
    </p>
   </div>
   <div class='ocr_carea' id='block_1_109' title="bbox 1959 4567 2425 4627">
    <p class='ocr_par' dir='ltr' id='par_1_109' title="bbox 1959 4567 2425 4627">
     <span class='ocr_line' id='line_1_109' title="bbox 1959 4567 2425 4627; baseline 0.009 -7"><span class='ocrx_word' id='word_1_792' title='bbox 1959 4584 2025 4621; x_wconf 80' lang='lat' dir='ltr'><strong>ex</strong></span> <span class='ocrx_word' id='word_1_793' title='bbox 2050 4567 2151 4623; x_wconf 82' lang='lat' dir='ltr'><strong>ﬁde</strong></span> <span class='ocrx_word' id='word_1_794' title='bbox 2183 4571 2425 4627; x_wconf 89' lang='lat' dir='ltr'><strong>Domino.</strong></span> 
     </span>
    </p>
   </div>
   <div class='ocr_carea' id='block_1_110' title="bbox 2485 4668 3206 4742">
    <p class='ocr_par' dir='ltr' id='par_1_110' title="bbox 2485 4668 3206 4742">
     <span class='ocr_line' id='line_1_110' title="bbox 2485 4668 3206 4742; baseline 0.011 -23"><span class='ocrx_word' id='word_1_795' title='bbox 2485 4668 2876 4725; x_wconf 78' lang='lat' dir='ltr'><strong>ENARRA&#39;IIO</strong></span> <span class='ocrx_word' id='word_1_796' title='bbox 2934 4673 2994 4727; x_wconf 90' lang='lat' dir='ltr'><strong>ll.</strong></span> <span class='ocrx_word' id='word_1_797' title='bbox 3201 4735 3206 4742; x_wconf 24' lang='grc' dir='ltr'><em>η</em></span> 
     </span>
    </p>
   </div>
   <div class='ocr_carea' id='block_1_111' title="bbox 2077 4750 3402 4825">
    <p class='ocr_par' dir='ltr' id='par_1_111' title="bbox 2077 4750 3402 4825">
     <span class='ocr_line' id='line_1_111' title="bbox 2077 4750 3402 4825; baseline 0.016 -21"><span class='ocrx_word' id='word_1_798' title='bbox 2077 4750 2260 4806; x_wconf 88' lang='lat' dir='ltr'><strong>Concio</strong></span> <span class='ocrx_word' id='word_1_799' title='bbox 2287 4755 2453 4808; x_wconf 81' lang='lat' dir='ltr'><strong>habita</strong></span> <span class='ocrx_word' id='word_1_800' title='bbox 2475 4758 2526 4810; x_wconf 87' lang='lat' dir='ltr'><strong>in</strong></span> <span class='ocrx_word' id='word_1_801' title='bbox 2549 4761 2860 4814; x_wconf 84' lang='lat' dir='ltr'><strong>solemnitate</strong></span> <span class='ocrx_word' id='word_1_802' title='bbox 2888 4760 3144 4818; x_wconf 86' lang='lat' dir='ltr'><strong>Passionis</strong></span> <span class='ocrx_word' id='word_1_803' title='bbox 3180 4766 3402 4825; x_wconf 83' lang='lat' dir='ltr'><strong>Domini.</strong></span> 
     </span>
    </p>
   </div>
   <div class='ocr_carea' id='block_1_112' title="bbox 2027 4845 3518 4935">
    <p class='ocr_par' dir='ltr' id='par_1_112' title="bbox 2027 4845 3518 4935">
     <span class='ocr_line' id='line_1_112' title="bbox 2027 4845 3518 4935; baseline 0.016 -39"><span class='ocrx_word' id='word_1_804' title='bbox 2027 4845 2076 4896; x_wconf 93' lang='grc'><strong>1.</strong></span> <span class='ocrx_word' id='word_1_805' title='bbox 2110 4845 2258 4911; x_wconf 85' lang='lat' dir='ltr'><strong>Quod</strong></span> <span class='ocrx_word' id='word_1_806' title='bbox 2308 4850 2464 4902; x_wconf 88' lang='lat' dir='ltr'><strong>taceri</strong></span> <span class='ocrx_word' id='word_1_807' title='bbox 2513 4850 2647 4903; x_wconf 88' lang='lat' dir='ltr'><strong>Deus</strong></span> <span class='ocrx_word' id='word_1_808' title='bbox 2688 4851 2853 4904; x_wconf 90' lang='lat' dir='ltr'><strong>noluit</strong></span> <span class='ocrx_word' id='word_1_809' title='bbox 2897 4869 2991 4921; x_wconf 86' lang='lat' dir='ltr'><strong>per</strong></span> <span class='ocrx_word' id='word_1_810' title='bbox 3030 4853 3327 4926; x_wconf 84' lang='lat' dir='ltr'><strong>Scripturas</strong></span> <span class='ocrx_word' id='word_1_811' title='bbox 3369 4879 3518 4935; x_wconf 80' lang='lat' dir='ltr'><strong>suas,</strong></span> 
     </span>
    </p>
   </div>
   <div class='ocr_carea' id='block_1_113' title="bbox 1956 4937 3514 5011">
    <p class='ocr_par' dir='ltr' id='par_1_113' title="bbox 1956 4937 3514 5011">
     <span class='ocr_line' id='line_1_113' title="bbox 1956 4937 3514 5011; baseline 0.013 -26"><span class='ocrx_word' id='word_1_812' title='bbox 1956 4949 2053 4988; x_wconf 86' lang='lat' dir='ltr'><strong>nec</strong></span> <span class='ocrx_word' id='word_1_813' title='bbox 2096 4951 2123 4988; x_wconf 89' lang='lat' dir='ltr'><strong>a</strong></span> <span class='ocrx_word' id='word_1_814' title='bbox 2171 4937 2324 4991; x_wconf 88' lang='lat' dir='ltr'><strong>nobis</strong></span> <span class='ocrx_word' id='word_1_815' title='bbox 2365 4940 2645 4993; x_wconf 85' lang='lat' dir='ltr'><strong>tacendum</strong></span> <span class='ocrx_word' id='word_1_816' title='bbox 2688 4953 2802 5006; x_wconf 87' lang='lat' dir='ltr'><strong>est,</strong></span> <span class='ocrx_word' id='word_1_817' title='bbox 2844 4955 2896 4996; x_wconf 85' lang='lat' dir='ltr'><strong>et</strong></span> <span class='ocrx_word' id='word_1_818' title='bbox 2936 4961 2963 4998; x_wconf 87' lang='lat' dir='ltr'><strong>a</strong></span> <span class='ocrx_word' id='word_1_819' title='bbox 3004 4948 3153 5001; x_wconf 80' lang='lat' dir='ltr'><strong>vobis</strong></span> <span class='ocrx_word' id='word_1_820' title='bbox 3179 4951 3514 5011; x_wconf 80' lang='lat' dir='ltr'><strong>audiendum.</strong></span> 
     </span>
    </p>
   </div>
   <div class='ocr_carea' id='block_1_114' title="bbox 1956 5024 3515 5104">
    <p class='ocr_par' dir='ltr' id='par_1_114' title="bbox 1956 5024 3515 5104">
     <span class='ocr_line' id='line_1_114' title="bbox 1956 5024 3515 5104; baseline 0.017 -27"><span class='ocrx_word' id='word_1_821' title='bbox 1956 5024 2136 5079; x_wconf 76' lang='lat' dir='ltr'><strong>Passio</strong></span> <span class='ocrx_word' id='word_1_822' title='bbox 2167 5028 2408 5094; x_wconf 90' lang='lat' dir='ltr'><strong>Domini,</strong></span> <span class='ocrx_word' id='word_1_823' title='bbox 2440 5030 2577 5083; x_wconf 90' lang='lat' dir='ltr'><strong>sicut</strong></span> <span class='ocrx_word' id='word_1_824' title='bbox 2604 5032 2799 5086; x_wconf 84' lang='lat' dir='ltr'><strong>scimus</strong></span> <span class='ocrx_word' id='word_1_825' title='bbox 2818 5075 2832 5095; x_wconf 91' lang='lat'><strong>,</strong></span> <span class='ocrx_word' id='word_1_826' title='bbox 2861 5039 3022 5090; x_wconf 88' lang='lat' dir='ltr'><strong>semel</strong></span> <span class='ocrx_word' id='word_1_827' title='bbox 3055 5039 3184 5092; x_wconf 80' lang='lat' dir='ltr'><strong>facta</strong></span> <span class='ocrx_word' id='word_1_828' title='bbox 3213 5051 3324 5104; x_wconf 77' lang='lat' dir='ltr'><strong>est;</strong></span> <span class='ocrx_word' id='word_1_829' title='bbox 3355 5052 3515 5103; x_wconf 81' lang='lat' dir='ltr'><strong>semel</strong></span> 
     </span>
    </p>
   </div>
   <div class='ocr_carea' id='block_1_115' title="bbox 1951 5115 3497 5206">
    <p class='ocr_par' dir='ltr' id='par_1_115' title="bbox 1951 5115 3497 5206">
     <span class='ocr_line' id='line_1_115' title="bbox 1951 5115 3497 5206; baseline 0.017 -40"><span class='ocrx_word' id='word_1_830' title='bbox 1951 5116 2091 5167; x_wconf 89' lang='lat' dir='ltr'><strong>enim</strong></span> <span class='ocrx_word' id='word_1_831' title='bbox 2118 5115 2362 5171; x_wconf 78' lang='lat' dir='ltr'><strong>Christus</strong></span> <span class='ocrx_word' id='word_1_832' title='bbox 2382 5128 2619 5173; x_wconf 88' lang='lat' dir='ltr'><strong>mortuus</strong></span> <span class='ocrx_word' id='word_1_833' title='bbox 2644 5124 2928 5192; x_wconf 78' lang='lat' dir='ltr'><strong>est,justus</strong></span> <span class='ocrx_word' id='word_1_834' title='bbox 2953 5143 3048 5197; x_wconf 86' lang='lat' dir='ltr'><strong>pro</strong></span> <span class='ocrx_word' id='word_1_835' title='bbox 3075 5131 3281 5200; x_wconf 83' lang='lat' dir='ltr'><strong>injustis</strong></span> <span class='ocrx_word' id='word_1_836' title='bbox 3312 5137 3350 5206; x_wconf 91' lang='grc' dir='ltr'><strong>(Ι</strong></span> <span class='ocrx_word' id='word_1_837' title='bbox 3378 5137 3497 5192; x_wconf 79' lang='lat' dir='ltr'><strong>I’etr</strong></span> 
     </span>
    </p>
   </div>
   <div class='ocr_carea' id='block_1_116' title="bbox 1952 5208 3512 5287">
    <p class='ocr_par' dir='ltr' id='par_1_116' title="bbox 1952 5208 3512 5287">
     <span class='ocr_line' id='line_1_116' title="bbox 1952 5208 3512 5287; baseline 0.014 -28"><span class='ocrx_word' id='word_1_838' title='bbox 1952 5222 2026 5270; x_wconf 88' lang='lat' dir='ltr'><strong>tu,</strong></span> <span class='ocrx_word' id='word_1_839' title='bbox 2061 5208 2172 5275; x_wconf 83' lang='lat' dir='ltr'><strong>i8).</strong></span> <span class='ocrx_word' id='word_1_840' title='bbox 2205 5209 2270 5261; x_wconf 85' lang='lat' dir='ltr'><strong>Et</strong></span> <span class='ocrx_word' id='word_1_841' title='bbox 2295 5211 2526 5275; x_wconf 89' lang='lat' dir='ltr'><strong>scimus,</strong></span> <span class='ocrx_word' id='word_1_842' title='bbox 2555 5222 2609 5267; x_wconf 89' lang='lat' dir='ltr'><strong>et</strong></span> <span class='ocrx_word' id='word_1_843' title='bbox 2643 5225 2843 5270; x_wconf 88' lang='lat' dir='ltr'><strong>certum</strong></span> <span class='ocrx_word' id='word_1_844' title='bbox 2883 5218 3164 5287; x_wconf 70' lang='lat' dir='ltr'><strong>habemus,</strong></span> <span class='ocrx_word' id='word_1_845' title='bbox 3208 5237 3260 5278; x_wconf 87' lang='lat' dir='ltr'><strong>et</strong></span> <span class='ocrx_word' id='word_1_846' title='bbox 3286 5228 3386 5280; x_wconf 77' lang='lat' dir='ltr'><strong>fide</strong></span> <span class='ocrx_word' id='word_1_847' title='bbox 3414 5231 3512 5282; x_wconf 78' lang='lat' dir='ltr'><strong>im-</strong></span> 
     </span>
    </p>
   </div>
   <div class='ocr_carea' id='block_1_117' title="bbox 1951 5296 3510 5383">
    <p class='ocr_par' dir='ltr' id='par_1_117' title="bbox 1951 5296 3510 5383">
     <span class='ocr_line' id='line_1_117' title="bbox 1951 5296 3510 5383; baseline 0.016 -35"><span class='ocrx_word' id='word_1_848' title='bbox 1951 5296 2129 5350; x_wconf 90' lang='lat' dir='ltr'><strong>mobili</strong></span> <span class='ocrx_word' id='word_1_849' title='bbox 2161 5299 2447 5353; x_wconf 87' lang='lat' dir='ltr'><strong>retiuemus</strong></span> <span class='ocrx_word' id='word_1_850' title='bbox 2470 5343 2486 5368; x_wconf 92' lang='lat'><strong>,</strong></span> <span class='ocrx_word' id='word_1_851' title='bbox 2527 5305 2642 5371; x_wconf 85' lang='lat' dir='ltr'><strong>quia</strong></span> <span class='ocrx_word' id='word_1_852' title='bbox 2668 5304 2893 5361; x_wconf 80' lang='lat' dir='ltr'><strong>Christus</strong></span> <span class='ocrx_word' id='word_1_853' title='bbox 2920 5328 3182 5383; x_wconf 83' lang='lat' dir='ltr'><strong>resurgens</strong></span> <span class='ocrx_word' id='word_1_854' title='bbox 3206 5334 3236 5366; x_wconf 84' lang='grc' dir='ltr'><em>α</em></span> <span class='ocrx_word' id='word_1_855' title='bbox 3265 5322 3472 5373; x_wconf 82' lang='lat' dir='ltr'><strong>mortuis</strong></span> <span class='ocrx_word' id='word_1_856' title='bbox 3495 5361 3510 5383; x_wconf 89' lang='lat'><strong>,</strong></span> 
     </span>
    </p>
   </div>
   <div class='ocr_carea' id='block_1_118' title="bbox 1939 5388 3514 5462">
    <p class='ocr_par' dir='ltr' id='par_1_118' title="bbox 1939 5388 3514 5462">
     <span class='ocr_line' id='line_1_118' title="bbox 1939 5388 3514 5462; baseline 0.017 -27"><span class='ocrx_word' id='word_1_857' title='bbox 1939 5388 2050 5455; x_wconf 82' lang='lat' dir='ltr'><strong>jam</strong></span> <span class='ocrx_word' id='word_1_858' title='bbox 2091 5404 2190 5441; x_wconf 86' lang='lat' dir='ltr'><strong>non</strong></span> <span class='ocrx_word' id='word_1_859' title='bbox 2234 5391 2473 5455; x_wconf 86' lang='lat' dir='ltr'><strong>moritur,</strong></span> <span class='ocrx_word' id='word_1_860' title='bbox 2520 5405 2565 5446; x_wconf 88' lang='lat' dir='ltr'><strong>et</strong></span> <span class='ocrx_word' id='word_1_861' title='bbox 2603 5413 2731 5449; x_wconf 84' lang='lat' dir='ltr'><strong>mors</strong></span> <span class='ocrx_word' id='word_1_862' title='bbox 2757 5401 2820 5452; x_wconf 76' lang='grc' dir='ltr'><strong>ἐξ</strong></span> <span class='ocrx_word' id='word_1_863' title='bbox 2861 5402 2993 5454; x_wconf 84' lang='lat' dir='ltr'><strong>ultra</strong></span> <span class='ocrx_word' id='word_1_864' title='bbox 3032 5421 3132 5457; x_wconf 85' lang='lat' dir='ltr'><strong>non</strong></span> <span class='ocrx_word' id='word_1_865' title='bbox 3183 5407 3514 5462; x_wconf 79' lang='lat' dir='ltr'><strong>dominabitur</strong></span> 
     </span>
    </p>
   </div>
   <div class='ocr_carea' id='block_1_119' title="bbox 2011 5512 3514 5600">
    <p class='ocr_par' dir='ltr' id='par_1_119' title="bbox 2011 5512 3514 5600">
     <span class='ocr_line' id='line_1_119' title="bbox 2011 5512 3514 5600; baseline 0.017 -32"><span class='ocrx_word' id='word_1_866' title='bbox 2011 5521 2267 5600; x_wconf 29' lang='lat' dir='ltr'><strong>Leon-milli</strong></span> <span class='ocrx_word' id='word_1_867' title='bbox 2293 5512 2419 5600; x_wconf 46' lang='lat' dir='ltr'><strong>viss...</strong></span> <span class='ocrx_word' id='word_1_868' title='bbox 2448 5535 2499 5600; x_wconf 60' lang='lat' dir='ltr'><strong>tit</strong></span> <span class='ocrx_word' id='word_1_869' title='bbox 2523 5531 2864 5583; x_wconf 80' lang='lat' dir='ltr'><strong>annuntiabunt</strong></span> <span class='ocrx_word' id='word_1_870' title='bbox 2877 5535 3114 5596; x_wconf 84' lang='lat' dir='ltr'><strong>justitiam</strong></span> <span class='ocrx_word' id='word_1_871' title='bbox 3150 5541 3253 5600; x_wconf 82' lang='lat' dir='ltr'><strong>ejus</strong></span> <span class='ocrx_word' id='word_1_872' title='bbox 3281 5553 3298 5588; x_wconf 91' lang='lat'><em>:</em></span> <span class='ocrx_word' id='word_1_873' title='bbox 3321 5537 3514 5594; x_wconf 70' lang='lat' dir='ltr'><strong>OﬁliSSOa</strong></span> 
     </span>
    </p>
   </div>
   <div class='ocr_carea' id='block_1_120' title="bbox 1946 5582 2578 5645">
    <p class='ocr_par' dir='ltr' id='par_1_120' title="bbox 1946 5582 2578 5645">
     <span class='ocr_line' id='line_1_120' title="bbox 1946 5582 2578 5645; baseline 0.019 -17"><span class='ocrx_word' id='word_1_874' title='bbox 1946 5582 2068 5645; x_wconf 73' lang='lat' dir='ltr'><strong>creti,</strong></span> <span class='ocrx_word' id='word_1_875' title='bbox 2096 5585 2220 5645; x_wconf 84' lang='lat' dir='ltr'><strong>quod</strong></span> <span class='ocrx_word' id='word_1_876' title='bbox 2246 5601 2270 5632; x_wconf 85' lang='lat' dir='ltr'><strong>a</strong></span> <span class='ocrx_word' id='word_1_877' title='bbox 2294 5593 2398 5635; x_wconf 72' lang='lat' dir='ltr'><strong>LXX</strong></span> <span class='ocrx_word' id='word_1_878' title='bbox 2423 5591 2578 5639; x_wconf 84' lang='lat' dir='ltr'><strong>abest.</strong></span> 
     </span>
    </p>
   </div>
   <div class='ocr_carea' id='block_1_121' title="bbox 1949 5644 3512 5752">
    <p class='ocr_par' dir='ltr' id='par_1_121' title="bbox 1949 5644 3512 5752">
     <span class='ocr_line' id='line_1_121' title="bbox 1949 5644 3512 5752; baseline 0.019 -64"><span class='ocrx_word' id='word_1_879' title='bbox 1949 5705 1965 5752; x_wconf 63' lang='grc'>¹</span> <span class='ocrx_word' id='word_1_880' title='bbox 2009 5644 2367 5749; x_wconf 53' lang='lat' dir='ltr'><strong>(&#39;q)_l?.xplicatur</strong></span> <span class='ocrx_word' id='word_1_881' title='bbox 2393 5651 2518 5699; x_wconf 78' lang='lat' dir='ltr'><strong>idem</strong></span> <span class='ocrx_word' id='word_1_882' title='bbox 2544 5668 2669 5704; x_wconf 69' lang='lat' dir='ltr'><strong>vers.</strong></span> <span class='ocrx_word' id='word_1_883' title='bbox 2691 5655 2748 5704; x_wconf 67' lang='grc' dir='ltr'><strong>(ΞΤ</strong></span> <span class='ocrx_word' id='word_1_884' title='bbox 2768 5658 2813 5705; x_wconf 86' lang='lat' dir='ltr'><strong>in</strong></span> <span class='ocrx_word' id='word_1_885' title='bbox 2842 5659 2858 5705; x_wconf 89' lang='grc'><strong>1</strong></span> <span class='ocrx_word' id='word_1_886' title='bbox 2882 5665 3016 5708; x_wconf 78' lang='lat' dir='ltr'><strong>Enar.</strong></span> <span class='ocrx_word' id='word_1_887' title='bbox 3033 5660 3149 5708; x_wconf 84' lang='lat' dir='ltr'><strong>Psal.</strong></span> <span class='ocrx_word' id='word_1_888' title='bbox 3169 5675 3322 5723; x_wconf 71' lang='lat' dir='ltr'><strong>xum,</strong></span> <span class='ocrx_word' id='word_1_889' title='bbox 3357 5675 3512 5716; x_wconf 68' lang='lat' dir='ltr'><strong>sum.</strong></span> 
     </span>
     <span class='ocr_line' id='line_1_122' title="bbox 1979 5722 2128 5752; baseline 0.013 0"><span class='ocrx_word' id='word_1_890' title='bbox 1979 5743 1992 5752; x_wconf 94' lang='lat'><strong>.</strong></span> <span class='ocrx_word' id='word_1_891' title='bbox 2057 5743 2065 5749; x_wconf 86' lang='lat'><strong>.</strong></span> <span class='ocrx_word' id='word_1_892' title='bbox 2086 5722 2128 5751; x_wconf 65' lang='grc' dir='ltr'><strong>ι).</strong></span> 
     </span>
    </p>
   </div>
   <div class='ocr_carea' id='block_1_122' title="bbox 1979 5722 2128 5762">
    <p class='ocr_par' dir='ltr' id='par_1_122' title="bbox 1979 5722 2128 5762">
     <span class='ocr_line' id='line_1_123' title="bbox 1979 5722 2128 5762; baseline 0.013 -13"><span class='ocrx_word' id='word_1_893' title='bbox 1979 5743 1992 5762; x_wconf 84' lang='grc'><em>,</em></span> <span class='ocrx_word' id='word_1_894' title='bbox 2019 5722 2065 5749; x_wconf 85' lang='lat' dir='ltr'><strong>n.</strong></span> <span class='ocrx_word' id='word_1_895' title='bbox 2086 5722 2128 5751; x_wconf 68' lang='grc' dir='ltr'>ο.</span> 
     </span>
    </p>
   </div>
   <div class='ocr_carea' id='block_1_123' title="bbox 2978 5808 3189 5875">
    <p class='ocr_par' dir='ltr' id='par_1_123' title="bbox 2978 5808 3189 5875">
     <span class='ocr_line' id='line_1_124' title="bbox 2978 5808 3189 5875; baseline 0.009 -11"><span class='ocrx_word' id='word_1_896' title='bbox 2978 5808 3150 5875; x_wconf 23' lang='grc' dir='ltr'><strong>λ-’.ςίω</strong></span> <span class='ocrx_word' id='word_1_897' title='bbox 3169 5809 3189 5866; x_wconf 68' lang='grc'><strong>1</strong></span> 
     </span>
    </p>
   </div>
   <div class='ocr_carea' id='block_1_124' title="bbox 3405 5877 3454 5895">
    <p class='ocr_par' dir='ltr' id='par_1_124' title="bbox 3405 5877 3454 5895">
     <span class='ocr_line' id='line_1_125' title="bbox 3405 5877 3454 5895; baseline 0.02 -1"><span class='ocrx_word' id='word_1_898' title='bbox 3405 5877 3454 5895; x_wconf 59' lang='grc' dir='ltr'><strong>,κο</strong></span> 
     </span>
    </p>
   </div>
  </div>
