3988 6188
439 260 538 318 ΊἨ

450 376 628 447 (llam.
667 390 716 430 vi
741 415 755 440 ,
799 375 887 442 9);
935 370 1094 425 verba
1137 368 1233 422 ista
1280 364 1519 437 A‘postoli
1563 372 1913 419 suntztamen
1946 376 2011 415 ne

449 469 822 524 obliviscamur
854 461 994 534 quod
1036 459 1233 515 factum
1278 467 1360 513 est
1400 454 1563 511 semel
1589 497 1605 522 ,
1659 454 1711 508 in
1759 452 2014 507 memoria

450 572 627 616 nostra
672 556 814 612 omni
858 568 999 608 anno
1045 552 1121 607 ﬁt.
1172 551 1390 619 Quoties
1435 547 1632 604 Pascha
1680 545 2011 605 celebratur,
2037 610 2057 619 _

450 647 699 717 numquid
747 643 905 700 foties
940 641 1180 698 Christus
1221 638 1477 695 moritur?
1507 636 1611 693 Sed
1643 645 1818 691 tamen
1864 634 2014 690 anni-

450 739 680 795 versaria
724 736 1022 791 recordatio
1046 734 1193 806 quasi
1226 739 1571 801 reprzesentat
1612 727 1751 799 quod
1780 727 1904 781 olim
1936 725 2014 778 fa-

448 840 589 883 ctum
616 836 727 890 est,
770 835 825 882 et
852 827 930 882 sic
956 842 1052 880 nos
1079 824 1204 879 facit
1243 821 1441 877 moveri
1474 830 1719 889 tanquam
1744 817 2016 871 videamus

445 918 499 974 in
520 931 677 972 cruce
699 916 1012 986 pendentem
1034 914 1341 971 Dominum:
1371 925 1473 964 non
1501 919 1675 963 tamen
1703 906 2009 969 irridentes,

446 1009 539 1065 sed
570 1008 872 1063 credentes.
912 1004 1159 1061 Pcudens
1204 1004 1344 1057 enim
1396 1001 1448 1055 in
1486 1000 1630 1070 ligno
1662 997 1855 1057 irrisus
1896 1006 2014 1056 est,

449 1099 640 1155 sedens
677 1099 731 1153 in
760 1098 895 1153 ccelo
921 1096 1190 1152 adorator.
1224 1096 1301 1148 An
1349 1093 1484 1147 forte
1522 1090 1694 1145 adhuc
1737 1086 2014 1153 irridetur,

450 1199 504 1244 et
529 1190 637 1259 jam
667 1205 773 1243 non
802 1197 886 1244 est
930 1186 1261 1242 irascendum
1293 1182 1511 1247 Judreis,
1556 1181 1643 1252 qui
1671 1179 1752 1235 vel
1780 1179 2015 1233 morien-

448 1291 553 1337 tem
602 1281 922 1344 deriserunt,
973 1293 1080 1332 non
1128 1274 1475 1346 regnantem?
1526 1273 1594 1327 Et
1641 1271 1759 1342 quis
1802 1278 1885 1325 est
1929 1268 2016 1338 qui

449 1375 720 1430 Christum
749 1373 921 1427 adhuc
948 1369 1204 1426 irrideat?
1227 1368 1438 1424 Utinam
1467 1381 1603 1419 unus
1629 1372 1794 1428 esset,
1818 1362 2016 1417 utinam

453 1464 579 1528 duo,
641 1464 839 1518 utinam
894 1459 1159 1515 numerari
1206 1457 1459 1530 possent!
1510 1454 1641 1509 Tota
1685 1453 1832 1523 palea
1881 1466 2019 1505 area:

461 1556 623 1623 ipsius
661 1545 844 1608 irridet
880 1566 1032 1617 eum,
1073 1558 1127 1606 et
1158 1548 1321 1619 gemit
1354 1546 1585 1619 triticum
1610 1543 1815 1599 irrideri
1843 1543 2022 1597 Domi-

454 1660 577 1698 num
603 1661 618 1698 :
641 1643 743 1698 hoc
779 1642 902 1697 volo
926 1655 1138 1712 gemere
1161 1637 1471 1701 vobiscum;
1520 1645 1726 1704 tempus
1768 1642 1850 1689 est
1875 1633 2017 1688 enim

454 1735 688 1806 lugendi.
718 1734 899 1788 Passio
925 1731 1134 1786 Domini
1173 1729 1471 1785 celebratur
1496 1745 1510 1780 :
1541 1736 1747 1793 tempus
1775 1722 2019 1795 gemendi

452 1836 535 1880 est
555 1867 569 1889 ,
602 1834 807 1895 tempus
835 1823 1014 1886 ﬂendi,
1046 1830 1257 1891 tempus
1283 1818 1567 1876 conﬁtendi
1598 1827 1650 1872 et
1678 1814 2017 1885 deprecandi.

456 1917 522 1971 Et
545 1917 663 1987 quis
689 1923 925 1971 nostrum
951 1924 1032 1969 est
1054 1914 1272 1968 idoneus
1294 1911 1363 1966 ad
1390 1908 1732 1965 eﬁ‘undendas
1759 1907 2021 1978 lacrymas

459 2023 554 2076 pro
582 2006 833 2078 dignitate
872 2004 1072 2060 doloris
1097 2002 1265 2058 tanti?
1291 2000 1395 2058 Sed
1422 1999 1547 2072 quid
1574 1999 1768 2054 modo’
1797 1999 1870 2051 ait
1895 2011 2019 2067 pro-

456 2097 645 2167 pheta?
687 2097 812 2164 Quis
855 2094 992 2149 dabit
1026 2094 1177 2166 capiti
1217 2109 1326 2147 meo
1367 2107 1585 2163 aquam,
1628 2099 1674 2144 et
1699 2088 1857 2143 oculis
1897 2088 2022 2141 meis

455 2192 642 2258 fontem
668 2188 1004 2258 lacryntarum
1028 2185 1238 2258 (Jerem.
1269 2200 1345 2252 ιι,
1374 2184 1470 2255 l)?
1497 2184 1543 2239 si
1569 2196 1692 2238 vere
1712 2180 1830 2236 fons
1849 2181 2020 2250 lacry«

430 2295 657 2334 marum
686 2288 832 2334 esset
877 2279 928 2333 in
958 2277 1126 2333 oculis
1161 2276 1387 2343 nostris,
1438 2290 1539 2331 nec
1580 2275 1693 2345 ipse
1733 2258 2019 2329 sufﬁceret.

457 2369 663 2425 lrrideri
694 2369 958 2443 Christum
1001 2369 1054 2422 in
1097 2383 1156 2423 re
1197 2376 1400 2438 aperta,
1449 2367 1500 2421 in
1545 2381 1607 2422 ea
1649 2381 1711 2429 re
1748 2364 1835 2419 ubi
1863 2378 2023 2419 nemo

456 2471 629 2531 potest
654 2460 852 2527 dicere,
884 2459 998 2514 Non
1028 2460 1294 2517 intellexi!
1319 2458 1612 2514 Possidenti
1641 2457 1780 2512 enim
1807 2457 2021 2511 univer—

455 2567 571 2606 sum
597 2551 778 2606 orbem
805 2559 1089 2615 terrarum,
1119 2564 1240 2619 pars
1262 2548 1511 2612 offertur;
1533 2554 1589 2603 et
1609 2546 1800 2602 dicitur
1817 2546 2023 2602 sedenti

452 2641 518 2696 ad
549 2641 818 2696 dexteram
847 2639 1038 2706 Patris,
1074 2641 1208 2694 Ecce
1232 2638 1357 2710 quid
1385 2640 1468 2692 hic
1497 2638 1692 2693 habes:
1716 2646 1769 2692 et
1793 2652 1887 2707 pro
1914 2644 2021 2691 tota

455 2741 592 2786 terra
618 2729 909 2786 ostenditur
934 2729 1002 2784 illi
1032 2729 1146 2784 sola
1175 2729 1345 2784 Africa
1367 2728 1479 2801 (a)!

536 2823 590 2878 2.
626 2824 793 2879 Verba
822 2839 939 2894 quae
965 2822 1124 2878 modo
1159 2822 1485 2888 audivimus,
1516 2822 1731 2885 fratres,
1758 2819 1844 2874 ubi
1871 2819 2023 2891 poni-

456 2915 605 2970 mus?
636 2915 707 2970 Si
754 2923 969 2982 possent
1013 2913 1080 2967 de
1125 2910 1377 2983 lacrymis’
1416 2912 1720 2968 describi”!
1761 2914 1888 2977 Quae
1929 2910 2024 2965 fuit

456 3005 645 3060 mulier
673 3020 790 3074 quae
820 3004 1035 3058 intravit
1061 3018 1180 3057 cum
1212 3012 1480 3073 unguento
1509 3001 1720 3075 (Matth.
1748 3016 1904 3058 xxvr.
1930 3001 2025 3060 7)?

455 3093 621 3171 Cujus
642 3104 821 3165 typum
854 3093 1130 3162 portabat?
1156 3108 1332 3147 nonne
1361 3092 1644 3146 Ecclesim?
1672 3091 1833 3161 Cujus
1857 3093 2022 3159 ﬁgura

456 3193 570 3240 erat
609 3183 736 3241 ilhtd
778 3183 1139 3250 unguentum?
1177 3198 1353 3237 nonne
1394 3182 1571 3236 odoris
1614 3182 1769 3249 boni,
1812 3181 1879 3236 de
1919 3196 2025 3249 quo

456 3276 586 3330 dicit
625 3272 1154 3343 Apostolus:Christi
1191 3271 1350 3326 bonus
1396 3272 1519 3326 odor
1564 3288 1735 3325 sumus
1781 3271 1835 3326 in
1885 3272 2025 3324 omni

458 3366 566 3421 loco
594 3363 661 3438 (ll
683 3363 799 3420 Cor.
828 3378 864 3418 u
883 3405 899 3431 ,
928 3363 1030 3429 lt,
1065 3360 1195 3435 15)?
1240 3362 1406 3431 Ipsius
1434 3361 1574 3416 enim
1613 3361 1861 3416 Ecclesia:
1899 3361 2024 3415 insi-

460 3454 657 3511 nuabat
682 3468 960 3525 personam
987 3461 1043 3508 et
1070 3452 1386 3523 Apostolus:
1409 3461 1462 3507 et
1488 3451 1627 3521 quod
1650 3450 1801 3512 dixit.
1832 3468 2022 3519 sumus,

462 3546 705 3603 fidelibus
744 3545 896 3601 dixit.
952 3545 1022 3600 Et
1068 3545 1193 3615 quid
1236 3542 1403 3599 dixit?
1446 3542 1638 3598 Christi
1679 3542 1850 3597 bonus
1894 3542 2027 3598 odor

461 3653 646 3694 sumus
676 3638 727 3693 in
753 3638 898 3693 omni
927 3637 1063 3694 loco.
1090 3636 1145 3691 In
1167 3636 1310 3691 omni
1338 3636 1453 3690 loco
1473 3635 1604 3690 dixit
1625 3635 1813 3690 Paulus
1829 3634 2024 3691 Christi

463 3732 657 3786 bonum
697 3728 914 3785 odorem
941 3743 1059 3784 esse
1086 3742 1272 3783 omnes
1299 3726 1509 3791 ﬁdeles,
1549 3734 1603 3780 et
1624 3725 2023 3791 contradicitur,

462 3832 515 3874 et
536 3822 729 3877 dicitur
747 3838 760 3874 :
778 3820 953 3876 Africa
979 3820 1094 3875 sola
1117 3820 1253 3875 bene
1278 3817 1406 3880 olet.
1438 3826 1577 3872 totus
1604 3816 1832 3872 mundus
1857 3825 2023 3886 putet.

464 3910 658 3965 Christi
688 3910 859 3966 bonus
885 3910 1019 3967 odor
1042 3924 1225 3966 sumus
1252 3909 1305 3964 in
1342 3908 1485 3963 omni
1514 3908 1632 3963 loco
1654 3948 1671 3973 ,
1715 3907 1833 3978 quis
1860 3907 2029 3963 dicit?

468 4001 726 4055 Ecclesia.
764 4001 915 4056 Hunc
954 4001 1149 4056 bonum
1180 4001 1397 4055 odorem
1423 3998 1747 4069 signiﬁcabat
1783 3997 1910 4053 illud
1939 4013 2031 4053 vas

467 4091 741 4160 unguenti,
761 4105 866 4160 quo
891 4090 1134 4160 perfusus
1157 4101 1238 4145 est
1261 4091 1532 4145 Dominus.
1555 4088 1836 4144 Videamus
1856 4090 1899 4144 si
1926 4104 2030 4143 non

469 4190 807 4238 coattestatur
849 4184 962 4250 ipse
1001 4182 1277 4237 Dominus.
1323 4183 1456 4260 Dum
1495 4182 1706 4252 quidam
1749 4195 1843 4236 sua
1884 4198 2031 4252 qum-

470 4285 645 4331 rentes
664 4318 679 4340 ,
711 4275 887 4340 avari,
918 4275 1086 4336 fores,
1117 4274 1166 4328 id
1196 4283 1278 4329 est
1305 4273 1468 4329 ludas
1511 4274 1596 4329 ille
1619 4273 1820 4328 diceret
1856 4272 1921 4326 de
1946 4273 2033 4327 illo

470 4377 734 4440 unguento
766 4384 779 4420 :
816 4364 1006 4436 thuid
1044 4365 1143 4419 ista
1180 4365 1433 4431 perditio?
1474 4374 1663 4437 poterat
1702 4381 1780 4418 res
1821 4365 2035 4435 pretiosa

469 4458 782 4526 venumdari,
812 4468 858 4512 et
886 4456 1150 4529 proﬁcere’
1181 4457 1503 4527 pauperibus,
1533 4456 1748 4512 odorem
1774 4456 1915 4510 enim
1943 4455 2037 4510 bo—

473 4568 595 4605 num
616 4550 808 4606 Christi
833 4549 1062 4605 vendere
1080 4548 1307 4607 volebat.
1329 4546 1451 4616 quid
1466 4547 1732 4615 respondit
1753 4545 2037 4601 Dominus?

484 4643 670 4713 (Itquid
711 4641 900 4696 molesti
928 4644 1043 4695 estis
1079 4639 1316 4694 mulieri?
1353 4637 1550 4692 Bonum
1587 4653 1712 4707 opus
1738 4647 1941 4707 operata
1967 4646 2038 4691 est

476 4737 527 4787 iu
559 4750 654 4787 me.
686 4732 755 4788 Et
791 4734 913 4802 quid
958 4732 1184 4802 amplius
1219 4731 1424 4795 dicam,
1469 4728 1677 4799 quando
1717 4728 1829 4797 ipse
1870 4729 2035 4783 dixit:

486 4821 788 4891 Ubicumque
814 4833 978 4876 autem
1008 4821 1359 4892 pt'mdicabitttr
1387 4820 1480 4873 hoc
1508 4817 1833 4889 Evangelium
1860 4818 1911 4871 in
1939 4828 2040 4872 toto

476 4913 691 4978 mundo,
730 4912 920 4967 dicetur
945 4924 991 4966 et
1012 4913 1144 4983 quod
1165 4914 1282 4983 fecit
1312 4912 1490 4964 mulier
1520 4919 1618 4964 ista
1651 4909 1862 4979 (Matth.
1894 4927 2036 4970 xxvn,

477 5004 632 5068 8-10,
678 5004 782 5059 1'5?
823 5002 920 5057 Est
960 5002 1100 5073 quod
1149 5002 1382 5058 addere?
1428 5010 1511 5056 est
1547 5000 1686 5071 quod
1728 4999 2041 5054 detrahere?

475 5105 559 5150 est
585 5111 749 5167 quare
773 5110 952 5149 aurem
982 5094 1448 5149 calumniatoribus
1482 5091 1913 5148 accommodare?
1936 5093 2041 5145 Aut

479 5188 732 5243 mentitus
754 5195 836 5241 est
863 5185 1133 5251 Dominus,
1159 5192 1251 5238 aut
1273 5183 1459 5239 fefellit
1486 5182 1666 5237 illum?
1688 5166 1894 5252 Eligant
1917 5180 2041 5251 quid

478 5280 654 5334 dicant
681 5296 694 5331 :
717 5286 808 5332 aut
832 5276 1107 5331 mentitam
1134 5274 1312 5328 dicant
1337 5274 1630 5337 veritatem,
1653 5282 1745 5327 aut
1769 5272 2040 5342 deceptam

544 5455 556 5483 '
588 5452 765 5513 ﬁngitis
784 5455 944 5513 Ms._et
968 5447 1132 5513 \‘atie.,
1162 5444 1210 5495 si
1225 5443 1456 5513 quomodo
1476 5442 1559 5513 ait.
1583 5440 1933 5513 Fortermelius.

542 5517 559 5547 ²
587 5521 634 5562 tu
793 5509 999 5564 additur,
1021 5505 1261 5563 deberent,
1281 5505 1405 5568 quod
1428 5517 1453 5568 ί)
1477 5511 1581 5554 Mss.
1607 5506 1763 5552 abest.

543 5579 562 5607 ³
586 5582 675 5624 Lov
700 5607 713 5621 .
737 5562 1001 5622 vemmdari
1022 5580 1221 5637 ηιιιςιςιο,⁸
1247 5562 1312 5637 et'
1330 5563 1580 5637 proﬁceret
1616 5562 1919 5627 imuperibus.
1959 5570 2047 5612 Nos

484 5651 589 5686 tum
612 5647 712 5684 sm.
737 5642 788 5683 et
809 5640 934 5691 Mss,
957 5631 1221 5681 venundari
1243 5636 1288 5680 et
1310 5631 1556 5694 proﬁcere.

545 5700 616 5758 (α)
641 5704 689 5745 tu
714 5695 992 5745 Dormtistas.

1629 248 1692 305 'S.
1735 242 2093 303 AUGUSTINI
2123 240 2422 300 EPISCUPI

3483 244 3687 305 ειη

2119 360 2297 415 dicant
2316 361 2607 416 veritatem.
2643 357 2949 432 Ubicumque
2970 361 3323 428 pt‘azdicabitur
3342 362 3433 417 hoc
3456 359 3693 437 Evange-

2126 452 2270 506 lium.
2299 451 2366 506 Et
2394 452 2540 521 quasi
2563 466 2828 522 quairercs
2856 453 2923 506 ab
2948 469 3012 506 co
3037 471 3048 503 τ
3076 451 3175 509 Ubi
3206 454 3345 507 enim
3378 453 3697 523 pra'dieahi-

2123 543 2245 596 tur?
2295 542 2362 596 In
2412 553 2513 597 toto
2564 544 2785 610 mundo,
2841 545 3027 615 inquit.
3084 545 3347 599 Psalmum
3387 546 3696 612 audiamus,

2124 634 2397 689 videamus
2438 636 2487 689 si
2533 634 2632 690 hoc
2683 636 2828 691 dicit.
2877 638 3164 691 Audiamus
3207 639 3346 707 quod
3397 639 3703 710 plangendo

2123 716 2365 780 cantatur
2383 770 2398 791 ,
2440 737 2493 781 et
2517 743 2642 782 vere
2674 728 2827 799 digna
2854 744 2940 783 res
2979 730 3188 798 planctu
3216 730 3425 800 quando
3449 740 3733 786 cantatur

2124 820 2317 874 surdis.
2351 821 2531 887 Miror,
2566 820 2753 874 fratres
2775 862 2791 887 ,
2834 821 2877 875 si
2919 821 3075 876 hodie
3116 822 3350 893 psalmus
3379 822 3477 878 iste
3504 823 3705 893 legitur

2123 921 2176 966 et
2203 916 2254 965 in
2281 921 2430 983 parte
2460 912 2669 965 Donati.
2697 912 2847 983 Rogo
2875 927 3000 977 vos,
3034 914 3224 968 fratres
3263 914 3364 968 mei
3384 955 3400 980 ,
3436 914 3705 970 conﬁteor

2123 1002 2290 1067 vobis,
2319 1003 2463 1056 novit
2484 1001 2676 1056 Christi
2706 1002 3090 1068 misericordia,
3119 1004 3238 1073 quia
3264 1003 3342 1059 sic
3362 1004 3527 1060 miror
3544 1008 3700 1076 quasi

2122 1093 2314 1164 lapidei
2345 1094 2415 1148 ibi
2442 1095 2568 1160 sint,
2591 1104 2644 1148 et
2667 1110 2771 1148 non
2802 1093 3035 1149 audiant.
3056 1094 3194 1162 Quid
3221 1097 3454 1163 apertius
3478 1096 3655 1152 surdis
3675 1099 3695 1129 ’

2123 1186 2349 1242 dicitur?
2380 1188 2562 1242 Passio
2601 1186 2800 1242 Christi
2830 1196 2943 1243 tam
2973 1188 3247 1242 evidenter
3271 1188 3419 1258 quasi
3453 1188 3701 1260 Evange-

2124 1278 2254 1332 lium
2286 1279 2539 1333 recitatur
2558 1320 2573 1345 ,
2604 1285 2659 1332 et
2684 1277 2881 1332 dictum
2908 1288 2989 1332 est
3015 1287 3136 1333 ante
3163 1280 3344 1333 nescio
3370 1288 3500 1349 quot
3525 1294 3701 1335 annos

2123 1386 2278 1441 quam
2323 1370 2574 1425 Dominus
2602 1369 2669 1425 de
2695 1369 2857 1424 Maria
2900 1369 3101 1439 virgine
3142 1378 3449 1424 nasceretur
3477 1388 3491 1424 :
3518 1384 3703 1440 prmeo

2124 1470 2239 1515 erat
2262 1461 2509 1515 nuntians
2530 1460 2759 1530 judicem
2788 1461 3043 1515 futurum.
3068 1460 3326 1530 Legamus
3355 1461 3496 1515 illum
3526 1477 3700 1531 quan-

2124 1561 2235 1608 tum
2262 1554 2500 1624 angustia
2522 1553 2774 1623 temporis
2789 1554 3005 1627 patitur,
3027 1568 3130 1609 non
3157 1569 3253 1624 pro
3278 1553 3468 1609 aﬁ'ectu
3492 1555 3701 1619 doloris

2126 1646 2326 1710 nostri,
2358 1644 2450 1701 sed
2470 1687 2486 1711 ,
2514 1652 2573 1700 ut
2598 1644 2705 1700 dixi
2725 1687 2738 1705 .
2770 1636 3020 1715 quantum
3050 1646 3289 1715 angustia
3316 1647 3570 1717 temporis
3584 1641 3700 1718 ‘pa-

2126 1739 2269 1792 titur.

2199 1828 2253 1883 5.
2285 1827 2432 1901 [vers.
2458 1826 2537 1900 2.]
2573 1826 2726 1893 Deus,
2757 1826 2892 1900 Deus
2920 1844 3077 1894 meus,
3106 1826 3297 1897 respice
3319 1843 3706 1899 me:quareme

2129 1918 2436 1989 dcreliquisti
2455 1919 2480 1972 Ρ
2510 1919 2667 1972 istum
2709 1933 2917 1972 versum
2962 1919 3186 1986 primum
3227 1916 3279 1971 in
3306 1932 3466 1973 cruce
3489 1917 3703 1973 audivi-

2126 2027 2279 2076 mus,
2320 2012 2404 2065 nbi
2443 2011 2693 2065 Dominus
2722 2008 2887 2064 dixit:
2913 2007 3027 2073 Eli,
3064 2008 3176 2076 Eli;
3204 2007 3344 2078 quod
3373 2016 3489 2073 est,
3522 2008 3699 2075 Deus,

2128 2119 2286 2165 meus,
2317 2100 2449 2156 Deus
2479 2118 2615 2154 meus
2637 2116 2655 2154 :
2675 2099 2837 2153 Lama
2864 2098 3192 2153 sabachthani
3207 2099 3232 2152 .’
3258 2099 3397 2169 quod
3418 2106 3519 2163 est,
3542 2115 3707 2171 quare

2130 2211 2210 2247 me
2256 2193 2562 2262 dereliquiin
2587 2189 2794 2263 (Matth.
2827 2205 2998 2254 xxvu,
3027 2186 3157 2261 46)?
3188 2189 3562 2259 loterpretatus
3610 2201 3706 2247 εει

2125 2285 2249 2339 illud
2272 2284 2620 2367 Evaimdista,
2646 2290 2701 2337 et
2723 2282 2853 2337 dixit
2880 2297 3000 2336 eum
3031 2281 3272 2336 behraice
3295 2281 3490 2336 dixisse
3517 2299 3529 2334 :
3561 2279 3705 2335 Deus

2126 2393 2284 2442 meus,
2318 2376 2453 2429 Deus
2488 2391 2658 2437 meus,
2702 2390 2856 2443 quare
2881 2389 2959 2426 me
2984 2371 3333 2440 dereliquisti?
3359 2370 3493 2438 Quid
3532 2371 3707 2425 voluit

2126 2468 2302 2521 dicere
2335 2465 2619 2519 Dominus?
2650 2463 2761 2517 Non
2792 2463 2934 2517 enim
2970 2462 3322 2531 dereliquerat
3357 2462 3500 2515 illum
3520 2461 3702 2533 ‘Dcus,

2126 2574 2245 2612 cum
2276 2558 2388 2626 ipse
2416 2565 2557 2611 esset
2585 2556 2723 2609 Deus
2746 2542 2972 2634 fotique
2998 2551 3160 2605 Filius
3192 2552 3288 2606 Dei
3323 2551 3485 2613 Deus,
3519 2551 3706 2622 utique

2131 2649 2361 2705 Verbum
2398 2647 2488 2702 Dei
2518 2647 2675 2701 Deus.
2704 2630 2835 2699 Audi
2854 2630 2891 2697 va
2918 2647 3086 2714 capite
3117 2644 3263 2699 illum
3288 2645 3657 2712 evangelistam
3681 2688 3701 2711 ,

2090 2738 2099 2745 ’
2127 2741 2218 2811 qui
2264 2740 2502 2794 ructabat
2540 2737 2677 2808 quod
2709 2737 3005 2793 bibet-atde
3034 2747 3245 2805 pectore
3277 2736 3483 2790 Domini
3517 2735 3702 2837 (JoaJr.

2127 2846 2240 2897 xm,
2267 2831 2380 2898 25),
2411 2829 2680 2884 videamus
2709 2829 2752 2882 si
2784 2830 2920 2882 Deus
2950 2837 3030 2881 est
3055 2825 3333 2881 Christus:
3360 2826 3423 2881 In
3454 2825 3705 2896 principio

2128 2936 2233 2976 erat
2272 2921 2500 2987 Verbum,
2533 2932 2579 2974 et
2611 2919 2822 2974 Verbum
2850 2927 2958 2971 erat
2981 2918 3121 2987 apud
3149 2917 3324 2974 Deum.
3355 2929 3401 2971 et
3435 2918 3566 2972 Deus
3592 2930 3738 2971 erat.

2141 3011 2369 3067 Verbum.
2402 3013 2573 3082 Ipsum
2609 3027 2735 3078 ergo
2767 3008 2997 3064 Verbum
3038 3007 3180 3076 quod
3223 3008 3360 3061 Deus
3382 3014 3543 3082 erat,
3579 3024 3707 3063 cara

2126 3108 2318 3173 factum
2355 3077 2459 3163 est,
2506 3112 2551 3156 et
2596 3101 2832 3154 habitauit
2860 3100 2910 3153 in
2939 3099 3079 3153 nobis
3114 3098 3220 3171 (Id.
3263 3115 3299 3164 ι,
3348 3077 3420 3171 l).
3464 3100 3530 3154 Et
3573 3115 3705 3155 cum

2128 3196 2361 3249 \ernum
2391 3195 2529 3248 Deus
2555 3193 2747 3246 factum
2776 3201 2916 3245 esset
2944 3205 3069 3244 caro
3088 3233 3104 3257 ,
3138 3190 3401 3259 pendebat
3425 3191 3476 3243 in
3506 3205 3703 3259 cruce,

2127 3298 2183 3344 et
2210 3286 2416 3341 dicebat
2448 3304 2460 3341 :
2492 3284 2622 3339 Deus
2649 3302 2806 3346 meus,
2839 3283 2978 3337 Deus
3006 3299 3163 3348 meus,
3195 3284 3381 3353 respice
3409 3300 3486 3338 me
3507 3295 3707 3354 :quare

2127 3396 2207 3433 me
2230 3378 2574 3448 dereliquisti?
2602 3378 2778 3444 Quare
2813 3377 3007 3431 dicitur
3032 3418 3046 3443 ,
3079 3376 3180 3431 nisi
3210 3377 3330 3447 quia
3361 3392 3458 3431 nos
3485 3376 3554 3431 ibi
3579 3391 3705 3432 era-

2129 3487 2266 3533 mus,
2295 3470 2392 3524 nisi
2420 3469 2539 3538 quia
2567 3484 2761 3537 corpus
2784 3467 2977 3522 Christi
3006 3467 3241 3523 Ecclesia
3274 3466 3486 3537 (Ephes.
3508 3483 3545 3534 ι,
3567 3467 3705 3538 25)?

2128 3563 2321 3632 thuid
2364 3562 2515 3627 dixit,
2563 3559 2702 3614 Deus
2747 3576 2904 3625 meus,
2958 3559 3093 3613 Deus
3146 3576 3305 3623 meus,
3352 3560 3543 3628 respice
3583 3574 3706 3613 me:

2129 3670 2283 3723 quare
2318 3669 2395 3706 me
2423 3651 2767 3721 dereliquisti?
2795 3650 2895 3704 nisi
2936 3649 3324 3720 quodammodo
3350 3651 3577 3705 intentos
3602 3665 3706 3704 nos

2130 3745 2325 3799 faciens
2352 3752 2406 3797 et
2428 3741 2611 3797 dicens
2637 3784 2651 3808 ,
2695 3741 2933 3795 Psalmus
2976 3740 3077 3796 iste
3118 3739 3186 3795 de
3215 3755 3300 3795 me
3328 3741 3552 3809 scriptus
3575 3749 3660 3794 est
3678 3741 3706 3792 τ

2130 3835 2302 3907 Longe
2324 3852 2356 3888 a
2375 3836 2533 3889 salute
2558 3836 2689 3900 mea,
2710 3833 2857 3887 verba
2883 3814 3176 3887 delictorum
3204 3847 3445 3885 meorum.
3466 3829 3703 3897 Quorum

2131 3928 2442 3984 delictorum
2470 3968 2484 3990 ,
2529 3926 2597 3981 de
2640 3942 2744 3994 quo
2791 3924 2987 3979 dictum
3029 3931 3147 3979 est:
3196 3922 3294 3989 Qui
3320 3932 3571 3992 peccatum
3602 3937 3706 3974 non

2134 4021 2269 4088 fecit,
2301 4035 2391 4073 nec
2429 4019 2659 4072 inuentus
2684 4026 2755 4070 est
2783 4017 2932 4071 dolus
2961 4016 3014 4069 in
3043 4032 3131 4069 ore
3155 4016 3262 4085 ejus
3281 4012 3325 4084 (Ι
3358 4011 3468 4065 Pet.
3498 4027 3554 4076 ιι,
3575 4010 3709 4080 2%)?

2133 4110 2407 4179 Quomodo
2429 4125 2556 4180 ergo
2581 4109 2703 4163 dicit
2733 4107 3027 4162 delictorum
3050 4120 3311 4166 meorum;
3338 4103 3437 4157 nisi
3462 4103 3579 4172 quia
3607 4116 3710 4171 pro

2135 4202 2340 4255 delictis
2373 4201 2566 4254 nostris
2609 4198 2722 4267 ipse
2766 4206 3009 4267 precatur
3029 4237 3043 4260 ,
3094 4203 3150 4249 et
3177 4193 3366 4250 delicta
3401 4201 3578 4247 nostra
3606 4206 3705 4246 sua

2136 4293 2327 4348 delicta
2373 4292 2531 4356 fecit,
2579 4300 2635 4343 nt
2674 4289 2932 4358 justitiam
2977 4302 3124 4341 suam
3173 4295 3408 4339 nostram
3447 4274 3705 4354 justitiam

2136 4382 2364 4437 faceret?
2397 4393 2409 4406 '

2210 4476 2263 4528 4.
2294 4470 2442 4546 (vers.
2472 4469 2550 4544 5.]
2581 4470 2717 4524 Deus
2745 4486 2880 4523 meus
2899 4511 2913 4534 ,
2943 4469 3169 4521 clamabo
3197 4466 3264 4520 ad
3293 4477 3338 4521 te
3366 4484 3453 4535 per
3479 4466 3627 4528 diem,
3658 4476 3715 4520 et

2139 4586 2238 4622 non
2262 4566 2540 4629 exaudics;
2584 4575 2630 4617 et
2660 4574 2817 4627 nocte,
2849 4572 2895 4615 et
2939 4577 3037 4614 non
3076 4562 3145 4613 ad
3170 4559 3506 4629 insipientiam
3542 4556 3668 4610 mihi
3697 4571 3715 4608 :

2139 4661 2272 4715 dixit
2301 4659 2479 4727 utique
2505 4657 2568 4711 de
2595 4672 2700 4718 me,
2729 4654 2795 4709 dc
2824 4662 2893 4713 te,
2917 4653 2983 4707 de
3010 4652 3133 4717 illo;
3164 4665 3358 4721 corpus
3382 4651 3519 4705 enim
3550 4663 3709 4704 suum

2140 4753 2376 4825 gerebat,
2411 4751 2459 4804 id
2490 4759 2574 4805 est
2602 4749 2913 4803 Ecclesium.
2950 4745 3057 4800 Nisi
3086 4744 3220 4799 forte
3246 4744 3456 4812 putatis,
3493 4741 3711 4805 fratres,

2143 4845 2261 4912 quia
2299 4842 2508 4912 quando
2550 4839 2678 4894 dixit
2741 4838 3019 4900 Dominus,
3074 4836 3249 4899 Pater,
3298 4835 3340 4888 si
3382 4834 3489 4903 ﬁeri
3527 4841 3712 4900 potest,

2144 4944 2362 4989 transeat
2386 4951 2416 4986 a
2439 4949 2518 4986 me
2554 4932 2688 4984 calix
2710 4931 2800 4983 iste
2826 4927 3030 4997 (Matth.
3062 4943 3183 4980 xxv:
3210 4969 3223 4988 ,
3256 4923 3370 4995 39).
3394 4924 3530 4979 ‘mori
3556 4922 3714 4976 time-

2144 5029 2250 5081 bat.
2281 5025 2393 5080 Non
2421 5035 2499 5078 est
2529 5022 2717 5076 fortior
2754 5020 2903 5072 miles
2925 5059 2939 5082 ,
2970 5034 3129 5087 quam
3170 5018 3474 5083 imperator.
3504 5012 3715 5067 Sufﬁcit

2144 5132 2296 5171 servo
2324 5124 2381 5169 nt
2418 5116 2485 5169 sit
2528 5114 2666 5167 sicut
2710 5111 2955 5164 dominus
2982 5108 3096 5179 ejus
3121 5107 3227 5173 (Id.
3263 5123 3324 5169 κ,
3353 5105 3470 5173 25).
3514 5102 3713 5157 Paulus

2145 5208 2293 5270 dicit,
2326 5206 2476 5259 miles
2516 5204 2653 5273 regis
2676 5201 2872 5256 Christi
2895 5215 2907 5251 :
2934 5198 3218 5269 Compellor
3244 5213 3270 5249 ε·
3291 5195 3501 5259 duobus,
3530 5210 3716 5246 concu-

2148 5298 2433 5367 pisccnlimtt
2452 5293 2635 5347 habens
2660 5290 2880 5350 dissolvi,
2905 5301 2949 5343 et
2972 5306 3074 5343 esse
3098 5305 3207 5340 cum
3234 5286 3429 5341 Christo
3454 5282 3714 5353 (Philipp.

2149 5406 2185 5451 ι,
2215 5386 2328 5457 Ξῖ).
2354 5386 2448 5441 ille
2477 5393 2622 5453 Optat
2646 5391 2867 5436 mortem
2894 5422 2906 5437 .
2940 5390 2995 5435 ut
3018 5380 3082 5434 sit
3122 5394 3240 5432 cum
3265 5375 3495 5441 Christo,
3521 5384 3572 5427 et
3602 5373 3717 5442 ipse

2153 5481 2392 5535 Christus
2426 5478 2573 5530 timet
2610 5473 2872 5529 mortem?
2919 5471 3022 5526 Sed
3064 5470 3187 5539 quid
3229 5467 3327 5522 nisi
3360 5464 3718 5519 inﬁrmitatem

2157 5580 2389 5625 nostram
2422 5566 2663 5635 portabat
2687 5606 2701 5627 ,
2727 5574 2781 5618 et
2809 5578 2902 5635 pro
2929 5562 3013 5616 his
3037 5561 3126 5631 qui
3157 5558 3329 5614 adhuc
3356 5559 3540 5612 timent
3567 5568 3705 5608 mor-

2218 5686 2233 5716 ι
2259 5680 2423 5731 Plures
2442 5685 2549 5730 uss.
2575 5678 2694 5739 loco,
2718 5674 3118 5738 surdis,'babcut,
3148 5676 3357 5721 Fratres.
