  <div class='ocr_page' id='page_1' title='image "/cluster/home/n/w/nwhite01/storage/ocr_20150623/36/hvd.32044096580584/094.png"; bbox 0 0 3988 6188; ppageno 0'>
   <div class='ocr_carea' id='block_1_1' title="bbox 329 263 433 320">
    <p class='ocr_par' dir='ltr' id='par_1_1' title="bbox 329 263 433 320">
     <span class='ocr_line' id='line_1_1' title="bbox 329 263 433 320; baseline -0.019 -1"><span class='ocrx_word' id='word_1_1' title='bbox 329 263 433 320; x_wconf 76' lang='lat' dir='ltr'><strong>I73</strong></span> 
     </span>
    </p>
   </div>
   <div class='ocr_carea' id='block_1_2' title="bbox 322 373 1893 444">
    <p class='ocr_par' dir='ltr' id='par_1_2' title="bbox 322 373 1893 444">
     <span class='ocr_line' id='line_1_2' title="bbox 322 373 1893 444; baseline 0.001 -17"><span class='ocrx_word' id='word_1_2' title='bbox 322 387 432 431; x_wconf 87' lang='lat' dir='ltr'><strong>tem</strong></span> <span class='ocrx_word' id='word_1_3' title='bbox 463 376 511 428; x_wconf 82' lang='lat' dir='ltr'><strong>iu</strong></span> <span class='ocrx_word' id='word_1_4' title='bbox 541 388 763 444; x_wconf 89' lang='lat' dir='ltr'><strong>corpore</strong></span> <span class='ocrx_word' id='word_1_5' title='bbox 802 388 900 428; x_wconf 90' lang='lat' dir='ltr'><strong>suo</strong></span> <span class='ocrx_word' id='word_1_6' title='bbox 937 373 1291 438; x_wconf 76' lang='lat' dir='ltr'><strong>constitutis&#39;,</strong></span> <span class='ocrx_word' id='word_1_7' title='bbox 1338 374 1434 428; x_wconf 86' lang='lat' dir='ltr'><strong>ista</strong></span> <span class='ocrx_word' id='word_1_8' title='bbox 1480 374 1728 428; x_wconf 78' lang='lat' dir='ltr'><strong>dicebat?</strong></span> <span class='ocrx_word' id='word_1_9' title='bbox 1769 373 1893 428; x_wconf 89' lang='lat' dir='ltr'><strong>Inde</strong></span> 
     </span>
    </p>
   </div>
   <div class='ocr_carea' id='block_1_3' title="bbox 284 466 1896 534">
    <p class='ocr_par' dir='ltr' id='par_1_3' title="bbox 284 466 1896 534">
     <span class='ocr_line' id='line_1_3' title="bbox 284 466 1896 534; baseline 0 -17"><span class='ocrx_word' id='word_1_10' title='bbox 284 468 290 473; x_wconf 81' lang='grc'><strong><em>“</em></strong></span> <span class='ocrx_word' id='word_1_11' title='bbox 321 477 436 519; x_wconf 86' lang='lat' dir='ltr'><strong>erat</strong></span> <span class='ocrx_word' id='word_1_12' title='bbox 465 466 550 518; x_wconf 88' lang='lat' dir='ltr'><strong>illa</strong></span> <span class='ocrx_word' id='word_1_13' title='bbox 584 481 706 528; x_wconf 77' lang='lat' dir='ltr'><strong>vox,</strong></span> <span class='ocrx_word' id='word_1_14' title='bbox 738 466 1092 520; x_wconf 79' lang='lat' dir='ltr'><strong>membrorum</strong></span> <span class='ocrx_word' id='word_1_15' title='bbox 1124 466 1286 534; x_wconf 81' lang='lat' dir='ltr'><strong>ipsius</strong></span> <span class='ocrx_word' id='word_1_16' title='bbox 1313 481 1410 518; x_wconf 67' lang='lat' dir='ltr'><strong>vos</strong></span> <span class='ocrx_word' id='word_1_17' title='bbox 1457 475 1571 520; x_wconf 89' lang='lat' dir='ltr'><strong>erat</strong></span> <span class='ocrx_word' id='word_1_18' title='bbox 1594 508 1608 531; x_wconf 90' lang='lat'><strong>,</strong></span> <span class='ocrx_word' id='word_1_19' title='bbox 1653 481 1756 519; x_wconf 91' lang='lat' dir='ltr'><strong>non</strong></span> <span class='ocrx_word' id='word_1_20' title='bbox 1805 482 1896 518; x_wconf 79' lang='lat' dir='ltr'><strong>ca-</strong></span> 
     </span>
    </p>
   </div>
   <div class='ocr_carea' id='block_1_4' title="bbox 323 556 1896 624">
    <p class='ocr_par' dir='ltr' id='par_1_4' title="bbox 323 556 1896 624">
     <span class='ocr_line' id='line_1_4' title="bbox 323 556 1896 624; baseline 0.003 -19"><span class='ocrx_word' id='word_1_21' title='bbox 323 556 481 624; x_wconf 89' lang='lat' dir='ltr'><strong>pitis;</strong></span> <span class='ocrx_word' id='word_1_22' title='bbox 532 557 610 610; x_wconf 90' lang='lat' dir='ltr'><strong>sic</strong></span> <span class='ocrx_word' id='word_1_23' title='bbox 635 566 689 610; x_wconf 89' lang='lat' dir='ltr'><strong>et</strong></span> <span class='ocrx_word' id='word_1_24' title='bbox 731 557 848 622; x_wconf 89' lang='lat' dir='ltr'><strong>hic,</strong></span> <span class='ocrx_word' id='word_1_25' title='bbox 885 556 980 610; x_wconf 82' lang='lat' dir='ltr'><strong>Per</strong></span> <span class='ocrx_word' id='word_1_26' title='bbox 1005 558 1133 610; x_wconf 83' lang='lat' dir='ltr'><strong>diem</strong></span> <span class='ocrx_word' id='word_1_27' title='bbox 1161 567 1207 609; x_wconf 83' lang='lat' dir='ltr'><strong>et</strong></span> <span class='ocrx_word' id='word_1_28' title='bbox 1241 568 1432 609; x_wconf 84' lang='lat' dir='ltr'><strong>nortem</strong></span> <span class='ocrx_word' id='word_1_29' title='bbox 1459 557 1690 618; x_wconf 81' lang='lat' dir='ltr'><strong>clanmvi,</strong></span> <span class='ocrx_word' id='word_1_30' title='bbox 1723 568 1767 610; x_wconf 81' lang='lat' dir='ltr'><strong>et</strong></span> <span class='ocrx_word' id='word_1_31' title='bbox 1799 575 1896 610; x_wconf 86' lang='lat' dir='ltr'><strong>non</strong></span> 
     </span>
    </p>
   </div>
   <div class='ocr_carea' id='block_1_5' title="bbox 319 647 1894 710">
    <p class='ocr_par' dir='ltr' id='par_1_5' title="bbox 319 647 1894 710">
     <span class='ocr_line' id='line_1_5' title="bbox 319 647 1894 710; baseline 0.003 -13"><span class='ocrx_word' id='word_1_32' title='bbox 319 648 580 700; x_wconf 71' lang='lat' dir='ltr'><strong>eaautlies.</strong></span> <span class='ocrx_word' id='word_1_33' title='bbox 610 647 754 702; x_wconf 83' lang='lat' dir='ltr'><strong>Mulli</strong></span> <span class='ocrx_word' id='word_1_34' title='bbox 782 649 920 702; x_wconf 88' lang='lat' dir='ltr'><strong>enim</strong></span> <span class='ocrx_word' id='word_1_35' title='bbox 963 648 1196 702; x_wconf 82' lang='lat' dir='ltr'><strong>clamant</strong></span> <span class='ocrx_word' id='word_1_36' title='bbox 1221 649 1271 702; x_wconf 92' lang='lat' dir='ltr'><strong>in</strong></span> <span class='ocrx_word' id='word_1_37' title='bbox 1314 650 1650 703; x_wconf 92' lang='lat' dir='ltr'><strong>tribulatione</strong></span> <span class='ocrx_word' id='word_1_38' title='bbox 1671 691 1685 710; x_wconf 90' lang='lat'><strong>,</strong></span> <span class='ocrx_word' id='word_1_39' title='bbox 1714 659 1766 702; x_wconf 90' lang='lat' dir='ltr'><strong>et</strong></span> <span class='ocrx_word' id='word_1_40' title='bbox 1792 663 1894 702; x_wconf 90' lang='lat' dir='ltr'><strong>non</strong></span> 
     </span>
    </p>
   </div>
   <div class='ocr_carea' id='block_1_6' title="bbox 319 738 1893 808">
    <p class='ocr_par' dir='ltr' id='par_1_6' title="bbox 319 738 1893 808">
     <span class='ocr_line' id='line_1_6' title="bbox 319 738 1893 808; baseline 0.001 -19"><span class='ocrx_word' id='word_1_41' title='bbox 319 738 676 791; x_wconf 87' lang='lat' dir='ltr'><strong>exauditmtur</strong></span> <span class='ocrx_word' id='word_1_42' title='bbox 703 757 716 791; x_wconf 92' lang='lat'><strong><em>:</em></strong></span> <span class='ocrx_word' id='word_1_43' title='bbox 749 739 839 791; x_wconf 89' lang='lat' dir='ltr'><strong>sed</strong></span> <span class='ocrx_word' id='word_1_44' title='bbox 871 738 934 792; x_wconf 87' lang='lat' dir='ltr'><strong>ad</strong></span> <span class='ocrx_word' id='word_1_45' title='bbox 965 740 1220 803; x_wconf 79' lang='lat' dir='ltr'><strong>salutem,</strong></span> <span class='ocrx_word' id='word_1_46' title='bbox 1269 755 1370 792; x_wconf 90' lang='lat' dir='ltr'><strong>non</strong></span> <span class='ocrx_word' id='word_1_47' title='bbox 1414 739 1478 792; x_wconf 88' lang='lat' dir='ltr'><strong>ad</strong></span> <span class='ocrx_word' id='word_1_48' title='bbox 1518 739 1893 808; x_wconf 87' lang='lat' dir='ltr'><strong>insipientiam.</strong></span> 
     </span>
    </p>
   </div>
   <div class='ocr_carea' id='block_1_7' title="bbox 319 828 1893 891">
    <p class='ocr_par' dir='ltr' id='par_1_7' title="bbox 319 828 1893 891">
     <span class='ocr_line' id='line_1_7' title="bbox 319 828 1893 891; baseline 0 -9"><span class='ocrx_word' id='word_1_49' title='bbox 319 828 583 882; x_wconf 64' lang='lat' dir='ltr'><strong>Clamavit</strong></span> <span class='ocrx_word' id='word_1_50' title='bbox 615 829 808 882; x_wconf 82' lang='lat' dir='ltr'><strong>Paulus</strong></span> <span class='ocrx_word' id='word_1_51' title='bbox 834 839 888 882; x_wconf 92' lang='lat' dir='ltr'><strong>ut</strong></span> <span class='ocrx_word' id='word_1_52' title='bbox 915 831 1212 883; x_wconf 88' lang='lat' dir='ltr'><strong>auferretur</strong></span> <span class='ocrx_word' id='word_1_53' title='bbox 1237 829 1305 883; x_wconf 90' lang='lat' dir='ltr'><strong>ab</strong></span> <span class='ocrx_word' id='word_1_54' title='bbox 1326 848 1390 882; x_wconf 88' lang='lat' dir='ltr'><strong>eo</strong></span> <span class='ocrx_word' id='word_1_55' title='bbox 1416 830 1662 885; x_wconf 85' lang='lat' dir='ltr'><strong>stimulus</strong></span> <span class='ocrx_word' id='word_1_56' title='bbox 1681 831 1855 883; x_wconf 82' lang='lat' dir='ltr'><strong>eat-nis</strong></span> <span class='ocrx_word' id='word_1_57' title='bbox 1879 871 1893 891; x_wconf 96' lang='lat'><strong>,</strong></span> 
     </span>
    </p>
   </div>
   <div class='ocr_carea' id='block_1_8' title="bbox 322 921 1892 985">
    <p class='ocr_par' dir='ltr' id='par_1_8' title="bbox 322 921 1892 985">
     <span class='ocr_line' id='line_1_8' title="bbox 322 921 1892 985; baseline 0.001 -12"><span class='ocrx_word' id='word_1_58' title='bbox 322 930 378 973; x_wconf 92' lang='lat' dir='ltr'><strong>et</strong></span> <span class='ocrx_word' id='word_1_59' title='bbox 410 938 512 973; x_wconf 90' lang='lat' dir='ltr'><strong>non</strong></span> <span class='ocrx_word' id='word_1_60' title='bbox 530 930 613 974; x_wconf 91' lang='lat' dir='ltr'><strong>est</strong></span> <span class='ocrx_word' id='word_1_61' title='bbox 631 921 909 974; x_wconf 85' lang='lat' dir='ltr'><strong>exauditus</strong></span> <span class='ocrx_word' id='word_1_62' title='bbox 941 933 994 974; x_wconf 91' lang='lat' dir='ltr'><strong>ut</strong></span> <span class='ocrx_word' id='word_1_63' title='bbox 1023 921 1355 985; x_wconf 76' lang='lat' dir='ltr'><strong>auferretur;</strong></span> <span class='ocrx_word' id='word_1_64' title='bbox 1387 934 1441 976; x_wconf 89' lang='lat' dir='ltr'><strong>et</strong></span> <span class='ocrx_word' id='word_1_65' title='bbox 1473 923 1668 976; x_wconf 88' lang='lat' dir='ltr'><strong>dictum</strong></span> <span class='ocrx_word' id='word_1_66' title='bbox 1701 932 1782 976; x_wconf 91' lang='lat' dir='ltr'><strong>est</strong></span> <span class='ocrx_word' id='word_1_67' title='bbox 1810 924 1892 976; x_wconf 87' lang='lat' dir='ltr'><strong>ei:</strong></span> 
     </span>
    </p>
   </div>
   <div class='ocr_carea' id='block_1_9' title="bbox 319 1010 1894 1080">
    <p class='ocr_par' dir='ltr' id='par_1_9' title="bbox 319 1010 1894 1080">
     <span class='ocr_line' id='line_1_9' title="bbox 319 1010 1894 1080; baseline 0 -16"><span class='ocrx_word' id='word_1_68' title='bbox 319 1011 514 1078; x_wconf 69' lang='lat' dir='ltr'><strong>Suﬁicit</strong></span> <span class='ocrx_word' id='word_1_69' title='bbox 542 1010 629 1062; x_wconf 87' lang='lat' dir='ltr'><strong>tibi</strong></span> <span class='ocrx_word' id='word_1_70' title='bbox 672 1012 836 1080; x_wconf 88' lang='lat' dir='ltr'><strong>gratia</strong></span> <span class='ocrx_word' id='word_1_71' title='bbox 865 1029 972 1064; x_wconf 88' lang='lat' dir='ltr'><strong>mea</strong></span> <span class='ocrx_word' id='word_1_72' title='bbox 995 1054 1008 1074; x_wconf 94' lang='lat'><strong>,</strong></span> <span class='ocrx_word' id='word_1_73' title='bbox 1050 1029 1168 1064; x_wconf 85' lang='lat' dir='ltr'><strong>nam</strong></span> <span class='ocrx_word' id='word_1_74' title='bbox 1199 1013 1352 1066; x_wconf 83' lang='lat' dir='ltr'><strong>virtus</strong></span> <span class='ocrx_word' id='word_1_75' title='bbox 1382 1014 1431 1064; x_wconf 86' lang='lat' dir='ltr'><strong>in</strong></span> <span class='ocrx_word' id='word_1_76' title='bbox 1461 1013 1751 1080; x_wconf 78' lang='lat' dir='ltr'><strong>inﬁrmitate</strong></span> <span class='ocrx_word' id='word_1_77' title='bbox 1781 1029 1894 1080; x_wconf 84' lang='lat' dir='ltr'><strong>per-</strong></span> 
     </span>
    </p>
   </div>
   <div class='ocr_carea' id='block_1_10' title="bbox 319 1100 1894 1172">
    <p class='ocr_par' dir='ltr' id='par_1_10' title="bbox 319 1100 1894 1172">
     <span class='ocr_line' id='line_1_10' title="bbox 319 1100 1894 1172; baseline 0.003 -21"><span class='ocrx_word' id='word_1_78' title='bbox 319 1103 484 1165; x_wconf 80' lang='lat' dir='ltr'><strong>ﬁcitur</strong></span> <span class='ocrx_word' id='word_1_79' title='bbox 514 1101 579 1166; x_wconf 87' lang='lat' dir='ltr'><strong>(ll</strong></span> <span class='ocrx_word' id='word_1_80' title='bbox 609 1100 726 1155; x_wconf 84' lang='lat' dir='ltr'><strong>Cor.</strong></span> <span class='ocrx_word' id='word_1_81' title='bbox 760 1101 956 1169; x_wconf 76' lang='lat' dir='ltr'><strong>.vn,9).</strong></span> <span class='ocrx_word' id='word_1_82' title='bbox 987 1104 1123 1172; x_wconf 78' lang='lat' dir='ltr'><strong>Ergo</strong></span> <span class='ocrx_word' id='word_1_83' title='bbox 1159 1119 1261 1156; x_wconf 92' lang='lat' dir='ltr'><strong>non</strong></span> <span class='ocrx_word' id='word_1_84' title='bbox 1318 1115 1400 1156; x_wconf 87' lang='lat' dir='ltr'><strong>est</strong></span> <span class='ocrx_word' id='word_1_85' title='bbox 1443 1104 1750 1162; x_wconf 78' lang='lat' dir='ltr'><strong>exauditus;</strong></span> <span class='ocrx_word' id='word_1_86' title='bbox 1804 1103 1894 1156; x_wconf 83' lang='lat' dir='ltr'><strong>sed</strong></span> 
     </span>
    </p>
   </div>
   <div class='ocr_carea' id='block_1_11' title="bbox 320 1191 1897 1262">
    <p class='ocr_par' dir='ltr' id='par_1_11' title="bbox 320 1191 1897 1262">
     <span class='ocr_line' id='line_1_11' title="bbox 320 1191 1897 1262; baseline 0.003 -21"><span class='ocrx_word' id='word_1_87' title='bbox 320 1208 423 1242; x_wconf 83' lang='lat' dir='ltr'><strong>non</strong></span> <span class='ocrx_word' id='word_1_88' title='bbox 452 1191 516 1244; x_wconf 90' lang='lat' dir='ltr'><strong>ad</strong></span> <span class='ocrx_word' id='word_1_89' title='bbox 559 1191 936 1259; x_wconf 87' lang='lat' dir='ltr'><strong>insipientiam,</strong></span> <span class='ocrx_word' id='word_1_90' title='bbox 965 1194 1056 1245; x_wconf 90' lang='lat' dir='ltr'><strong>sed</strong></span> <span class='ocrx_word' id='word_1_91' title='bbox 1087 1193 1150 1244; x_wconf 88' lang='lat' dir='ltr'><strong>ad</strong></span> <span class='ocrx_word' id='word_1_92' title='bbox 1178 1194 1490 1261; x_wconf 89' lang='lat' dir='ltr'><strong>sapientiam</strong></span> <span class='ocrx_word' id='word_1_93' title='bbox 1518 1211 1530 1246; x_wconf 92' lang='lat'><strong>:</strong></span> <span class='ocrx_word' id='word_1_94' title='bbox 1556 1203 1611 1247; x_wconf 88' lang='grc' dir='ltr'><strong>ιιι</strong></span> <span class='ocrx_word' id='word_1_95' title='bbox 1641 1194 1897 1262; x_wconf 75' lang='lat' dir='ltr'><strong>intelligat</strong></span> 
     </span>
    </p>
   </div>
   <div class='ocr_carea' id='block_1_12' title="bbox 319 1285 1895 1350">
    <p class='ocr_par' dir='ltr' id='par_1_12' title="bbox 319 1285 1895 1350">
     <span class='ocr_line' id='line_1_12' title="bbox 319 1285 1895 1350; baseline 0 -14"><span class='ocrx_word' id='word_1_96' title='bbox 319 1288 476 1338; x_wconf 88' lang='lat' dir='ltr'><strong>homo</strong></span> <span class='ocrx_word' id='word_1_97' title='bbox 509 1285 774 1339; x_wconf 79' lang='lat' dir='ltr'><strong>medicum</strong></span> <span class='ocrx_word' id='word_1_98' title='bbox 804 1301 922 1339; x_wconf 90' lang='lat' dir='ltr'><strong>esse</strong></span> <span class='ocrx_word' id='word_1_99' title='bbox 953 1287 1137 1350; x_wconf 79' lang='lat' dir='ltr'><strong>Deum,</strong></span> <span class='ocrx_word' id='word_1_100' title='bbox 1162 1296 1216 1339; x_wconf 89' lang='lat' dir='ltr'><strong>et</strong></span> <span class='ocrx_word' id='word_1_101' title='bbox 1243 1286 1634 1340; x_wconf 82' lang='lat' dir='ltr'><strong>tribulationem</strong></span> <span class='ocrx_word' id='word_1_102' title='bbox 1667 1287 1895 1340; x_wconf 81' lang='lat' dir='ltr'><strong>medica-</strong></span> 
     </span>
    </p>
   </div>
   <div class='ocr_carea' id='block_1_13' title="bbox 319 1375 1892 1445">
    <p class='ocr_par' dir='ltr' id='par_1_13' title="bbox 319 1375 1892 1445">
     <span class='ocr_line' id='line_1_13' title="bbox 319 1375 1892 1445; baseline 0.002 -20"><span class='ocrx_word' id='word_1_103' title='bbox 319 1385 555 1429; x_wconf 90' lang='lat' dir='ltr'><strong>mentum</strong></span> <span class='ocrx_word' id='word_1_104' title='bbox 598 1391 718 1429; x_wconf 88' lang='lat' dir='ltr'><strong>esse</strong></span> <span class='ocrx_word' id='word_1_105' title='bbox 761 1375 829 1430; x_wconf 87' lang='lat' dir='ltr'><strong>ad</strong></span> <span class='ocrx_word' id='word_1_106' title='bbox 856 1375 1110 1441; x_wconf 90' lang='lat' dir='ltr'><strong>salutem,</strong></span> <span class='ocrx_word' id='word_1_107' title='bbox 1155 1392 1258 1430; x_wconf 87' lang='lat' dir='ltr'><strong>non</strong></span> <span class='ocrx_word' id='word_1_108' title='bbox 1302 1393 1509 1445; x_wconf 71' lang='lat' dir='ltr'><strong>ptenam</strong></span> <span class='ocrx_word' id='word_1_109' title='bbox 1558 1379 1623 1431; x_wconf 88' lang='lat' dir='ltr'><strong>ad</strong></span> <span class='ocrx_word' id='word_1_110' title='bbox 1671 1379 1892 1432; x_wconf 84' lang='lat' dir='ltr'><strong>damna-</strong></span> 
     </span>
    </p>
   </div>
   <div class='ocr_carea' id='block_1_14' title="bbox 319 1465 1892 1536">
    <p class='ocr_par' dir='ltr' id='par_1_14' title="bbox 319 1465 1892 1536">
     <span class='ocr_line' id='line_1_14' title="bbox 319 1465 1892 1536; baseline 0.003 -20"><span class='ocrx_word' id='word_1_111' title='bbox 319 1467 534 1519; x_wconf 84' lang='lat' dir='ltr'><strong>tionem.</strong></span> <span class='ocrx_word' id='word_1_112' title='bbox 578 1465 690 1521; x_wconf 90' lang='lat' dir='ltr'><strong>Sub</strong></span> <span class='ocrx_word' id='word_1_113' title='bbox 734 1466 1124 1522; x_wconf 88' lang='lat' dir='ltr'><strong>medicamento</strong></span> <span class='ocrx_word' id='word_1_114' title='bbox 1171 1469 1372 1536; x_wconf 88' lang='lat' dir='ltr'><strong>positus</strong></span> <span class='ocrx_word' id='word_1_115' title='bbox 1417 1469 1614 1533; x_wconf 80' lang='lat' dir='ltr'><strong>ureris,</strong></span> <span class='ocrx_word' id='word_1_116' title='bbox 1665 1472 1892 1534; x_wconf 73' lang='lat' dir='ltr'><strong>securis,</strong></span> 
     </span>
    </p>
   </div>
   <div class='ocr_carea' id='block_1_15' title="bbox 317 1555 1897 1624">
    <p class='ocr_par' dir='ltr' id='par_1_15' title="bbox 317 1555 1897 1624">
     <span class='ocr_line' id='line_1_15' title="bbox 317 1555 1897 1624; baseline 0.007 -20"><span class='ocrx_word' id='word_1_117' title='bbox 317 1555 549 1610; x_wconf 85' lang='lat' dir='ltr'><strong>clamas:</strong></span> <span class='ocrx_word' id='word_1_118' title='bbox 569 1571 676 1610; x_wconf 86' lang='lat' dir='ltr'><strong>non</strong></span> <span class='ocrx_word' id='word_1_119' title='bbox 703 1557 852 1610; x_wconf 86' lang='lat' dir='ltr'><strong>audit</strong></span> <span class='ocrx_word' id='word_1_120' title='bbox 874 1557 1113 1612; x_wconf 85' lang='lat' dir='ltr'><strong>medicus</strong></span> <span class='ocrx_word' id='word_1_121' title='bbox 1139 1558 1204 1612; x_wconf 87' lang='lat' dir='ltr'><strong>ad</strong></span> <span class='ocrx_word' id='word_1_122' title='bbox 1231 1559 1553 1613; x_wconf 82' lang='lat' dir='ltr'><strong>voluntatem</strong></span> <span class='ocrx_word' id='word_1_123' title='bbox 1571 1601 1584 1624; x_wconf 94' lang='lat'><strong>,</strong></span> <span class='ocrx_word' id='word_1_124' title='bbox 1625 1560 1718 1614; x_wconf 90' lang='lat' dir='ltr'><strong>sed</strong></span> <span class='ocrx_word' id='word_1_125' title='bbox 1747 1561 1897 1615; x_wconf 83' lang='lat' dir='ltr'><strong>audit</strong></span> 
     </span>
    </p>
   </div>
   <div class='ocr_carea' id='block_1_16' title="bbox 316 1645 712 1700">
    <p class='ocr_par' dir='ltr' id='par_1_16' title="bbox 316 1645 712 1700">
     <span class='ocr_line' id='line_1_16' title="bbox 316 1645 712 1700; baseline 0.005 -4"><span class='ocrx_word' id='word_1_126' title='bbox 316 1645 378 1697; x_wconf 88' lang='lat' dir='ltr'><strong>ad</strong></span> <span class='ocrx_word' id='word_1_127' title='bbox 408 1647 712 1700; x_wconf 79' lang='lat' dir='ltr'><strong>sanitatem.</strong></span> 
     </span>
    </p>
   </div>
   <div class='ocr_carea' id='block_1_17' title="bbox 384 1735 1894 1809">
    <p class='ocr_par' dir='ltr' id='par_1_17' title="bbox 384 1735 1894 1809">
     <span class='ocr_line' id='line_1_17' title="bbox 384 1735 1894 1809; baseline 0.004 -19"><span class='ocrx_word' id='word_1_128' title='bbox 384 1737 436 1790; x_wconf 79' lang='lat'><strong>5.</strong></span> <span class='ocrx_word' id='word_1_129' title='bbox 471 1735 622 1807; x_wconf 58' lang='lat' dir='ltr'><strong>[vers</strong></span> <span class='ocrx_word' id='word_1_130' title='bbox 654 1735 731 1809; x_wconf 78' lang='grc'>4.]</span> <span class='ocrx_word' id='word_1_131' title='bbox 765 1736 843 1790; x_wconf 84' lang='lat' dir='ltr'><strong>Tu</strong></span> <span class='ocrx_word' id='word_1_132' title='bbox 884 1748 1050 1792; x_wconf 88' lang='lat' dir='ltr'><strong>autem</strong></span> <span class='ocrx_word' id='word_1_133' title='bbox 1090 1739 1142 1791; x_wconf 89' lang='lat' dir='ltr'><strong>in</strong></span> <span class='ocrx_word' id='word_1_134' title='bbox 1185 1749 1356 1793; x_wconf 85' lang='lat' dir='ltr'><strong>sancto</strong></span> <span class='ocrx_word' id='word_1_135' title='bbox 1399 1740 1621 1806; x_wconf 80' lang='lat' dir='ltr'><strong>habitas,</strong></span> <span class='ocrx_word' id='word_1_136' title='bbox 1668 1742 1780 1794; x_wconf 82' lang='lat' dir='ltr'><strong>laus</strong></span> <span class='ocrx_word' id='word_1_137' title='bbox 1811 1741 1894 1796; x_wconf 85' lang='lat' dir='ltr'><strong>ls-</strong></span> 
     </span>
    </p>
   </div>
   <div class='ocr_carea' id='block_1_18' title="bbox 313 1827 1898 1902">
    <p class='ocr_par' dir='ltr' id='par_1_18' title="bbox 313 1827 1898 1902">
     <span class='ocr_line' id='line_1_18' title="bbox 313 1827 1898 1902; baseline 0.005 -24"><span class='ocrx_word' id='word_1_138' title='bbox 313 1828 437 1879; x_wconf 82' lang='lat' dir='ltr'><strong>rael.</strong></span> <span class='ocrx_word' id='word_1_139' title='bbox 473 1827 528 1880; x_wconf 89' lang='lat' dir='ltr'><strong>In</strong></span> <span class='ocrx_word' id='word_1_140' title='bbox 560 1828 664 1881; x_wconf 87' lang='lat' dir='ltr'><strong>illis</strong></span> <span class='ocrx_word' id='word_1_141' title='bbox 694 1827 896 1883; x_wconf 87' lang='lat' dir='ltr'><strong>habitas</strong></span> <span class='ocrx_word' id='word_1_142' title='bbox 915 1870 930 1894; x_wconf 92' lang='lat'><strong>,</strong></span> <span class='ocrx_word' id='word_1_143' title='bbox 962 1844 1096 1898; x_wconf 87' lang='lat' dir='ltr'><strong>quos</strong></span> <span class='ocrx_word' id='word_1_144' title='bbox 1122 1831 1458 1884; x_wconf 84' lang='lat' dir='ltr'><strong>sanctificasti</strong></span> <span class='ocrx_word' id='word_1_145' title='bbox 1479 1873 1492 1889; x_wconf 89' lang='lat'><strong>,</strong></span> <span class='ocrx_word' id='word_1_146' title='bbox 1531 1842 1584 1885; x_wconf 91' lang='lat' dir='ltr'><strong>et</strong></span> <span class='ocrx_word' id='word_1_147' title='bbox 1609 1849 1741 1902; x_wconf 86' lang='lat' dir='ltr'><strong>quos</strong></span> <span class='ocrx_word' id='word_1_148' title='bbox 1770 1833 1898 1889; x_wconf 84' lang='lat' dir='ltr'><strong>facis</strong></span> 
     </span>
    </p>
   </div>
   <div class='ocr_carea' id='block_1_19' title="bbox 316 1914 1892 2002">
    <p class='ocr_par' dir='ltr' id='par_1_19' title="bbox 316 1914 1892 2002">
     <span class='ocr_line' id='line_1_19' title="bbox 316 1914 1892 2002; baseline 0.006 -32"><span class='ocrx_word' id='word_1_149' title='bbox 316 1918 612 1988; x_wconf 70' lang='lat' dir='ltr'><strong>intelligere</strong></span> <span class='ocrx_word' id='word_1_150' title='bbox 641 1921 760 1986; x_wconf 85' lang='lat' dir='ltr'><strong>quia</strong></span> <span class='ocrx_word' id='word_1_151' title='bbox 800 1919 866 1973; x_wconf 89' lang='lat' dir='ltr'><strong>ad</strong></span> <span class='ocrx_word' id='word_1_152' title='bbox 908 1921 1186 1975; x_wconf 85' lang='lat' dir='ltr'><strong>utilitatem</strong></span> <span class='ocrx_word' id='word_1_153' title='bbox 1216 1923 1469 2002; x_wconf 79' lang='lat' dir='ltr'><strong>quosdam</strong></span> <span class='ocrx_word' id='word_1_154' title='bbox 1499 1939 1602 1977; x_wconf 90' lang='lat' dir='ltr'><strong>non</strong></span> <span class='ocrx_word' id='word_1_155' title='bbox 1633 1914 1855 1978; x_wconf 82' lang='lat' dir='ltr'><strong>exaudis</strong></span> <span class='ocrx_word' id='word_1_156' title='bbox 1878 1968 1892 1989; x_wconf 91' lang='lat'><strong>,</strong></span> 
     </span>
    </p>
   </div>
   <div class='ocr_carea' id='block_1_20' title="bbox 314 2011 1893 2082">
    <p class='ocr_par' dir='ltr' id='par_1_20' title="bbox 314 2011 1893 2082">
     <span class='ocr_line' id='line_1_20' title="bbox 314 2011 1893 2082; baseline 0.005 -19"><span class='ocrx_word' id='word_1_157' title='bbox 314 2020 366 2064; x_wconf 90' lang='lat' dir='ltr'><strong>et</strong></span> <span class='ocrx_word' id='word_1_158' title='bbox 405 2011 471 2065; x_wconf 90' lang='lat' dir='ltr'><strong>ad</strong></span> <span class='ocrx_word' id='word_1_159' title='bbox 504 2011 897 2066; x_wconf 86' lang='lat' dir='ltr'><strong>damnationem</strong></span> <span class='ocrx_word' id='word_1_160' title='bbox 925 2013 1180 2082; x_wconf 88' lang='lat' dir='ltr'><strong>quosdam</strong></span> <span class='ocrx_word' id='word_1_161' title='bbox 1211 2015 1444 2068; x_wconf 80' lang='lat' dir='ltr'><strong>exaudis.</strong></span> <span class='ocrx_word' id='word_1_162' title='bbox 1495 2016 1574 2070; x_wconf 88' lang='lat' dir='ltr'><strong>Ad</strong></span> <span class='ocrx_word' id='word_1_163' title='bbox 1617 2018 1893 2072; x_wconf 89' lang='lat' dir='ltr'><strong>utilita:cm</strong></span> 
     </span>
    </p>
   </div>
   <div class='ocr_carea' id='block_1_21' title="bbox 316 2103 1896 2163">
    <p class='ocr_par' dir='ltr' id='par_1_21' title="bbox 316 2103 1896 2163">
     <span class='ocr_line' id='line_1_21' title="bbox 316 2103 1896 2163; baseline 0.005 -9"><span class='ocrx_word' id='word_1_164' title='bbox 316 2120 415 2156; x_wconf 88' lang='lat' dir='ltr'><strong>non</strong></span> <span class='ocrx_word' id='word_1_165' title='bbox 447 2113 530 2156; x_wconf 80' lang='lat' dir='ltr'><strong>est</strong></span> <span class='ocrx_word' id='word_1_166' title='bbox 556 2103 833 2158; x_wconf 82' lang='lat' dir='ltr'><strong>exauditus</strong></span> <span class='ocrx_word' id='word_1_167' title='bbox 860 2104 1074 2163; x_wconf 79' lang='lat' dir='ltr'><strong>Paulus.</strong></span> <span class='ocrx_word' id='word_1_168' title='bbox 1105 2107 1169 2157; x_wconf 89' lang='lat' dir='ltr'><strong>ad</strong></span> <span class='ocrx_word' id='word_1_169' title='bbox 1198 2105 1589 2160; x_wconf 82' lang='lat' dir='ltr'><strong>damnationem</strong></span> <span class='ocrx_word' id='word_1_170' title='bbox 1619 2111 1896 2162; x_wconf 88' lang='lat' dir='ltr'><strong>exauditus</strong></span> 
     </span>
    </p>
   </div>
   <div class='ocr_carea' id='block_1_22' title="bbox 314 2196 1893 2262">
    <p class='ocr_par' dir='ltr' id='par_1_22' title="bbox 314 2196 1893 2262">
     <span class='ocr_line' id='line_1_22' title="bbox 314 2196 1893 2262; baseline 0.001 -13"><span class='ocrx_word' id='word_1_171' title='bbox 314 2205 392 2250; x_wconf 89' lang='lat' dir='ltr'><strong>est</strong></span> <span class='ocrx_word' id='word_1_172' title='bbox 431 2197 694 2250; x_wconf 86' lang='lat' dir='ltr'><strong>diabolus.</strong></span> <span class='ocrx_word' id='word_1_173' title='bbox 725 2196 876 2251; x_wconf 84' lang='lat' dir='ltr'><strong>Petiil</strong></span> <span class='ocrx_word' id='word_1_174' title='bbox 904 2196 1004 2251; x_wconf 83' lang='lat' dir='ltr'><strong>Job</strong></span> <span class='ocrx_word' id='word_1_175' title='bbox 1032 2196 1096 2250; x_wconf 90' lang='lat' dir='ltr'><strong>ad</strong></span> <span class='ocrx_word' id='word_1_176' title='bbox 1126 2196 1432 2250; x_wconf 89' lang='lat' dir='ltr'><strong>tentandum</strong></span> <span class='ocrx_word' id='word_1_177' title='bbox 1455 2239 1469 2262; x_wconf 90' lang='lat'><strong>,</strong></span> <span class='ocrx_word' id='word_1_178' title='bbox 1501 2207 1556 2252; x_wconf 89' lang='lat' dir='ltr'><strong>et</strong></span> <span class='ocrx_word' id='word_1_179' title='bbox 1582 2213 1893 2253; x_wconf 86' lang='lat' dir='ltr'><strong>concessum</strong></span> 
     </span>
    </p>
   </div>
   <div class='ocr_carea' id='block_1_23' title="bbox 315 2287 1892 2359">
    <p class='ocr_par' dir='ltr' id='par_1_23' title="bbox 315 2287 1892 2359">
     <span class='ocr_line' id='line_1_23' title="bbox 315 2287 1892 2359; baseline 0.002 -20"><span class='ocrx_word' id='word_1_180' title='bbox 315 2299 390 2342; x_wconf 88' lang='lat' dir='ltr'><strong>est</strong></span> <span class='ocrx_word' id='word_1_181' title='bbox 420 2288 544 2359; x_wconf 82' lang='lat' dir='ltr'><strong>(Job</strong></span> <span class='ocrx_word' id='word_1_182' title='bbox 598 2305 634 2348; x_wconf 86' lang='grc' dir='ltr'>ι,</span> <span class='ocrx_word' id='word_1_183' title='bbox 668 2289 778 2358; x_wconf 73' lang='lat' dir='ltr'><strong>tl).</strong></span> <span class='ocrx_word' id='word_1_184' title='bbox 813 2289 1091 2343; x_wconf 63' lang='lat' dir='ltr'><strong>Daemones</strong></span> <span class='ocrx_word' id='word_1_185' title='bbox 1119 2287 1384 2358; x_wconf 88' lang='lat' dir='ltr'><strong>petierunt</strong></span> <span class='ocrx_word' id='word_1_186' title='bbox 1409 2303 1466 2343; x_wconf 89' lang='lat' dir='ltr'><strong>se</strong></span> <span class='ocrx_word' id='word_1_187' title='bbox 1498 2291 1574 2345; x_wconf 91' lang='lat' dir='ltr'><strong>ire</strong></span> <span class='ocrx_word' id='word_1_188' title='bbox 1604 2290 1655 2344; x_wconf 91' lang='lat' dir='ltr'><strong>in</strong></span> <span class='ocrx_word' id='word_1_189' title='bbox 1684 2305 1892 2359; x_wconf 89' lang='lat' dir='ltr'><strong>porcos,</strong></span> 
     </span>
    </p>
   </div>
   <div class='ocr_carea' id='block_1_24' title="bbox 315 2369 1898 2453">
    <p class='ocr_par' dir='ltr' id='par_1_24' title="bbox 315 2369 1898 2453">
     <span class='ocr_line' id='line_1_24' title="bbox 315 2369 1898 2453; baseline 0.001 -19"><span class='ocrx_word' id='word_1_190' title='bbox 315 2390 366 2434; x_wconf 89' lang='lat' dir='ltr'><strong>et</strong></span> <span class='ocrx_word' id='word_1_191' title='bbox 391 2379 626 2435; x_wconf 75' lang='lat' dir='ltr'><strong>exauditi</strong></span> <span class='ocrx_word' id='word_1_192' title='bbox 652 2390 774 2434; x_wconf 88' lang='lat' dir='ltr'><strong>sunt</strong></span> <span class='ocrx_word' id='word_1_193' title='bbox 792 2379 1003 2453; x_wconf 77' lang='lat' dir='ltr'><strong>(Matth.</strong></span> <span class='ocrx_word' id='word_1_194' title='bbox 1037 2369 1148 2444; x_wconf 88' lang='lat' dir='ltr'><strong>vm,</strong></span> <span class='ocrx_word' id='word_1_195' title='bbox 1168 2380 1279 2450; x_wconf 79' lang='lat' dir='ltr'><strong>5i).</strong></span> <span class='ocrx_word' id='word_1_196' title='bbox 1302 2380 1583 2437; x_wconf 71' lang='lat' dir='ltr'><strong>Dmmones</strong></span> <span class='ocrx_word' id='word_1_197' title='bbox 1608 2381 1898 2436; x_wconf 88' lang='lat' dir='ltr'><strong>exaudiun-</strong></span> 
     </span>
    </p>
   </div>
   <div class='ocr_carea' id='block_1_25' title="bbox 319 2471 1898 2542">
    <p class='ocr_par' dir='ltr' id='par_1_25' title="bbox 319 2471 1898 2542">
     <span class='ocr_line' id='line_1_25' title="bbox 319 2471 1898 2542; baseline 0.001 -17"><span class='ocrx_word' id='word_1_198' title='bbox 319 2484 431 2530; x_wconf 88' lang='lat' dir='ltr'><strong>tnr.</strong></span> <span class='ocrx_word' id='word_1_199' title='bbox 464 2471 754 2542; x_wconf 81' lang='lat' dir='ltr'><strong>Apostolus</strong></span> <span class='ocrx_word' id='word_1_200' title='bbox 783 2486 889 2527; x_wconf 90' lang='lat' dir='ltr'><strong>non</strong></span> <span class='ocrx_word' id='word_1_201' title='bbox 931 2471 1211 2526; x_wconf 79' lang='lat' dir='ltr'><strong>exauditur</strong></span> <span class='ocrx_word' id='word_1_202' title='bbox 1243 2489 1255 2524; x_wconf 89' lang='lat'><strong>:</strong></span> <span class='ocrx_word' id='word_1_203' title='bbox 1289 2472 1381 2526; x_wconf 90' lang='lat' dir='ltr'><strong>sed</strong></span> <span class='ocrx_word' id='word_1_204' title='bbox 1424 2472 1495 2527; x_wconf 90' lang='lat' dir='ltr'><strong>illi</strong></span> <span class='ocrx_word' id='word_1_205' title='bbox 1542 2472 1898 2528; x_wconf 89' lang='lat' dir='ltr'><strong>exaudiuntur</strong></span> 
     </span>
    </p>
   </div>
   <div class='ocr_carea' id='block_1_26' title="bbox 318 2563 1893 2633">
    <p class='ocr_par' dir='ltr' id='par_1_26' title="bbox 318 2563 1893 2633">
     <span class='ocr_line' id='line_1_26' title="bbox 318 2563 1893 2633; baseline 0.003 -18"><span class='ocrx_word' id='word_1_206' title='bbox 318 2566 379 2616; x_wconf 88' lang='lat' dir='ltr'><strong>ad</strong></span> <span class='ocrx_word' id='word_1_207' title='bbox 396 2564 812 2630; x_wconf 78' lang='lat' dir='ltr'><strong>damnationem,</strong></span> <span class='ocrx_word' id='word_1_208' title='bbox 833 2564 1116 2633; x_wconf 86' lang='lat' dir='ltr'><strong>Apostolus</strong></span> <span class='ocrx_word' id='word_1_209' title='bbox 1133 2578 1236 2616; x_wconf 93' lang='lat' dir='ltr'><strong>non</strong></span> <span class='ocrx_word' id='word_1_210' title='bbox 1253 2563 1534 2618; x_wconf 84' lang='lat' dir='ltr'><strong>exauditur</strong></span> <span class='ocrx_word' id='word_1_211' title='bbox 1548 2563 1615 2618; x_wconf 91' lang='lat' dir='ltr'><strong>ad</strong></span> <span class='ocrx_word' id='word_1_212' title='bbox 1636 2564 1858 2620; x_wconf 91' lang='lat' dir='ltr'><strong>salutem</strong></span> <span class='ocrx_word' id='word_1_213' title='bbox 1879 2581 1893 2620; x_wconf 87' lang='lat'><strong>:</strong></span> 
     </span>
    </p>
   </div>
   <div class='ocr_carea' id='block_1_27' title="bbox 318 2654 1900 2724">
    <p class='ocr_par' dir='ltr' id='par_1_27' title="bbox 318 2654 1900 2724">
     <span class='ocr_line' id='line_1_27' title="bbox 318 2654 1900 2724; baseline 0 -16"><span class='ocrx_word' id='word_1_214' title='bbox 318 2658 430 2724; x_wconf 82' lang='lat' dir='ltr'><strong>quia</strong></span> <span class='ocrx_word' id='word_1_215' title='bbox 453 2674 554 2710; x_wconf 89' lang='lat' dir='ltr'><strong>non</strong></span> <span class='ocrx_word' id='word_1_216' title='bbox 583 2657 650 2709; x_wconf 82' lang='lat' dir='ltr'><strong>ad</strong></span> <span class='ocrx_word' id='word_1_217' title='bbox 687 2656 1028 2724; x_wconf 80' lang='lat' dir='ltr'><strong>insipientiam</strong></span> <span class='ocrx_word' id='word_1_218' title='bbox 1055 2656 1196 2709; x_wconf 86' lang='lat' dir='ltr'><strong>mihi.</strong></span> <span class='ocrx_word' id='word_1_219' title='bbox 1233 2654 1308 2708; x_wconf 86' lang='lat' dir='ltr'><strong>Tu</strong></span> <span class='ocrx_word' id='word_1_220' title='bbox 1336 2665 1502 2708; x_wconf 88' lang='lat' dir='ltr'><strong>autem</strong></span> <span class='ocrx_word' id='word_1_221' title='bbox 1532 2656 1584 2708; x_wconf 91' lang='lat' dir='ltr'><strong>in</strong></span> <span class='ocrx_word' id='word_1_222' title='bbox 1608 2665 1780 2709; x_wconf 84' lang='lat' dir='ltr'><strong>sancto</strong></span> <span class='ocrx_word' id='word_1_223' title='bbox 1807 2656 1900 2708; x_wconf 79' lang='lat' dir='ltr'><strong>Ita-</strong></span> 
     </span>
    </p>
   </div>
   <div class='ocr_carea' id='block_1_28' title="bbox 318 2745 1896 2814">
    <p class='ocr_par' dir='ltr' id='par_1_28' title="bbox 318 2745 1896 2814">
     <span class='ocr_line' id='line_1_28' title="bbox 318 2745 1896 2814; baseline -0.001 -14"><span class='ocrx_word' id='word_1_224' title='bbox 318 2749 472 2814; x_wconf 84' lang='lat' dir='ltr'><strong>bitas,</strong></span> <span class='ocrx_word' id='word_1_225' title='bbox 505 2747 617 2800; x_wconf 83' lang='lat' dir='ltr'><strong>laus</strong></span> <span class='ocrx_word' id='word_1_226' title='bbox 655 2745 839 2801; x_wconf 84' lang='lat' dir='ltr'><strong>Israel.</strong></span> <span class='ocrx_word' id='word_1_227' title='bbox 870 2746 1043 2812; x_wconf 86' lang='lat' dir='ltr'><strong>Quare</strong></span> <span class='ocrx_word' id='word_1_228' title='bbox 1080 2760 1183 2800; x_wconf 91' lang='lat' dir='ltr'><strong>non</strong></span> <span class='ocrx_word' id='word_1_229' title='bbox 1210 2745 1427 2800; x_wconf 86' lang='lat' dir='ltr'><strong>exaudis</strong></span> <span class='ocrx_word' id='word_1_230' title='bbox 1455 2754 1510 2800; x_wconf 89' lang='lat' dir='ltr'><strong>et</strong></span> <span class='ocrx_word' id='word_1_231' title='bbox 1538 2745 1691 2800; x_wconf 89' lang='lat' dir='ltr'><strong>tuos?</strong></span> <span class='ocrx_word' id='word_1_232' title='bbox 1721 2745 1896 2811; x_wconf 87' lang='lat' dir='ltr'><strong>Quare</strong></span> 
     </span>
    </p>
   </div>
   <div class='ocr_carea' id='block_1_29' title="bbox 318 2837 1901 2906">
    <p class='ocr_par' dir='ltr' id='par_1_29' title="bbox 318 2837 1901 2906">
     <span class='ocr_line' id='line_1_29' title="bbox 318 2837 1901 2906; baseline -0.001 -13"><span class='ocrx_word' id='word_1_233' title='bbox 318 2841 432 2895; x_wconf 88' lang='lat' dir='ltr'><strong>dico</strong></span> <span class='ocrx_word' id='word_1_234' title='bbox 484 2840 631 2894; x_wconf 85' lang='lat' dir='ltr'><strong>ista?</strong></span> <span class='ocrx_word' id='word_1_235' title='bbox 667 2839 983 2906; x_wconf 69' lang='lat' dir='ltr'><strong>hietttcntotc</strong></span> <span class='ocrx_word' id='word_1_236' title='bbox 1009 2852 1219 2906; x_wconf 89' lang='lat' dir='ltr'><strong>semper</strong></span> <span class='ocrx_word' id='word_1_237' title='bbox 1265 2837 1386 2902; x_wconf 88' lang='lat' dir='ltr'><strong>dici,</strong></span> <span class='ocrx_word' id='word_1_238' title='bbox 1421 2837 1529 2891; x_wconf 91' lang='lat' dir='ltr'><strong>Deo</strong></span> <span class='ocrx_word' id='word_1_239' title='bbox 1572 2837 1787 2906; x_wconf 81' lang='lat' dir='ltr'><strong>gratias.</strong></span> <span class='ocrx_word' id='word_1_240' title='bbox 1832 2837 1901 2891; x_wconf 89' lang='lat' dir='ltr'><strong>Et</strong></span> 
     </span>
    </p>
   </div>
   <div class='ocr_carea' id='block_1_30' title="bbox 326 2927 1897 3010">
    <p class='ocr_par' dir='ltr' id='par_1_30' title="bbox 326 2927 1897 3010">
     <span class='ocr_line' id='line_1_30' title="bbox 326 2927 1897 3010; baseline -0.003 -24"><span class='ocrx_word' id='word_1_241' title='bbox 326 2947 511 3001; x_wconf 80' lang='lat' dir='ltr'><strong>magna</strong></span> <span class='ocrx_word' id='word_1_242' title='bbox 566 2941 650 2985; x_wconf 79' lang='lat' dir='ltr'><strong>est</strong></span> <span class='ocrx_word' id='word_1_243' title='bbox 702 2931 786 2986; x_wconf 91' lang='lat' dir='ltr'><strong>hic</strong></span> <span class='ocrx_word' id='word_1_244' title='bbox 814 2929 1125 3001; x_wconf 88' lang='lat' dir='ltr'><strong>multitudo,</strong></span> <span class='ocrx_word' id='word_1_245' title='bbox 1154 2937 1208 2982; x_wconf 89' lang='lat' dir='ltr'><strong>et</strong></span> <span class='ocrx_word' id='word_1_246' title='bbox 1231 2927 1323 3010; x_wconf 83' lang='lat' dir='ltr'><strong>qui</strong></span> <span class='ocrx_word' id='word_1_247' title='bbox 1347 2944 1451 2982; x_wconf 90' lang='lat' dir='ltr'><strong>non</strong></span> <span class='ocrx_word' id='word_1_248' title='bbox 1479 2928 1652 2982; x_wconf 84' lang='lat' dir='ltr'><strong>solent</strong></span> <span class='ocrx_word' id='word_1_249' title='bbox 1683 2928 1897 2994; x_wconf 88' lang='lat' dir='ltr'><strong>venire,</strong></span> 
     </span>
    </p>
   </div>
   <div class='ocr_carea' id='block_1_31' title="bbox 321 3019 1899 3089">
    <p class='ocr_par' dir='ltr' id='par_1_31' title="bbox 321 3019 1899 3089">
     <span class='ocr_line' id='line_1_31' title="bbox 321 3019 1899 3089; baseline -0.001 -15"><span class='ocrx_word' id='word_1_250' title='bbox 321 3035 579 3078; x_wconf 75' lang='lat' dir='ltr'><strong>venerunt</strong></span> <span class='ocrx_word' id='word_1_251' title='bbox 612 3041 627 3078; x_wconf 89' lang='lat'><strong>:</strong></span> <span class='ocrx_word' id='word_1_252' title='bbox 661 3021 906 3076; x_wconf 88' lang='lat' dir='ltr'><strong>omnibus</strong></span> <span class='ocrx_word' id='word_1_253' title='bbox 930 3021 1068 3084; x_wconf 91' lang='lat' dir='ltr'><strong>dico,</strong></span> <span class='ocrx_word' id='word_1_254' title='bbox 1103 3021 1223 3089; x_wconf 89' lang='lat' dir='ltr'><strong>quia</strong></span> <span class='ocrx_word' id='word_1_255' title='bbox 1255 3021 1305 3072; x_wconf 92' lang='lat' dir='ltr'><strong>in</strong></span> <span class='ocrx_word' id='word_1_256' title='bbox 1335 3019 1670 3073; x_wconf 89' lang='lat' dir='ltr'><strong>tribulatione</strong></span> <span class='ocrx_word' id='word_1_257' title='bbox 1698 3019 1899 3089; x_wconf 89' lang='lat' dir='ltr'><strong>positus</strong></span> 
     </span>
    </p>
   </div>
   <div class='ocr_carea' id='block_1_32' title="bbox 318 3112 1892 3183">
    <p class='ocr_par' dir='ltr' id='par_1_32' title="bbox 318 3112 1892 3183">
     <span class='ocr_line' id='line_1_32' title="bbox 318 3112 1892 3183; baseline -0.004 -12"><span class='ocrx_word' id='word_1_258' title='bbox 318 3117 637 3172; x_wconf 77' lang='lat' dir='ltr'><strong>christianos</strong></span> <span class='ocrx_word' id='word_1_259' title='bbox 669 3115 950 3183; x_wconf 80' lang='lat' dir='ltr'><strong>probatur,</strong></span> <span class='ocrx_word' id='word_1_260' title='bbox 995 3116 1038 3165; x_wconf 90' lang='lat' dir='ltr'><strong>si</strong></span> <span class='ocrx_word' id='word_1_261' title='bbox 1071 3130 1174 3166; x_wconf 91' lang='lat' dir='ltr'><strong>non</strong></span> <span class='ocrx_word' id='word_1_262' title='bbox 1216 3112 1494 3181; x_wconf 73' lang='lat' dir='ltr'><strong>dereliquit</strong></span> <span class='ocrx_word' id='word_1_263' title='bbox 1524 3113 1686 3164; x_wconf 90' lang='lat' dir='ltr'><strong>Deum</strong></span> <span class='ocrx_word' id='word_1_264' title='bbox 1717 3127 1892 3164; x_wconf 87' lang='lat' dir='ltr'><strong>sutnn.</strong></span> 
     </span>
    </p>
   </div>
   <div class='ocr_carea' id='block_1_33' title="bbox 323 3201 1897 3276">
    <p class='ocr_par' dir='ltr' id='par_1_33' title="bbox 323 3201 1897 3276">
     <span class='ocr_line' id='line_1_33' title="bbox 323 3201 1897 3276; baseline -0.004 -15"><span class='ocrx_word' id='word_1_265' title='bbox 323 3209 446 3261; x_wconf 84' lang='lat' dir='ltr'><strong>Nam</strong></span> <span class='ocrx_word' id='word_1_266' title='bbox 477 3207 688 3276; x_wconf 86' lang='lat' dir='ltr'><strong>quando</strong></span> <span class='ocrx_word' id='word_1_267' title='bbox 718 3208 855 3260; x_wconf 82' lang='lat' dir='ltr'><strong>bene</strong></span> <span class='ocrx_word' id='word_1_268' title='bbox 877 3213 961 3260; x_wconf 86' lang='lat' dir='ltr'><strong>est</strong></span> <span class='ocrx_word' id='word_1_269' title='bbox 989 3203 1216 3264; x_wconf 90' lang='lat' dir='ltr'><strong>homini,</strong></span> <span class='ocrx_word' id='word_1_270' title='bbox 1247 3202 1488 3256; x_wconf 87' lang='lat' dir='ltr'><strong>desertus</strong></span> <span class='ocrx_word' id='word_1_271' title='bbox 1517 3211 1600 3255; x_wconf 87' lang='lat' dir='ltr'><strong>est</strong></span> <span class='ocrx_word' id='word_1_272' title='bbox 1629 3201 1728 3256; x_wconf 84' lang='lat' dir='ltr'><strong>sibi</strong></span> <span class='ocrx_word' id='word_1_273' title='bbox 1758 3201 1897 3256; x_wconf 85' lang='lat' dir='ltr'><strong>chri-</strong></span> 
     </span>
    </p>
   </div>
   <div class='ocr_carea' id='block_1_34' title="bbox 321 3292 1901 3366">
    <p class='ocr_par' dir='ltr' id='par_1_34' title="bbox 321 3292 1901 3366">
     <span class='ocr_line' id='line_1_34' title="bbox 321 3292 1901 3366; baseline -0.004 -12"><span class='ocrx_word' id='word_1_274' title='bbox 321 3301 540 3354; x_wconf 82' lang='lat' dir='ltr'><strong>stianos.</strong></span> <span class='ocrx_word' id='word_1_275' title='bbox 572 3296 712 3366; x_wconf 75' lang='lat' dir='ltr'><strong>ignis</strong></span> <span class='ocrx_word' id='word_1_276' title='bbox 756 3297 917 3350; x_wconf 88' lang='lat' dir='ltr'><strong>intrat</strong></span> <span class='ocrx_word' id='word_1_277' title='bbox 955 3294 1006 3347; x_wconf 92' lang='lat' dir='ltr'><strong>in</strong></span> <span class='ocrx_word' id='word_1_278' title='bbox 1034 3293 1300 3347; x_wconf 80' lang='lat' dir='ltr'><strong>fornacem</strong></span> <span class='ocrx_word' id='word_1_279' title='bbox 1320 3332 1336 3358; x_wconf 90' lang='lat'><strong>,</strong></span> <span class='ocrx_word' id='word_1_280' title='bbox 1364 3300 1418 3346; x_wconf 90' lang='lat' dir='ltr'><strong>et</strong></span> <span class='ocrx_word' id='word_1_281' title='bbox 1459 3293 1642 3346; x_wconf 78' lang='lat' dir='ltr'><strong>fornax</strong></span> <span class='ocrx_word' id='word_1_282' title='bbox 1669 3292 1901 3347; x_wconf 88' lang='lat' dir='ltr'><strong>aurilicis</strong></span> 
     </span>
    </p>
   </div>
   <div class='ocr_carea' id='block_1_35' title="bbox 325 3378 1900 3461">
    <p class='ocr_par' dir='ltr' id='par_1_35' title="bbox 325 3378 1900 3461">
     <span class='ocr_line' id='line_1_35' title="bbox 325 3378 1900 3461; baseline -0.006 -17"><span class='ocrx_word' id='word_1_283' title='bbox 325 3391 494 3461; x_wconf 80' lang='lat' dir='ltr'><strong>magni</strong></span> <span class='ocrx_word' id='word_1_284' title='bbox 526 3387 844 3444; x_wconf 87' lang='lat' dir='ltr'><strong>sacramenti</strong></span> <span class='ocrx_word' id='word_1_285' title='bbox 876 3401 961 3440; x_wconf 91' lang='lat' dir='ltr'><strong>res</strong></span> <span class='ocrx_word' id='word_1_286' title='bbox 985 3393 1086 3439; x_wconf 91' lang='lat' dir='ltr'><strong>est.</strong></span> <span class='ocrx_word' id='word_1_287' title='bbox 1119 3383 1194 3437; x_wconf 89' lang='lat' dir='ltr'><strong>lbi</strong></span> <span class='ocrx_word' id='word_1_288' title='bbox 1222 3391 1304 3437; x_wconf 89' lang='lat' dir='ltr'><strong>est</strong></span> <span class='ocrx_word' id='word_1_289' title='bbox 1329 3397 1516 3436; x_wconf 88' lang='lat' dir='ltr'><strong>aurum</strong></span> <span class='ocrx_word' id='word_1_290' title='bbox 1537 3423 1551 3445; x_wconf 93' lang='lat'><strong>,</strong></span> <span class='ocrx_word' id='word_1_291' title='bbox 1596 3378 1674 3437; x_wconf 87' lang='lat' dir='ltr'><strong>ibi</strong></span> <span class='ocrx_word' id='word_1_292' title='bbox 1696 3392 1780 3437; x_wconf 90' lang='lat' dir='ltr'><strong>est</strong></span> <span class='ocrx_word' id='word_1_293' title='bbox 1807 3398 1900 3451; x_wconf 87' lang='lat' dir='ltr'><strong>pa-</strong></span> 
     </span>
    </p>
   </div>
   <div class='ocr_carea' id='block_1_36' title="bbox 326 3474 1903 3550">
    <p class='ocr_par' dir='ltr' id='par_1_36' title="bbox 326 3474 1903 3550">
     <span class='ocr_line' id='line_1_36' title="bbox 326 3474 1903 3550; baseline -0.006 -14"><span class='ocrx_word' id='word_1_294' title='bbox 326 3484 423 3546; x_wconf 87' lang='lat' dir='ltr'><strong>lea,</strong></span> <span class='ocrx_word' id='word_1_295' title='bbox 445 3483 513 3535; x_wconf 87' lang='lat' dir='ltr'><strong>ibi</strong></span> <span class='ocrx_word' id='word_1_296' title='bbox 544 3481 678 3550; x_wconf 85' lang='lat' dir='ltr'><strong>ignis</strong></span> <span class='ocrx_word' id='word_1_297' title='bbox 701 3480 752 3534; x_wconf 93' lang='lat' dir='ltr'><strong>in</strong></span> <span class='ocrx_word' id='word_1_298' title='bbox 774 3487 998 3548; x_wconf 79' lang='lat' dir='ltr'><strong>angusto</strong></span> <span class='ocrx_word' id='word_1_299' title='bbox 1026 3483 1294 3546; x_wconf 87' lang='lat' dir='ltr'><strong>operatur.</strong></span> <span class='ocrx_word' id='word_1_300' title='bbox 1316 3474 1454 3546; x_wconf 80' lang='lat' dir='ltr'><strong>Ignis</strong></span> <span class='ocrx_word' id='word_1_301' title='bbox 1483 3475 1572 3530; x_wconf 91' lang='lat' dir='ltr'><strong>ille</strong></span> <span class='ocrx_word' id='word_1_302' title='bbox 1598 3489 1700 3528; x_wconf 89' lang='lat' dir='ltr'><strong>non</strong></span> <span class='ocrx_word' id='word_1_303' title='bbox 1728 3483 1809 3530; x_wconf 87' lang='lat' dir='ltr'><strong>est</strong></span> <span class='ocrx_word' id='word_1_304' title='bbox 1825 3475 1903 3527; x_wconf 86' lang='lat' dir='ltr'><strong>di-</strong></span> 
     </span>
    </p>
   </div>
   <div class='ocr_carea' id='block_1_37' title="bbox 325 3568 1904 3641">
    <p class='ocr_par' dir='ltr' id='par_1_37' title="bbox 325 3568 1904 3641">
     <span class='ocr_line' id='line_1_37' title="bbox 325 3568 1904 3641; baseline -0.005 -12"><span class='ocrx_word' id='word_1_305' title='bbox 325 3592 528 3638; x_wconf 83' lang='lat' dir='ltr'><strong>versus,</strong></span> <span class='ocrx_word' id='word_1_306' title='bbox 545 3584 600 3628; x_wconf 88' lang='lat' dir='ltr'><strong>et</strong></span> <span class='ocrx_word' id='word_1_307' title='bbox 623 3574 836 3628; x_wconf 88' lang='lat' dir='ltr'><strong>diversa</strong></span> <span class='ocrx_word' id='word_1_308' title='bbox 861 3572 985 3641; x_wconf 81' lang='lat' dir='ltr'><strong>agit;</strong></span> <span class='ocrx_word' id='word_1_309' title='bbox 1008 3570 1210 3640; x_wconf 88' lang='lat' dir='ltr'><strong>paleam</strong></span> <span class='ocrx_word' id='word_1_310' title='bbox 1238 3569 1290 3622; x_wconf 91' lang='lat' dir='ltr'><strong>in</strong></span> <span class='ocrx_word' id='word_1_311' title='bbox 1317 3568 1551 3622; x_wconf 90' lang='lat' dir='ltr'><strong>cinerem</strong></span> <span class='ocrx_word' id='word_1_312' title='bbox 1572 3568 1747 3632; x_wconf 87' lang='lat' dir='ltr'><strong>vertit,</strong></span> <span class='ocrx_word' id='word_1_313' title='bbox 1771 3581 1904 3621; x_wconf 88' lang='lat' dir='ltr'><strong>auro</strong></span> 
     </span>
    </p>
   </div>
   <div class='ocr_carea' id='block_1_38' title="bbox 251 3658 1901 3731">
    <p class='ocr_par' dir='ltr' id='par_1_38' title="bbox 251 3658 1901 3731">
     <span class='ocr_line' id='line_1_38' title="bbox 251 3658 1901 3731; baseline -0.007 -8"><span class='ocrx_word' id='word_1_314' title='bbox 251 3665 254 3670; x_wconf 82' lang='grc'><em>’</em></span> <span class='ocrx_word' id='word_1_315' title='bbox 324 3669 505 3723; x_wconf 83' lang='lat' dir='ltr'><strong>sordes</strong></span> <span class='ocrx_word' id='word_1_316' title='bbox 536 3666 688 3721; x_wconf 90' lang='lat' dir='ltr'><strong>tollit.</strong></span> <span class='ocrx_word' id='word_1_317' title='bbox 721 3665 778 3719; x_wconf 92' lang='lat' dir='ltr'><strong>In</strong></span> <span class='ocrx_word' id='word_1_318' title='bbox 807 3664 1002 3731; x_wconf 85' lang='lat' dir='ltr'><strong>quibus</strong></span> <span class='ocrx_word' id='word_1_319' title='bbox 1029 3669 1203 3716; x_wconf 88' lang='lat' dir='ltr'><strong>autem</strong></span> <span class='ocrx_word' id='word_1_320' title='bbox 1234 3659 1436 3713; x_wconf 86' lang='lat' dir='ltr'><strong>habitat</strong></span> <span class='ocrx_word' id='word_1_321' title='bbox 1465 3660 1623 3724; x_wconf 89' lang='lat' dir='ltr'><strong>Deus,</strong></span> <span class='ocrx_word' id='word_1_322' title='bbox 1647 3658 1827 3726; x_wconf 83' lang='lat' dir='ltr'><strong>utique</strong></span> <span class='ocrx_word' id='word_1_323' title='bbox 1850 3658 1901 3711; x_wconf 91' lang='lat' dir='ltr'><strong>in</strong></span> 
     </span>
    </p>
   </div>
   <div class='ocr_carea' id='block_1_39' title="bbox 330 3747 1901 3819">
    <p class='ocr_par' dir='ltr' id='par_1_39' title="bbox 330 3747 1901 3819">
     <span class='ocr_line' id='line_1_39' title="bbox 330 3747 1901 3819; baseline -0.008 -7"><span class='ocrx_word' id='word_1_324' title='bbox 330 3756 667 3812; x_wconf 87' lang='lat' dir='ltr'><strong>tribulatione</strong></span> <span class='ocrx_word' id='word_1_325' title='bbox 709 3754 961 3809; x_wconf 88' lang='lat' dir='ltr'><strong>meliores</strong></span> <span class='ocrx_word' id='word_1_326' title='bbox 989 3753 1145 3813; x_wconf 87' lang='lat' dir='ltr'><strong>fiunt,</strong></span> <span class='ocrx_word' id='word_1_327' title='bbox 1176 3759 1422 3819; x_wconf 90' lang='lat' dir='ltr'><strong>tanquam</strong></span> <span class='ocrx_word' id='word_1_328' title='bbox 1451 3764 1634 3806; x_wconf 88' lang='lat' dir='ltr'><strong>aurttm</strong></span> <span class='ocrx_word' id='word_1_329' title='bbox 1676 3747 1901 3818; x_wconf 88' lang='lat' dir='ltr'><strong>probati.</strong></span> 
     </span>
    </p>
   </div>
   <div class='ocr_carea' id='block_1_40' title="bbox 331 3841 1906 3919">
    <p class='ocr_par' dir='ltr' id='par_1_40' title="bbox 331 3841 1906 3919">
     <span class='ocr_line' id='line_1_40' title="bbox 331 3841 1906 3919; baseline -0.01 -14"><span class='ocrx_word' id='word_1_330' title='bbox 331 3851 460 3905; x_wconf 82' lang='lat' dir='ltr'><strong>Etsi</strong></span> <span class='ocrx_word' id='word_1_331' title='bbox 506 3850 642 3903; x_wconf 90' lang='lat' dir='ltr'><strong>forte</strong></span> <span class='ocrx_word' id='word_1_332' title='bbox 673 3847 746 3919; x_wconf 91' lang='lat' dir='ltr'><strong>(a)</strong></span> <span class='ocrx_word' id='word_1_333' title='bbox 780 3845 990 3916; x_wconf 87' lang='lat' dir='ltr'><strong>petierit</strong></span> <span class='ocrx_word' id='word_1_334' title='bbox 1018 3841 1261 3897; x_wconf 87' lang='lat' dir='ltr'><strong>inimicus</strong></span> <span class='ocrx_word' id='word_1_335' title='bbox 1302 3841 1544 3895; x_wconf 88' lang='lat' dir='ltr'><strong>diabolus</strong></span> <span class='ocrx_word' id='word_1_336' title='bbox 1563 3880 1578 3904; x_wconf 97' lang='lat'><strong>,</strong></span> <span class='ocrx_word' id='word_1_337' title='bbox 1605 3849 1659 3894; x_wconf 88' lang='lat' dir='ltr'><strong>et</strong></span> <span class='ocrx_word' id='word_1_338' title='bbox 1684 3853 1906 3894; x_wconf 77' lang='lat' dir='ltr'><strong>conces-</strong></span> 
     </span>
    </p>
   </div>
   <div class='ocr_carea' id='block_1_41' title="bbox 327 3929 1903 4004">
    <p class='ocr_par' dir='ltr' id='par_1_41' title="bbox 327 3929 1903 4004">
     <span class='ocr_line' id='line_1_41' title="bbox 327 3929 1903 4004; baseline -0.01 -8"><span class='ocrx_word' id='word_1_339' title='bbox 327 3959 444 3996; x_wconf 85' lang='lat' dir='ltr'><strong>sum</strong></span> <span class='ocrx_word' id='word_1_340' title='bbox 471 3942 545 3996; x_wconf 90' lang='lat' dir='ltr'><strong>illi</strong></span> <span class='ocrx_word' id='word_1_341' title='bbox 575 3940 731 3994; x_wconf 75' lang='lat' dir='ltr'><strong>fuerit</strong></span> <span class='ocrx_word' id='word_1_342' title='bbox 763 3955 776 3991; x_wconf 91' lang='lat'>:</span> <span class='ocrx_word' id='word_1_343' title='bbox 809 3937 920 3992; x_wconf 85' lang='lat' dir='ltr'><strong>sive</strong></span> <span class='ocrx_word' id='word_1_344' title='bbox 948 3935 1123 4004; x_wconf 86' lang='lat' dir='ltr'><strong>aliquo</strong></span> <span class='ocrx_word' id='word_1_345' title='bbox 1148 3933 1332 3986; x_wconf 88' lang='lat' dir='ltr'><strong>dolore</strong></span> <span class='ocrx_word' id='word_1_346' title='bbox 1364 3931 1600 3999; x_wconf 78' lang='lat' dir='ltr'><strong>corporis</strong></span> <span class='ocrx_word' id='word_1_347' title='bbox 1619 3970 1634 3993; x_wconf 93' lang='lat'><strong>,</strong></span> <span class='ocrx_word' id='word_1_348' title='bbox 1665 3929 1776 3982; x_wconf 89' lang='lat' dir='ltr'><strong>sive</strong></span> <span class='ocrx_word' id='word_1_349' title='bbox 1803 3929 1903 3981; x_wconf 82' lang='lat' dir='ltr'><strong>ali-</strong></span> 
     </span>
    </p>
   </div>
   <div class='ocr_carea' id='block_1_42' title="bbox 328 4019 1905 4104">
    <p class='ocr_par' dir='ltr' id='par_1_42' title="bbox 328 4019 1905 4104">
     <span class='ocr_line' id='line_1_42' title="bbox 328 4019 1905 4104; baseline -0.011 -15"><span class='ocrx_word' id='word_1_350' title='bbox 328 4051 432 4104; x_wconf 88' lang='lat' dir='ltr'><strong>quo</strong></span> <span class='ocrx_word' id='word_1_351' title='bbox 455 4035 672 4098; x_wconf 89' lang='lat' dir='ltr'><strong>damno,</strong></span> <span class='ocrx_word' id='word_1_352' title='bbox 695 4031 808 4085; x_wconf 89' lang='lat' dir='ltr'><strong>sive</strong></span> <span class='ocrx_word' id='word_1_353' title='bbox 833 4028 1118 4083; x_wconf 88' lang='lat' dir='ltr'><strong>amissione</strong></span> <span class='ocrx_word' id='word_1_354' title='bbox 1142 4039 1380 4085; x_wconf 89' lang='lat' dir='ltr'><strong>suorum,</strong></span> <span class='ocrx_word' id='word_1_355' title='bbox 1411 4023 1568 4074; x_wconf 72' lang='lat' dir='ltr'><strong>fixum</strong></span> <span class='ocrx_word' id='word_1_356' title='bbox 1596 4036 1688 4075; x_wconf 90' lang='lat' dir='ltr'><strong>cor</strong></span> <span class='ocrx_word' id='word_1_357' title='bbox 1713 4019 1905 4073; x_wconf 87' lang='lat' dir='ltr'><strong>habeat</strong></span> 
     </span>
    </p>
   </div>
   <div class='ocr_carea' id='block_1_43' title="bbox 331 4109 1904 4192">
    <p class='ocr_par' dir='ltr' id='par_1_43' title="bbox 331 4109 1904 4192">
     <span class='ocr_line' id='line_1_43' title="bbox 331 4109 1904 4192; baseline -0.011 -13"><span class='ocrx_word' id='word_1_358' title='bbox 331 4127 380 4178; x_wconf 84' lang='lat' dir='ltr'><strong>in</strong></span> <span class='ocrx_word' id='word_1_359' title='bbox 407 4127 498 4179; x_wconf 92' lang='lat' dir='ltr'><strong>illo</strong></span> <span class='ocrx_word' id='word_1_360' title='bbox 514 4124 601 4192; x_wconf 91' lang='lat' dir='ltr'><strong>qui</strong></span> <span class='ocrx_word' id='word_1_361' title='bbox 619 4137 676 4176; x_wconf 91' lang='lat' dir='ltr'><strong>se</strong></span> <span class='ocrx_word' id='word_1_362' title='bbox 704 4135 805 4175; x_wconf 91' lang='lat' dir='ltr'><strong>non</strong></span> <span class='ocrx_word' id='word_1_363' title='bbox 831 4117 1114 4180; x_wconf 82' lang='lat' dir='ltr'><strong>subtrahit;</strong></span> <span class='ocrx_word' id='word_1_364' title='bbox 1133 4123 1188 4170; x_wconf 88' lang='lat' dir='ltr'><strong>et</strong></span> <span class='ocrx_word' id='word_1_365' title='bbox 1208 4113 1418 4183; x_wconf 89' lang='lat' dir='ltr'><strong>siquasi</strong></span> <span class='ocrx_word' id='word_1_366' title='bbox 1445 4109 1702 4166; x_wconf 89' lang='lat' dir='ltr'><strong>subtrahit</strong></span> <span class='ocrx_word' id='word_1_367' title='bbox 1721 4125 1904 4163; x_wconf 87' lang='lat' dir='ltr'><strong>aurem</strong></span> 
     </span>
    </p>
   </div>
   <div class='ocr_carea' id='block_1_44' title="bbox 333 4199 1910 4284">
    <p class='ocr_par' dir='ltr' id='par_1_44' title="bbox 333 4199 1910 4284">
     <span class='ocr_line' id='line_1_44' title="bbox 333 4199 1910 4284; baseline -0.009 -18"><span class='ocrx_word' id='word_1_368' title='bbox 333 4215 580 4284; x_wconf 87' lang='lat' dir='ltr'><strong>ploranti,</strong></span> <span class='ocrx_word' id='word_1_369' title='bbox 603 4213 696 4268; x_wconf 88' lang='lat' dir='ltr'><strong>sed</strong></span> <span class='ocrx_word' id='word_1_370' title='bbox 722 4213 937 4280; x_wconf 87' lang='lat' dir='ltr'><strong>apponit</strong></span> <span class='ocrx_word' id='word_1_371' title='bbox 964 4205 1381 4262; x_wconf 83' lang='lat' dir='ltr'><strong>misericordiam</strong></span> <span class='ocrx_word' id='word_1_372' title='bbox 1406 4201 1731 4272; x_wconf 74' lang='lat' dir='ltr'><strong>depreconti.</strong></span> <span class='ocrx_word' id='word_1_373' title='bbox 1754 4199 1910 4253; x_wconf 83' lang='lat' dir='ltr'><strong>Novit</strong></span> 
     </span>
    </p>
   </div>
   <div class='ocr_carea' id='block_1_45' title="bbox 331 4292 1910 4378">
    <p class='ocr_par' dir='ltr' id='par_1_45' title="bbox 331 4292 1910 4378">
     <span class='ocr_line' id='line_1_45' title="bbox 331 4292 1910 4378; baseline -0.011 -17"><span class='ocrx_word' id='word_1_374' title='bbox 331 4309 453 4378; x_wconf 88' lang='lat' dir='ltr'><strong>quid</strong></span> <span class='ocrx_word' id='word_1_375' title='bbox 481 4316 599 4376; x_wconf 82' lang='lat' dir='ltr'><strong>agat</strong></span> <span class='ocrx_word' id='word_1_376' title='bbox 618 4305 704 4374; x_wconf 91' lang='lat' dir='ltr'><strong>qui</strong></span> <span class='ocrx_word' id='word_1_377' title='bbox 726 4319 822 4357; x_wconf 87' lang='lat' dir='ltr'><strong>nos</strong></span> <span class='ocrx_word' id='word_1_378' title='bbox 851 4301 991 4358; x_wconf 82' lang='lat' dir='ltr'><strong>fecit,</strong></span> <span class='ocrx_word' id='word_1_379' title='bbox 1013 4299 1155 4351; x_wconf 88' lang='lat' dir='ltr'><strong>novit</strong></span> <span class='ocrx_word' id='word_1_380' title='bbox 1179 4305 1232 4351; x_wconf 92' lang='lat' dir='ltr'><strong>et</strong></span> <span class='ocrx_word' id='word_1_381' title='bbox 1257 4296 1477 4350; x_wconf 81' lang='lat' dir='ltr'><strong>reficere</strong></span> <span class='ocrx_word' id='word_1_382' title='bbox 1501 4307 1614 4346; x_wconf 89' lang='lat' dir='ltr'><strong>nos.</strong></span> <span class='ocrx_word' id='word_1_383' title='bbox 1638 4292 1813 4345; x_wconf 84' lang='lat' dir='ltr'><strong>Bonus</strong></span> <span class='ocrx_word' id='word_1_384' title='bbox 1829 4299 1910 4344; x_wconf 88' lang='lat' dir='ltr'><strong>est</strong></span> 
     </span>
    </p>
   </div>
   <div class='ocr_carea' id='block_1_46' title="bbox 332 4380 1911 4466">
    <p class='ocr_par' dir='ltr' id='par_1_46' title="bbox 332 4380 1911 4466">
     <span class='ocr_line' id='line_1_46' title="bbox 332 4380 1911 4466; baseline -0.013 -12"><span class='ocrx_word' id='word_1_385' title='bbox 332 4409 562 4454; x_wconf 74' lang='lat' dir='ltr'><strong>Structor</strong></span> <span class='ocrx_word' id='word_1_386' title='bbox 585 4397 673 4466; x_wconf 89' lang='lat' dir='ltr'><strong>qui</strong></span> <span class='ocrx_word' id='word_1_387' title='bbox 700 4386 1365 4451; x_wconf 73' lang='lat' dir='ltr'><strong>:ediiicavitdomum;etsi</strong></span> <span class='ocrx_word' id='word_1_388' title='bbox 1394 4382 1588 4453; x_wconf 89' lang='lat' dir='ltr'><strong>aliquid</strong></span> <span class='ocrx_word' id='word_1_389' title='bbox 1618 4382 1688 4436; x_wconf 92' lang='lat' dir='ltr'><strong>ibi</strong></span> <span class='ocrx_word' id='word_1_390' title='bbox 1705 4380 1911 4436; x_wconf 85' lang='lat' dir='ltr'><strong>cecide-</strong></span> 
     </span>
    </p>
   </div>
   <div class='ocr_carea' id='block_1_47' title="bbox 331 4486 1599 4550">
    <p class='ocr_par' dir='ltr' id='par_1_47' title="bbox 331 4486 1599 4550">
     <span class='ocr_line' id='line_1_47' title="bbox 331 4486 1599 4550; baseline -0.013 -4"><span class='ocrx_word' id='word_1_391' title='bbox 331 4505 398 4546; x_wconf 84' lang='lat' dir='ltr'><strong>ru</strong></span> <span class='ocrx_word' id='word_1_392' title='bbox 424 4535 439 4550; x_wconf 86' lang='lat'><strong>.</strong></span> <span class='ocrx_word' id='word_1_393' title='bbox 471 4491 618 4545; x_wconf 89' lang='lat' dir='ltr'><strong>novit</strong></span> <span class='ocrx_word' id='word_1_394' title='bbox 646 4486 920 4540; x_wconf 76' lang='lat' dir='ltr'><strong>resarcire.</strong></span> <span class='ocrx_word' id='word_1_395' title='bbox 1594 4541 1599 4546; x_wconf 17' lang='grc' dir='ltr'><em>κ</em></span> 
     </span>
    </p>
   </div>
   <div class='ocr_carea' id='block_1_48' title="bbox 401 4569 1912 4655">
    <p class='ocr_par' dir='ltr' id='par_1_48' title="bbox 401 4569 1912 4655">
     <span class='ocr_line' id='line_1_48' title="bbox 401 4569 1912 4655; baseline -0.013 -18"><span class='ocrx_word' id='word_1_396' title='bbox 401 4585 454 4638; x_wconf 83' lang='lat'><strong>6.</strong></span> <span class='ocrx_word' id='word_1_397' title='bbox 487 4581 637 4655; x_wconf 65' lang='grc' dir='ltr'><strong>[νοτε.</strong></span> <span class='ocrx_word' id='word_1_398' title='bbox 797 4577 864 4630; x_wconf 87' lang='lat' dir='ltr'><strong>Et</strong></span> <span class='ocrx_word' id='word_1_399' title='bbox 891 4575 1008 4630; x_wconf 88' lang='lat' dir='ltr'><strong>vide</strong></span> <span class='ocrx_word' id='word_1_400' title='bbox 1043 4573 1166 4643; x_wconf 89' lang='lat' dir='ltr'><strong>quid</strong></span> <span class='ocrx_word' id='word_1_401' title='bbox 1196 4571 1336 4625; x_wconf 84' lang='lat' dir='ltr'><strong>dicat</strong></span> <span class='ocrx_word' id='word_1_402' title='bbox 1368 4587 1380 4622; x_wconf 89' lang='lat'>:</span> <span class='ocrx_word' id='word_1_403' title='bbox 1416 4569 1479 4621; x_wconf 86' lang='lat' dir='ltr'><strong>In</strong></span> <span class='ocrx_word' id='word_1_404' title='bbox 1510 4578 1556 4622; x_wconf 90' lang='lat' dir='ltr'><strong>te</strong></span> <span class='ocrx_word' id='word_1_405' title='bbox 1591 4575 1912 4637; x_wconf 70' lang='lat' dir='ltr'><strong>speraverant</strong></span> 
     </span>
    </p>
   </div>
   <div class='ocr_carea' id='block_1_49' title="bbox 303 4660 1908 4745">
    <p class='ocr_par' dir='ltr' id='par_1_49' title="bbox 303 4660 1908 4745">
     <span class='ocr_line' id='line_1_49' title="bbox 303 4660 1908 4745; baseline -0.01 -18"><span class='ocrx_word' id='word_1_406' title='bbox 303 4674 500 4745; x_wconf 61' lang='grc' dir='ltr'><strong>’πεπυ-εδ</strong></span> <span class='ocrx_word' id='word_1_407' title='bbox 527 4672 685 4726; x_wconf 79' lang='lat' dir='ltr'><strong>nostri</strong></span> <span class='ocrx_word' id='word_1_408' title='bbox 708 4674 1063 4737; x_wconf 85' lang='lat' dir='ltr'><strong>:speraverunt</strong></span> <span class='ocrx_word' id='word_1_409' title='bbox 1084 4705 1098 4728; x_wconf 93' lang='lat'><strong>,</strong></span> <span class='ocrx_word' id='word_1_410' title='bbox 1130 4674 1175 4717; x_wconf 89' lang='lat' dir='ltr'><strong>et</strong></span> <span class='ocrx_word' id='word_1_411' title='bbox 1205 4663 1377 4716; x_wconf 81' lang='lat' dir='ltr'><strong>eruisti</strong></span> <span class='ocrx_word' id='word_1_412' title='bbox 1401 4677 1504 4714; x_wconf 86' lang='lat' dir='ltr'><strong>eos.</strong></span> <span class='ocrx_word' id='word_1_413' title='bbox 1537 4661 1601 4713; x_wconf 85' lang='lat' dir='ltr'><strong>Et</strong></span> <span class='ocrx_word' id='word_1_414' title='bbox 1629 4660 1870 4714; x_wconf 83' lang='lat' dir='ltr'><strong>novimus</strong></span> <span class='ocrx_word' id='word_1_415' title='bbox 1893 4697 1908 4720; x_wconf 88' lang='lat'><strong>,</strong></span> 
     </span>
    </p>
   </div>
   <div class='ocr_carea' id='block_1_50' title="bbox 331 4749 1907 4835">
    <p class='ocr_par' dir='ltr' id='par_1_50' title="bbox 331 4749 1907 4835">
     <span class='ocr_line' id='line_1_50' title="bbox 331 4749 1907 4835; baseline -0.012 -14"><span class='ocrx_word' id='word_1_416' title='bbox 331 4780 382 4822; x_wconf 88' lang='lat' dir='ltr'><strong>et</strong></span> <span class='ocrx_word' id='word_1_417' title='bbox 413 4767 636 4835; x_wconf 69' lang='lat' dir='ltr'><strong>legimus</strong></span> <span class='ocrx_word' id='word_1_418' title='bbox 662 4778 818 4832; x_wconf 86' lang='lat' dir='ltr'><strong>quam</strong></span> <span class='ocrx_word' id='word_1_419' title='bbox 862 4760 1054 4813; x_wconf 87' lang='lat' dir='ltr'><strong>multos</strong></span> <span class='ocrx_word' id='word_1_420' title='bbox 1098 4764 1272 4826; x_wconf 89' lang='lat' dir='ltr'><strong>patres</strong></span> <span class='ocrx_word' id='word_1_421' title='bbox 1303 4765 1510 4808; x_wconf 87' lang='lat' dir='ltr'><strong>nostros</strong></span> <span class='ocrx_word' id='word_1_422' title='bbox 1535 4761 1810 4821; x_wconf 83' lang='lat' dir='ltr'><strong>sperantes</strong></span> <span class='ocrx_word' id='word_1_423' title='bbox 1857 4749 1907 4802; x_wconf 92' lang='lat' dir='ltr'><strong>in</strong></span> 
     </span>
    </p>
   </div>
   <div class='ocr_carea' id='block_1_51' title="bbox 332 4843 1909 4920">
    <p class='ocr_par' dir='ltr' id='par_1_51' title="bbox 332 4843 1909 4920">
     <span class='ocr_line' id='line_1_51' title="bbox 332 4843 1909 4920; baseline -0.013 -8"><span class='ocrx_word' id='word_1_424' title='bbox 332 4875 387 4909; x_wconf 79' lang='lat' dir='ltr'><strong>se</strong></span> <span class='ocrx_word' id='word_1_425' title='bbox 415 4859 554 4912; x_wconf 85' lang='lat' dir='ltr'><strong>eruit</strong></span> <span class='ocrx_word' id='word_1_426' title='bbox 598 4856 757 4909; x_wconf 84' lang='lat' dir='ltr'><strong>Deus.</strong></span> <span class='ocrx_word' id='word_1_427' title='bbox 790 4853 942 4906; x_wconf 84' lang='lat' dir='ltr'><strong>Eruit</strong></span> <span class='ocrx_word' id='word_1_428' title='bbox 984 4851 1152 4920; x_wconf 86' lang='lat' dir='ltr'><strong>ipsum</strong></span> <span class='ocrx_word' id='word_1_429' title='bbox 1187 4845 1433 4915; x_wconf 83' lang='lat' dir='ltr'><strong>populum</strong></span> <span class='ocrx_word' id='word_1_430' title='bbox 1485 4843 1642 4896; x_wconf 87' lang='lat' dir='ltr'><strong>Israel</strong></span> <span class='ocrx_word' id='word_1_431' title='bbox 1675 4843 1741 4896; x_wconf 90' lang='lat' dir='ltr'><strong>de</strong></span> <span class='ocrx_word' id='word_1_432' title='bbox 1773 4851 1909 4895; x_wconf 88' lang='lat' dir='ltr'><strong>terra</strong></span> 
     </span>
    </p>
   </div>
   <div class='ocr_carea' id='block_1_52' title="bbox 333 4933 1912 5021">
    <p class='ocr_par' dir='ltr' id='par_1_52' title="bbox 333 4933 1912 5021">
     <span class='ocr_line' id='line_1_52' title="bbox 333 4933 1912 5021; baseline -0.015 -13"><span class='ocrx_word' id='word_1_433' title='bbox 333 4950 547 5021; x_wconf 60' lang='lat' dir='ltr'><strong>(Egypti</strong></span> <span class='ocrx_word' id='word_1_434' title='bbox 581 4946 772 5019; x_wconf 75' lang='lat' dir='ltr'><strong>(Exod.</strong></span> <span class='ocrx_word' id='word_1_435' title='bbox 807 4961 874 4997; x_wconf 66' lang='grc' dir='ltr'><strong>χιι</strong></span> <span class='ocrx_word' id='word_1_436' title='bbox 895 4985 910 5010; x_wconf 87' lang='grc'><strong><em>,</em></strong></span> <span class='ocrx_word' id='word_1_437' title='bbox 938 4944 1065 5009; x_wconf 78' lang='lat'><strong>5|):</strong></span> <span class='ocrx_word' id='word_1_438' title='bbox 1097 4938 1234 4993; x_wconf 86' lang='lat' dir='ltr'><strong>eruit</strong></span> <span class='ocrx_word' id='word_1_439' title='bbox 1262 4947 1368 4990; x_wconf 88' lang='lat' dir='ltr'><strong>tres</strong></span> <span class='ocrx_word' id='word_1_440' title='bbox 1399 4950 1586 5004; x_wconf 81' lang='lat' dir='ltr'><strong>pueros</strong></span> <span class='ocrx_word' id='word_1_441' title='bbox 1610 4933 1675 4987; x_wconf 86' lang='lat' dir='ltr'><strong>de</strong></span> <span class='ocrx_word' id='word_1_442' title='bbox 1703 4933 1912 5021; x_wconf 83' lang='lat' dir='ltr'><strong>camino</strong></span> 
     </span>
    </p>
   </div>
   <div class='ocr_carea' id='block_1_53' title="bbox 336 5019 1908 5110">
    <p class='ocr_par' dir='ltr' id='par_1_53' title="bbox 336 5019 1908 5110">
     <span class='ocr_line' id='line_1_53' title="bbox 336 5019 1908 5110; baseline -0.014 -15"><span class='ocrx_word' id='word_1_443' title='bbox 336 5019 469 5109; x_wconf 66' lang='lat' dir='ltr'><strong>ignis</strong></span> <span class='ocrx_word' id='word_1_444' title='bbox 499 5039 661 5110; x_wconf 85' lang='lat' dir='ltr'><strong>(Dan.</strong></span> <span class='ocrx_word' id='word_1_445' title='bbox 697 5035 771 5104; x_wconf 92' lang='grc' dir='ltr'>ιιι)</span> <span class='ocrx_word' id='word_1_446' title='bbox 796 5051 810 5098; x_wconf 89' lang='lat'><strong>;</strong></span> <span class='ocrx_word' id='word_1_447' title='bbox 840 5033 975 5089; x_wconf 89' lang='lat' dir='ltr'><strong>eruit</strong></span> <span class='ocrx_word' id='word_1_448' title='bbox 1005 5029 1271 5085; x_wconf 88' lang='lat' dir='ltr'><strong>Daniclem</strong></span> <span class='ocrx_word' id='word_1_449' title='bbox 1297 5026 1365 5080; x_wconf 90' lang='lat' dir='ltr'><strong>de</strong></span> <span class='ocrx_word' id='word_1_450' title='bbox 1395 5027 1510 5079; x_wconf 91' lang='lat' dir='ltr'><strong>lacu</strong></span> <span class='ocrx_word' id='word_1_451' title='bbox 1552 5024 1763 5077; x_wconf 85' lang='lat' dir='ltr'><strong>leomnu</strong></span> <span class='ocrx_word' id='word_1_452' title='bbox 1798 5019 1908 5091; x_wconf 76' lang='lat' dir='ltr'><strong>(Id.</strong></span> 
     </span>
    </p>
   </div>
   <div class='ocr_carea' id='block_1_54' title="bbox 337 5113 1910 5197">
    <p class='ocr_par' dir='ltr' id='par_1_54' title="bbox 337 5113 1910 5197">
     <span class='ocr_line' id='line_1_54' title="bbox 337 5113 1910 5197; baseline -0.015 -9"><span class='ocrx_word' id='word_1_453' title='bbox 337 5151 421 5188; x_wconf 57' lang='grc' dir='ltr'>ειν</span> <span class='ocrx_word' id='word_1_454' title='bbox 446 5137 461 5197; x_wconf 82' lang='lat'><strong>)</strong></span> <span class='ocrx_word' id='word_1_455' title='bbox 491 5148 506 5195; x_wconf 89' lang='lat'><strong>;</strong></span> <span class='ocrx_word' id='word_1_456' title='bbox 554 5131 692 5186; x_wconf 88' lang='lat' dir='ltr'><strong>eruit</strong></span> <span class='ocrx_word' id='word_1_457' title='bbox 718 5129 1012 5182; x_wconf 83' lang='lat' dir='ltr'><strong>Susannam</strong></span> <span class='ocrx_word' id='word_1_458' title='bbox 1044 5123 1108 5176; x_wconf 85' lang='lat' dir='ltr'><strong>de</strong></span> <span class='ocrx_word' id='word_1_459' title='bbox 1158 5121 1290 5174; x_wconf 86' lang='lat' dir='ltr'><strong>falso</strong></span> <span class='ocrx_word' id='word_1_460' title='bbox 1320 5119 1542 5173; x_wconf 88' lang='lat' dir='ltr'><strong>crimine</strong></span> <span class='ocrx_word' id='word_1_461' title='bbox 1593 5113 1718 5187; x_wconf 87' lang='lat' dir='ltr'><strong>(Id.</strong></span> <span class='ocrx_word' id='word_1_462' title='bbox 1753 5131 1842 5169; x_wconf 76' lang='lat' dir='ltr'><strong>xm</strong></span> <span class='ocrx_word' id='word_1_463' title='bbox 1867 5114 1910 5184; x_wconf 92' lang='lat'><strong>)&#39;.</strong></span> 
     </span>
    </p>
   </div>
   <div class='ocr_carea' id='block_1_55' title="bbox 335 5199 1913 5279">
    <p class='ocr_par' dir='ltr' id='par_1_55' title="bbox 335 5199 1913 5279">
     <span class='ocr_line' id='line_1_55' title="bbox 335 5199 1913 5279; baseline -0.015 0"><span class='ocrx_word' id='word_1_464' title='bbox 335 5199 534 5279; x_wconf 70' lang='lat' dir='ltr'><strong>Omnes</strong></span> <span class='ocrx_word' id='word_1_465' title='bbox 583 5223 998 5277; x_wconf 86' lang='lat' dir='ltr'><strong>invocaverunt,</strong></span> <span class='ocrx_word' id='word_1_466' title='bbox 1047 5223 1102 5266; x_wconf 86' lang='lat' dir='ltr'><strong>et.</strong></span> <span class='ocrx_word' id='word_1_467' title='bbox 1144 5211 1278 5265; x_wconf 87' lang='lat' dir='ltr'><strong>eruti</strong></span> <span class='ocrx_word' id='word_1_468' title='bbox 1324 5218 1463 5262; x_wconf 90' lang='lat' dir='ltr'><strong>sunt.</strong></span> <span class='ocrx_word' id='word_1_469' title='bbox 1508 5205 1770 5274; x_wconf 83' lang='lat' dir='ltr'><strong>Numquid</strong></span> <span class='ocrx_word' id='word_1_470' title='bbox 1814 5203 1913 5257; x_wconf 87' lang='lat' dir='ltr'><strong>de-</strong></span> 
     </span>
    </p>
   </div>
   <div class='ocr_carea' id='block_1_56' title="bbox 337 5295 1911 5370">
    <p class='ocr_par' dir='ltr' id='par_1_56' title="bbox 337 5295 1911 5370">
     <span class='ocr_line' id='line_1_56' title="bbox 337 5295 1911 5370; baseline -0.017 1"><span class='ocrx_word' id='word_1_471' title='bbox 337 5317 463 5370; x_wconf 87' lang='lat' dir='ltr'><strong>fecit</strong></span> <span class='ocrx_word' id='word_1_472' title='bbox 500 5313 566 5367; x_wconf 86' lang='lat' dir='ltr'><strong>ad</strong></span> <span class='ocrx_word' id='word_1_473' title='bbox 599 5311 790 5366; x_wconf 87' lang='lat' dir='ltr'><strong>Filium</strong></span> <span class='ocrx_word' id='word_1_474' title='bbox 835 5321 989 5358; x_wconf 89' lang='lat' dir='ltr'><strong>sumn</strong></span> <span class='ocrx_word' id='word_1_475' title='bbox 1015 5344 1030 5366; x_wconf 97' lang='lat'><strong>,</strong></span> <span class='ocrx_word' id='word_1_476' title='bbox 1061 5313 1117 5355; x_wconf 92' lang='lat' dir='ltr'><strong>ut</strong></span> <span class='ocrx_word' id='word_1_477' title='bbox 1145 5301 1197 5353; x_wconf 92' lang='lat' dir='ltr'><strong>in</strong></span> <span class='ocrx_word' id='word_1_478' title='bbox 1241 5314 1398 5353; x_wconf 88' lang='lat' dir='ltr'><strong>cruce</strong></span> <span class='ocrx_word' id='word_1_479' title='bbox 1444 5295 1758 5364; x_wconf 86' lang='lat' dir='ltr'><strong>pendentem</strong></span> <span class='ocrx_word' id='word_1_480' title='bbox 1807 5310 1911 5345; x_wconf 89' lang='lat' dir='ltr'><strong>non</strong></span> 
     </span>
    </p>
   </div>
   <div class='ocr_carea' id='block_1_57' title="bbox 338 5386 1911 5467">
    <p class='ocr_par' dir='ltr' id='par_1_57' title="bbox 338 5386 1911 5467">
     <span class='ocr_line' id='line_1_57' title="bbox 338 5386 1911 5467; baseline -0.017 -7"><span class='ocrx_word' id='word_1_481' title='bbox 338 5405 660 5460; x_wconf 82' lang='lat' dir='ltr'><strong>exaudiret?</strong></span> <span class='ocrx_word' id='word_1_482' title='bbox 709 5402 883 5467; x_wconf 84' lang='lat' dir='ltr'><strong>Quare</strong></span> <span class='ocrx_word' id='word_1_483' title='bbox 928 5405 1101 5449; x_wconf 90' lang='lat' dir='ltr'><strong>autem</strong></span> <span class='ocrx_word' id='word_1_484' title='bbox 1151 5394 1262 5460; x_wconf 88' lang='lat' dir='ltr'><strong>ipse</strong></span> <span class='ocrx_word' id='word_1_485' title='bbox 1309 5405 1412 5443; x_wconf 88' lang='lat' dir='ltr'><strong>non</strong></span> <span class='ocrx_word' id='word_1_486' title='bbox 1461 5388 1664 5442; x_wconf 80' lang='lat' dir='ltr'><strong>eruitur</strong></span> <span class='ocrx_word' id='word_1_487' title='bbox 1717 5386 1911 5444; x_wconf 83' lang='lat' dir='ltr'><strong>modo,</strong></span> 
     </span>
    </p>
   </div>
   <div class='ocr_carea' id='block_1_58' title="bbox 341 5479 1916 5568">
    <p class='ocr_par' dir='ltr' id='par_1_58' title="bbox 341 5479 1916 5568">
     <span class='ocr_line' id='line_1_58' title="bbox 341 5479 1916 5568; baseline -0.013 -17"><span class='ocrx_word' id='word_1_488' title='bbox 341 5501 429 5568; x_wconf 91' lang='lat' dir='ltr'><strong>qui</strong></span> <span class='ocrx_word' id='word_1_489' title='bbox 461 5500 599 5552; x_wconf 87' lang='lat' dir='ltr'><strong>dixit</strong></span> <span class='ocrx_word' id='word_1_490' title='bbox 629 5513 642 5548; x_wconf 92' lang='lat'>:</span> <span class='ocrx_word' id='word_1_491' title='bbox 680 5495 743 5548; x_wconf 79' lang='lat' dir='ltr'><strong>in</strong></span> <span class='ocrx_word' id='word_1_492' title='bbox 790 5503 836 5545; x_wconf 87' lang='lat' dir='ltr'><strong>te</strong></span> <span class='ocrx_word' id='word_1_493' title='bbox 863 5496 1180 5554; x_wconf 81' lang='lat' dir='ltr'><strong>speraverant</strong></span> <span class='ocrx_word' id='word_1_494' title='bbox 1226 5495 1391 5550; x_wconf 88' lang='lat' dir='ltr'><strong>patres</strong></span> <span class='ocrx_word' id='word_1_495' title='bbox 1421 5481 1579 5535; x_wconf 82' lang='lat' dir='ltr'><strong>nostri</strong></span> <span class='ocrx_word' id='word_1_496' title='bbox 1602 5521 1615 5538; x_wconf 92' lang='lat'><strong>,</strong></span> <span class='ocrx_word' id='word_1_497' title='bbox 1661 5489 1705 5531; x_wconf 89' lang='lat' dir='ltr'><strong>et</strong></span> <span class='ocrx_word' id='word_1_498' title='bbox 1747 5479 1916 5531; x_wconf 81' lang='lat' dir='ltr'><strong>eruisti</strong></span> 
     </span>
    </p>
   </div>
   <div class='ocr_carea' id='block_1_59' title="bbox 341 5593 470 5645">
    <p class='ocr_par' dir='ltr' id='par_1_59' title="bbox 341 5593 470 5645">
     <span class='ocr_line' id='line_1_59' title="bbox 341 5593 470 5645; baseline 0 -1"><span class='ocrx_word' id='word_1_499' title='bbox 341 5609 425 5645; x_wconf 78' lang='lat' dir='ltr'><strong>eos</strong></span> <span class='ocrx_word' id='word_1_500' title='bbox 445 5593 470 5644; x_wconf 69' lang='grc' dir='ltr'><strong><em>Ρ</em></strong></span> 
     </span>
    </p>
   </div>
   <div class='ocr_carea' id='block_1_60' title="bbox 409 5664 1372 5730">
    <p class='ocr_par' dir='ltr' id='par_1_60' title="bbox 409 5664 1372 5730">
     <span class='ocr_line' id='line_1_60' title="bbox 409 5664 1372 5730; baseline -0.013 -3"><span class='ocrx_word' id='word_1_501' title='bbox 409 5686 422 5712; x_wconf 74' lang='grc' dir='ltr'>ί</span> <span class='ocrx_word' id='word_1_502' title='bbox 451 5684 520 5730; x_wconf 79' lang='lat' dir='ltr'><strong>sic</strong></span> <span class='ocrx_word' id='word_1_503' title='bbox 542 5689 613 5728; x_wconf 74' lang='lat' dir='ltr'><strong>Fr.</strong></span> <span class='ocrx_word' id='word_1_504' title='bbox 642 5688 690 5727; x_wconf 84' lang='lat' dir='ltr'><strong>et</strong></span> <span class='ocrx_word' id='word_1_505' title='bbox 712 5685 814 5724; x_wconf 74' lang='lat' dir='ltr'><strong>Mss.</strong></span> <span class='ocrx_word' id='word_1_506' title='bbox 840 5681 894 5722; x_wconf 85' lang='grc' dir='ltr'>Αι</span> <span class='ocrx_word' id='word_1_507' title='bbox 917 5679 1046 5721; x_wconf 78' lang='lat' dir='ltr'><strong>l.ov..</strong></span> <span class='ocrx_word' id='word_1_508' title='bbox 1079 5664 1372 5716; x_wconf 83' lang='lat' dir='ltr'><strong>constitutus.</strong></span> 
     </span>
    </p>
   </div>
   <div class='ocr_carea' id='block_1_61' title="bbox 407 5730 1326 5805">
    <p class='ocr_par' dir='ltr' id='par_1_61' title="bbox 407 5730 1326 5805">
     <span class='ocr_line' id='line_1_61' title="bbox 407 5730 1326 5805; baseline -0.018 -14"><span class='ocrx_word' id='word_1_509' title='bbox 407 5746 478 5805; x_wconf 86' lang='grc' dir='ltr'>(ιι)</span> <span class='ocrx_word' id='word_1_510' title='bbox 497 5745 697 5790; x_wconf 67' lang='grc' dir='ltr'>ειιιιιιιιιι.</span> <span class='ocrx_word' id='word_1_511' title='bbox 724 5736 993 5799; x_wconf 78' lang='lat' dir='ltr'><strong>q.-u&#39;tnpiam</strong></span> <span class='ocrx_word' id='word_1_512' title='bbox 1016 5730 1326 5786; x_wconf 81' lang='lat' dir='ltr'><strong>probandum.</strong></span> 
     </span>
    </p>
   </div>
   <div class='ocr_carea' id='block_1_62' title="bbox 1442 259 2466 320">
    <p class='ocr_par' dir='ltr' id='par_1_62' title="bbox 1442 259 2466 320">
     <span class='ocr_line' id='line_1_62' title="bbox 1442 259 2466 320; baseline 0.002 -5"><span class='ocrx_word' id='word_1_513' title='bbox 1442 259 1835 316; x_wconf 71' lang='lat' dir='ltr'><strong>ENARRATIO</strong></span> <span class='ocrx_word' id='word_1_514' title='bbox 1865 261 1927 316; x_wconf 70' lang='lat' dir='ltr'><strong>IN</strong></span> <span class='ocrx_word' id='word_1_515' title='bbox 1969 263 2285 320; x_wconf 70' lang='lat' dir='ltr'><strong>PSALMUM</strong></span> <span class='ocrx_word' id='word_1_516' title='bbox 2325 263 2466 320; x_wconf 73' lang='lat' dir='ltr'><strong>XXI.</strong></span> 
     </span>
    </p>
   </div>
   <div class='ocr_carea' id='block_1_63' title="bbox 3475 276 3574 334">
    <p class='ocr_par' dir='ltr' id='par_1_63' title="bbox 3475 276 3574 334">
     <span class='ocr_line' id='line_1_63' title="bbox 3475 276 3574 334; baseline 0.02 -2"><span class='ocrx_word' id='word_1_517' title='bbox 3475 276 3574 334; x_wconf 67' lang='grc' dir='ltr'><strong>1τὸ</strong></span> 
     </span>
    </p>
   </div>
   <div class='ocr_carea' id='block_1_64' title="bbox 2079 377 3576 452">
    <p class='ocr_par' dir='ltr' id='par_1_64' title="bbox 2079 377 3576 452">
     <span class='ocr_line' id='line_1_64' title="bbox 2079 377 3576 452; baseline 0.01 -22"><span class='ocrx_word' id='word_1_518' title='bbox 2079 379 2126 430; x_wconf 86' lang='grc'>7.</span> <span class='ocrx_word' id='word_1_519' title='bbox 2163 377 2309 449; x_wconf 74' lang='lat' dir='ltr'><strong>(vers.</strong></span> <span class='ocrx_word' id='word_1_520' title='bbox 2343 377 2422 451; x_wconf 81' lang='lat'><strong>7.]</strong></span> <span class='ocrx_word' id='word_1_521' title='bbox 2458 378 2566 451; x_wconf 79' lang='lat' dir='ltr'><strong>Ego</strong></span> <span class='ocrx_word' id='word_1_522' title='bbox 2607 393 2770 437; x_wconf 78' lang='lat' dir='ltr'><strong>autent</strong></span> <span class='ocrx_word' id='word_1_523' title='bbox 2797 400 2907 438; x_wconf 89' lang='lat' dir='ltr'><strong>sum</strong></span> <span class='ocrx_word' id='word_1_524' title='bbox 2940 387 3146 452; x_wconf 82' lang='lat' dir='ltr'><strong>vermis,</strong></span> <span class='ocrx_word' id='word_1_525' title='bbox 3191 399 3235 443; x_wconf 88' lang='lat' dir='ltr'><strong>et</strong></span> <span class='ocrx_word' id='word_1_526' title='bbox 3273 407 3373 445; x_wconf 87' lang='lat' dir='ltr'><strong>non</strong></span> <span class='ocrx_word' id='word_1_527' title='bbox 3409 393 3576 448; x_wconf 82' lang='lat' dir='ltr'><strong>homo.</strong></span> 
     </span>
    </p>
   </div>
   <div class='ocr_carea' id='block_1_65' title="bbox 2019 468 3579 544">
    <p class='ocr_par' dir='ltr' id='par_1_65' title="bbox 2019 468 3579 544">
     <span class='ocr_line' id='line_1_65' title="bbox 2019 468 3579 544; baseline 0.011 -24"><span class='ocrx_word' id='word_1_528' title='bbox 2019 468 2238 529; x_wconf 76' lang='lat' dir='ltr'><strong>Vermis,</strong></span> <span class='ocrx_word' id='word_1_529' title='bbox 2269 482 2312 523; x_wconf 90' lang='lat' dir='ltr'><strong>et</strong></span> <span class='ocrx_word' id='word_1_530' title='bbox 2348 489 2446 524; x_wconf 88' lang='lat' dir='ltr'><strong>non</strong></span> <span class='ocrx_word' id='word_1_531' title='bbox 2477 473 2624 527; x_wconf 79' lang='lat' dir='ltr'><strong>homo</strong></span> <span class='ocrx_word' id='word_1_532' title='bbox 2657 489 2674 527; x_wconf 93' lang='lat'><strong><em>:</em></strong></span> <span class='ocrx_word' id='word_1_533' title='bbox 2705 491 2822 528; x_wconf 90' lang='lat' dir='ltr'><strong>nam</strong></span> <span class='ocrx_word' id='word_1_534' title='bbox 2855 485 2934 530; x_wconf 89' lang='lat' dir='ltr'><strong>est</strong></span> <span class='ocrx_word' id='word_1_535' title='bbox 2962 488 3013 531; x_wconf 88' lang='lat' dir='ltr'><strong>et</strong></span> <span class='ocrx_word' id='word_1_536' title='bbox 3044 480 3202 535; x_wconf 87' lang='lat' dir='ltr'><strong>homo</strong></span> <span class='ocrx_word' id='word_1_537' title='bbox 3232 486 3425 538; x_wconf 84' lang='lat' dir='ltr'><strong>vermis</strong></span> <span class='ocrx_word' id='word_1_538' title='bbox 3446 503 3462 544; x_wconf 73' lang='grc' dir='ltr'>ς</span> <span class='ocrx_word' id='word_1_539' title='bbox 3487 486 3579 540; x_wconf 85' lang='lat' dir='ltr'><strong>sed</strong></span> 
     </span>
    </p>
   </div>
   <div class='ocr_carea' id='block_1_66' title="bbox 2010 560 3578 641">
    <p class='ocr_par' dir='ltr' id='par_1_66' title="bbox 2010 560 3578 641">
     <span class='ocr_line' id='line_1_66' title="bbox 2010 560 3578 641; baseline 0.011 -30"><span class='ocrx_word' id='word_1_540' title='bbox 2010 560 2118 629; x_wconf 81' lang='lat' dir='ltr'><strong>ille,</strong></span> <span class='ocrx_word' id='word_1_541' title='bbox 2149 560 2357 627; x_wconf 74' lang='lat' dir='ltr'><strong>Vermis,</strong></span> <span class='ocrx_word' id='word_1_542' title='bbox 2376 573 2420 615; x_wconf 89' lang='lat' dir='ltr'><strong>et</strong></span> <span class='ocrx_word' id='word_1_543' title='bbox 2449 580 2546 616; x_wconf 86' lang='lat' dir='ltr'><strong>non</strong></span> <span class='ocrx_word' id='word_1_544' title='bbox 2574 565 2740 618; x_wconf 83' lang='lat' dir='ltr'><strong>homo.</strong></span> <span class='ocrx_word' id='word_1_545' title='bbox 2763 566 2912 622; x_wconf 89' lang='lat' dir='ltr'><strong>Unde</strong></span> <span class='ocrx_word' id='word_1_546' title='bbox 2940 586 3040 622; x_wconf 87' lang='lat' dir='ltr'><strong>non</strong></span> <span class='ocrx_word' id='word_1_547' title='bbox 3061 570 3398 641; x_wconf 83' lang='lat' dir='ltr'><strong>ltomo?Quia</strong></span> <span class='ocrx_word' id='word_1_548' title='bbox 3419 576 3578 632; x_wconf 82' lang='lat' dir='ltr'><strong>Deus.</strong></span> 
     </span>
    </p>
   </div>
   <div class='ocr_carea' id='block_1_67' title="bbox 2005 641 3580 738">
    <p class='ocr_par' dir='ltr' id='par_1_67' title="bbox 2005 641 3580 738">
     <span class='ocr_line' id='line_1_67' title="bbox 2005 641 3580 738; baseline 0.012 -36"><span class='ocrx_word' id='word_1_549' title='bbox 2005 652 2178 717; x_wconf 84' lang='lat' dir='ltr'><strong>Quare</strong></span> <span class='ocrx_word' id='word_1_550' title='bbox 2205 641 2332 722; x_wconf 78' lang='lat' dir='ltr'><strong>ergo</strong></span> <span class='ocrx_word' id='word_1_551' title='bbox 2356 657 2432 710; x_wconf 90' lang='lat' dir='ltr'><strong>sic</strong></span> <span class='ocrx_word' id='word_1_552' title='bbox 2460 670 2518 710; x_wconf 89' lang='lat' dir='ltr'><strong>se</strong></span> <span class='ocrx_word' id='word_1_553' title='bbox 2543 657 2733 726; x_wconf 85' lang='lat' dir='ltr'><strong>abjecit</strong></span> <span class='ocrx_word' id='word_1_554' title='bbox 2759 669 2814 712; x_wconf 91' lang='grc' dir='ltr'><strong>ιιι</strong></span> <span class='ocrx_word' id='word_1_555' title='bbox 2838 661 3056 724; x_wconf 87' lang='lat' dir='ltr'><strong>diceret,</strong></span> <span class='ocrx_word' id='word_1_556' title='bbox 3101 663 3330 720; x_wconf 84' lang='lat' dir='ltr'><strong>Vermis?</strong></span> <span class='ocrx_word' id='word_1_557' title='bbox 3359 672 3438 721; x_wconf 73' lang='lat' dir='ltr'><strong>An</strong></span> <span class='ocrx_word' id='word_1_558' title='bbox 3459 671 3580 738; x_wconf 87' lang='lat' dir='ltr'><strong>quia</strong></span> 
     </span>
    </p>
   </div>
   <div class='ocr_carea' id='block_1_68' title="bbox 2006 745 3579 821">
    <p class='ocr_par' dir='ltr' id='par_1_68' title="bbox 2006 745 3579 821">
     <span class='ocr_line' id='line_1_68' title="bbox 2006 745 3579 821; baseline 0.013 -29"><span class='ocrx_word' id='word_1_559' title='bbox 2006 746 2200 798; x_wconf 83' lang='lat' dir='ltr'><strong>vermis</strong></span> <span class='ocrx_word' id='word_1_560' title='bbox 2233 745 2298 800; x_wconf 92' lang='lat' dir='ltr'><strong>de</strong></span> <span class='ocrx_word' id='word_1_561' title='bbox 2324 762 2485 802; x_wconf 89' lang='lat' dir='ltr'><strong>carne</strong></span> <span class='ocrx_word' id='word_1_562' title='bbox 2513 750 2628 802; x_wconf 90' lang='lat' dir='ltr'><strong>sine</strong></span> <span class='ocrx_word' id='word_1_563' title='bbox 2657 753 2936 806; x_wconf 88' lang='lat' dir='ltr'><strong>concubitu</strong></span> <span class='ocrx_word' id='word_1_564' title='bbox 2973 757 3201 810; x_wconf 90' lang='lat' dir='ltr'><strong>nascitur</strong></span> <span class='ocrx_word' id='word_1_565' title='bbox 3220 800 3234 821; x_wconf 92' lang='lat'><strong>,</strong></span> <span class='ocrx_word' id='word_1_566' title='bbox 3264 759 3400 813; x_wconf 89' lang='lat' dir='ltr'><strong>sicut</strong></span> <span class='ocrx_word' id='word_1_567' title='bbox 3427 762 3579 815; x_wconf 55' lang='lat' dir='ltr'><strong>Chrio</strong></span> 
     </span>
    </p>
   </div>
   <div class='ocr_carea' id='block_1_69' title="bbox 2004 836 3578 908">
    <p class='ocr_par' dir='ltr' id='par_1_69' title="bbox 2004 836 3578 908">
     <span class='ocr_line' id='line_1_69' title="bbox 2004 836 3578 908; baseline 0.01 -20"><span class='ocrx_word' id='word_1_568' title='bbox 2004 846 2116 888; x_wconf 78' lang='lat' dir='ltr'><strong>Slus</strong></span> <span class='ocrx_word' id='word_1_569' title='bbox 2142 836 2208 889; x_wconf 92' lang='lat' dir='ltr'><strong>de</strong></span> <span class='ocrx_word' id='word_1_570' title='bbox 2224 837 2382 890; x_wconf 78' lang='lat' dir='ltr'><strong>Maria</strong></span> <span class='ocrx_word' id='word_1_571' title='bbox 2411 840 2644 908; x_wconf 81' lang='lat' dir='ltr'><strong>virgine?</strong></span> <span class='ocrx_word' id='word_1_572' title='bbox 2667 841 2730 894; x_wconf 83' lang='lat' dir='ltr'><strong>Et</strong></span> <span class='ocrx_word' id='word_1_573' title='bbox 2748 844 2960 905; x_wconf 84' lang='lat' dir='ltr'><strong>vermis,</strong></span> <span class='ocrx_word' id='word_1_574' title='bbox 2982 855 3033 898; x_wconf 88' lang='lat' dir='ltr'><strong>et</strong></span> <span class='ocrx_word' id='word_1_575' title='bbox 3064 856 3236 900; x_wconf 87' lang='lat' dir='ltr'><strong>tamen</strong></span> <span class='ocrx_word' id='word_1_576' title='bbox 3266 863 3367 900; x_wconf 87' lang='lat' dir='ltr'><strong>non</strong></span> <span class='ocrx_word' id='word_1_577' title='bbox 3398 849 3578 903; x_wconf 87' lang='lat' dir='ltr'><strong>homo.</strong></span> 
     </span>
    </p>
   </div>
   <div class='ocr_carea' id='block_1_70' title="bbox 2003 926 3577 1003">
    <p class='ocr_par' dir='ltr' id='par_1_70' title="bbox 2003 926 3577 1003">
     <span class='ocr_line' id='line_1_70' title="bbox 2003 926 3577 1003; baseline 0.01 -28"><span class='ocrx_word' id='word_1_578' title='bbox 2003 926 2179 992; x_wconf 85' lang='lat' dir='ltr'><strong>Quare</strong></span> <span class='ocrx_word' id='word_1_579' title='bbox 2209 929 2440 982; x_wconf 83' lang='lat' dir='ltr'><strong>vermis?</strong></span> <span class='ocrx_word' id='word_1_580' title='bbox 2470 930 2600 997; x_wconf 86' lang='lat' dir='ltr'><strong>Quia</strong></span> <span class='ocrx_word' id='word_1_581' title='bbox 2632 933 2868 986; x_wconf 89' lang='lat' dir='ltr'><strong>mortalis</strong></span> <span class='ocrx_word' id='word_1_582' title='bbox 2888 976 2900 993; x_wconf 84' lang='lat'><strong>,</strong></span> <span class='ocrx_word' id='word_1_583' title='bbox 2930 936 3048 1003; x_wconf 87' lang='lat' dir='ltr'><strong>quia</strong></span> <span class='ocrx_word' id='word_1_584' title='bbox 3080 937 3146 990; x_wconf 91' lang='lat' dir='ltr'><strong>de</strong></span> <span class='ocrx_word' id='word_1_585' title='bbox 3188 953 3346 993; x_wconf 90' lang='lat' dir='ltr'><strong>carne</strong></span> <span class='ocrx_word' id='word_1_586' title='bbox 3389 952 3541 994; x_wconf 89' lang='lat' dir='ltr'><strong>natus</strong></span> <span class='ocrx_word' id='word_1_587' title='bbox 3562 984 3577 1002; x_wconf 91' lang='lat'><strong>,</strong></span> 
     </span>
    </p>
   </div>
   <div class='ocr_carea' id='block_1_71' title="bbox 2001 1017 3580 1096">
    <p class='ocr_par' dir='ltr' id='par_1_71' title="bbox 2001 1017 3580 1096">
     <span class='ocr_line' id='line_1_71' title="bbox 2001 1017 3580 1096; baseline 0.01 -29"><span class='ocrx_word' id='word_1_588' title='bbox 2001 1017 2120 1084; x_wconf 84' lang='lat' dir='ltr'><strong>quia</strong></span> <span class='ocrx_word' id='word_1_589' title='bbox 2151 1017 2264 1072; x_wconf 89' lang='lat' dir='ltr'><strong>sine</strong></span> <span class='ocrx_word' id='word_1_590' title='bbox 2290 1020 2568 1074; x_wconf 87' lang='lat' dir='ltr'><strong>concubitu</strong></span> <span class='ocrx_word' id='word_1_591' title='bbox 2599 1032 2770 1077; x_wconf 90' lang='lat' dir='ltr'><strong>natus.</strong></span> <span class='ocrx_word' id='word_1_592' title='bbox 2807 1023 2980 1091; x_wconf 85' lang='lat' dir='ltr'><strong>Quare</strong></span> <span class='ocrx_word' id='word_1_593' title='bbox 3007 1041 3110 1080; x_wconf 91' lang='lat' dir='ltr'><strong>non</strong></span> <span class='ocrx_word' id='word_1_594' title='bbox 3143 1027 3337 1082; x_wconf 88' lang='lat' dir='ltr'><strong>homo?</strong></span> <span class='ocrx_word' id='word_1_595' title='bbox 3364 1033 3494 1096; x_wconf 85' lang='lat' dir='ltr'><strong>Quia</strong></span> <span class='ocrx_word' id='word_1_596' title='bbox 3529 1033 3580 1084; x_wconf 89' lang='lat' dir='ltr'><strong>in</strong></span> 
     </span>
    </p>
   </div>
   <div class='ocr_carea' id='block_1_72' title="bbox 2003 1108 3583 1188">
    <p class='ocr_par' dir='ltr' id='par_1_72' title="bbox 2003 1108 3583 1188">
     <span class='ocr_line' id='line_1_72' title="bbox 2003 1108 3583 1188; baseline 0.011 -30"><span class='ocrx_word' id='word_1_597' title='bbox 2003 1108 2260 1176; x_wconf 79' lang='lat' dir='ltr'><strong>principio</strong></span> <span class='ocrx_word' id='word_1_598' title='bbox 2283 1121 2396 1163; x_wconf 91' lang='lat' dir='ltr'><strong>erat</strong></span> <span class='ocrx_word' id='word_1_599' title='bbox 2420 1109 2668 1176; x_wconf 79' lang='lat' dir='ltr'><strong>Verbum,</strong></span> <span class='ocrx_word' id='word_1_600' title='bbox 2687 1121 2741 1167; x_wconf 88' lang='lat' dir='ltr'><strong>et</strong></span> <span class='ocrx_word' id='word_1_601' title='bbox 2762 1113 2987 1169; x_wconf 75' lang='lat' dir='ltr'><strong>Verbum</strong></span> <span class='ocrx_word' id='word_1_602' title='bbox 3016 1127 3132 1172; x_wconf 85' lang='lat' dir='ltr'><strong>erat</strong></span> <span class='ocrx_word' id='word_1_603' title='bbox 3155 1121 3292 1188; x_wconf 86' lang='lat' dir='ltr'><strong>apud</strong></span> <span class='ocrx_word' id='word_1_604' title='bbox 3327 1122 3510 1186; x_wconf 84' lang='lat' dir='ltr'><strong>Deum,</strong></span> <span class='ocrx_word' id='word_1_605' title='bbox 3529 1133 3583 1176; x_wconf 78' lang='grc' dir='ltr'><strong>ιιι</strong></span> 
     </span>
    </p>
   </div>
   <div class='ocr_carea' id='block_1_73' title="bbox 2005 1199 2558 1258">
    <p class='ocr_par' dir='ltr' id='par_1_73' title="bbox 2005 1199 2558 1258">
     <span class='ocr_line' id='line_1_73' title="bbox 2005 1199 2558 1258; baseline 0.013 -8"><span class='ocrx_word' id='word_1_606' title='bbox 2005 1199 2143 1253; x_wconf 85' lang='lat' dir='ltr'><strong>Deus</strong></span> <span class='ocrx_word' id='word_1_607' title='bbox 2170 1209 2284 1254; x_wconf 90' lang='lat' dir='ltr'><strong>erat</strong></span> <span class='ocrx_word' id='word_1_608' title='bbox 2312 1202 2558 1258; x_wconf 82' lang='lat' dir='ltr'><strong>Verbum.</strong></span> 
     </span>
    </p>
   </div>
   <div class='ocr_carea' id='block_1_74' title="bbox 2072 1288 3582 1372">
    <p class='ocr_par' dir='ltr' id='par_1_74' title="bbox 2072 1288 3582 1372">
     <span class='ocr_line' id='line_1_74' title="bbox 2072 1288 3582 1372; baseline 0.012 -30"><span class='ocrx_word' id='word_1_609' title='bbox 2072 1290 2125 1342; x_wconf 89' lang='lat'><strong>8.</strong></span> <span class='ocrx_word' id='word_1_610' title='bbox 2163 1288 2499 1359; x_wconf 70' lang='lat' dir='ltr'><strong>Oppi-ebrium</strong></span> <span class='ocrx_word' id='word_1_611' title='bbox 2541 1294 2798 1349; x_wconf 80' lang='lat' dir='ltr'><strong>hominum</strong></span> <span class='ocrx_word' id='word_1_612' title='bbox 2844 1307 2889 1351; x_wconf 89' lang='lat' dir='ltr'><strong>et</strong></span> <span class='ocrx_word' id='word_1_613' title='bbox 2917 1300 3126 1368; x_wconf 74' lang='lat' dir='ltr'><strong>abjcrtio</strong></span> <span class='ocrx_word' id='word_1_614' title='bbox 3173 1303 3328 1372; x_wconf 82' lang='lat' dir='ltr'><strong>plebis</strong></span> <span class='ocrx_word' id='word_1_615' title='bbox 3357 1322 3376 1359; x_wconf 91' lang='lat'><strong><em>:</em></strong></span> <span class='ocrx_word' id='word_1_616' title='bbox 3410 1307 3582 1360; x_wconf 88' lang='lat' dir='ltr'><strong>videte</strong></span> 
     </span>
    </p>
   </div>
   <div class='ocr_carea' id='block_1_75' title="bbox 2003 1386 3581 1460">
    <p class='ocr_par' dir='ltr' id='par_1_75' title="bbox 2003 1386 3581 1460">
     <span class='ocr_line' id='line_1_75' title="bbox 2003 1386 3581 1460; baseline 0.01 -29"><span class='ocrx_word' id='word_1_617' title='bbox 2003 1391 2194 1447; x_wconf 89' lang='lat' dir='ltr'><strong>quanta</strong></span> <span class='ocrx_word' id='word_1_618' title='bbox 2226 1398 2411 1450; x_wconf 89' lang='lat' dir='ltr'><strong>passus</strong></span> <span class='ocrx_word' id='word_1_619' title='bbox 2441 1386 2551 1438; x_wconf 87' lang='lat' dir='ltr'><strong>est!</strong></span> <span class='ocrx_word' id='word_1_620' title='bbox 2583 1386 2700 1440; x_wconf 85' lang='lat' dir='ltr'><strong>.lam</strong></span> <span class='ocrx_word' id='word_1_621' title='bbox 2732 1398 2786 1440; x_wconf 93' lang='lat' dir='ltr'><strong>ut</strong></span> <span class='ocrx_word' id='word_1_622' title='bbox 2814 1388 3054 1444; x_wconf 88' lang='lat' dir='ltr'><strong>dicamus</strong></span> <span class='ocrx_word' id='word_1_623' title='bbox 3087 1394 3404 1460; x_wconf 84' lang='lat' dir='ltr'><strong>passionem,</strong></span> <span class='ocrx_word' id='word_1_624' title='bbox 3433 1407 3486 1450; x_wconf 88' lang='lat' dir='ltr'><strong>et</strong></span> <span class='ocrx_word' id='word_1_625' title='bbox 3515 1399 3581 1448; x_wconf 88' lang='lat' dir='ltr'><strong>ad</strong></span> 
     </span>
    </p>
   </div>
   <div class='ocr_carea' id='block_1_76' title="bbox 2003 1473 3583 1553">
    <p class='ocr_par' dir='ltr' id='par_1_76' title="bbox 2003 1473 3583 1553">
     <span class='ocr_line' id='line_1_76' title="bbox 2003 1473 3583 1553; baseline 0.009 -29"><span class='ocrx_word' id='word_1_626' title='bbox 2003 1473 2144 1526; x_wconf 91' lang='lat' dir='ltr'><strong>illam</strong></span> <span class='ocrx_word' id='word_1_627' title='bbox 2177 1477 2359 1540; x_wconf 83' lang='lat' dir='ltr'><strong>majori</strong></span> <span class='ocrx_word' id='word_1_628' title='bbox 2391 1480 2626 1544; x_wconf 77' lang='lat' dir='ltr'><strong>getnitu&#39;</strong></span> <span class='ocrx_word' id='word_1_629' title='bbox 2661 1481 2966 1545; x_wconf 87' lang='lat' dir='ltr'><strong>veniamus,</strong></span> <span class='ocrx_word' id='word_1_630' title='bbox 3000 1483 3170 1536; x_wconf 78' lang='lat' dir='ltr'><strong>videte</strong></span> <span class='ocrx_word' id='word_1_631' title='bbox 3200 1496 3392 1553; x_wconf 87' lang='lat' dir='ltr'><strong>quanta</strong></span> <span class='ocrx_word' id='word_1_632' title='bbox 3425 1487 3583 1541; x_wconf 86' lang='lat' dir='ltr'><strong>modo</strong></span> 
     </span>
    </p>
   </div>
   <div class='ocr_carea' id='block_1_77' title="bbox 2001 1567 3584 1642">
    <p class='ocr_par' dir='ltr' id='par_1_77' title="bbox 2001 1567 3584 1642">
     <span class='ocr_line' id='line_1_77' title="bbox 2001 1567 3584 1642; baseline 0.012 -27"><span class='ocrx_word' id='word_1_633' title='bbox 2001 1567 2229 1632; x_wconf 88' lang='lat' dir='ltr'><strong>patitur,</strong></span> <span class='ocrx_word' id='word_1_634' title='bbox 2262 1577 2315 1621; x_wconf 90' lang='lat' dir='ltr'><strong>ct</strong></span> <span class='ocrx_word' id='word_1_635' title='bbox 2357 1568 2547 1624; x_wconf 91' lang='lat' dir='ltr'><strong>deinde</strong></span> <span class='ocrx_word' id='word_1_636' title='bbox 2574 1570 2745 1625; x_wconf 85' lang='lat' dir='ltr'><strong>videte</strong></span> <span class='ocrx_word' id='word_1_637' title='bbox 2773 1576 2966 1642; x_wconf 88' lang='lat' dir='ltr'><strong>quare!</strong></span> <span class='ocrx_word' id='word_1_638' title='bbox 2999 1575 3128 1642; x_wconf 89' lang='lat' dir='ltr'><strong>Quis</strong></span> <span class='ocrx_word' id='word_1_639' title='bbox 3157 1579 3296 1631; x_wconf 90' lang='lat' dir='ltr'><strong>enim</strong></span> <span class='ocrx_word' id='word_1_640' title='bbox 3342 1580 3584 1634; x_wconf 79' lang='lat' dir='ltr'><strong>fructus?</strong></span> 
     </span>
    </p>
   </div>
   <div class='ocr_carea' id='block_1_78' title="bbox 2004 1657 3580 1731">
    <p class='ocr_par' dir='ltr' id='par_1_78' title="bbox 2004 1657 3580 1731">
     <span class='ocr_line' id='line_1_78' title="bbox 2004 1657 3580 1731; baseline 0.011 -23"><span class='ocrx_word' id='word_1_641' title='bbox 2004 1657 2138 1711; x_wconf 57' lang='lat' dir='ltr'><strong>liere</strong></span> <span class='ocrx_word' id='word_1_642' title='bbox 2165 1671 2510 1728; x_wconf 87' lang='lat' dir='ltr'><strong>speraverunt</strong></span> <span class='ocrx_word' id='word_1_643' title='bbox 2537 1671 2710 1731; x_wconf 88' lang='lat' dir='ltr'><strong>patres</strong></span> <span class='ocrx_word' id='word_1_644' title='bbox 2739 1666 2936 1730; x_wconf 89' lang='lat' dir='ltr'><strong>nostri,</strong></span> <span class='ocrx_word' id='word_1_645' title='bbox 2969 1677 3021 1721; x_wconf 86' lang='lat' dir='ltr'><strong>et</strong></span> <span class='ocrx_word' id='word_1_646' title='bbox 3046 1670 3179 1722; x_wconf 91' lang='lat' dir='ltr'><strong>eruti</strong></span> <span class='ocrx_word' id='word_1_647' title='bbox 3207 1681 3328 1725; x_wconf 90' lang='lat' dir='ltr'><strong>sunt</strong></span> <span class='ocrx_word' id='word_1_648' title='bbox 3353 1671 3422 1726; x_wconf 88' lang='lat' dir='ltr'><strong>de</strong></span> <span class='ocrx_word' id='word_1_649' title='bbox 3442 1681 3580 1726; x_wconf 89' lang='lat' dir='ltr'><strong>terra</strong></span> 
     </span>
    </p>
   </div>
   <div class='ocr_carea' id='block_1_79' title="bbox 2003 1750 3584 1826">
    <p class='ocr_par' dir='ltr' id='par_1_79' title="bbox 2003 1750 3584 1826">
     <span class='ocr_line' id='line_1_79' title="bbox 2003 1750 3584 1826; baseline 0.009 -22"><span class='ocrx_word' id='word_1_650' title='bbox 2003 1750 2239 1820; x_wconf 57' lang='lat' dir='ltr'><strong>ngypti.</strong></span> <span class='ocrx_word' id='word_1_651' title='bbox 2275 1754 2337 1806; x_wconf 76' lang='lat' dir='ltr'><strong>Et</strong></span> <span class='ocrx_word' id='word_1_652' title='bbox 2363 1754 2496 1808; x_wconf 84' lang='lat' dir='ltr'><strong>sicut</strong></span> <span class='ocrx_word' id='word_1_653' title='bbox 2527 1755 2654 1818; x_wconf 81' lang='lat' dir='ltr'><strong>dixi,</strong></span> <span class='ocrx_word' id='word_1_654' title='bbox 2674 1766 2778 1809; x_wconf 90' lang='lat' dir='ltr'><strong>tam</strong></span> <span class='ocrx_word' id='word_1_655' title='bbox 2807 1759 2953 1813; x_wconf 83' lang='lat' dir='ltr'><strong>multi</strong></span> <span class='ocrx_word' id='word_1_656' title='bbox 2986 1760 3380 1826; x_wconf 87' lang='lat' dir='ltr'><strong>invocaverunt,</strong></span> <span class='ocrx_word' id='word_1_657' title='bbox 3404 1758 3584 1818; x_wconf 84' lang='lat' dir='ltr'><strong>etsta-</strong></span> 
     </span>
    </p>
   </div>
   <div class='ocr_carea' id='block_1_80' title="bbox 2004 1843 3580 1914">
    <p class='ocr_par' dir='ltr' id='par_1_80' title="bbox 2004 1843 3580 1914">
     <span class='ocr_line' id='line_1_80' title="bbox 2004 1843 3580 1914; baseline 0.011 -20"><span class='ocrx_word' id='word_1_658' title='bbox 2004 1844 2096 1894; x_wconf 92' lang='lat' dir='ltr'><strong>tim</strong></span> <span class='ocrx_word' id='word_1_659' title='bbox 2124 1843 2187 1896; x_wconf 89' lang='lat' dir='ltr'><strong>ad</strong></span> <span class='ocrx_word' id='word_1_660' title='bbox 2221 1858 2446 1914; x_wconf 83' lang='lat' dir='ltr'><strong>tempus,</strong></span> <span class='ocrx_word' id='word_1_661' title='bbox 2481 1863 2582 1900; x_wconf 88' lang='lat' dir='ltr'><strong>non</strong></span> <span class='ocrx_word' id='word_1_662' title='bbox 2614 1849 2662 1900; x_wconf 90' lang='lat' dir='ltr'><strong>in</strong></span> <span class='ocrx_word' id='word_1_663' title='bbox 2691 1849 2859 1902; x_wconf 88' lang='lat' dir='ltr'><strong>futura</strong></span> <span class='ocrx_word' id='word_1_664' title='bbox 2887 1851 3013 1914; x_wconf 84' lang='lat' dir='ltr'><strong>vita,</strong></span> <span class='ocrx_word' id='word_1_665' title='bbox 3043 1853 3134 1906; x_wconf 89' lang='lat' dir='ltr'><strong>sed</strong></span> <span class='ocrx_word' id='word_1_666' title='bbox 3162 1856 3414 1908; x_wconf 83' lang='lat' dir='ltr'><strong>continuo</strong></span> <span class='ocrx_word' id='word_1_667' title='bbox 3446 1857 3580 1910; x_wconf 88' lang='lat' dir='ltr'><strong>libe-</strong></span> 
     </span>
    </p>
   </div>
   <div class='ocr_carea' id='block_1_81' title="bbox 2004 1938 3581 2019">
    <p class='ocr_par' dir='ltr' id='par_1_81' title="bbox 2004 1938 3581 2019">
     <span class='ocr_line' id='line_1_81' title="bbox 2004 1938 3581 2019; baseline 0.01 -31"><span class='ocrx_word' id='word_1_668' title='bbox 2004 1938 2102 1989; x_wconf 87' lang='lat' dir='ltr'><strong>rati</strong></span> <span class='ocrx_word' id='word_1_669' title='bbox 2128 1948 2268 1989; x_wconf 87' lang='lat' dir='ltr'><strong>sunt.</strong></span> <span class='ocrx_word' id='word_1_670' title='bbox 2298 1938 2414 2005; x_wconf 88' lang='lat' dir='ltr'><strong>Ipse</strong></span> <span class='ocrx_word' id='word_1_671' title='bbox 2439 1938 2539 1993; x_wconf 84' lang='lat' dir='ltr'><strong>Job</strong></span> <span class='ocrx_word' id='word_1_672' title='bbox 2567 1940 2776 1994; x_wconf 87' lang='lat' dir='ltr'><strong>diabolo</strong></span> <span class='ocrx_word' id='word_1_673' title='bbox 2807 1945 3001 2008; x_wconf 85' lang='lat' dir='ltr'><strong>petenti</strong></span> <span class='ocrx_word' id='word_1_674' title='bbox 3027 1959 3312 2000; x_wconf 87' lang='lat' dir='ltr'><strong>concessus</strong></span> <span class='ocrx_word' id='word_1_675' title='bbox 3337 1959 3417 2001; x_wconf 89' lang='lat' dir='ltr'><strong>est</strong></span> <span class='ocrx_word' id='word_1_676' title='bbox 3437 1988 3452 2010; x_wconf 93' lang='lat'><strong>,</strong></span> <span class='ocrx_word' id='word_1_677' title='bbox 3483 1965 3550 2019; x_wconf 90' lang='lat' dir='ltr'><strong>ptt</strong></span> <span class='ocrx_word' id='word_1_678' title='bbox 3569 1981 3581 1989; x_wconf 91' lang='lat'><strong>-</strong></span> 
     </span>
    </p>
   </div>
   <div class='ocr_carea' id='block_1_82' title="bbox 2004 2030 3582 2108">
    <p class='ocr_par' dir='ltr' id='par_1_82' title="bbox 2004 2030 3582 2108">
     <span class='ocr_line' id='line_1_82' title="bbox 2004 2030 3582 2108; baseline 0.008 -30"><span class='ocrx_word' id='word_1_679' title='bbox 2004 2035 2239 2081; x_wconf 82' lang='lat' dir='ltr'><strong>trescens</strong></span> <span class='ocrx_word' id='word_1_680' title='bbox 2267 2030 2533 2083; x_wconf 84' lang='lat' dir='ltr'><strong>vermibus</strong></span> <span class='ocrx_word' id='word_1_681' title='bbox 2567 2051 2579 2083; x_wconf 92' lang='lat'><strong>:</strong></span> <span class='ocrx_word' id='word_1_682' title='bbox 2617 2041 2787 2087; x_wconf 90' lang='lat' dir='ltr'><strong>tamen</strong></span> <span class='ocrx_word' id='word_1_683' title='bbox 2819 2033 2868 2086; x_wconf 93' lang='lat' dir='ltr'><strong>in</strong></span> <span class='ocrx_word' id='word_1_684' title='bbox 2893 2034 2990 2088; x_wconf 88' lang='lat' dir='ltr'><strong>hac</strong></span> <span class='ocrx_word' id='word_1_685' title='bbox 3017 2035 3116 2088; x_wconf 90' lang='lat' dir='ltr'><strong>vita</strong></span> <span class='ocrx_word' id='word_1_686' title='bbox 3147 2041 3476 2108; x_wconf 80' lang='lat' dir='ltr'><strong>recuperavit</strong></span> <span class='ocrx_word' id='word_1_687' title='bbox 3499 2054 3582 2093; x_wconf 83' lang='lat' dir='ltr'><strong>sa-</strong></span> 
     </span>
    </p>
   </div>
   <div class='ocr_carea' id='block_1_83' title="bbox 2004 2116 3576 2201">
    <p class='ocr_par' dir='ltr' id='par_1_83' title="bbox 2004 2116 3576 2201">
     <span class='ocr_line' id='line_1_83' title="bbox 2004 2116 3576 2201; baseline 0.008 -34"><span class='ocrx_word' id='word_1_688' title='bbox 2004 2116 2162 2169; x_wconf 88' lang='lat' dir='ltr'><strong>lutem</strong></span> <span class='ocrx_word' id='word_1_689' title='bbox 2184 2159 2200 2182; x_wconf 95' lang='lat'><strong>,</strong></span> <span class='ocrx_word' id='word_1_690' title='bbox 2228 2116 2390 2185; x_wconf 88' lang='lat' dir='ltr'><strong>duplo</strong></span> <span class='ocrx_word' id='word_1_691' title='bbox 2414 2121 2615 2188; x_wconf 90' lang='lat' dir='ltr'><strong>accepit</strong></span> <span class='ocrx_word' id='word_1_692' title='bbox 2643 2137 2756 2189; x_wconf 71' lang='lat' dir='ltr'><strong>qttzt!</strong></span> <span class='ocrx_word' id='word_1_693' title='bbox 2783 2123 3079 2192; x_wconf 87' lang='lat' dir='ltr'><strong>perdiderat</strong></span> <span class='ocrx_word' id='word_1_694' title='bbox 3110 2123 3234 2190; x_wconf 81' lang='lat' dir='ltr'><strong>(Job</strong></span> <span class='ocrx_word' id='word_1_695' title='bbox 3281 2143 3383 2182; x_wconf 80' lang='lat' dir='ltr'><strong>xui</strong></span> <span class='ocrx_word' id='word_1_696' title='bbox 3403 2171 3417 2189; x_wconf 90' lang='lat'><strong>,</strong></span> <span class='ocrx_word' id='word_1_697' title='bbox 3448 2129 3535 2201; x_wconf 79' lang='lat' dir='ltr'><strong>i0)</strong></span> <span class='ocrx_word' id='word_1_698' title='bbox 3564 2148 3576 2180; x_wconf 87' lang='lat'>:</span> 
     </span>
    </p>
   </div>
   <div class='ocr_carea' id='block_1_84' title="bbox 2006 2207 3579 2282">
    <p class='ocr_par' dir='ltr' id='par_1_84' title="bbox 2006 2207 3579 2282">
     <span class='ocr_line' id='line_1_84' title="bbox 2006 2207 3579 2282; baseline 0.01 -23"><span class='ocrx_word' id='word_1_699' title='bbox 2006 2207 2259 2262; x_wconf 88' lang='lat' dir='ltr'><strong>Dominus</strong></span> <span class='ocrx_word' id='word_1_700' title='bbox 2301 2218 2478 2263; x_wconf 88' lang='lat' dir='ltr'><strong>autem</strong></span> <span class='ocrx_word' id='word_1_701' title='bbox 2507 2210 2870 2279; x_wconf 71' lang='lat' dir='ltr'><strong>ﬂagellabatur</strong></span> <span class='ocrx_word' id='word_1_702' title='bbox 2889 2256 2903 2276; x_wconf 96' lang='lat'><strong>,</strong></span> <span class='ocrx_word' id='word_1_703' title='bbox 2936 2224 2988 2268; x_wconf 91' lang='lat' dir='ltr'><strong>et</strong></span> <span class='ocrx_word' id='word_1_704' title='bbox 3018 2231 3174 2270; x_wconf 88' lang='lat' dir='ltr'><strong>nemo</strong></span> <span class='ocrx_word' id='word_1_705' title='bbox 3201 2217 3579 2282; x_wconf 83' lang='lat' dir='ltr'><strong>subveniebat;</strong></span> 
     </span>
    </p>
   </div>
   <div class='ocr_carea' id='block_1_85' title="bbox 2003 2301 3584 2381">
    <p class='ocr_par' dir='ltr' id='par_1_85' title="bbox 2003 2301 3584 2381">
     <span class='ocr_line' id='line_1_85' title="bbox 2003 2301 3584 2381; baseline 0.011 -31"><span class='ocrx_word' id='word_1_706' title='bbox 2003 2301 2170 2369; x_wconf 76' lang='lat' dir='ltr'><strong>Sputis</strong></span> <span class='ocrx_word' id='word_1_707' title='bbox 2211 2301 2619 2372; x_wconf 88' lang='lat' dir='ltr'><strong>deturpabatur,</strong></span> <span class='ocrx_word' id='word_1_708' title='bbox 2650 2313 2704 2358; x_wconf 91' lang='lat' dir='ltr'><strong>et</strong></span> <span class='ocrx_word' id='word_1_709' title='bbox 2742 2321 2900 2361; x_wconf 90' lang='lat' dir='ltr'><strong>nemo</strong></span> <span class='ocrx_word' id='word_1_710' title='bbox 2940 2307 3315 2375; x_wconf 87' lang='lat' dir='ltr'><strong>subveniebat;</strong></span> <span class='ocrx_word' id='word_1_711' title='bbox 3347 2311 3584 2381; x_wconf 84' lang='lat' dir='ltr'><strong>colaphis</strong></span> 
     </span>
    </p>
   </div>
   <div class='ocr_carea' id='block_1_86' title="bbox 2003 2390 3580 2468">
    <p class='ocr_par' dir='ltr' id='par_1_86' title="bbox 2003 2390 3580 2468">
     <span class='ocr_line' id='line_1_86' title="bbox 2003 2390 3580 2468; baseline 0.009 -24"><span class='ocrx_word' id='word_1_712' title='bbox 2003 2390 2324 2457; x_wconf 73' lang='lat' dir='ltr'><strong>etedebatur,</strong></span> <span class='ocrx_word' id='word_1_713' title='bbox 2343 2403 2394 2446; x_wconf 90' lang='lat' dir='ltr'><strong>et</strong></span> <span class='ocrx_word' id='word_1_714' title='bbox 2423 2410 2580 2448; x_wconf 76' lang='lat' dir='ltr'><strong>nemo</strong></span> <span class='ocrx_word' id='word_1_715' title='bbox 2610 2396 2983 2462; x_wconf 87' lang='lat' dir='ltr'><strong>subveniebat;</strong></span> <span class='ocrx_word' id='word_1_716' title='bbox 3015 2400 3182 2468; x_wconf 90' lang='lat' dir='ltr'><strong>spinis</strong></span> <span class='ocrx_word' id='word_1_717' title='bbox 3208 2402 3580 2467; x_wconf 88' lang='lat' dir='ltr'><strong>coronabatur,</strong></span> 
     </span>
    </p>
   </div>
   <div class='ocr_carea' id='block_1_87' title="bbox 2004 2485 3580 2560">
    <p class='ocr_par' dir='ltr' id='par_1_87' title="bbox 2004 2485 3580 2560">
     <span class='ocr_line' id='line_1_87' title="bbox 2004 2485 3580 2560; baseline 0.009 -24"><span class='ocrx_word' id='word_1_718' title='bbox 2004 2497 2159 2536; x_wconf 89' lang='lat' dir='ltr'><strong>nemo</strong></span> <span class='ocrx_word' id='word_1_719' title='bbox 2188 2485 2564 2548; x_wconf 84' lang='lat' dir='ltr'><strong>subveniebat;</strong></span> <span class='ocrx_word' id='word_1_720' title='bbox 2607 2489 2882 2544; x_wconf 88' lang='lat' dir='ltr'><strong>levabatur</strong></span> <span class='ocrx_word' id='word_1_721' title='bbox 2908 2491 2958 2544; x_wconf 94' lang='lat' dir='ltr'><strong>in</strong></span> <span class='ocrx_word' id='word_1_722' title='bbox 3000 2490 3175 2560; x_wconf 78' lang='lat' dir='ltr'><strong>ligno,</strong></span> <span class='ocrx_word' id='word_1_723' title='bbox 3207 2508 3363 2548; x_wconf 89' lang='lat' dir='ltr'><strong>nemo</strong></span> <span class='ocrx_word' id='word_1_724' title='bbox 3404 2497 3580 2558; x_wconf 84' lang='lat' dir='ltr'><strong>eruit;</strong></span> 
     </span>
    </p>
   </div>
   <div class='ocr_carea' id='block_1_88' title="bbox 2003 2573 3585 2654">
    <p class='ocr_par' dir='ltr' id='par_1_88' title="bbox 2003 2573 3585 2654">
     <span class='ocr_line' id='line_1_88' title="bbox 2003 2573 3585 2654; baseline 0.008 -27"><span class='ocrx_word' id='word_1_725' title='bbox 2003 2573 2215 2638; x_wconf 88' lang='lat' dir='ltr'><strong>clamat,</strong></span> <span class='ocrx_word' id='word_1_726' title='bbox 2249 2574 2381 2629; x_wconf 82' lang='lat' dir='ltr'><strong>Deus</strong></span> <span class='ocrx_word' id='word_1_727' title='bbox 2409 2593 2566 2640; x_wconf 85' lang='lat' dir='ltr'><strong>meus,</strong></span> <span class='ocrx_word' id='word_1_728' title='bbox 2591 2576 2728 2633; x_wconf 87' lang='lat' dir='ltr'><strong>Deus</strong></span> <span class='ocrx_word' id='word_1_729' title='bbox 2757 2597 2912 2643; x_wconf 83' lang='lat' dir='ltr'><strong>meus,</strong></span> <span class='ocrx_word' id='word_1_730' title='bbox 2941 2582 3115 2649; x_wconf 81' lang='lat' dir='ltr'><strong>utquid</strong></span> <span class='ocrx_word' id='word_1_731' title='bbox 3139 2599 3217 2636; x_wconf 88' lang='lat' dir='ltr'><strong>me</strong></span> <span class='ocrx_word' id='word_1_732' title='bbox 3238 2584 3538 2654; x_wconf 81' lang='lat' dir='ltr'><strong>dereliquisti</strong></span> <span class='ocrx_word' id='word_1_733' title='bbox 3558 2588 3585 2640; x_wconf 67' lang='grc'><em>1</em></span> 
     </span>
    </p>
   </div>
   <div class='ocr_carea' id='block_1_89' title="bbox 2005 2666 3584 2740">
    <p class='ocr_par' dir='ltr' id='par_1_89' title="bbox 2005 2666 3584 2740">
     <span class='ocr_line' id='line_1_89' title="bbox 2005 2666 3584 2740; baseline 0.009 -24"><span class='ocrx_word' id='word_1_734' title='bbox 2005 2678 2109 2717; x_wconf 89' lang='lat' dir='ltr'><strong>non</strong></span> <span class='ocrx_word' id='word_1_735' title='bbox 2140 2666 2450 2720; x_wconf 88' lang='lat' dir='ltr'><strong>subvenitur</strong></span> <span class='ocrx_word' id='word_1_736' title='bbox 2478 2668 2689 2740; x_wconf 69' lang='lat' dir='ltr'><strong>(Matt/1.</strong></span> <span class='ocrx_word' id='word_1_737' title='bbox 2737 2672 2926 2740; x_wconf 88' lang='lat' dir='ltr'><strong>xxvtt).</strong></span> <span class='ocrx_word' id='word_1_738' title='bbox 2969 2672 3176 2740; x_wconf 84' lang='lat' dir='ltr'><strong>Quare,</strong></span> <span class='ocrx_word' id='word_1_739' title='bbox 3209 2674 3398 2730; x_wconf 88' lang='lat' dir='ltr'><strong>fratres</strong></span> <span class='ocrx_word' id='word_1_740' title='bbox 3435 2679 3584 2732; x_wconf 80' lang='lat' dir='ltr'><strong>mei?</strong></span> 
     </span>
    </p>
   </div>
   <div class='ocr_carea' id='block_1_90' title="bbox 2005 2757 3584 2837">
    <p class='ocr_par' dir='ltr' id='par_1_90' title="bbox 2005 2757 3584 2837">
     <span class='ocr_line' id='line_1_90' title="bbox 2005 2757 3584 2837; baseline 0.009 -30"><span class='ocrx_word' id='word_1_741' title='bbox 2005 2757 2200 2822; x_wconf 87' lang='lat' dir='ltr'><strong>quare?</strong></span> <span class='ocrx_word' id='word_1_742' title='bbox 2223 2774 2320 2825; x_wconf 90' lang='lat' dir='ltr'><strong>qua</strong></span> <span class='ocrx_word' id='word_1_743' title='bbox 2345 2759 2591 2813; x_wconf 90' lang='lat' dir='ltr'><strong>mercede</strong></span> <span class='ocrx_word' id='word_1_744' title='bbox 2622 2768 2761 2813; x_wconf 91' lang='lat' dir='ltr'><strong>tanta</strong></span> <span class='ocrx_word' id='word_1_745' title='bbox 2789 2777 2978 2830; x_wconf 82' lang='lat' dir='ltr'><strong>passus</strong></span> <span class='ocrx_word' id='word_1_746' title='bbox 3005 2764 3120 2818; x_wconf 86' lang='lat' dir='ltr'><strong>est?</strong></span> <span class='ocrx_word' id='word_1_747' title='bbox 3138 2764 3323 2831; x_wconf 88' lang='lat' dir='ltr'><strong>Omnia</strong></span> <span class='ocrx_word' id='word_1_748' title='bbox 3349 2767 3444 2820; x_wconf 88' lang='lat' dir='ltr'><strong>ista</strong></span> <span class='ocrx_word' id='word_1_749' title='bbox 3466 2785 3584 2837; x_wconf 76' lang='lat' dir='ltr'><strong>quze</strong></span> 
     </span>
    </p>
   </div>
   <div class='ocr_carea' id='block_1_91' title="bbox 2007 2851 3585 2928">
    <p class='ocr_par' dir='ltr' id='par_1_91' title="bbox 2007 2851 3585 2928">
     <span class='ocr_line' id='line_1_91' title="bbox 2007 2851 3585 2928; baseline 0.01 -30"><span class='ocrx_word' id='word_1_750' title='bbox 2007 2861 2194 2915; x_wconf 90' lang='lat' dir='ltr'><strong>passus</strong></span> <span class='ocrx_word' id='word_1_751' title='bbox 2219 2856 2320 2914; x_wconf 83' lang='lat' dir='ltr'><strong>est,</strong></span> <span class='ocrx_word' id='word_1_752' title='bbox 2348 2851 2575 2919; x_wconf 89' lang='lat' dir='ltr'><strong>pretium</strong></span> <span class='ocrx_word' id='word_1_753' title='bbox 2606 2861 2707 2904; x_wconf 87' lang='lat' dir='ltr'><strong>est.</strong></span> <span class='ocrx_word' id='word_1_754' title='bbox 2739 2853 2900 2921; x_wconf 88' lang='lat' dir='ltr'><strong>Cujus</strong></span> <span class='ocrx_word' id='word_1_755' title='bbox 2932 2855 3005 2909; x_wconf 90' lang='lat' dir='ltr'><strong>rei</strong></span> <span class='ocrx_word' id='word_1_756' title='bbox 3037 2855 3205 2924; x_wconf 90' lang='lat' dir='ltr'><strong>pretio</strong></span> <span class='ocrx_word' id='word_1_757' title='bbox 3233 2866 3372 2912; x_wconf 87' lang='lat' dir='ltr'><strong>tanta</strong></span> <span class='ocrx_word' id='word_1_758' title='bbox 3399 2875 3585 2928; x_wconf 88' lang='lat' dir='ltr'><strong>passus</strong></span> 
     </span>
    </p>
   </div>
   <div class='ocr_carea' id='block_1_92' title="bbox 2005 2941 3584 3020">
    <p class='ocr_par' dir='ltr' id='par_1_92' title="bbox 2005 2941 3584 3020">
     <span class='ocr_line' id='line_1_92' title="bbox 2005 2941 3584 3020; baseline 0.007 -28"><span class='ocrx_word' id='word_1_759' title='bbox 2005 2948 2108 3002; x_wconf 89' lang='lat' dir='ltr'><strong>est,</strong></span> <span class='ocrx_word' id='word_1_760' title='bbox 2141 2941 2443 3003; x_wconf 84' lang='lat' dir='ltr'><strong>recitemus,</strong></span> <span class='ocrx_word' id='word_1_761' title='bbox 2477 2942 2753 2998; x_wconf 90' lang='lat' dir='ltr'><strong>videanms</strong></span> <span class='ocrx_word' id='word_1_762' title='bbox 2778 2962 2895 3014; x_wconf 74' lang='lat' dir='ltr'><strong>qua:</strong></span> <span class='ocrx_word' id='word_1_763' title='bbox 2925 2947 3084 3000; x_wconf 75' lang='lat' dir='ltr'><strong>dicat;</strong></span> <span class='ocrx_word' id='word_1_764' title='bbox 3118 2947 3350 3002; x_wconf 85' lang='lat' dir='ltr'><strong>Primum</strong></span> <span class='ocrx_word' id='word_1_765' title='bbox 3376 2966 3584 3020; x_wconf 69' lang='lat' dir='ltr'><strong>quaera-</strong></span> 
     </span>
    </p>
   </div>
   <div class='ocr_carea' id='block_1_93' title="bbox 2007 3035 3584 3112">
    <p class='ocr_par' dir='ltr' id='par_1_93' title="bbox 2007 3035 3584 3112">
     <span class='ocr_line' id='line_1_93' title="bbox 2007 3035 3584 3112; baseline 0.008 -28"><span class='ocrx_word' id='word_1_766' title='bbox 2007 3047 2124 3085; x_wconf 85' lang='lat' dir='ltr'><strong>mus</strong></span> <span class='ocrx_word' id='word_1_767' title='bbox 2149 3047 2265 3101; x_wconf 69' lang='lat' dir='ltr'><strong>qute</strong></span> <span class='ocrx_word' id='word_1_768' title='bbox 2294 3047 2479 3101; x_wconf 86' lang='lat' dir='ltr'><strong>passus</strong></span> <span class='ocrx_word' id='word_1_769' title='bbox 2505 3036 2592 3097; x_wconf 92' lang='lat' dir='ltr'><strong>sit,</strong></span> <span class='ocrx_word' id='word_1_770' title='bbox 2611 3035 2802 3090; x_wconf 87' lang='lat' dir='ltr'><strong>deinde</strong></span> <span class='ocrx_word' id='word_1_771' title='bbox 2830 3054 2992 3105; x_wconf 87' lang='lat' dir='ltr'><strong>quare</strong></span> <span class='ocrx_word' id='word_1_772' title='bbox 3027 3059 3039 3093; x_wconf 92' lang='lat'>:</span> <span class='ocrx_word' id='word_1_773' title='bbox 3071 3048 3124 3094; x_wconf 90' lang='lat' dir='ltr'><strong>et</strong></span> <span class='ocrx_word' id='word_1_774' title='bbox 3145 3041 3414 3096; x_wconf 87' lang='lat' dir='ltr'><strong>videamus</strong></span> <span class='ocrx_word' id='word_1_775' title='bbox 3428 3059 3584 3112; x_wconf 85' lang='lat' dir='ltr'><strong>quant</strong></span> 
     </span>
    </p>
   </div>
   <div class='ocr_carea' id='block_1_94' title="bbox 2007 3125 3588 3204">
    <p class='ocr_par' dir='ltr' id='par_1_94' title="bbox 2007 3125 3588 3204">
     <span class='ocr_line' id='line_1_94' title="bbox 2007 3125 3588 3204; baseline 0.006 -28"><span class='ocrx_word' id='word_1_776' title='bbox 2007 3125 2110 3176; x_wconf 88' lang='lat' dir='ltr'><strong>sint</strong></span> <span class='ocrx_word' id='word_1_777' title='bbox 2138 3125 2316 3179; x_wconf 85' lang='lat' dir='ltr'><strong>hostes</strong></span> <span class='ocrx_word' id='word_1_778' title='bbox 2342 3125 2570 3192; x_wconf 87' lang='lat' dir='ltr'><strong>Christi,</strong></span> <span class='ocrx_word' id='word_1_779' title='bbox 2603 3128 2691 3197; x_wconf 91' lang='lat' dir='ltr'><strong>qui</strong></span> <span class='ocrx_word' id='word_1_780' title='bbox 2719 3130 3038 3185; x_wconf 81' lang='lat' dir='ltr'><strong>Confitentur</strong></span> <span class='ocrx_word' id='word_1_781' title='bbox 3062 3132 3183 3200; x_wconf 88' lang='lat' dir='ltr'><strong>quia</strong></span> <span class='ocrx_word' id='word_1_782' title='bbox 3214 3143 3355 3187; x_wconf 85' lang='lat' dir='ltr'><strong>tanta</strong></span> <span class='ocrx_word' id='word_1_783' title='bbox 3398 3150 3588 3204; x_wconf 70' lang='lat' dir='ltr'><strong>passus</strong></span> 
     </span>
    </p>
   </div>
   <div class='ocr_carea' id='block_1_95' title="bbox 2008 3215 3588 3286">
    <p class='ocr_par' dir='ltr' id='par_1_95' title="bbox 2008 3215 3588 3286">
     <span class='ocr_line' id='line_1_95' title="bbox 2008 3215 3588 3286; baseline 0.009 -21"><span class='ocrx_word' id='word_1_784' title='bbox 2008 3222 2125 3273; x_wconf 91' lang='lat' dir='ltr'><strong>est,</strong></span> <span class='ocrx_word' id='word_1_785' title='bbox 2155 3225 2204 3267; x_wconf 82' lang='lat' dir='ltr'><strong>et</strong></span> <span class='ocrx_word' id='word_1_786' title='bbox 2237 3215 2427 3268; x_wconf 88' lang='lat' dir='ltr'><strong>tollunt</strong></span> <span class='ocrx_word' id='word_1_787' title='bbox 2466 3233 2648 3286; x_wconf 86' lang='lat' dir='ltr'><strong>quare.</strong></span> <span class='ocrx_word' id='word_1_788' title='bbox 2685 3219 2815 3273; x_wconf 83' lang='lat' dir='ltr'><strong>Hinc</strong></span> <span class='ocrx_word' id='word_1_789' title='bbox 2858 3221 3133 3276; x_wconf 87' lang='lat' dir='ltr'><strong>audianuts</strong></span> <span class='ocrx_word' id='word_1_790' title='bbox 3180 3235 3345 3278; x_wconf 86' lang='lat' dir='ltr'><strong>totum</strong></span> <span class='ocrx_word' id='word_1_791' title='bbox 3391 3226 3442 3278; x_wconf 93' lang='lat' dir='ltr'><strong>in</strong></span> <span class='ocrx_word' id='word_1_792' title='bbox 3489 3226 3588 3279; x_wconf 89' lang='lat' dir='ltr'><strong>isto</strong></span> 
     </span>
    </p>
   </div>
   <div class='ocr_carea' id='block_1_96' title="bbox 2011 3305 3586 3384">
    <p class='ocr_par' dir='ltr' id='par_1_96' title="bbox 2011 3305 3586 3384">
     <span class='ocr_line' id='line_1_96' title="bbox 2011 3305 3586 3384; baseline 0.009 -28"><span class='ocrx_word' id='word_1_793' title='bbox 2011 3305 2248 3372; x_wconf 88' lang='lat' dir='ltr'><strong>ps:dmo,</strong></span> <span class='ocrx_word' id='word_1_794' title='bbox 2282 3315 2334 3359; x_wconf 86' lang='lat' dir='ltr'><strong>et</strong></span> <span class='ocrx_word' id='word_1_795' title='bbox 2379 3323 2496 3376; x_wconf 74' lang='lat' dir='ltr'><strong>qum</strong></span> <span class='ocrx_word' id='word_1_796' title='bbox 2545 3311 2881 3384; x_wconf 27' lang='lat' dir='ltr'><strong>passus‘sit,</strong></span> <span class='ocrx_word' id='word_1_797' title='bbox 2931 3321 2985 3366; x_wconf 92' lang='lat' dir='ltr'><strong>et</strong></span> <span class='ocrx_word' id='word_1_798' title='bbox 3028 3329 3209 3381; x_wconf 88' lang='lat' dir='ltr'><strong>quare.</strong></span> <span class='ocrx_word' id='word_1_799' title='bbox 3243 3315 3444 3371; x_wconf 86' lang='lat' dir='ltr'><strong>Tcncte</strong></span> <span class='ocrx_word' id='word_1_800' title='bbox 3489 3317 3586 3370; x_wconf 86' lang='lat' dir='ltr'><strong>ista</strong></span> 
     </span>
    </p>
   </div>
   <div class='ocr_carea' id='block_1_97' title="bbox 2008 3394 3587 3475">
    <p class='ocr_par' dir='ltr' id='par_1_97' title="bbox 2008 3394 3587 3475">
     <span class='ocr_line' id='line_1_97' title="bbox 2008 3394 3587 3475; baseline 0.006 -27"><span class='ocrx_word' id='word_1_801' title='bbox 2008 3394 2151 3454; x_wconf 87' lang='lat' dir='ltr'><strong>duo,</strong></span> <span class='ocrx_word' id='word_1_802' title='bbox 2202 3397 2325 3465; x_wconf 85' lang='lat' dir='ltr'><strong>quid</strong></span> <span class='ocrx_word' id='word_1_803' title='bbox 2375 3407 2430 3451; x_wconf 88' lang='lat' dir='ltr'><strong>et</strong></span> <span class='ocrx_word' id='word_1_804' title='bbox 2475 3415 2660 3468; x_wconf 90' lang='lat' dir='ltr'><strong>quare.</strong></span> <span class='ocrx_word' id='word_1_805' title='bbox 2710 3401 2864 3454; x_wconf 81' lang='lat' dir='ltr'><strong>Modo</strong></span> <span class='ocrx_word' id='word_1_806' title='bbox 2914 3403 3082 3470; x_wconf 88' lang='lat' dir='ltr'><strong>ipsum</strong></span> <span class='ocrx_word' id='word_1_807' title='bbox 3130 3405 3255 3472; x_wconf 87' lang='lat' dir='ltr'><strong>qttid</strong></span> <span class='ocrx_word' id='word_1_808' title='bbox 3302 3405 3587 3475; x_wconf 78' lang='lat' dir='ltr'><strong>explicem.</strong></span> 
     </span>
    </p>
   </div>
   <div class='ocr_carea' id='block_1_98' title="bbox 2008 3483 3593 3563">
    <p class='ocr_par' dir='ltr' id='par_1_98' title="bbox 2008 3483 3593 3563">
     <span class='ocr_line' id='line_1_98' title="bbox 2008 3483 3593 3563; baseline 0.007 -25"><span class='ocrx_word' id='word_1_809' title='bbox 2008 3483 2122 3538; x_wconf 86' lang='lat' dir='ltr'><strong>Non</strong></span> <span class='ocrx_word' id='word_1_810' title='bbox 2157 3487 2222 3539; x_wconf 88' lang='lat' dir='ltr'><strong>ibi</strong></span> <span class='ocrx_word' id='word_1_811' title='bbox 2275 3488 2658 3555; x_wconf 85' lang='lat' dir='ltr'><strong>immorentur,</strong></span> <span class='ocrx_word' id='word_1_812' title='bbox 2707 3500 2763 3544; x_wconf 91' lang='lat' dir='ltr'><strong>et</strong></span> <span class='ocrx_word' id='word_1_813' title='bbox 2790 3491 2982 3546; x_wconf 88' lang='lat' dir='ltr'><strong>melius</strong></span> <span class='ocrx_word' id='word_1_814' title='bbox 3029 3494 3094 3546; x_wconf 91' lang='lat' dir='ltr'><strong>ad</strong></span> <span class='ocrx_word' id='word_1_815' title='bbox 3127 3510 3224 3548; x_wconf 86' lang='lat' dir='ltr'><strong>vos</strong></span> <span class='ocrx_word' id='word_1_816' title='bbox 3272 3497 3593 3563; x_wconf 86' lang='lat' dir='ltr'><strong>perveniunt</strong></span> 
     </span>
    </p>
   </div>
   <div class='ocr_carea' id='block_1_99' title="bbox 2013 3575 3590 3651">
    <p class='ocr_par' dir='ltr' id='par_1_99' title="bbox 2013 3575 3590 3651">
     <span class='ocr_line' id='line_1_99' title="bbox 2013 3575 3590 3651; baseline 0.008 -25"><span class='ocrx_word' id='word_1_817' title='bbox 2013 3575 2120 3642; x_wconf 79' lang='lat' dir='ltr'><strong>ipsa</strong></span> <span class='ocrx_word' id='word_1_818' title='bbox 2155 3576 2308 3629; x_wconf 85' lang='lat' dir='ltr'><strong>verba</strong></span> <span class='ocrx_word' id='word_1_819' title='bbox 2341 3577 2552 3631; x_wconf 83' lang='lat' dir='ltr'><strong>Psalmi.</strong></span> <span class='ocrx_word' id='word_1_820' title='bbox 2591 3580 2770 3633; x_wconf 84' lang='lat' dir='ltr'><strong>Videte</strong></span> <span class='ocrx_word' id='word_1_821' title='bbox 2796 3598 2912 3649; x_wconf 73' lang='lat' dir='ltr'><strong>qua:</strong></span> <span class='ocrx_word' id='word_1_822' title='bbox 2956 3587 3151 3651; x_wconf 90' lang='lat' dir='ltr'><strong>patitur</strong></span> <span class='ocrx_word' id='word_1_823' title='bbox 3182 3585 3436 3638; x_wconf 89' lang='lat' dir='ltr'><strong>Dominus</strong></span> <span class='ocrx_word' id='word_1_824' title='bbox 3457 3627 3472 3647; x_wconf 91' lang='lat'><strong>,</strong></span> <span class='ocrx_word' id='word_1_825' title='bbox 3505 3594 3590 3639; x_wconf 89' lang='lat' dir='ltr'><strong>at-</strong></span> 
     </span>
    </p>
   </div>
   <div class='ocr_carea' id='block_1_100' title="bbox 2011 3668 3591 3747">
    <p class='ocr_par' dir='ltr' id='par_1_100' title="bbox 2011 3668 3591 3747">
     <span class='ocr_line' id='line_1_100' title="bbox 2011 3668 3591 3747; baseline 0.008 -28"><span class='ocrx_word' id='word_1_826' title='bbox 2011 3668 2211 3721; x_wconf 86' lang='lat' dir='ltr'><strong>tendite</strong></span> <span class='ocrx_word' id='word_1_827' title='bbox 2254 3669 2536 3724; x_wconf 82' lang='lat' dir='ltr'><strong>Christiani</strong></span> <span class='ocrx_word' id='word_1_828' title='bbox 2573 3689 2587 3726; x_wconf 86' lang='lat'><strong>:</strong></span> <span class='ocrx_word' id='word_1_829' title='bbox 2623 3671 2959 3741; x_wconf 82' lang='lat' dir='ltr'><strong>Opprobrium</strong></span> <span class='ocrx_word' id='word_1_830' title='bbox 3002 3675 3260 3730; x_wconf 82' lang='lat' dir='ltr'><strong>hominum</strong></span> <span class='ocrx_word' id='word_1_831' title='bbox 3298 3687 3344 3729; x_wconf 83' lang='lat' dir='ltr'><strong>et</strong></span> <span class='ocrx_word' id='word_1_832' title='bbox 3379 3677 3591 3747; x_wconf 84' lang='lat' dir='ltr'><strong>abjectio</strong></span> 
     </span>
    </p>
   </div>
   <div class='ocr_carea' id='block_1_101' title="bbox 2012 3759 3456 3827">
    <p class='ocr_par' dir='ltr' id='par_1_101' title="bbox 2012 3759 3456 3827">
     <span class='ocr_line' id='line_1_101' title="bbox 2012 3759 3456 3827; baseline 0.001 -17"><span class='ocrx_word' id='word_1_833' title='bbox 2012 3759 2185 3827; x_wconf 66' lang='lat' dir='ltr'><strong>plebis.</strong></span> <span class='ocrx_word' id='word_1_834' title='bbox 3453 3779 3456 3782; x_wconf 79' lang='lat'><strong><em>&#39;</em></strong></span> 
     </span>
    </p>
   </div>
   <div class='ocr_carea' id='block_1_102' title="bbox 2083 3847 3592 3923">
    <p class='ocr_par' dir='ltr' id='par_1_102' title="bbox 2083 3847 3592 3923">
     <span class='ocr_line' id='line_1_102' title="bbox 2083 3847 3592 3923; baseline 0.007 -20"><span class='ocrx_word' id='word_1_835' title='bbox 2083 3851 2134 3903; x_wconf 86' lang='lat'><strong>9.</strong></span> <span class='ocrx_word' id='word_1_836' title='bbox 2169 3847 2317 3920; x_wconf 71' lang='grc' dir='ltr'>[νει-ε.</span> <span class='ocrx_word' id='word_1_837' title='bbox 2338 3851 2390 3910; x_wconf 93' lang='lat'><strong>8,</strong></span> <span class='ocrx_word' id='word_1_838' title='bbox 2414 3852 2492 3923; x_wconf 84' lang='lat'><strong>9.]</strong></span> <span class='ocrx_word' id='word_1_839' title='bbox 2533 3854 2714 3907; x_wconf 83' lang='lat' dir='ltr'><strong>Omnes</strong></span> <span class='ocrx_word' id='word_1_840' title='bbox 2737 3855 2822 3923; x_wconf 85' lang='lat' dir='ltr'><strong>qui</strong></span> <span class='ocrx_word' id='word_1_841' title='bbox 2840 3855 3065 3910; x_wconf 74' lang='lat' dir='ltr'><strong>videbant</strong></span> <span class='ocrx_word' id='word_1_842' title='bbox 3094 3874 3189 3922; x_wconf 86' lang='lat' dir='ltr'><strong>me,</strong></span> <span class='ocrx_word' id='word_1_843' title='bbox 3221 3861 3592 3914; x_wconf 76' lang='lat' dir='ltr'><strong>subsannabant</strong></span> 
     </span>
    </p>
   </div>
   <div class='ocr_carea' id='block_1_103' title="bbox 2011 3927 3593 4021">
    <p class='ocr_par' dir='ltr' id='par_1_103' title="bbox 2011 3927 3593 4021">
     <span class='ocr_line' id='line_1_103' title="bbox 2011 3927 3593 4021; baseline 0.009 -28"><span class='ocrx_word' id='word_1_844' title='bbox 2011 3959 2108 4006; x_wconf 85' lang='lat' dir='ltr'><strong>me,</strong></span> <span class='ocrx_word' id='word_1_845' title='bbox 2129 3943 2278 3995; x_wconf 85' lang='lat' dir='ltr'><strong>locuti</strong></span> <span class='ocrx_word' id='word_1_846' title='bbox 2301 3955 2417 3996; x_wconf 87' lang='lat' dir='ltr'><strong>sunt</strong></span> <span class='ocrx_word' id='word_1_847' title='bbox 2437 3945 2602 4006; x_wconf 86' lang='lat' dir='ltr'><strong>labiis,</strong></span> <span class='ocrx_word' id='word_1_848' title='bbox 2631 3927 2678 3997; x_wconf 79' lang='lat' dir='ltr'><strong>et</strong></span> <span class='ocrx_word' id='word_1_849' title='bbox 2697 3957 2950 4000; x_wconf 86' lang='lat' dir='ltr'><strong>moverunt</strong></span> <span class='ocrx_word' id='word_1_850' title='bbox 2974 3959 3142 4020; x_wconf 81' lang='lat' dir='ltr'><strong>caput.</strong></span> <span class='ocrx_word' id='word_1_851' title='bbox 3167 3951 3398 4021; x_wconf 81' lang='lat' dir='ltr'><strong>Speravit</strong></span> <span class='ocrx_word' id='word_1_852' title='bbox 3418 3953 3468 4005; x_wconf 87' lang='lat' dir='ltr'><strong>in</strong></span> <span class='ocrx_word' id='word_1_853' title='bbox 3489 3954 3593 4008; x_wconf 70' lang='grc' dir='ltr'><strong>ι)οα</strong></span> 
     </span>
    </p>
   </div>
   <div class='ocr_carea' id='block_1_104' title="bbox 2013 4035 3588 4109">
    <p class='ocr_par' dir='ltr' id='par_1_104' title="bbox 2013 4035 3588 4109">
     <span class='ocr_line' id='line_1_104' title="bbox 2013 4035 3588 4109; baseline 0.008 -22"><span class='ocrx_word' id='word_1_854' title='bbox 2013 4035 2223 4099; x_wconf 80' lang='lat' dir='ltr'><strong>minuat,</strong></span> <span class='ocrx_word' id='word_1_855' title='bbox 2242 4046 2382 4088; x_wconf 86' lang='lat' dir='ltr'><strong>eruat</strong></span> <span class='ocrx_word' id='word_1_856' title='bbox 2399 4053 2533 4101; x_wconf 87' lang='lat' dir='ltr'><strong>eum;</strong></span> <span class='ocrx_word' id='word_1_857' title='bbox 2546 4037 2740 4090; x_wconf 82' lang='lat' dir='ltr'><strong>salvum</strong></span> <span class='ocrx_word' id='word_1_858' title='bbox 2757 4041 2908 4109; x_wconf 80' lang='lat' dir='ltr'><strong>faciat</strong></span> <span class='ocrx_word' id='word_1_859' title='bbox 2921 4056 3053 4102; x_wconf 88' lang='lat' dir='ltr'><strong>cum,</strong></span> <span class='ocrx_word' id='word_1_860' title='bbox 3069 4044 3304 4109; x_wconf 87' lang='lat' dir='ltr'><strong>quoniam</strong></span> <span class='ocrx_word' id='word_1_861' title='bbox 3322 4046 3426 4098; x_wconf 85' lang='lat' dir='ltr'><strong>vult</strong></span> <span class='ocrx_word' id='word_1_862' title='bbox 3441 4063 3554 4098; x_wconf 86' lang='lat' dir='ltr'><strong>eum</strong></span> <span class='ocrx_word' id='word_1_863' title='bbox 3576 4075 3588 4109; x_wconf 75' lang='grc' dir='ltr'><strong><em>ς</em></strong></span> 
     </span>
    </p>
   </div>
   <div class='ocr_carea' id='block_1_105' title="bbox 2015 4125 3590 4201">
    <p class='ocr_par' dir='ltr' id='par_1_105' title="bbox 2015 4125 3590 4201">
     <span class='ocr_line' id='line_1_105' title="bbox 2015 4125 3590 4201; baseline 0.009 -23"><span class='ocrx_word' id='word_1_864' title='bbox 2015 4125 2108 4180; x_wconf 91' lang='lat' dir='ltr'><strong>sed</strong></span> <span class='ocrx_word' id='word_1_865' title='bbox 2137 4141 2299 4194; x_wconf 90' lang='lat' dir='ltr'><strong>quare</strong></span> <span class='ocrx_word' id='word_1_866' title='bbox 2327 4127 2574 4181; x_wconf 87' lang='lat' dir='ltr'><strong>dicebant</strong></span> <span class='ocrx_word' id='word_1_867' title='bbox 2599 4129 2730 4182; x_wconf 85' lang='lat' dir='ltr'><strong>ista?</strong></span> <span class='ocrx_word' id='word_1_868' title='bbox 2751 4130 2880 4198; x_wconf 89' lang='lat' dir='ltr'><strong>Quia</strong></span> <span class='ocrx_word' id='word_1_869' title='bbox 2909 4132 3067 4186; x_wconf 86' lang='lat' dir='ltr'><strong>homo</strong></span> <span class='ocrx_word' id='word_1_870' title='bbox 3101 4134 3267 4189; x_wconf 87' lang='lat' dir='ltr'><strong>factus</strong></span> <span class='ocrx_word' id='word_1_871' title='bbox 3290 4149 3426 4201; x_wconf 89' lang='lat' dir='ltr'><strong>erat,</strong></span> <span class='ocrx_word' id='word_1_872' title='bbox 3445 4138 3590 4192; x_wconf 82' lang='lat' dir='ltr'><strong>dice-</strong></span> 
     </span>
    </p>
   </div>
   <div class='ocr_carea' id='block_1_106' title="bbox 2016 4215 3509 4286">
    <p class='ocr_par' dir='ltr' id='par_1_106' title="bbox 2016 4215 3509 4286">
     <span class='ocr_line' id='line_1_106' title="bbox 2016 4215 3509 4286; baseline 0.006 -18"><span class='ocrx_word' id='word_1_873' title='bbox 2016 4215 2140 4269; x_wconf 90' lang='lat' dir='ltr'><strong>bant</strong></span> <span class='ocrx_word' id='word_1_874' title='bbox 2172 4227 2416 4286; x_wconf 90' lang='lat' dir='ltr'><strong>tanquam</strong></span> <span class='ocrx_word' id='word_1_875' title='bbox 2449 4219 2500 4270; x_wconf 93' lang='lat' dir='ltr'><strong>in</strong></span> <span class='ocrx_word' id='word_1_876' title='bbox 2529 4217 2814 4274; x_wconf 85' lang='lat' dir='ltr'><strong>hominem.</strong></span> <span class='ocrx_word' id='word_1_877' title='bbox 3505 4278 3509 4282; x_wconf 92' lang='lat'><strong><em>_</em></strong></span> 
     </span>
    </p>
   </div>
   <div class='ocr_carea' id='block_1_107' title="bbox 2088 4305 3595 4387">
    <p class='ocr_par' dir='ltr' id='par_1_107' title="bbox 2088 4305 3595 4387">
     <span class='ocr_line' id='line_1_107' title="bbox 2088 4305 3595 4387; baseline 0.007 -27"><span class='ocrx_word' id='word_1_878' title='bbox 2088 4307 2171 4360; x_wconf 77' lang='grc'><strong>10.</strong></span> <span class='ocrx_word' id='word_1_879' title='bbox 2205 4305 2353 4379; x_wconf 70' lang='grc' dir='ltr'>[ινρνε.</span> <span class='ocrx_word' id='word_1_880' title='bbox 2387 4306 2498 4380; x_wconf 81' lang='grc'>10.]</span> <span class='ocrx_word' id='word_1_881' title='bbox 2533 4309 2780 4374; x_wconf 84' lang='lat' dir='ltr'><strong>Quoniam</strong></span> <span class='ocrx_word' id='word_1_882' title='bbox 2811 4321 2865 4364; x_wconf 84' lang='lat' dir='ltr'><strong>tu</strong></span> <span class='ocrx_word' id='word_1_883' title='bbox 2905 4328 2956 4366; x_wconf 84' lang='lat' dir='ltr'><strong>es</strong></span> <span class='ocrx_word' id='word_1_884' title='bbox 2997 4315 3082 4387; x_wconf 79' lang='lat' dir='ltr'><strong>qui</strong></span> <span class='ocrx_word' id='word_1_885' title='bbox 3124 4317 3384 4369; x_wconf 72' lang='lat' dir='ltr'><strong>extruxisti</strong></span> <span class='ocrx_word' id='word_1_886' title='bbox 3412 4334 3490 4369; x_wconf 88' lang='lat' dir='ltr'><strong>me</strong></span> <span class='ocrx_word' id='word_1_887' title='bbox 3531 4319 3595 4370; x_wconf 79' lang='lat' dir='ltr'><strong>de</strong></span> 
     </span>
    </p>
   </div>
   <div class='ocr_carea' id='block_1_108' title="bbox 2016 4400 3593 4474">
    <p class='ocr_par' dir='ltr' id='par_1_108' title="bbox 2016 4400 3593 4474">
     <span class='ocr_line' id='line_1_108' title="bbox 2016 4400 3593 4474; baseline 0.006 -24"><span class='ocrx_word' id='word_1_888' title='bbox 2016 4408 2184 4451; x_wconf 84' lang='lat' dir='ltr'><strong>ventre</strong></span> <span class='ocrx_word' id='word_1_889' title='bbox 2210 4415 2228 4451; x_wconf 92' lang='lat'><strong><em>:</em></strong></span> <span class='ocrx_word' id='word_1_890' title='bbox 2261 4400 2510 4468; x_wconf 88' lang='lat' dir='ltr'><strong>numquid</strong></span> <span class='ocrx_word' id='word_1_891' title='bbox 2541 4401 2778 4455; x_wconf 85' lang='lat' dir='ltr'><strong>dicerent</strong></span> <span class='ocrx_word' id='word_1_892' title='bbox 2808 4405 2925 4455; x_wconf 89' lang='lat' dir='ltr'><strong>talia</strong></span> <span class='ocrx_word' id='word_1_893' title='bbox 2958 4404 3007 4455; x_wconf 77' lang='grc' dir='ltr'><strong>ιιι</strong></span> <span class='ocrx_word' id='word_1_894' title='bbox 3039 4404 3167 4457; x_wconf 87' lang='lat' dir='ltr'><strong>illttd</strong></span> <span class='ocrx_word' id='word_1_895' title='bbox 3198 4405 3338 4474; x_wconf 87' lang='lat' dir='ltr'><strong>quod</strong></span> <span class='ocrx_word' id='word_1_896' title='bbox 3369 4406 3420 4458; x_wconf 91' lang='lat' dir='ltr'><strong>in</strong></span> <span class='ocrx_word' id='word_1_897' title='bbox 3451 4409 3593 4474; x_wconf 90' lang='lat' dir='ltr'><strong>prin-</strong></span> 
     </span>
    </p>
   </div>
   <div class='ocr_carea' id='block_1_109' title="bbox 2015 4489 3596 4560">
    <p class='ocr_par' dir='ltr' id='par_1_109' title="bbox 2015 4489 3596 4560">
     <span class='ocr_line' id='line_1_109' title="bbox 2015 4489 3596 4560; baseline 0.003 -18"><span class='ocrx_word' id='word_1_898' title='bbox 2015 4489 2154 4558; x_wconf 88' lang='lat' dir='ltr'><strong>cipio</strong></span> <span class='ocrx_word' id='word_1_899' title='bbox 2180 4502 2293 4542; x_wconf 82' lang='lat' dir='ltr'><strong>erat</strong></span> <span class='ocrx_word' id='word_1_900' title='bbox 2324 4489 2572 4554; x_wconf 87' lang='lat' dir='ltr'><strong>Verbum,</strong></span> <span class='ocrx_word' id='word_1_901' title='bbox 2597 4500 2651 4544; x_wconf 88' lang='lat' dir='ltr'><strong>et</strong></span> <span class='ocrx_word' id='word_1_902' title='bbox 2677 4491 2906 4545; x_wconf 76' lang='lat' dir='ltr'><strong>Verbum</strong></span> <span class='ocrx_word' id='word_1_903' title='bbox 2935 4502 3050 4546; x_wconf 88' lang='lat' dir='ltr'><strong>erat</strong></span> <span class='ocrx_word' id='word_1_904' title='bbox 3073 4493 3210 4560; x_wconf 90' lang='lat' dir='ltr'><strong>apud</strong></span> <span class='ocrx_word' id='word_1_905' title='bbox 3244 4495 3444 4547; x_wconf 78' lang='lat' dir='ltr'><strong>Deum?</strong></span> <span class='ocrx_word' id='word_1_906' title='bbox 3468 4495 3596 4552; x_wconf 81' lang='lat' dir='ltr'><strong>Ver-</strong></span> 
     </span>
    </p>
   </div>
   <div class='ocr_carea' id='block_1_110' title="bbox 2016 4579 3668 4658">
    <p class='ocr_par' dir='ltr' id='par_1_110' title="bbox 2016 4579 3668 4658">
     <span class='ocr_line' id='line_1_110' title="bbox 2016 4579 3668 4658; baseline 0.006 -27"><span class='ocrx_word' id='word_1_907' title='bbox 2016 4579 2139 4632; x_wconf 91' lang='lat' dir='ltr'><strong>bum</strong></span> <span class='ocrx_word' id='word_1_908' title='bbox 2165 4580 2462 4658; x_wconf 78' lang='lat' dir='ltr'><strong>enim_illnd</strong></span> <span class='ocrx_word' id='word_1_909' title='bbox 2492 4597 2586 4650; x_wconf 84' lang='lat' dir='ltr'><strong>per</strong></span> <span class='ocrx_word' id='word_1_910' title='bbox 2610 4582 2748 4650; x_wconf 91' lang='lat' dir='ltr'><strong>quod</strong></span> <span class='ocrx_word' id='word_1_911' title='bbox 2780 4582 2911 4636; x_wconf 88' lang='lat' dir='ltr'><strong>facta</strong></span> <span class='ocrx_word' id='word_1_912' title='bbox 2953 4591 3076 4635; x_wconf 88' lang='lat' dir='ltr'><strong>sunt</strong></span> <span class='ocrx_word' id='word_1_913' title='bbox 3102 4584 3276 4637; x_wconf 91' lang='lat' dir='ltr'><strong>omnia</strong></span> <span class='ocrx_word' id='word_1_914' title='bbox 3302 4627 3317 4643; x_wconf 86' lang='lat'><strong>.</strong></span> <span class='ocrx_word' id='word_1_915' title='bbox 3365 4601 3469 4639; x_wconf 89' lang='lat' dir='ltr'><strong>non</strong></span> <span class='ocrx_word' id='word_1_916' title='bbox 3498 4602 3595 4641; x_wconf 83' lang='lat' dir='ltr'><strong>ex-</strong></span> <span class='ocrx_word' id='word_1_917' title='bbox 3659 4650 3668 4658; x_wconf 32' lang='grc' dir='ltr'><strong>ε</strong></span> 
     </span>
    </p>
   </div>
   <div class='ocr_carea' id='block_1_111' title="bbox 2019 4672 3593 4740">
    <p class='ocr_par' dir='ltr' id='par_1_111' title="bbox 2019 4672 3593 4740">
     <span class='ocr_line' id='line_1_111' title="bbox 2019 4672 3593 4740; baseline 0.005 -18"><span class='ocrx_word' id='word_1_918' title='bbox 2019 4678 2238 4724; x_wconf 90' lang='lat' dir='ltr'><strong>tractum</strong></span> <span class='ocrx_word' id='word_1_919' title='bbox 2268 4679 2350 4726; x_wconf 88' lang='lat' dir='ltr'><strong>est</strong></span> <span class='ocrx_word' id='word_1_920' title='bbox 2377 4673 2444 4726; x_wconf 91' lang='lat' dir='ltr'><strong>de</strong></span> <span class='ocrx_word' id='word_1_921' title='bbox 2472 4684 2687 4734; x_wconf 88' lang='lat' dir='ltr'><strong>ventre,</strong></span> <span class='ocrx_word' id='word_1_922' title='bbox 2718 4673 2815 4725; x_wconf 91' lang='lat' dir='ltr'><strong>nisi</strong></span> <span class='ocrx_word' id='word_1_923' title='bbox 2844 4672 2964 4740; x_wconf 89' lang='lat' dir='ltr'><strong>quia</strong></span> <span class='ocrx_word' id='word_1_924' title='bbox 2996 4672 3222 4728; x_wconf 81' lang='lat' dir='ltr'><strong>Verbum</strong></span> <span class='ocrx_word' id='word_1_925' title='bbox 3249 4690 3374 4729; x_wconf 83' lang='lat' dir='ltr'><strong>caro</strong></span> <span class='ocrx_word' id='word_1_926' title='bbox 3399 4676 3593 4732; x_wconf 82' lang='lat' dir='ltr'><strong>factum</strong></span> 
     </span>
    </p>
   </div>
   <div class='ocr_carea' id='block_1_112' title="bbox 2017 4761 3598 4827">
    <p class='ocr_par' dir='ltr' id='par_1_112' title="bbox 2017 4761 3598 4827">
     <span class='ocr_line' id='line_1_112' title="bbox 2017 4761 3598 4827; baseline 0.006 -14"><span class='ocrx_word' id='word_1_927' title='bbox 2017 4769 2131 4824; x_wconf 89' lang='lat' dir='ltr'><strong>est,</strong></span> <span class='ocrx_word' id='word_1_928' title='bbox 2161 4771 2215 4816; x_wconf 86' lang='lat' dir='ltr'><strong>et</strong></span> <span class='ocrx_word' id='word_1_929' title='bbox 2245 4761 2500 4816; x_wconf 84' lang='lat' dir='ltr'><strong>habitavit.</strong></span> <span class='ocrx_word' id='word_1_930' title='bbox 2525 4764 2576 4815; x_wconf 93' lang='lat' dir='ltr'><strong>in</strong></span> <span class='ocrx_word' id='word_1_931' title='bbox 2606 4763 2775 4817; x_wconf 89' lang='lat' dir='ltr'><strong>nobis.</strong></span> <span class='ocrx_word' id='word_1_932' title='bbox 2803 4763 3054 4827; x_wconf 84' lang='lat' dir='ltr'><strong>Quoniam</strong></span> <span class='ocrx_word' id='word_1_933' title='bbox 3073 4773 3126 4818; x_wconf 86' lang='lat' dir='ltr'><strong>tu</strong></span> <span class='ocrx_word' id='word_1_934' title='bbox 3153 4768 3418 4821; x_wconf 75' lang='lat' dir='ltr'><strong>extruxisti</strong></span> <span class='ocrx_word' id='word_1_935' title='bbox 3437 4785 3514 4822; x_wconf 83' lang='lat' dir='ltr'><strong>me</strong></span> <span class='ocrx_word' id='word_1_936' title='bbox 3532 4770 3598 4822; x_wconf 83' lang='lat' dir='ltr'><strong>de</strong></span> 
     </span>
    </p>
   </div>
   <div class='ocr_carea' id='block_1_113' title="bbox 2018 4843 3598 4918">
    <p class='ocr_par' dir='ltr' id='par_1_113' title="bbox 2018 4843 3598 4918">
     <span class='ocr_line' id='line_1_113' title="bbox 2018 4843 3598 4918; baseline 0.005 -14"><span class='ocrx_word' id='word_1_937' title='bbox 2018 4860 2183 4904; x_wconf 82' lang='lat' dir='ltr'><strong>ventre</strong></span> <span class='ocrx_word' id='word_1_938' title='bbox 2197 4868 2216 4906; x_wconf 92' lang='lat'><strong><em>:</em></strong></span> <span class='ocrx_word' id='word_1_939' title='bbox 2236 4849 2373 4905; x_wconf 86' lang='lat' dir='ltr'><strong>Deus</strong></span> <span class='ocrx_word' id='word_1_940' title='bbox 2399 4869 2536 4906; x_wconf 87' lang='lat' dir='ltr'><strong>meas</strong></span> <span class='ocrx_word' id='word_1_941' title='bbox 2555 4854 2596 4918; x_wconf 80' lang='grc'>³,</span> <span class='ocrx_word' id='word_1_942' title='bbox 2621 4855 2682 4905; x_wconf 91' lang='lat' dir='ltr'><strong>ab</strong></span> <span class='ocrx_word' id='word_1_943' title='bbox 2712 4843 2939 4906; x_wconf 77' lang='lat' dir='ltr'><strong>uberibus</strong></span> <span class='ocrx_word' id='word_1_944' title='bbox 2966 4856 3138 4908; x_wconf 90' lang='lat' dir='ltr'><strong>matris</strong></span> <span class='ocrx_word' id='word_1_945' title='bbox 3164 4872 3286 4910; x_wconf 73' lang='lat' dir='ltr'><strong>mea:</strong></span> <span class='ocrx_word' id='word_1_946' title='bbox 3300 4873 3320 4911; x_wconf 90' lang='lat'><em>:</em></span> <span class='ocrx_word' id='word_1_947' title='bbox 3339 4869 3598 4912; x_wconf 86' lang='lat' dir='ltr'><strong>uamante</strong></span> 
     </span>
    </p>
   </div>
   <div class='ocr_carea' id='block_1_114' title="bbox 2018 4942 3596 5003">
    <p class='ocr_par' dir='ltr' id='par_1_114' title="bbox 2018 4942 3596 5003">
     <span class='ocr_line' id='line_1_114' title="bbox 2018 4942 3596 5003; baseline 0.004 -8"><span class='ocrx_word' id='word_1_948' title='bbox 2018 4944 2210 4996; x_wconf 72' lang='lat' dir='ltr'><strong>smenla</strong></span> <span class='ocrx_word' id='word_1_949' title='bbox 2256 4943 2414 4995; x_wconf 82' lang='lat' dir='ltr'><strong>Pater</strong></span> <span class='ocrx_word' id='word_1_950' title='bbox 2443 4956 2626 5003; x_wconf 91' lang='lat' dir='ltr'><strong>meus,</strong></span> <span class='ocrx_word' id='word_1_951' title='bbox 2660 4942 2726 4996; x_wconf 89' lang='lat' dir='ltr'><strong>ab</strong></span> <span class='ocrx_word' id='word_1_952' title='bbox 2768 4943 3020 4997; x_wconf 89' lang='lat' dir='ltr'><strong>uberibus</strong></span> <span class='ocrx_word' id='word_1_953' title='bbox 3063 4947 3244 5000; x_wconf 88' lang='lat' dir='ltr'><strong>matris</strong></span> <span class='ocrx_word' id='word_1_954' title='bbox 3277 4964 3410 5002; x_wconf 74' lang='lat' dir='ltr'><strong>mea:</strong></span> <span class='ocrx_word' id='word_1_955' title='bbox 3459 4949 3596 5002; x_wconf 88' lang='lat' dir='ltr'><strong>Deus</strong></span> 
     </span>
    </p>
   </div>
   <div class='ocr_carea' id='block_1_115' title="bbox 2020 5051 2185 5087">
    <p class='ocr_par' dir='ltr' id='par_1_115' title="bbox 2020 5051 2185 5087">
     <span class='ocr_line' id='line_1_115' title="bbox 2020 5051 2185 5087; baseline 0 -1"><span class='ocrx_word' id='word_1_956' title='bbox 2020 5051 2185 5087; x_wconf 65' lang='lat' dir='ltr'><strong>IIIHIS.</strong></span> 
     </span>
    </p>
   </div>
   <div class='ocr_carea' id='block_1_116' title="bbox 2091 5122 3592 5196">
    <p class='ocr_par' dir='ltr' id='par_1_116' title="bbox 2091 5122 3592 5196">
     <span class='ocr_line' id='line_1_116' title="bbox 2091 5122 3592 5196; baseline 0.005 -18"><span class='ocrx_word' id='word_1_957' title='bbox 2091 5127 2177 5178; x_wconf 79' lang='lat' dir='ltr'><strong>‘Ii.</strong></span> <span class='ocrx_word' id='word_1_958' title='bbox 2209 5122 2358 5196; x_wconf 86' lang='lat' dir='ltr'><strong>[vers.</strong></span> <span class='ocrx_word' id='word_1_959' title='bbox 2394 5122 2500 5196; x_wconf 83' lang='lat' dir='ltr'><strong>H].</strong></span> <span class='ocrx_word' id='word_1_960' title='bbox 2539 5123 2604 5176; x_wconf 87' lang='lat' dir='ltr'><strong>In</strong></span> <span class='ocrx_word' id='word_1_961' title='bbox 2631 5133 2679 5178; x_wconf 87' lang='lat' dir='ltr'><strong>te</strong></span> <span class='ocrx_word' id='word_1_962' title='bbox 2704 5126 2928 5195; x_wconf 67' lang='lat' dir='ltr'><strong>jac-tatus</strong></span> <span class='ocrx_word' id='word_1_963' title='bbox 2955 5143 3064 5179; x_wconf 87' lang='lat' dir='ltr'><strong>sum</strong></span> <span class='ocrx_word' id='word_1_964' title='bbox 3091 5145 3153 5182; x_wconf 75' lang='lat' dir='ltr'><strong>ex</strong></span> <span class='ocrx_word' id='word_1_965' title='bbox 3177 5139 3318 5182; x_wconf 83' lang='lat' dir='ltr'><strong>utero</strong></span> <span class='ocrx_word' id='word_1_966' title='bbox 3349 5146 3369 5184; x_wconf 90' lang='lat'><strong><em>:</em></strong></span> <span class='ocrx_word' id='word_1_967' title='bbox 3398 5131 3446 5183; x_wconf 87' lang='lat' dir='ltr'><strong>id</strong></span> <span class='ocrx_word' id='word_1_968' title='bbox 3473 5141 3555 5186; x_wconf 82' lang='lat' dir='ltr'><strong>est</strong></span> <span class='ocrx_word' id='word_1_969' title='bbox 3576 5171 3592 5194; x_wconf 87' lang='lat'><strong>,</strong></span> 
     </span>
    </p>
   </div>
   <div class='ocr_carea' id='block_1_117' title="bbox 2020 5215 3591 5290">
    <p class='ocr_par' dir='ltr' id='par_1_117' title="bbox 2020 5215 3591 5290">
     <span class='ocr_line' id='line_1_117' title="bbox 2020 5215 3591 5290; baseline 0.006 -24"><span class='ocrx_word' id='word_1_970' title='bbox 2020 5226 2075 5269; x_wconf 93' lang='lat' dir='ltr'><strong>ut</strong></span> <span class='ocrx_word' id='word_1_971' title='bbox 2102 5217 2227 5268; x_wconf 87' lang='lat' dir='ltr'><strong>tuihi</strong></span> <span class='ocrx_word' id='word_1_972' title='bbox 2255 5224 2307 5268; x_wconf 90' lang='lat' dir='ltr'><strong>tu</strong></span> <span class='ocrx_word' id='word_1_973' title='bbox 2334 5215 2479 5268; x_wconf 83' lang='lat' dir='ltr'><strong>Solus</strong></span> <span class='ocrx_word' id='word_1_974' title='bbox 2503 5231 2648 5270; x_wconf 80' lang='lat' dir='ltr'><strong>esses</strong></span> <span class='ocrx_word' id='word_1_975' title='bbox 2678 5231 2829 5284; x_wconf 84' lang='lat' dir='ltr'><strong>spes,</strong></span> <span class='ocrx_word' id='word_1_976' title='bbox 2859 5217 2968 5286; x_wconf 88' lang='lat' dir='ltr'><strong>jam</strong></span> <span class='ocrx_word' id='word_1_977' title='bbox 2998 5228 3242 5288; x_wconf 89' lang='lat' dir='ltr'><strong>tanquam</strong></span> <span class='ocrx_word' id='word_1_978' title='bbox 3273 5221 3456 5284; x_wconf 57' lang='lat' dir='ltr'><strong>homo,</strong></span> <span class='ocrx_word' id='word_1_979' title='bbox 3482 5222 3591 5290; x_wconf 87' lang='lat' dir='ltr'><strong>jam</strong></span> 
     </span>
    </p>
   </div>
   <div class='ocr_carea' id='block_1_118' title="bbox 2023 5295 3585 5376">
    <p class='ocr_par' dir='ltr' id='par_1_118' title="bbox 2023 5295 3585 5376">
     <span class='ocr_line' id='line_1_118' title="bbox 2023 5295 3585 5376; baseline 0.003 -18"><span class='ocrx_word' id='word_1_980' title='bbox 2023 5318 2269 5376; x_wconf 75' lang='lat' dir='ltr'><strong>tamquam</strong></span> <span class='ocrx_word' id='word_1_981' title='bbox 2300 5307 2536 5359; x_wconf 84' lang='lat' dir='ltr'><strong>infirmus</strong></span> <span class='ocrx_word' id='word_1_982' title='bbox 2555 5349 2570 5367; x_wconf 91' lang='lat'><strong>,</strong></span> <span class='ocrx_word' id='word_1_983' title='bbox 2593 5306 2701 5375; x_wconf 88' lang='lat' dir='ltr'><strong>jam</strong></span> <span class='ocrx_word' id='word_1_984' title='bbox 2733 5308 2956 5362; x_wconf 77' lang='lat' dir='ltr'><strong>\‘erbum</strong></span> <span class='ocrx_word' id='word_1_985' title='bbox 2983 5325 3108 5363; x_wconf 87' lang='lat' dir='ltr'><strong>caro</strong></span> <span class='ocrx_word' id='word_1_986' title='bbox 3137 5313 3350 5364; x_wconf 89' lang='lat' dir='ltr'><strong>factum.</strong></span> <span class='ocrx_word' id='word_1_987' title='bbox 3381 5317 3455 5362; x_wconf 81' lang='lat' dir='ltr'><strong>De</strong></span> <span class='ocrx_word' id='word_1_988' title='bbox 3479 5295 3585 5363; x_wconf 72' lang='lat' dir='ltr'><strong>ven-</strong></span> 
     </span>
    </p>
   </div>
   <div class='ocr_carea' id='block_1_119' title="bbox 2023 5398 3584 5468">
    <p class='ocr_par' dir='ltr' id='par_1_119' title="bbox 2023 5398 3584 5468">
     <span class='ocr_line' id='line_1_119' title="bbox 2023 5398 3584 5468; baseline 0.003 -16"><span class='ocrx_word' id='word_1_989' title='bbox 2023 5411 2096 5452; x_wconf 87' lang='lat' dir='ltr'><strong>tre</strong></span> <span class='ocrx_word' id='word_1_990' title='bbox 2123 5399 2296 5451; x_wconf 84' lang='lat' dir='ltr'><strong>matris</strong></span> <span class='ocrx_word' id='word_1_991' title='bbox 2316 5415 2438 5451; x_wconf 71' lang='lat' dir='ltr'><strong>metu</strong></span> <span class='ocrx_word' id='word_1_992' title='bbox 2453 5398 2587 5452; x_wconf 87' lang='lat' dir='ltr'><strong>Deus</strong></span> <span class='ocrx_word' id='word_1_993' title='bbox 2613 5417 2748 5453; x_wconf 88' lang='lat' dir='ltr'><strong>meus</strong></span> <span class='ocrx_word' id='word_1_994' title='bbox 2773 5417 2823 5453; x_wconf 90' lang='lat' dir='ltr'><strong>es</strong></span> <span class='ocrx_word' id='word_1_995' title='bbox 2847 5411 2899 5454; x_wconf 89' lang='lat' dir='ltr'><strong>tu</strong></span> <span class='ocrx_word' id='word_1_996' title='bbox 2917 5417 2935 5453; x_wconf 91' lang='lat'><strong><em>:</em></strong></span> <span class='ocrx_word' id='word_1_997' title='bbox 2953 5418 3055 5454; x_wconf 91' lang='lat' dir='ltr'><strong>non</strong></span> <span class='ocrx_word' id='word_1_998' title='bbox 3074 5402 3140 5455; x_wconf 91' lang='lat' dir='ltr'><strong>de</strong></span> <span class='ocrx_word' id='word_1_999' title='bbox 3169 5410 3219 5456; x_wconf 88' lang='lat' dir='ltr'><strong>te</strong></span> <span class='ocrx_word' id='word_1_1000' title='bbox 3247 5403 3382 5456; x_wconf 87' lang='lat' dir='ltr'><strong>Dens</strong></span> <span class='ocrx_word' id='word_1_1001' title='bbox 3405 5416 3584 5468; x_wconf 70' lang='lat' dir='ltr'><strong>meus;</strong></span> 
     </span>
    </p>
   </div>
   <div class='ocr_carea' id='block_1_120' title="bbox 2087 5583 3631 5661">
    <p class='ocr_par' dir='ltr' id='par_1_120' title="bbox 2087 5583 3631 5661">
     <span class='ocr_line' id='line_1_120' title="bbox 2087 5583 3631 5661; baseline 0 -13"><span class='ocrx_word' id='word_1_1002' title='bbox 2087 5600 2102 5630; x_wconf 86' lang='grc'>¹</span> <span class='ocrx_word' id='word_1_1003' title='bbox 2130 5605 2236 5648; x_wconf 71' lang='lat' dir='ltr'><strong>Mss.</strong></span> <span class='ocrx_word' id='word_1_1004' title='bbox 2271 5599 2448 5657; x_wconf 72' lang='lat' dir='ltr'><strong>Regius</strong></span> <span class='ocrx_word' id='word_1_1005' title='bbox 2471 5607 2522 5648; x_wconf 89' lang='lat' dir='ltr'><strong>et</strong></span> <span class='ocrx_word' id='word_1_1006' title='bbox 2545 5600 2708 5653; x_wconf 80' lang='lat' dir='ltr'><strong>vatic.,</strong></span> <span class='ocrx_word' id='word_1_1007' title='bbox 2742 5605 2791 5647; x_wconf 89' lang='lat' dir='ltr'><strong>ut</strong></span> <span class='ocrx_word' id='word_1_1008' title='bbox 2824 5599 2888 5647; x_wconf 84' lang='lat' dir='ltr'><strong>ad</strong></span> <span class='ocrx_word' id='word_1_1009' title='bbox 2909 5599 3047 5649; x_wconf 80' lang='lat' dir='ltr'><strong>illum</strong></span> <span class='ocrx_word' id='word_1_1010' title='bbox 3068 5598 3299 5661; x_wconf 73' lang='lat' dir='ltr'><strong>maij</strong></span> <span class='ocrx_word' id='word_1_1011' title='bbox 3321 5595 3561 5658; x_wconf 70' lang='lat' dir='ltr'><strong>gemitum.</strong></span> <span class='ocrx_word' id='word_1_1012' title='bbox 3625 5583 3631 5597; x_wconf 78' lang='grc'><em>’</em></span> 
     </span>
    </p>
   </div>
   <div class='ocr_carea' id='block_1_121' title="bbox 2088 5659 3591 5722">
    <p class='ocr_par' dir='ltr' id='par_1_121' title="bbox 2088 5659 3591 5722">
     <span class='ocr_line' id='line_1_121' title="bbox 2088 5659 3591 5722; baseline 0 -14"><span class='ocrx_word' id='word_1_1013' title='bbox 2088 5663 2108 5691; x_wconf 73' lang='grc'><em>³</em></span> <span class='ocrx_word' id='word_1_1014' title='bbox 2131 5670 2222 5708; x_wconf 82' lang='lat' dir='ltr'><strong>.\on</strong></span> <span class='ocrx_word' id='word_1_1015' title='bbox 2247 5661 2315 5708; x_wconf 90' lang='lat' dir='ltr'><strong>sic</strong></span> <span class='ocrx_word' id='word_1_1016' title='bbox 2341 5663 2386 5708; x_wconf 87' lang='lat' dir='ltr'><strong>in</strong></span> <span class='ocrx_word' id='word_1_1017' title='bbox 2409 5665 2662 5722; x_wconf 83' lang='lat' dir='ltr'><strong>superiore.</strong></span> <span class='ocrx_word' id='word_1_1018' title='bbox 2685 5668 2865 5714; x_wconf 79' lang='lat' dir='ltr'><strong>Enarr.,</strong></span> <span class='ocrx_word' id='word_1_1019' title='bbox 2882 5661 2968 5708; x_wconf 76' lang='lat' dir='ltr'><strong>sed</strong></span> <span class='ocrx_word' id='word_1_1020' title='bbox 2999 5659 3152 5722; x_wconf 75' lang='lat' dir='ltr'><strong>juxta</strong></span> <span class='ocrx_word' id='word_1_1021' title='bbox 3173 5659 3419 5716; x_wconf 69' lang='lat' dir='ltr'><strong>vulgatam</strong></span> <span class='ocrx_word' id='word_1_1022' title='bbox 3443 5661 3591 5713; x_wconf 73' lang='lat' dir='ltr'><strong>inter-</strong></span> 
     </span>
    </p>
   </div>
   <div class='ocr_carea' id='block_1_122' title="bbox 2026 5721 3342 5786">
    <p class='ocr_par' dir='ltr' id='par_1_122' title="bbox 2026 5721 3342 5786">
     <span class='ocr_line' id='line_1_122' title="bbox 2026 5721 3342 5786; baseline 0 -14"><span class='ocrx_word' id='word_1_1023' title='bbox 2026 5727 2343 5786; x_wconf 85' lang='lat' dir='ltr'><strong>pretationem</strong></span> <span class='ocrx_word' id='word_1_1024' title='bbox 2371 5721 2598 5785; x_wconf 77' lang='lat' dir='ltr'><strong>legebat:</strong></span> <span class='ocrx_word' id='word_1_1025' title='bbox 2625 5731 2735 5784; x_wconf 81' lang='lat' dir='ltr'><strong>Spcs</strong></span> <span class='ocrx_word' id='word_1_1026' title='bbox 2760 5735 2864 5771; x_wconf 81' lang='lat' dir='ltr'><strong>mea</strong></span> <span class='ocrx_word' id='word_1_1027' title='bbox 2888 5723 2947 5769; x_wconf 78' lang='lat' dir='ltr'><strong>ab</strong></span> <span class='ocrx_word' id='word_1_1028' title='bbox 2969 5721 3212 5773; x_wconf 80' lang='lat' dir='ltr'><strong>uberibus.</strong></span> <span class='ocrx_word' id='word_1_1029' title='bbox 3248 5730 3342 5772; x_wconf 86' lang='lat' dir='ltr'><strong>etc.</strong></span> 
     </span>
    </p>
   </div>
  </div>
