3988 6188
399 253 497 309 175

389 388 514 430 nam
538 372 608 431 de
648 381 701 429 te
727 372 881 429 Pater
905 384 1055 437 meus
1088 386 1100 422 :
1131 367 1228 423 sed
1265 366 1332 422 de
1360 374 1542 423 ventre
1580 370 1763 424 matris
1790 387 1920 426 mea:
1945 413 1960 437 ,

393 469 537 523 Deus
564 480 734 521 meus.

465 557 551 613 12.
583 556 730 631 [uers.
762 552 877 627 12.]
898 550 982 607 Ne
1006 551 1235 606 discedi»
1263 568 1295 605 a
1324 567 1435 607 me:
1452 552 1687 620 quoniam
1713 552 1969 607 tribulatio

390 649 629 719 proxima
652 655 745 712 est,
763 644 1000 712 quoniam
1025 659 1127 697 non
1150 651 1221 696 est
1235 642 1321 711 qui
1344 640 1547 713 adjuvet
1564 656 1583 696 :
1600 641 1773 697 videte
1787 642 1969 697 deser-

392 751 535 804 tum;
564 748 617 795 et
642 753 718 792 vm
746 736 918 803 nobis,
940 735 986 792 si
1014 735 1127 806 ipse
1153 750 1249 789 nos
1271 733 1503 802 deserat,
1520 735 1757 806 quoniam
1776 733 1968 788 non'est

389 833 475 902 qui
492 830 713 901 adjuvet.
1849 840 1853 853 θ

459 923 545 977 15.
566 920 730 995 '[vers.
762 917 876 994 13.]
899 916 1343 976 Circumdederunt
1367 932 1447 972 me
1470 916 1612 972 vituli
1638 916 1801 982 multi,
1835 917 1968 970 tauri
2010 998 2015 1003 ‘

390 1017 598 1088 pingues
624 1015 919 1077 obsederunt
944 1029 1058 1068 me:
1078 1011 1300 1083 populus
1323 1019 1379 1067 et
1403 1010 1696 1081 principes;
1718 1009 1963 1080 populus,

385 1107 533 1165 vituli
557 1106 735 1172 multi;
762 1104 1050 1175 principes,
1077 1103 1209 1159 tauri
1232 1102 1471 1174 pingues.

457 1199 545 1254 14.
564 1196 713 1271 [uers.
748 1192 861 1269 14:]
878 1196 1190 1267 Aperuerunt
1210 1209 1360 1264 super
1378 1208 1456 1247 me
1473 1209 1529 1247 os
1549 1208 1715 1256 suum,
1733 1191 1860 1255 sicut
1889 1192 1967 1246 leo

384 1290 588 1361 rapiens
603 1299 647 1342 et
668 1288 868 1359 rugiens
884 1303 903 1342 :
921 1286 1197 1341 audiamus
1214 1285 1442 1355 rugitnm
1463 1283 1700 1353 ipsorum
1722 1282 1774 1336 in
1797 1283 1967 1336 Evan-

382 1383 543 1453 gelio,
567 1380 834 1452 Cruci/ige,
855 1377 1103 1448 Cruci/Ege
1120 1374 1299 1448 (Joan.
1322 1392 1435 1442 χιχ,
1456 1375 1540 1446 6)!

457 1472 545 1529 15.
758 1468 872 1544 15.]
904 1469 1045 1524 Sicut
1073 1484 1204 1539 aqua
1243 1465 1433 1533 e/fusus
1473 1481 1617 1532 sum,
1662 1474 1711 1518 et
1739 1463 1967 1533 dispersa

385 1575 501 1620 sunt
522 1564 692 1620 omnia
719 1579 833 1618 ossa
856 1578 964 1616 mea
985 1576 1005 1616 :
1026 1575 1146 1615 ossa
1168 1574 1285 1625 sua,
1306 1558 1489 1613 firmos
1514 1572 1639 1612 suos
1662 1555 1820 1623 dicit;
1843 1570 1963 1610 ossa

382 1657 525 1711 enim
555 1656 701 1710 firma
725 1664 846 1708 sunt
871 1653 921 1706 in
940 1666 1184 1720 corpore.
1203 1649 1425 1718 Quando
1441 1648 1690 1717 dispersit
1704 1661 1828 1702 ossa
1842 1647 1965 1702 sua?

384 1746 606 1816 Quando
633 1746 762 1800 dixit
794 1746 940 1801 illis:
974 1743 1108 1798 Ecce
1148 1760 1238 1814 ego
1268 1743 1407 1795 mitto
1436 1756 1522 1796 vos
1562 1741 1697 1795 velut
1726 1756 1883 1811 agnos
1910 1740 1963 1794 in

387 1837 550 1892 medio
575 1837 806 1906 luporum
833 1834 1043 1905 (Matth.
1076 1850 1128 1899 ιι,
1151 1833 1246 1895 16;
1268 1831 1395 1886 Luc.
1425 1848 1478 1898 ιι,
1498 1831 1574 1902 ὅ).
1605 1831 1813 1885 Firmos
1838 1844 1963 1884 suos

384 1928 651 1998 dispersit,
668 1936 723 1985 et
747 1928 884 1983 sicut
906 1941 1039 1997 aqua
1064 1925 1264 1981 effusus
1287 1933 1400 1980 est:
1420 1937 1556 1993 aqua
1583 1921 1723 1977 enim
1749 1920 1962 1991 quando

384 2018 691 2086 effunditur,
709 2028 799 2072 aut
825 2017 1009 2080 abluit,
1033 2025 1124 2071 aut
1148 2016 1363 2086 irrigat;
1395 2012 1596 2069 ell'usus
1615 2021 1698 2068 est
1720 2012 1962 2066 Christus

382 2114 517 2167 sicut
537 2127 695 2183 aqua,
714 2111 876 2167 abluti
893 2117 1018 2164 sunt
1035 2107 1331 2171 sordentes,
1350 2107 1533 2178 rigatze
1553 2115 1677 2161 sunt
1692 2112 1903 2163 mentes
1918 2104 1958 2157 ⁸.

390 2203 600 2258 Factum
621 2212 692 2258 est
717 2220 804 2257 cor
830 2219 991 2257 meum
1015 2210 1255 2268 tanquam
1275 2215 1389 2253 cera
1413 2198 1707 2267 liquescens,
1723 2197 1779 2250 in
1798 2195 1960 2250 medio

380 2298 564 2353 uentris
608 2297 705 2351 mei
744 2311 765 2351 :
813 2302 1050 2350 ventrem
1097 2308 1251 2347 suum
1298 2291 1429 2346 dicit
1474 2291 1711 2346 infirmos
1755 2287 1808 2343 in
1856 2288 1958 2342 Ec-

380 2390 543 2446 clesia
589 2404 706 2443 sua.
739 2386 1015 2456 Quomodo
1042 2400 1137 2441 eor
1166 2385 1329 2454 ipsius
1358 2382 1553 2437 factum
1583 2390 1666 2437 est
1707 2380 1844 2435 sicut
1869 2393 1960 2433 ce-

380 2483 481 2537 ra?
525 2480 632 2537 Cor
677 2480 842 2551 ipsius
871 2479 1138 2546 Scriptura
1185 2476 1384 2545 ipsius.
1436 2473 1487 2527 id
1532 2482 1651 2535 est,
1700 2470 1954 2539 sapientia

380 2574 545 2641 ipsius
592 2587 714 2642 quas
762 2579 877 2625 erat
929 2569 979 2622 in
1032 2567 1339 2636 Scripturis.
1396 2563 1586 2631 Clausa
1643 2561 1785 2617 enim
1840 2569 1957 2616 erat

377 2664 688 2735 Scriptura;
739 2674 898 2716 nemo
948 2649 1087 2714 illam
1136 2656 1463 2726 intelligebat
1496 2672 1510 2709 :
1541 2654 1828 2709 crucifixus
1873 2659 1955 2705 est

381 2756 673 2819 Dominus,
720 2761 775 2808 et
821 2749 1106 2821 liquefacta
1151 2757 1234 2803 est
1277 2747 1414 2802 sicut
1459 2759 1620 2812 cera,
1665 2751 1726 2798 ut
1768 2755 1957 2797 omnes

378 2846 572 2900 intirmi
621 2842 974 2912 intelligerent
1016 2838 1384 2910 Scripturam;
1430 2850 1553 2890 nam
1590 2832 1720 2907 inde
1765 2841 1819 2887 et
1859 2846 1953 2886 ve—

377 2939 484 2993 lum
532 2934 712 3005 templi
740 2933 963 2988 scissum
1009 2942 1093 2987 est
1116 2971 1131 2996 ,
1162 2929 1283 2999 quia
1311 2927 1453 2998 quod
1487 2925 1762 2982 velabatur
1789 2939 1951 2981 reve-

377 3028 537 3173 mi'l'i'i
563 3036 713 3189 ᾗῗιῖι
746 3110 864 3186 16.]
896 3111 1106 3167 Emeruit
1142 3110 1271 3164 velut
1296 3066 1418 3162 testa
1456 3106 1610 3162 virtus
1647 3122 1756 3160 mea
1782 3121 1803 3159 :
1833 3120 1950 3159 ma-

372 3208 562 3277 gnifice
589 3204 729 3278 quod
767 3204 933 3270 dixit,
961 3201 1195 3257 Firmius
1221 3199 1412 3254 factum
1442 3206 1524 3252 est
1551 3211 1746 3251 nomen
1773 3211 1947 3250 meum

373 3299 439 3354 ιΙυ
463 3298 818 3355 tribulatione.
838 3292 1116 3362 Quomodo
1141 3290 1283 3346 enim
1306 3298 1438 3345 testa
1463 3296 1586 3343 ante
1615 3286 1788 3357 ignem
1815 3286 1949 3341 mol-

373 3392 437 3445 lis
461 3397 564 3455 est,
585 3399 702 3459 post
731 3388 903 3457 ignem
929 3382 1110 3448 fortis;
1134 3381 1211 3436 sic
1237 3379 1442 3435 Domini
1470 3392 1661 3432 nomen
1690 3385 1813 3431 ante
1830 3391 1951 3447 pas-

369 3484 574 3536 sionem
601 3476 1057 3541 contemnebatur,
1080 3481 1203 3546 post
1224 3471 1522 3541 passionem
1548 3467 1945 3525 honorificatnr.

376 3571 442 3624 Et
466 3571 641 3641 lingua
664 3584 774 3623 mea
799 3564 1009 3622 adhaesit
1037 3564 1265 3634 faucibus
1290 3561 1410 3615 meis
1440 3576 1459 3614 :
1487 3560 1754 3631 quomodo
1781 3574 1948 3614 mem—

370 3667 523 3721 lu-um
567 3661 697 3717 illud
739 3662 793 3716 in
825 3659 977 3713 nobis
1007 3672 1109 3712 non
1145 3656 1287 3709 valet
1332 3654 1431 3709 nisi
1474 3652 1538 3708 ad
1585 3650 1944 3722 loquendum;

368 3755 446 3808 sic
498 3752 871 3824 prtedieatores
921 3763 1085 3813 suos,
1139 3746 1370 3815 linguam
1422 3758 1612 3811 suam,
1663 3741 1802 3797 dixit
1849 3742 1948 3797 ad-

368 3844 587 3900 laesisse
627 3841 865 3899 faucibus
905 3840 1057 3905 suis,
1104 3846 1162 3894 ut
1204 3837 1270 3893 de
1314 3835 1653 3892 interioribus
1694 3834 1810 3904 ejus
1853 3849 1946 3888 ca-

370 3943 556 4005 perent
598 3934 929 4003 sapientiam.
974 3931 1040 3986 Et
1082 3931 1136 3985 in
1178 3930 1432 3998 pulverem
1479 3928 1653 3982 mortis
1696 3927 1947 3982 deduxisti

368 4044 466 4082 me.

439 4118 526 4173 l7.
573 4116 723 4189 [πη.
757 4113 870 4187 17.]
916 4113 1167 4181 Quoniam
1208 4112 1639 4167 circumdederunt
1679 4126 1757 4164 me
1799 4126 1945 4165 canes

367 4208 543 4271 multi,
575 4206 841 4260 concilium
869 4203 1253 4274 malignantium
1279 4202 1604 4256 circumdedit
1627 4216 1707 4257 me
1733 4217 1754 4256 .'
1782 4201 1939 4255 etiam

369 4299 540 4355 videte
587 4296 950 4368 Evangelium.
996 4293 1259 4348 Foderunt
1299 4309 1477 4347 manus
1523 4308 1659 4346 meas
1702 4300 1747 4345 et
1794 4292 1943 4361 pedes

365 4406 519 4459 meos.
567 4388 713 4444 Tunc
754 4387 890 4442 facta
933 4394 1057 4441 sunt
1095 4383 1311 4438 vulnera
1335 4423 1349 4447 ,
1390 4397 1616 4453 quorum
1662 4380 1938 4436 vulnerum

361 4480 636 4536 cicatrices
680 4477 924 4533 dubitans
969 4472 1257 4545 discipulus
1285 4473 1678 4538 contrectavit,
1711 4471 1802 4526 ille
1848 4471 1937 4541 qui

361 4571 542 4624 dixit:
576 4568 692 4627 Nisi
738 4569 917 4623 misero
961 4567 1144 4638 digitos
1188 4580 1322 4619 meos
1367 4563 1419 4617 in
1466 4564 1719 4618 cicatrices
1761 4562 1938 4618 value-

361 4678 474 4715 rum
501 4663 612 4731 ejus
634 4702 650 4729 ,
681 4679 780 4715 non
810 4661 1030 4714 credam.
1066 4656 1289 4726 Quando
1317 4657 1365 4711 ei
1395 4656 1567 4723 dixit,
1609 4654 1771 4722 Veni,
1803 4658 1940 4711 mitte

361 4768 567 4806 manum
609 4761 785 4817 tuam,
829 4750 1085 4806 incredula
1104 4767 1122 4816 ;
1153 4758 1207 4804 et
1247 4744 1406 4802 misit‘
1420 4762 1630 4800 humum
1662 4763 1810 4800 suam
1837 4789 1853 4811 ,
1884 4757 1940 4803 et

360 4844 612 4898 clamavit
643 4861 655 4894 :
689 4842 933 4897 Dominus
962 4858 1099 4896 meus
1126 4853 1171 4895 et
1201 4840 1337 4894 Deus
1362 4839 1537 4892 meus!
1567 4840 1628 4892 Et
1658 4840 1743 4893 ille
1767 4856 1780 4891 :
1807 4840 1939 4904 Quia

359 4936 526 4990 vidisti
570 4952 686 5000 me,
734 4935 1032 4999 credidisti;
1078 4935 1204 4987 beati
1249 4933 1334 5002 qui
1379 4948 1481 4985 non
1526 4930 1691 4984 vident
1735 4940 1783 4984 et
1826 4947 1935 4984 cre-

360 5030 482 5080 dunt
513 5025 687 5098 (Joan.
722 5042 811 5090 xx,
839 5025 927 5089 2;”),
959 5025 1049 5091 27,
1082 5025 1197 5096 28).
1231 5024 1491 5079 Fodernnt
1522 5039 1698 5076 manus
1728 5039 1862 5076 meas
1889 5034 1936 5076 et

360 5118 509 5187 pedes
532 5134 685 5173 meos.
1368 5128 1371 5133 '

431 5194 517 5265 18.
537 5207 683 5280 [verm
703 5204 815 5278 18.]
833 5206 1100 5259 Dinumera
1108 5215 1275 5259 verunt
1300 5206 1467 5259 omnia
1482 5221 1596 5260 ossa
1627 5221 1763 5261 mea:
1778 5220 1937 5274 quan-

359 5304 428 5359 do
445 5300 681 5373 pendens
692 5308 938 5356 extentus
954 5297 1136 5351 eratin
1155 5297 1316 5365 ligno.
1331 5296 1443 5351 Non
1461 5299 1631 5366 pctnit
1649 5298 1835 5351 melius
1850 5296 1936 5349 de-

360 5397 517 5453 scribi
543 5393 781 5450 extensio
804 5390 1042 5462 corporis
1064 5390 1113 5442 in
1142 5389 1304 5460 ligno,
1322 5404 1480 5459 quam
1510 5398 1566 5443 ut
1587 5389 1817 5444 diceret:
1843 5387 1931 5442 Di-

359 5494 737 5541 uumeraucrunt
759 5486 925 5535 omnia
946 5484 1058 5533 ossa
1078 5497 1206 5532 mea.

436 5579 519 5636 l9.
554 5577 700 5651 iners.
737 5573 847 5645 19.]
878 5571 901 5625 l
911 5573 987 5643 psi
1016 5587 1129 5625 vero
1163 5570 1615 5638 considerat-erunt,
1653 5582 1698 5625 et
1729 5585 1934 5639 conspe-

421 5737 436 5765 ι
466 5737 635 5796 negius
656 5741 734 5782 us.
760 5740 807 5781 et
835 5731 996 5792 vatim,
1021 5726 1161 5793 rigati
1184 5724 1406 5777 sitientes.

1619 251 1674 307 ὃ.
1707 249 2068 310 Αυοιιδτικι
2106 254 2409 314 EPlSCOPl

3544 264 3640 319 liii

2074 386 2254 430 xerunt
2300 394 2378 432 me
2407 396 2424 434 :
2455 379 2955 447 consideravcrunt,
3002 394 3056 437 et
3086 396 3187 436 non
3232 382 3640 445 intellexerunt;

2074 478 2484 539 conspexerunt,
2504 481 2557 525 et
2581 487 2685 526 non
2704 472 2967 527 viderunt.
2989 472 3165 543 Usque
3188 472 3253 527 ad
3277 488 3491 529 carnem
3519 489 3647 529 ocu-

2074 558 2152 612 los
2171 599 2186 621 ,
2216 574 2320 613 non
2348 574 2513 630 usque
2540 561 2607 615 ad
2638 562 2864 619 Verbum
2888 577 2981 619 cor
3011 563 3327 618 habuerunt.
3357 563 3645 618 Diviserunt

2070 649 2165 729 sibi
2190 650 2476 703 uestimenta
2500 668 2610 704 mea
2639 670 2659 707 :
2688 653 3000 708 veStimenta
3042 668 3136 708 sua
3157 695 3170 717 ,
3204 665 3529 710 sacramenta
3563 656 3648 725 ip-

2056 739 2200 801 ,sins.
2227 740 2513 808 Attendite,
2542 741 2753 798 fratres.
2782 742 3103 799 Vestimenta
3130 744 3314 814 ipsius,
3342 758 3646 799 sacramen-

2072 840 2122 883 ta
2151 832 2314 901 ipsius
2340 841 2625 902 potuerunt
2662 833 2821 898 dividi
2852 850 2946 904 per
2984 835 3214 890 haereses
3246 853 3262 889 :
3293 835 3387 890 sed
3430 846 3545 890 erat
3573 836 3644 893 ibi

2068 925 2440 980 veStimentum
2466 925 2609 996 quod
2638 942 2794 981 nemo
2819 926 3013 983 divisit.
3041 927 3106 981 Et
3130 944 3281 998 super
3303 930 3645 983 vestimentum

2070 1031 2235 1069 meum
2259 1016 2497 1070 miserunt
2522 1026 2722 1071 sortem.
2757 1016 2881 1071 Erat
2907 1017 2977 1071 ibi
3004 1019 3195 1085 tunica,
3223 1017 3349 1073 dicit
3376 1020 3645 1088 evangeli-

2068 1116 2171 1172 sta,
2199 1106 2410 1177 desuper
2435 1116 2567 1185 teeta
2584 1107 2757 1176 (Joan.
2781 1123 2886 1172 xix,
2914 1108 3028 1179 2'5).
3058 1108 3195 1179 Ergo
3210 1108 3277 1163 de
3291 1108 3447 1171 cmlo,
3470 1125 3597 1179 ergo
3613 1125 3643 1163 a

2070 1194 2226 1251 Patre
2249 1237 2264 1260 ,
2296 1212 2423 1266 ergo
2451 1212 2481 1250 a
2509 1196 2705 1267 Spiritu
2752 1206 2956 1252 sancto.
2999 1197 3128 1264 Quze
3173 1208 3255 1253 est
3283 1199 3380 1252 ista
3426 1201 3599 1253 laniat
3627 1241 3642 1264 ,

2068 1286 2168 1342 nisi
2210 1286 2440 1343 charitas
2463 1330 2478 1354 ,
2509 1303 2665 1359 quam
2709 1303 2866 1343 nemo
2895 1298 3067 1358 potest
3094 1288 3374 1360 dividere?
3401 1289 3532 1359 Qua.-
3559 1300 3643 1346 est

2068 1379 2167 1434 ista
2200 1380 2373 1435 tunica
2398 1422 2412 1445 ,
2444 1381 2545 1435 nisi
2574 1381 2745 1436 unitas
2764 1381 2791 1435 ἲ
2817 1381 2873 1437 ln
2902 1383 3066 1451 ipsam
3108 1397 3224 1437 sors
3250 1384 3472 1438 mittitur
3493 1426 3509 1451 ,
3544 1399 3644 1439 ne-

2069 1485 2157 1524 mo
2182 1470 2326 1525 illam
2368 1470 2579 1526 dividit.
2610 1471 2952 1528 Sacramenta
2994 1473 3093 1529 sibi
3134 1473 3367 1531 lucretiei
3398 1475 3643 1532 dividere

2069 1568 2387 1629 potuerunt,
2420 1560 2733 1618 cbaritatem
2782 1580 2884 1619 non
2929 1564 3247 1621 diviserunt.
3292 1566 3359 1621 Et
3403 1567 3524 1637 quia
3553 1567 3640 1623 di-

2069 1652 2252 1707 videre
2280 1669 2382 1708 non
2428 1663 2747 1723 potuerunt,
2781 1663 3112 1711 recesserunt
3145 1674 3159 1711 :
3191 1656 3277 1711 illa
3319 1666 3492 1712 autem
3520 1673 3644 1719 ma-

2067 1752 2157 1798 net
2201 1744 2423 1816 intcgra.
2470 1743 2626 1801 Sorte
2666 1745 2883 1800 obvenit
2923 1730 3237 1817 quibusdam
3284 1765 3298 1801 :
3344 1749 3434 1817 qui
3481 1748 3643 1803 habet

2068 1834 2241 1899 hanc,
2291 1850 2510 1892 securus
2556 1845 2674 1901 est;
2723 1844 2879 1892 nemo
2923 1838 3069 1893 illum
3114 1849 3295 1895 movet
3340 1841 3405 1896 de
3451 1841 3643 1898 Eccle-

2065 1923 2143 1978 sia
2187 1925 2445 1980 catholica
2470 1936 2575 1999 ηει-
2598 1928 2641 1982 si
2685 1926 2813 1984 foris
2856 1929 2996 1983 illam
3041 1930 3258 2001 incipiat
3287 1926 3519 2000 habere,
3551 1935 3642 1988 in-

2066 2016 2410 2083 tromittitur,
2444 2017 2712 2089 quomodo
2751 2035 2932 2076 ramus
2967 2022 3124 2078 olim
3153 2037 3183 2077 a
3210 2024 3451 2080 columba
3484 2024 3641 2096 (Gen.

2066 2124 2191 2176 vm,
2225 2110 2336 2183 11).

2132 2202 2223 2258 20.
2243 2202 2390 2277 [νει-ο.
2409 2202 2524 2276 20.]
2545 2203 2619 2257 Tu
2647 2214 2834 2271 autem,
2857 2204 3087 2272 Domine,
3105 2223 3168 2261 ne
3186 2207 3334 2279 longe
3352 2208 3526 2277 feceris
3554 2225 3642 2264 au-

2060 2297 2240 2350 xilium
2255 2305 2414 2349 tuuin.
2433 2295 2501 2350 Et
2516 2295 2708 2351 factum
2727 2306 2806 2351 est
2824 2313 2839 2349 :
2859 2304 2981 2367 post
2997 2297 3227 2353 triduum
3245 2299 3554 2355 resurrexit.
3572 2299 3644 2355 In

2062 2385 2397 2457 defensionem
2418 2403 2577 2440 meam
2602 2388 2787 2458 aspice.

2129 2477 2218 2531 ειι.
2246 2475 2393 2548 [rcrs.
2429 2475 2703 2557 21.].Erue
2728 2495 2760 2532 α
2788 2482 2980 2550 framea
3003 2479 3226 2533 animum
3250 2496 3448 2536 nteant:
3470 2481 3523 2536 id
3557 2491 3644 2537 est

2061 2584 2089 2623 a
2108 2580 2306 2635 morte;
2327 2568 2524 2625 framea
2550 2571 2689 2625 enim
2712 2572 2917 2641 gladius
2939 2581 3041 2637 est,
3060 2580 3115 2627 et
3139 2573 3478 2644 pergladium
3496 2590 3644 2630 mor.

2061 2670 2167 2714 teut
2199 2660 2415 2731 intelligi
2444 2660 2627 2716 voluit.
2656 2660 2827 2716 Et‘de
2851 2679 3004 2716 manu
3044 2663 3184 2716 canis
3212 2664 3409 2717 unicam
3452 2681 3639 2719 meant.

2059 2748 2294 2804 Animam
2342 2767 2539 2816 meam,
2590 2752 2790 2805 unicam
2840 2769 3039 2819 meam,
3093 2762 3251 2822 caput
3296 2762 3350 2809 et
3394 2768 3589 2826 corpus
3622 2772 3645 2809 ξ
3735 2764 3742 2770 ’

2066 2843 2279 2899 Unicum
2305 2830 2481 2913 dixit,
2513 2844 2807 2900 Ecclesium
2841 2865 2856 2901 :
2887 2845 2950 2899 de
2993 2861 3147 2900 manu
3170 2886 3186 2910 ,
3218 2845 3269 2900 id
3316 2856 3397 2901 est
3439 2846 3507 2901 de
3539 2861 3641 2916 po-
3716 2850 3729 2866 ’

2063 2943 2254 2990 testate
2298 2936 2463 2990 canis.
2495 2936 2593 3002 Qui
2636 2944 2761 2989 sunt
2802 2936 3007 2989 canes?
3052 2935 3150 3002 Qui
3201 2937 3392 2991 canino
3439 2951 3585 2992 more
3620 2938 3638 2969 ⁸

2061 3027 2291 3094 latrant,
2324 3042 2423 3081 nec
2468 3027 2763 3097 intelligunt
2807 3035 2989 3081 contra
3019 3041 3172 3097 quos.
3205 3027 3341 3081 Nihil
3390 3026 3490 3081 illis
3537 3029 3636 3091 tit,

2059 3125 2113 3170 et
2155 3116 2364 3170 latrant.
2416 3116 2549 3185 Quid
2600 3114 2719 3169 fecit
2765 3117 2880 3169 cani
2931 3117 3193 3171 transiens
3242 3118 3380 3170 viam
3427 3133 3578 3171 suam
3612 3125 3640 3172 ἲ

2059 3206 2257 3260 Tamen
2308 3207 2394 3260 ille
2444 3207 2617 3260 latrat.
2658 3202 2769 3274 Qui
2815 3205 3008 3261 latrant
3053 3205 3210 3261 crucis
3255 3206 3424 3262 oculis
3456 3247 3471 3271 ,
3526 3222 3636 3262 non

2056 3298 2421 3375 discernentes
2473 3306 2653 3353 contra
2706 3313 2840 3366 quos
2889 3307 2979 3353 aut
3031 3314 3129 3368 pro
3180 3301 3372 3370 quibus
3403 3342 3418 3367 ,
3472 3316 3637 3358 canes

2055 3399 2199 3444 SUlll.
2316 3462 2322 3469 .

2124 3482 2214 3536 22.
2247 3480 2413 3554 [uers.
2441 3481 2567 3555 22.]
2597 3481 2808 3538 Salvum
2854 3498 2932 3537 me
2976 3483 3058 3552 {ac
3098 3484 3161 3539 de
3202 3501 3288 3541 ore
3325 3485 3635 3543 lemu’ssleo

2054 3574 2270 3643 rugiens
2299 3573 2465 3627 nostis
2494 3573 2613 3643 quis
2642 3573 2731 3640 sit,
2760 3574 3079 3629 circumiens
3107 3586 3162 3631 et
3189 3592 3630 3647 qumrensquem

2053 3665 2273 3719 devoret
2293 3664 2333 3734 (Ι
2364 3664 2501 3718 Petr.
2525 3681 2577 3731 ν,
2605 3662 2683 3737 8).
2712 3664 2776 3718 Et
2799 3682 2830 3719 a
2856 3665 3090 3721 cornibus
3122 3667 3438 3722 unico‘rnium
3465 3669 3633 3722 humi.

2052 3757 2245 3811 litatem
2268 3772 2426 3808 meam
2452 3770 2470 3808 :
2495 3757 2777 3811 unieornes
2806 3772 2910 3811 non
2938 3738 3164 3824 diceret,
3198 3760 3297 3813 nisi
3328 3760 3625 3830 superbos;

2053 3848 2173 3903 ideo
2203 3847 2450 3916 subjecit,
2482 3847 2813 3901 humilitatem
2843 3864 3023 3903 meam.

2120 3937 2209 3992 25.
2243 3935 2404 4010 [rem
2430 3935 2559 4009 25.]
2597 3937 2830 3992 Audistis
2866 3953 2986 4008 quae
3028 3952 3213 4008 passus
3249 3950 3362 4006 est,
3402 3949 3457 3995 et
3500 3940 3627 4009 quid

2051 4029 2251 4095 oravit,
2285 4037 2343 4083 ut
2371 4035 2589 4083 eruatur
2617 4029 2684 4083 ab
2712 4030 2827 4083 istis
2840 4044 2865 4083 ιε
2895 4030 3229 4086 attendamus
3265 4031 3424 4086 modo
3461 4047 3629 4101 quare

2050 4136 2236 4190 passus
2273 4130 2373 4176 est.
2405 4120 2560 4176 Modo
2584 4120 2691 4191 jam
2717 4121 2919 4186 videte,
2949 4121 3138 4179 fratres
3165 4164 3179 4186 ,
3208 4126 3296 4194 qui
3326 4140 3431 4178 non
3460 4137 3543 4179 est
3571 4126 3626 4181 in

2048 4229 2109 4268 ea
2157 4223 2332 4280 sorte,
2379 4221 2597 4283 propter
2633 4228 2792 4281 quam
2821 4228 3010 4283 passus
3046 4224 3127 4270 est
3155 4212 3431 4282 Christus,
3459 4231 3626 4288 quare

2046 4304 2365 4359 Christianus
2391 4304 2513 4359 est?
2539 4304 2708 4369 Ecce,
2741 4303 3081 4375 intelligimus
3115 4321 3232 4375 quae
3276 4321 3462 4376 passus
3496 4319 3622 4365 est:

2044 4395 2378 4451 dinumerata
2408 4403 2532 4450 sunt
2556 4410 2676 4450 ossa
2715 4394 2864 4465 ejus,
2912 4396 3096 4451 irrisus
3135 4407 3251 4463 est,
3291 4397 3458 4455 divisa
3498 4396 3625 4456 sunt

2045 4488 2358 4544 vestimenta
2384 4488 2520 4557 ejus,
2553 4488 2768 4558 insuper
2796 4488 2955 4543 missa
2978 4501 3059 4542 eat
3086 4502 3206 4543 sors
3232 4505 3394 4559 super
3418 4500 3621 4547 vestem

2046 4582 2211 4653 ipsius
2233 4623 2249 4649 ,
2295 4582 2759 4639 circumdederunt
2789 4583 2932 4638 illum
2960 4583 3193 4638 furentes
3219 4594 3271 4638 et
3299 4586 3581 4641 saevientes
3604 4628 3619 4648 ,

2048 4686 2103 4732 et
2125 4675 2366 4748 dispersa
2398 4688 2522 4731 sunt
2549 4677 2727 4733 omnia
2756 4692 2874 4731 ossa
2902 4677 3017 4747 ejus
3040 4720 3053 4740 ,
3094 4688 3148 4733 et
3178 4679 3263 4734 hic
3296 4679 3540 4736 audimus
3567 4667 3645 4735 et.

2044 4767 2097 4820 in
2144 4767 2428 4837 Evangelio
2472 4767 2713 4838 legimus.
2768 4767 3047 4824 Videamus
3092 4785 3276 4839 quare.
3320 4770 3366 4824 Ο
3405 4770 3622 4827 Christe

2044 4860 2144 4915 Fili
2168 4860 2280 4926 Dei,
2312 4861 2358 4914 si
2390 4860 2558 4915 nolles
2578 4902 2592 4926 ,
2626 4875 2728 4914 non
2760 4861 3051 4928 patereris,
3081 4861 3301 4917 ostende
3328 4862 3481 4917 nobis
3504 4862 3620 4917 frn-

2042 4962 2184 5007 ctnm
2211 4953 2472 5023 passionis
2501 4962 2625 5007 tum.
2648 4951 2783 5005 Audi
2805 4993 2820 5018 ,
2854 4953 3052 5022 inquit,
3094 4953 3321 5010 fructum
3350 4974 3364 5010 :
3389 4970 3487 5025 ego
3509 4972 3619 5011 non

2045 5054 2213 5109 taceo,
2246 5045 2339 5099 sed
2370 5044 2511 5098 surdi
2543 5054 2662 5097 sunt
2691 5043 2952 5097 homines.
2986 5045 3139 5111 Audi,
3168 5047 3356 5117 inquit,
3384 5045 3613 5102 fructum

2041 5152 2205 5206 quare
2256 5148 2443 5205 passus
2485 5148 2601 5187 sum
2634 5135 2729 5188 ista
2758 5134 3226 5190 omnia..Narrabo
3267 5146 3447 5192 namen
3475 5148 3617 5192 tuum

2043 5226 2281 5299 fratribus
2308 5227 2447 5278 meis.
2481 5225 2763 5280 Videamus
2811 5224 2852 5279 si
2905 5227 2956 5280 in
3004 5239 3152 5297 parte
3193 5239 3374 5283 narrat
3408 5209 3614 5285 nomen

2044 5321 2136 5376 Dei
2159 5319 2406 5374 fratribus
2427 5319 2555 5373 suis.
2576 5317 2812 5372 Narrabo
2833 5335 3013 5373 nomen
3041 5330 3181 5373 tuum
3200 5322 3436 5391 fratribus
3454 5324 3579 5377 meis
3597 5339 3617 5377 :

2041 5415 2093 5467 in
2137 5412 2298 5466 medio
2336 5410 2574 5466 Ecclesia:
2598 5413 2804 5466 cantabo
2835 5423 2899 5467 te.
2932 5410 3017 5469 Fit
3057 5413 3158 5470 hoc
3189 5414 3364 5470 modo.
3399 5414 3504 5471 Sed
3534 5418 3616 5469 vi-

2042 5505 2263 5560 deamus
2290 5505 2402 5574 ipsa
2432 5502 2665 5558 Ecclesia
2695 5520 2812 5575 quae
2840 5515 2939 5561 est.
2982 5503 3111 5561 Nam
3150 5506 3283 5563 dixit
3309 5525 3322 5560 :
3357 5508 3421 5562 In
3449 5509 3616 5564 medio

2109 5725 2124 5754 ι
2161 5728 2208 5771 ιιι
2233 5728 2340 5771 Mss.
2372 5732 2453 5782 qui
2471 5729 2597 5770 ειεεο
2619 5731 2767 5770 more.
