3988 6188
312 388 408 442 177

313 503 549 559 Ecclesia:
591 508 802 560 cantabo
853 516 917 560 te.
965 505 1253 560 Ecclesium
1304 504 1610 572 videamus,
1656 516 1874 576 pr0pter

307 611 462 664 quam
498 610 687 664 passus
715 608 818 651 est.

373 687 461 739 Si.
494 682 644 756 [vers.
671 685 787 759 24.]
822 687 920 753 Qui
963 686 1142 740 timetis
1182 684 1695 750 Dominum,laudate
1721 701 1832 738 eum
1861 699 1880 738 :

309 776 625 847 ubicumque
651 779 863 831 timetur
891 777 1031 830 Deus
1057 785 1111 830 et
1139 775 1402 839 laudatur,
1432 775 1502 829 ibi
1534 783 1619 828 est
1641 774 1876 828 Ecclesia

310 868 524 922 tiliriSii.
558 867 742 921 Videte
764 910 779 934 ,
809 866 1000 922 fratres
1029 868 1163 931 mei,
1197 868 1238 921 si
1265 866 1348 920 his
1377 866 1564 920 diebus
1593 882 1684 935 per
1713 876 1877 919 totum

304 961 484 1014 orbem
510 969 768 1014 terrarum
797 961 911 1014 sine
931 975 1087 1014 causa
1111 959 1324 1024 dicitur,
1354 960 1521 1014 Amen
1545 968 1599 1012 et
1623 958 1872 1012 Alleluia.

303 1051 417 1106 Non
446 1051 517 1105 ibi
548 1051 764 1104 timetur
792 1050 1102 1105 Deus?Non
1133 1051 1204 1105 ibi
1231 1049 1472 1104 laudatur
1505 1049 1678 1103 Deus?
1701 1048 1877 1101 Exivit

308 1146 575 1209 Donatus,
606 1153 658 1199 et
683 1145 793 1199 ait:
826 1145 1050 1199 Prorsus
1085 1159 1187 1199 non
1221 1144 1453 1208 timetur,
1483 1153 1621 1197 totus
1645 1141 1874 1196 mundus

306 1236 477 1305 periit.
510 1234 638 1290 Sine
664 1250 820 1292 causa
849 1235 980 1290 dicis
1009 1255 1023 1290 :
1055 1235 1222 1290 Totus
1261 1235 1489 1288 mundus
1535 1234 1708 1304 periit.
1737 1233 1876 1302 Ergo

307 1327 514 1381 modica
547 1342 669 1396 pars
693 1330 946 1382 remansit
982 1328 1033 1380 in
1074 1328 1296 1381 Africa?
1324 1328 1460 1397 Ergo
1488 1343 1591 1381 non
1619 1327 1748 1381 dicit
1775 1327 1875 1380 ali-

303 1418 425 1486 quid
451 1418 702 1473 Christus
720 1460 735 1483 ,
782 1419 923 1474 unde
949 1419 1163 1473 obturet
1203 1419 1302 1472 ista
1333 1418 1464 1472 ora?
1490 1435 1594 1472 non
1627 1418 1756 1474 dicit
1781 1419 1880 1474 ali-

303 1509 448 1578 quid,
470 1509 611 1564 unde
627 1509 859 1575 eradicet
879 1510 1085 1579 linguas
1111 1511 1206 1564 ista
1227 1511 1550 1565 dicentium?
1574 1511 1878 1578 Videamus,

303 1614 370 1653 ne
400 1597 540 1654 forte
581 1599 935 1655 inveniamus.
968 1600 1157 1655 Adhuc
1200 1601 1352 1655 nobis
1379 1600 1592 1664 dicitur,
1625 1600 1690 1655 In
1719 1601 1883 1656 medio

304 1689 549 1746 Ecclesia:
575 1709 594 1746 :
619 1691 687 1747 de
714 1693 947 1748 Ecclesia
975 1702 1152 1747 nostra
1183 1693 1342 1750 dicit..
1360 1693 1458 1758 Qui
1488 1694 1668 1748 timetis
1689 1693 1873 1748 Domi-

305 1799 446 1846 num,
476 1782 681 1836 laudate
700 1783 1130 1838 eum:vidcamus
1157 1784 1200 1838 si
1235 1784 1306 1837 illi
1338 1784 1553 1838 laudant
1579 1784 1880 1854 Dominum,

303 1884 354 1928 et
381 1873 740 1943 intelligamus
764 1874 810 1928 si
835 1873 903 1928 de
934 1874 1065 1944 ipsis
1091 1873 1240 1940 dicit,
1267 1883 1322 1929 et
1343 1874 1389 1928 si
1421 1877 1471 1928 in
1499 1874 1674 1929 medio
1694 1874 1882 1930 Eccle-

305 1965 393 2017 sia!
425 1965 661 2032 ipsorum
710 1964 972 2019 laudatur.
1009 1965 1288 2032 Quomodo
1323 1966 1540 2021 laudant
1574 1967 1879 2035 Christum,

305 2057 388 2124 qui
419 2055 602 2110 dicunt
633 2073 646 2110 :
676 2055 909 2109 Perdidit
940 2064 1108 2110 totum
1152 2057 1335 2112 orbem
1385 2067 1666 2124 terrarum,
1693 2059 1880 2113 diabo-

309 2148 387 2200 lus
419 2147 491 2200 illi
529 2139 692 2200 totum
739 2147 974 2211 abstulit,
997 2157 1053 2201 et
1079 2148 1128 2200 in
1159 2156 1306 2217 parte
1329 2147 1441 2217 ipse
1466 2149 1755 2202 remansit?
1777 2147 1881 2203 Sed

307 2237 474 2291 adhuc
504 2238 774 2291 videamus
794 2279 808 2301 ,
850 2237 1085 2307 apertius
1114 2238 1287 2304 dicat,
1319 2239 1558 2307 apertius
1588 2240 1834 2307 loquatur
1860 2257 1875 2293 :

310 2345 408 2383 non
455 2330 527 2384 sit
573 2328 714 2399 quod
760 2329 1132 2398 interpretari,
1173 2346 1278 2383 non
1319 2330 1387 2383 sit
1416 2331 1554 2400 quod
1600 2331 1878 2400 suspicari.

312 2418 606 2472 Universum
635 2435 799 2473 semen
823 2419 1003 2485 Jacob,
1022 2420 1343 2487 magniﬁcate
1367 2436 1500 2472 eum.
1529 2420 1688 2474 Forte
1707 2421 1881 2476 adhuc

307 2509 486 2563 dicunt
511 2526 527 2562 :
553 2507 661 2564 Nos
694 2524 878 2564 sumus
903 2524 1084 2564 semen
1110 2508 1293 2563 lacob.
1325 2509 1380 2586 Si
1409 2510 1514 2564 sint
1543 2512 1676 2580 ipsi,
1703 2511 1880 2566 vidca-

309 2617 439 2655 nius.

373 2694 459 2750 25.
488 2693 650 2767 [vers.
677 2693 746 2750 25
791 2693 810 2768 ]
843 2694 1037 2748 Timent
1059 2712 1172 2749 eum
1196 2712 1340 2750 omne
1365 2713 1530 2750 semen
1563 2695 1741 2749 Israel.
1769 2695 1880 2749 Ad-

308 2783 404 2839 huc
442 2785 654 2849 dicant,
695 2777 800 2840 Nos
841 2800 1024 2839 sumus
1050 2801 1232 2840 semen
1259 2786 1452 2850 lsrael;
1489 2789 1877 2853 permittamus,

305 2873 494 2928 dicant.
524 2875 775 2941 Quoniam
796 2892 894 2928 non
919 2876 1100 2944 sprevit
1121 2892 1272 2944 neque
1292 2875 1514 2944 despexit
1539 2893 1730 2945 precem
1754 2894 1880 2946 pau-

307 2984 472 3033 perum
495 2984 514 3020 :
537 2983 758 3036 quorum
783 2982 1072 3036 pauperum
1090 2966 1112 3020 ?
1133 2966 1247 3020 Non
1264 2966 1330 3020 dc
1351 2983 1408 3020 se
1429 2968 1875 3034 pl'tl‘Slllllellllllm.

307 3057 584 3114 Videamus
614 3060 658 3112 si
692 3074 952 3127 pauperes
977 3068 1136 3119 suut,
1176 3060 1264 3128 qui
1295 3058 1478 3112 dicunt
1506 3077 1517 3111 :
1551 3058 1658 3112 Nos
1695 3074 1879 3114 sumus

301 3151 440 3218 justi.
471 3149 717 3204 Christus
743 3151 976 3214 clamat,
1025 3149 1193 3220 Longe
1218 3167 1250 3202 a
1285 3152 1448 3203 salute
1480 3168 1588 3203 mea
1617 3150 1761 3204 verba
1791 3151 1879 3205 de-

301 3245 528 3296 lictorum
551 3253 793 3295 meorum.
819 3241 925 3296 Sed
953 3241 1123 3295 adhuc
1149 3242 1327 3296 dicant
1352 3243 1492 3312 quod
1521 3243 1722 3298 volunt.
1761 3242 1870 3297 Ne-

298 3352 390 3404 que
426 3335 601 3388 avertit
649 3335 830 3404 faciem
867 3350 1012 3387 suout
1042 3350 1073 3386 a
1103 3351 1208 3397 me,
1255 3343 1301 3388 et
1345 3351 1459 3386 cum
1497 3335 1764 3388 clmnarem
1809 3336 1876 3387 ad

298 3441 428 3490 eum,
452 3425 705 3480 exaudivit
735 3442 832 3479 me.
859 3425 1052 3492 thuid
1083 3427 1382 3480 exaudivit?
1417 3426 1490 3485 ad.
1521 3442 1677 3496 quam
1728 3429 1876 3481 rem?

361 3519 454 3573 26.
491 3517 659 3591 [υενε.
684 3518 774 3573 26.
794 3517 815 3591 ’1
842 3518 992 3588 Apud
1021 3527 1066 3572 te
1091 3527 1163 3572 est
1201 3520 1312 3573 laus
1343 3537 1450 3573 mea
1481 3535 1500 3573 :
1524 3519 1660 3587 apud
1709 3520 1872 3574 Deum

298 3611 469 3679 posuit
499 3611 707 3664 laudem
736 3625 886 3665 suam
909 3626 925 3676 ;
947 3609 1127 3664 docuit
1155 3625 1259 3664 non
1285 3611 1531 3680 prmsumi
1555 3611 1603 3666 iii
1633 3611 1868 3665 homine.

296 3703 482 3757 Adhuc
526 3702 706 3758 dicant
751 3702 892 3773 quod
937 3702 1142 3756 volunt.
1183 3701 1298 3757 Jaui
1343 3703 1554 3773 quidem
1598 3713 1874 3774 C(I‘pel'llllt

267 3794 398 3857 _uri.
429 3795 592 3863 coepit
619 3795 977 3864 propinquare
1007 3795 1174 3864 ignis;
1202 3811 1303 3847 non
1333 3805 1415 3849 est
1441 3795 1530 3864 qui
1559 3810 1616 3849 se
1639 3795 1864 3850 abscon-

293 3886 437 3940 data
465 3887 644 3941 calore
671 3887 784 3955 ejus
808 3885 828 3958 (
851 3885 992 3940 Psal.
1024 3902 1175 3949 xvni,
1204 3887 1235 3939 7
1258 3888 1297 3955 ).
1328 3886 1432 3940 Sed
1459 3885 1630 3940 adhuc
1656 3887 1869 3953 dicant,

295 3977 362 4030 Et
387 3991 485 4031 nos
509 3975 648 4046 apud
679 3977 828 4030 illum
856 3975 1064 4031 laudem
1091 3985 1324 4030 nostrain
1358 3976 1630 4045 posuimus
1653 4017 1668 4040 ,
1696 3986 1750 4030 et
1775 3991 1873 4031 nos

294 4069 348 4123 in
374 4069 528 4125 nobis
559 4084 664 4123 non
691 4068 1095 4138 praesumimus;
1124 4067 1304 4122 dicant
1329 4067 1521 4121 adhuc.
1553 4065 1618 4120 In
1644 4065 1874 4121 Ecclesia

290 4177 477 4231 magna
501 4162 776 4229 conﬁtebor
812 4159 937 4214 tibi:
960 4159 1069 4229 jam
1099 4156 1183 4212 hic
1211 4167 1336 4229 puto
1356 4199 1369 4223 ,
1397 4161 1518 4228 quia
1543 4159 1705 4226 coepit
1724 4159 1873 4213 'inte-

289 4252 435 4306 riora
458 4260 692 4321 tangere.
715 4250 951 4305 Ecclesia
974 4265 1161 4319 magna
1187 4249 1308 4320 quid
1335 4255 1437 4311 e:t,
1461 4249 1687 4304 fratres?
1708 4248 1842 4304 Num
1857 4280 1872 4288 -

288 4343 420 4414 quid
447 4344 628 4414 exigua
656 4357 779 4412 pars
809 4341 954 4396 orbis
981 4350 1236 4396 terrarum
1265 4339 1498 4394 Ecclesia
1529 4354 1715 4408 magna
1744 4349 1824 4394 est
1851 4339 1876 4393 ἲ

289 4437 527 4494 Ecclesia
552 4450 738 4505 magna
759 4445 899 4489 totus
922 4434 1065 4489 orbis
1079 4442 1178 4488 est.
1206 4432 1358 4486 Modo
1383 4432 1428 4485 si
1447 4433 1563 4500 quis
1590 4432 1876 4486 velitChri-

283 4539 372 4582 sto
403 4525 922 4581 contradicerezDic'
941 4524 1113 4588 nobis,
1135 4532 1186 4576 tu
1203 4521 1402 4585 dixisti,
1425 4521 1488 4574 In
1517 4521 1744 4576 Ecclesia
1768 4539 1875 4574 ma-

284 4637 385 4687 gna
415 4619 688 4688 conﬁtebor
715 4616 842 4670 tibi:
861 4629 982 4687 qua:
1008 4598 1241 4669 Ecclesia
1270 4614 1492 4684 magna?
1530 4613 1609 4667 Ad
1652 4613 1872 4668 frustum

282 4711 486 4765 Africa:
508 4707 808 4764 remansisti
829 4708 869 4774 ⁸,
896 4716 1060 4760 totum
1081 4705 1333 4760 mundum
1364 4705 1662 4774 perdidisti:
1681 4705 1872 4761 ell‘iidi-

281 4803 346 4856 sti
381 4803 698 4872 sanguinem
737 4814 833 4870 pro
860 4808 992 4864 toto,
1015 4798 1108 4854 sed
1148 4798 1444 4852 iuvasorem
1462 4810 1651 4866 passus
1671 4811 1746 4849 es.
1773 4796 1882 4850 Ista.

281 4910 386 4949 nos
416 4895 651 4948 diximus
695 4893 920 4947 Domino
969 4901 1217 4961 tanquam
1261 4898 1599 4959 quaerentes,
1643 4889 1870 4941 scientes

281 4997 468 5040 tamen
500 4985 624 5054 quid
655 4983 866 5038 dicturi.
899 4982 1286 5047 Ponamiisnos
1313 4979 1517 5034 nescire
1543 4978 1668 5047 quid
1689 4978 1865 5032 dicat:

278 5091 470 5129 nonne
499 5074 655 5128 nobis
681 5071 1014 5142 respondet?
1043 5071 1314 5137 Quiescite
1338 5111 1353 5135 ,
1383 5069 1555 5122 adhuc
1583 5068 1705 5123 dico
1731 5069 1871 5124 unde

281 5180 455 5221 nemo
475 5165 702 5221 dubitet.
734 5164 1118 5234 Exspectemus
1162 5177 1289 5232 ergo
1332 5161 1458 5231 quid
1503 5161 1741 5215 dicturus
1766 5171 1868 5216 est.

275 5258 402 5311 Jain
434 5271 532 5326 ego
556 5255 802 5310 volebam
837 5254 1180 5323 pronuntiare
1201 5295 1216 5317 ,
1246 5261 1300 5308 et
1327 5268 1431 5306 non
1461 5251 1739 5307 admittere
1769 5251 1868 5306 ho-

277 5350 466 5404 mines
493 5348 634 5402 aliud
657 5346 854 5417 aliquid
882 5345 1241 5414 interpretari,
1271 5360 1390 5398 cum
1417 5344 1557 5398 dicat
1582 5344 1825 5398 Christus
1851 5361 1864 5397 :

275 5438 343 5493 In
370 5437 606 5494 Ecclesia
627 5453 831 5508 magna.
860 5437 925 5491 Et
951 5446 1004 5490 tu
1033 5434 1165 5490 dicis
1190 5435 1311 5505 quia
1354 5435 1404 5488 in
1433 5445 1670 5489 extrema
1719 5445 1868 5503 parte

275 5531 565 5586 remansit.
599 5529 667 5584 Et
691 5528 864 5583 adhuc
891 5526 1089 5580 audent
1114 5525 1314 5583 dicere.
1339 5524 1404 5578 Et
1429 5532 1608 5578 nostra
1631 5523 1864 5578 Ecclesia

276 5635 479 5691 magna
502 5627 604 5685 cst,
629 5616 754 5688 quid
793 5616 882 5671 tibi
910 5615 1117 5669 videtur
1166 5614 1322 5684 Bagai
1373 5622 1427 5668 et
1451 5612 1790 5683 Tamugade?
1811 5613 1865 5668 Si

343 5774 361 5806 ι
387 5773 523 5830 ωδ..
547 5774 615 5821 Λα
639 5773 827 5832 partem
850 5767 1022 5829 Ali-ica:
1038 5764 1338 5832 remansisse.
1356 5771 1430 5832 est
1448 5762 1653 5832 Ecclesia
1675 5778 1862 5832 ma3na.

275 5843 435 5887 totum
446 5828 698 5894 annulum,
727 5840 820 5882 etc.
848 5828 1017 5880 Lecuni
1041 5828 1098 5878 ad
1122 5835 1224 5878 Mss.
1251 5830 1599 5888 castigavimus.

1383 387 1776 444 ENARRATIO
1817 389 1878 442 1N
1907 388 2226 478 PSAlAiUM
2267 392 2406 446 ΧΧΙ.

3427 410 3537 466 178

1991 521 2094 559 non
2125 504 2254 561 dicit
2280 509 2515 578 aliquid‘
2551 513 2688 567 unde
2731 514 3094 572 obmutescunt
3121 559 3136 585 ,
3164 517 3336 579 adhuc
3377 525 3552 584 dicant

1985 595 2105 663 quia
2136 611 2320 666 magna
2349 610 2430 652 est
2456 600 2690 655 Ecclesia
2720 605 2831 659 sola
2858 605 3124 663 Numidia.

2054 685 2143 740 9.7.
2179 685 2326 759 [vers.
2351 691 2439 755 ‘27,
2462 690 2576 764 ‘28.]
2602 691 2886 751 Videamus
2904 739 2918 763 ,
2949 700 3224 756 audiamus
3252 711 3422 761 adhuc
3446 709 3543 764 Do-

1985 777 2187 832 minum
2212 797 2225 832 :
2265 779 2388 834 Vota
2417 799 2524 836 mea
2547 785 2753 838 reddam
2781 804 2951 842 coram
2972 791 3252 847 timentibus
3272 811 3402 849 eum.
3422 799 3550 863 Quae

1988 876 2112 921 sunt
2136 879 2256 922 vota
2286 872 2416 925 sua?
2445 871 2771 929 Sacrificium
2816 879 2954 946 quod
3001 881 3191 936 obtulit
3223 883 3348 938 Deo.
3376 885 3554 942 Nostis

1984 957 2138 1026 quale
2163 960 2524 1017 sacrificium?
2559 963 2762 1020 Norunt
2793 966 2977 1022 fideles
3006 980 3123 1024 vota
3171 985 3289 1042 qua:
3327 976 3556 1032 reddidit

1985 1061 2164 1103 coram
2197 1051 2502 1107 timentibus
2529 1069 2649 1109 eum
2677 1072 2689 1108 :
2720 1071 2841 1110 nam
2876 1060 3134 1130 sequitur,
3163 1062 3328 1117 Edent
3357 1083 3549 1134 paupe-

1985 1155 2082 1204 res,
2107 1149 2154 1194 et
2192 1144 2570 1198 saturabuntur.
2601 1146 2744 1202 Beati
2773 1165 3061 1219 pauperes,
3089 1154 3206 1222 quia
3249 1155 3368 1210 ideo
3396 1159 3558 1214 edunt

1984 1239 2044 1284 ut
2071 1241 2377 1288 saturentur
2403 1254 2417 1290 :
2450 1237 2614 1292 edunt
2642 1239 2783 1294 enim
2827 1256 3120 1312 pauperes;
3148 1247 3235 1315 qui
3271 1258 3447 1303 autem
3477 1252 3562 1304 dsi-

1985 1322 2118 1376 vites
2149 1333 2306 1390 sunt,
2340 1342 2446 1381 non
2489 1328 2767 1398 satiantur,
2795 1332 2913 1400 quia
2943 1349 3046 1388 non
3099 1339 3356 1392 esuriunt.
3389 1339 3556 1395 Coin-

1989 1411 2148 1464 edent
2178 1428 2432 1484 pauperes
2457 1433 2469 1469 :
2499 1417 2623 1473 inde
2665 1430 2781 1474 erat
2805 1422 3034 1490 piscator
3060 1425 3145 1480 ille
3183 1426 3390 1494 Petrus,
3421 1430 3539 1486 inde

1986 1511 2100 1555 erat
2128 1503 2261 1557 alius
2288 1505 2517 1574 piscator
2545 1508 2777 1566 Joannes
2803 1525 2855 1566 et
2889 1513 3116 1569 Jacobus
3159 1516 3323 1572 frater
3353 1521 3514 1590 ipsius
3537 1562 3550 1584 ,

1986 1590 2108 1646 inde
2132 1603 2245 1646 erat
2273 1595 2433 1651 etiam
2475 1598 2789 1667 publicanus
2815 1603 3114 1660 Matthaeus.
3140 1608 3215 1663 De
3243 1613 3558 1680 pauperibus

1987 1680 2083 1749 ipsi
2106 1692 2276 1750 erant,
2302 1688 2388 1754 qui
2416 1688 2762 1744 comederunt
2781 1702 2833 1746 et
2856 1696 3077 1749 saturati
3102 1707 3245 1764 sunt,
3273 1700 3390 1754 talia
3419 1704 3558 1771 passi

1984 1772 2156 1840 qualia
2188 1775 2656 1833 mandueaverunt.
2680 1780 2897 1836 Ccenam
2937 1798 3087 1838 suam
3135 1786 3310 1854 dedit,
3354 1792 3558 1859 passio-

1985 1877 2105 1917 nem
2135 1881 2282 1920 suam
2313 1867 2458 1923 dedit
2486 1887 2499 1923 :
2532 1871 2618 1926 ille
2647 1881 2930 1939 saturatur,
2959 1877 3321 1945 quiimitatur.
3355 1881 3544 1937 linitati

1984 1963 2107 2008 sunt
2153 1971 2451 2026 pauperes:
2483 1960 2581 2030 ipsi
2624 1963 2764 2017 enim
2807 1965 2885 2018 sic
2924 1967 3063 2035 passi
3094 1977 3250 2032 sunt,
3281 1982 3331 2024 iii
3360 1971 3556 2027 Christi

1985 2044 2199 2112 vestigia
2229 2059 2596 2117 sequerentur.
2634 2051 2796 2106 Edent
2822 2070 3089 2124 pauperes.
3113 2056 3215 2112 Sed
3243 2071 3404 2130 quare
3428 2077 3555 2130 pau-

1986 2137 2177 2204 peres?
2199 2137 2262 2190 Et
2290 2140 2571 2195 laudabunt
2602 2141 2872 2198 Dominum
2909 2147 2995 2216 qui
3019 2149 3274 2218 requirunt
3305 2167 3437 2205 eum.
3469 2154 3554 2206 Di-

1986 2229 2118 2283 vites
2146 2243 2202 2284 se
2231 2231 2480 2296 laudant,
2511 2249 2774 2304 pauperes
2803 2237 3078 2292 Dominum
3119 2240 3351 2295 laudant.
3383 2243 3558 2310 Quaie

1983 2329 2106 2374 sunt
2134 2323 2437 2391 pauperes?
2460 2323 2594 2391 Quia
2626 2326 2902 2380 Dominum
2932 2329 3167 2397 laudant,
3195 2340 3249 2386 et
3276 2332 3557 2388 Domiuiuu

1983 2421 2245 2480 quaerunt.
2269 2413 2526 2470 Dominus
2547 2427 2628 2471 est
2658 2417 2857 2472 divitim
2886 2435 3212 2490 pauperum:
3237 2423 3356 2479 ideo
3387 2426 3557 2482 inanis

1983 2502 2297 2572 estdomus,
2322 2514 2378 2560 ut
2399 2521 2492 2561 cor
2518 2509 2730 2577 plenum
2755 2509 2951 2566 divitiis
2971 2513 3060 2566 sit.
3092 2513 3288 2568 Divites
3315 2531 3552 2583 QUlBralll

1983 2593 2122 2648 unde
2166 2610 2343 2650 arcam
2375 2597 2664 2667 impleant,
2707 2613 2970 2669 pauperes
2999 2613 3241 2670 quierunt
3284 2605 3422 2660 unde
3464 2623 3556 2662 cor

1982 2684 2238 2753 impleant
2263 2707 2275 2742 :
2301 2696 2355 2741 et
2381 2702 2500 2743 cum
2533 2689 2890 2758 impleverim,
2915 2692 3132 2747 laudant
3162 2693 3440 2749 Dominum
3465 2700 3553 2766 qui

1982 2777 2263 2846 requirunt
2291 2794 2435 2834 eum.
2470 2782 2532 2834 Et
2557 2782 2755 2850 videte,
2787 2783 2998 2851 fratres,
3031 2786 3121 2855 qui
3150 2802 3273 2841 vere
3299 2801 3556 2858 pauperes

1981 2878 2123 2933 sunt,
2152 2869 2302 2939 cujus
2329 2871 2407 2924 rei
2437 2871 2624 2926 divites
2653 2873 2758 2928 sint
2789 2893 2802 2929 :
2829 2875 2951 2944 quia
2980 2889 3085 2929 non
3117 2877 3168 2930 in
3197 2893 3339 2942 arca,
3372 2893 3476 2932 non
3501 2880 3554 2932 iii

1982 2958 2193 3028 horreo,
2219 2976 2322 3016 non
2353 2963 2404 3016 in
2431 2964 2709 3034 apotheca,
2738 2965 2911 3022 Vivent
2935 2968 3088 3023 corda
3108 2985 3281 3024 eorum
3308 2971 3359 3025 in
3388 2985 3542 3026 siccu-

1980 3049 2086 3103 lum
2115 3053 2304 3106 swculi.

2046 3141 2134 3195 28.
2167 3141 2308 3212 Ergo
2352 3144 2627 3199 attendite.
2693 3147 2887 3202 Passus
2929 3159 3010 3204 est
3051 3151 3330 3217 Dominus;
3379 3153 3555 3208 omnia

1977 3245 2095 3301 qua:
2133 3233 2355 3288 audistis
2400 3251 2586 3304 passus
2629 3245 2712 3291 est
2755 3237 3029 3294 Dominus.
3061 3243 3358 3309 Quierinius
3393 3259 3554 3313 quare

1978 3339 2163 3394 passus
2188 3335 2301 3391 est,
2348 3335 2405 3382 et
2447 3329 2608 3398 coepit
2647 3344 2906 3386 narrare:
2943 3331 3178 3387 Narrabo
3206 3351 3384 3388 nomen
3415 3348 3554 3388 tuum

1977 3416 2218 3486 fratribus
2238 3418 2378 3482 meis,
2402 3419 2454 3472 in
2480 3421 2643 3474 medio
2669 3420 2906 3476 Ecclesia?
2924 3424 3136 3478 cantabo
3165 3436 3230 3479 te.
3256 3425 3361 3480 Sed
3382 3425 3554 3480 adhuc

1976 3507 2191 3568 dicunt.
2227 3509 2330 3564 Ista
2373 3520 2453 3564 est
2501 3512 2758 3566 Ecclesia.
2805 3511 2998 3567 Timeat
3041 3531 3155 3568 eum
3202 3531 3346 3569 omne
3387 3533 3553 3570 semen

1974 3596 2160 3674 Israel.
2186 3598 2396 3666 Dicunt,
2429 3589 2534 3656 Nos
2554 3615 2738 3656 sumus
2763 3618 2946 3658 semen
2973 3603 3152 3658 Israel.
3177 3604 3427 3670 Quoniam
3455 3622 3552 3677 non

1975 3691 2357 3758 spi°evit,neque
2398 3689 2625 3760 despexit
2667 3709 2860 3761 precem
2910 3696 3162 3762 pauperis.
3225 3694 3410 3748 Adhuc
3457 3696 3541 3748 di-

1975 3787 2118 3842 cunt,
2159 3776 2266 3832 Nos
2305 3793 2508 3833 sumus.
2539 3778 2716 3850 Neque
2753 3783 2932 3834 avertit
2963 3783 3143 3852 {aciem
3183 3800 3329 3835 suam
3370 3801 3400 3835 η
3432 3801 3547 3838 me:

1975 3867 2089 3937 ipse
2112 3865 2351 3923 Christus
2380 3869 2636 3925 Dominus
2677 3887 2706 3924 a
2747 3887 2826 3936 se,
2856 3872 2906 3926 id
2939 3881 3019 3926 est
3057 3873 3125 3927 ab
3152 3873 3387 3927 Ecclesia
3429 3890 3544 3938 sua,

1974 3973 2091 4027 quae
2118 3965 2203 4012 est
2229 3973 2421 4028 corpus
2465 3960 2649 4028 ipsius.
2696 3961 2848 4031 Apud
2888 3972 2933 4016 te
2973 3962 3084 4016 laus
3111 3979 3236 4016 mea.
3271 3963 3376 4016 Vos
3402 3963 3544 4034 ipsos

1974 4047 2135 4101 vultis
2164 4047 2399 4104 laudare.
2423 4048 2528 4105 Sed
2559 4051 2900 4120 respondent,
2929 4053 3153 4107 Prorsus
3173 4063 3226 4109 et
3256 4069 3351 4107 nos
3373 4053 3544 4123 ipsum

1977 4136 2269 4193 laudamus.
2309 4137 2435 4192 Vota
2463 4157 2574 4193 mea
2604 4139 2817 4195 Domino
2844 4142 3050 4196 reddam
3074 4159 3243 4195 coram
3270 4143 3550 4197 timentibus

1975 4247 2108 4285 eum.
2139 4230 2465 4287 Sacriﬁcium
2502 4233 2645 4306 pacis
2664 4274 2678 4298 ,
2709 4234 3021 4290 saerilicium
3052 4235 3321 4300 charitat'is
3342 4278 3355 4300 ,
3384 4237 3548 4290 sacri-

1977 4321 2152 4376 ficium
2196 4323 2438 4392 corporis
2487 4324 2568 4380 Siti
2619 4334 2816 4380 norunt
2861 4325 3087 4383 ﬁdeles:
3119 4327 3374 4398 disputari
3429 4327 3549 4381 inde

1977 4414 2135 4469 modo
2161 4429 2265 4469 non
2298 4425 2487 4484 potest.
2527 4416 2652 4471 Vota
2677 4434 2786 4471 mea
2812 4419 3020 4474 reddam
3047 4436 3218 4473 coram
3260 4419 3542 4473 timentibus

1976 4525 2106 4561 eum.
2141 4508 2311 4563 Edunt
2337 4511 2631 4578 publicani,
2663 4512 2821 4566 edant
2847 4513 3167 4581 piscatores,
3201 4512 3545 4579 manducent,

1979 4601 2246 4655 imitentur
2274 4601 2554 4657 Dominum
2577 4645 2590 4668 ,
2629 4604 2922 4673 patiantur,
2953 4612 3280 4658 saturentur.
3307 4603 3540 4658 Mortuus

1975 4703 2056 4746 est
2085 4693 2196 4761 ipse
2226 4693 2499 4761 Dominus,
2527 4694 2824 4748 moriuntur
2846 4703 2901 4747 et
2933 4709 3190 4763 pauperes
3215 4711 3228 4746 :
3260 4695 3470 4749 additur
3496 4706 3547 4752 et

1976 4800 2120 4838 mors
2155 4785 2531 4856 discipulorum
2576 4786 2732 4842 morti
2783 4785 3038 4856 magistri.
3075 4786 3289 4852 Quare?
3315 4787 3388 4841 Da
3419 4787 3546 4842 mihi

1975 4876 2220 4932 fructum.
2244 4878 2796 4944 (.‘ommemorabuntur,
2827 4886 2874 4930 et
2911 4887 3253 4932 convertentur
3275 4878 3344 4932 ad
3372 4878 3544 4932 Domi-

1973 4986 2092 5021 num
2118 4968 2334 5022 universi
2358 4969 2482 5035 ﬁnes
2508 4978 2672 5021 terrai.
2705 4967 2796 5020 Eia
2827 4966 3016 5022 fratres
3035 5009 3049 5032 ,
3089 4968 3211 5037 quid
3252 4968 3488 5039 qua-ritis
3518 4984 3548 5022 a

1973 5058 2125 5113 nobis
2145 5059 2268 5128 quid
2291 5057 2707 5127 respondeamus
2726 5057 2859 5126 parti
2881 5058 3104 5112 Donati?
3127 5061 3264 5115 Ecce
3284 5059 3544 5123 Psalmus,

1973 5162 2025 5203 et
2041 5151 2124 5205 hic
2143 5151 2330 5220 legitur
2347 5149 2524 5231 hodie,
2539 5159 2594 5204 et
2609 5150 2676 5204 ibi
2693 5150 2885 5222 legitur
2897 5151 3073 5208 hodie.
3087 5151 3388 5207 Scribamus
3401 5151 3548 5206 illum

1972 5246 2024 5299 in
2043 5244 2301 5299 frontibus
2319 5243 2533 5308 nostris,
2552 5257 2672 5298 eum
2696 5244 2789 5298 illo
2810 5243 3174 5314 procedamus,
3196 5259 3299 5298 non
3316 5243 3550 5314 quiescat

1973 5335 2144 5405 lingua
2165 5343 2366 5400 nostra,
2386 5333 2483 5389 ista
2505 5333 2671 5389 dicat:
2691 5335 2826 5390 Ecce
2847 5335 3090 5390 Christus
3110 5349 3297 5404 passus
3311 5344 3548 5399 est,ecce

1954 5426 2234 5480 mercator
2263 5424 2494 5479 ostendit
2521 5424 2818 5481 mercedem
2839 5466 2854 5493 ,
2883 5440 3008 5482 ecce
3033 5426 3259 5496 pretium
3285 5423 3422 5494 quod
3451 5423 3544 5477 de-

2035 5583 2050 5612 ¹
2077 5587 2172 5642 Er.,
2195 5577 2318 5640 Quid
2357 5579 2442 5642 tibi
2481 5578 2709 5631 videtur?
2735 5579 2845 5642 jam
2867 5579 3009 5632 etiam
3032 5580 3195 5630 audio.
3220 5579 3269 5629 si
3290 5590 3381 5642 non
3418 5574 3540 5626 dici-

1971 5647 2065 5700 tur,
2081 5641 2174 5692 etc.
2200 5651 2327 5705 I.ov.,
2344 5641 2464 5705 Quid
2485 5642 2569 5693 tibi
2593 5641 2778 5705 ridetur
2790 5649 2836 5691 et
2857 5643 3099 5705 aagiiiccet
3122 5641 3423 5705 ramugadaz.
3437 5644 3546 5688 uss.

1970 5699 2106 5767 vero,
2128 5704 2246 5764 quid
2272 5699 2366 5754 tibi
2379 5704 2562 5767 ridetur
2586 5703 2731 5767 ungui
2751 5711 2797 5754 et
2822 5699 3132 5767 Tanitigadco.
3152 5699 3292 5767 forte
3316 5699 3445 5767 leg.,_
3459 5709 3545 5749 uu-

1970 5764 2050 5826 gai
2072 5763 2115 5814 et
2145 5763 2428 5827 Tarnuqade,
2450 5766 2547 5822 vel,
2573 5763 2888 5826 7'Iiiiniugride.
2918 5763 3022 5814 Haec
3050 5765 3271 5812 nimirum
3306 5763 3544 5826 praecipua

1971 5835 2164 5876 inerunt
2188 5829 2358 5891 Oppida
2383 5841 2409 5877 a
2433 5827 2684 5877 Donatistis
2702 5837 2941 5890 occuiata.
