3988 6188
392 409 493 464 1⁵19
575 420 581 425 ’

386 523 494 589 dit,
526 522 740 592 sanguis
763 520 875 590 ejus
905 518 1049 573 fusus
1078 526 1179 573 cst.
1214 516 1269 571 ln
1297 532 1453 570 sacco
1481 514 1682 592 ferebat
1723 518 1947 582 pretium

388 624 622 666 nostrum
650 630 661 664 :
692 625 970 681 percussus
995 619 1077 664 est
1106 609 1284 662 lancea
1305 650 1320 673 ,
1350 588 1496 660 fusus
1524 615 1607 659 est
1643 619 1828 659 saccus
1852 646 1865 666 ,
1899 615 1953 657 et

385 705 609 759 inanavit
639 703 862 774 pretium
894 702 1038 757 orbis
1083 711 1363 756 terrarum.
1386 698 1523 765 Quid
1553 697 1681 752 mihi
1715 696 1848 752 dicis
1868 739 1883 761 ,
1918 711 1951 749 ο

384 796 666 849 luerezice?
686 793 797 847 Non
819 803 899 847 est
919 794 1142 862 pretium
1165 791 1309 845 orbis
1330 788 1624 844 terrarum?
1644 789 1817 843 Africa
1837 788 1948 842 Sola

381 886 652 952 mlempta
678 884 793 938 est?
823 883 933 937 Non
963 882 1127 936 audes
1151 881 1328 936 dicere
1351 897 1365 932 :
1389 879 1553 934 Totus
1578 878 1725 932 orbis
1744 877 1953 932 redem-

384 984 502 1042 ptus
526 982 628 1037 est,
655 973 746 1028 sed
777 972 946 1041 periit.
973 972 1138 1037 Quem
1163 971 1458 1025 invasorem
1486 983 1670 1038 passus
1688 978 1770 1023 est
1795 967 1951 1022 Chri-

379 1074 513 1128 stus,
544 1075 597 1117 ut
630 1064 875 1133 perderet
900 1080 1009 1117 rem
1037 1061 1229 1116 suam?
1257 1062 1390 1115 Ecce
1413 1059 1948 1123 commemorabuntur,

382 1152 425 1209 it
447 1165 791 1208 convertentur
815 1155 881 1227 ad
907 1154 1173 1206 Dominum
1195 1152 1409 1205 universi
1429 1152 1553 1219 ﬁnes
1576 1160 1737 1204 terrae.
1766 1148 1950 1202 Adhuc

382 1246 536 1299 satict
565 1257 648 1310 ιε,
680 1256 731 1300 ει
760 1246 917 1299 dicat.
949 1245 1004 1300 Si
1038 1238 1237 1299 diceret
1266 1245 1397 1298 lines
1435 1252 1625 1308 terrm,
1655 1251 1709 1295 et
1736 1255 1838 1294 n0u
1868 1240 1951 1293 di-

380 1346 529 1391 ceret
559 1336 773 1388 universi
797 1336 923 1403 lines
953 1344 1131 1396 (errat;
1153 1333 1330 1388 dicere
1362 1331 1663 1395 habebant,
1697 1330 1832 1385 Ecce
1862 1330 1951 1381 ha-

384 1426 572 1481 bcmus
597 1425 729 1480 ﬁnes
758 1436 913 1480 teme.
947 1425 998 1479 in
1029 1425 1355 1479 Mauritania.
1384 1422 1615 1479 Universi
1643 1423 1769 1492 ﬁnes
1809 1433 1954 1475 terra:

383 1516 514 1570 dixit
541 1534 555 1570 :
582 1531 614 1571 ο
645 1516 893 1570 luercticc
915 1557 928 1581 ,
960 1515 1174 1569 universi
1199 1514 1363 1578 dixit;
1389 1529 1488 1585 qua
1514 1514 1753 1567 exiturus
1777 1527 1867 1570 cs.
1897 1520 1953 1564 ut

382 1608 580 1661 evadas
600 1606 985 1677 quaestionem?
1008 1604 1123 1661 Non
1151 1604 1315 1660 habes
1335 1620 1436 1675 qua
1461 1617 1642 1666 exeas,
1668 1602 1760 1657 sed
1789 1601 1951 1655 habes

385 1717 491 1770 quo
521 1697 705 1755 intres.

453 1792 543 1848 29.
579 1776 744 1866 [versi
777 1791 905 1865 9.9.]
931 1793 1076 1861 Rogo
1101 1806 1194 1844 vos
1213 1785 1241 1857 ,K
1260 1795 1380 1845 uolo
1409 1788 1531 1843 inde
1554 1786 1822 1857 disputare
1838 1827 1853 1847 ,
1888 1799 1953 1838 ne

385 1884 615 1949 dicatur,
660 1883 782 1953 quia
828 1897 1006 1937 sermo
1051 1896 1199 1935 meus
1245 1879 1441 1950 aliquid
1484 1877 1659 1932 valet:
1687 1877 1951 1931 Psalmum

383 1973 638 2027 attendite
655 2014 671 2039 ,
699 1973 962 2028 Psalmum
989 1972 1164 2042 legite.
1191 1971 1332 2025 Ecce
1357 1968 1598 2025 Christus
1624 1982 1809 2037 passus
1837 1977 1915 2020 est
1937 2004 1952 2029 ,

385 2060 599 2134 sanguis
623 2062 739 2134 ejus
769 2062 914 2118 fusus
942 2073 1060 2117 est:
1089 2076 1216 2117 ecce
1258 2061 1559 2129 redemptor
1597 2068 1799 2116 noster.
1830 2072 1955 2113 cccc

387 2155 609 2223 pretium
640 2162 900 2207 nostrum.
928 2151 1065 2219 Quid
1097 2152 1259 2214 emit,
1301 2138 1679 2205 dicaturmihi.
1708 2149 1841 2215 Quid
1873 2150 1954 2201 in-

388 2243 754 2314 terrogaturus?
770 2243 904 2310 Quid
930 2244 973 2298 si
1000 2243 1125 2297 mibi
1150 2243 1340 2311 aliquis
1359 2242 1499 2296 dicat
1528 2259 1540 2292 :
1566 2239 1611 2294 0
1634 2242 1808 2303 stulte,
1831 2239 1955 2308 quid

387 2332 985 2404 interrogas?CodEcem
1020 2341 1214 2400 portas,
1246 2332 1314 2385 ibi
1347 2332 1509 2387 babes
1538 2331 1676 2384 unde
1701 2330 1828 2383 emit
1847 2372 1859 2388 ,
1887 2329 1954 2382 ibi

390 2440 569 2493 quaere
595 2423 720 2494 quid
747 2424 891 2477 eutit.
923 2424 1057 2477 Ecce
1093 2423 1160 2477 ibi
1188 2422 1382 2486 babes,
1411 2420 1953 2484 Connuemornbuntnr,

389 2527 439 2570 et
463 2524 809 2570 convertentur
834 2517 902 2568 ad
932 2514 1199 2568 Dominum
1226 2513 1443 2567 universi
1467 2512 1589 2581 ﬁnes
1617 2522 1776 2565 terrae.
1802 2510 1959 2564 Fines

390 2607 533 2679 enim
577 2615 731 2660 teme
772 2604 1344 2660 commemorabuntur.
1385 2602 1490 2658 Sed
1534 2601 1765 2656 haeretici
1812 2600 1958 2669 obliti

391 2707 536 2757 sunt,
557 2706 611 2750 et
634 2695 752 2750 ideo
776 2695 993 2749 audiunt
1016 2695 1158 2749 omni
1183 2709 1340 2748 anno.
1366 2688 1527 2748 Putas
1553 2693 1620 2746 ibi
1649 2702 1847 2762 ponunt
1868 2707 1963 2745 an-

393 2801 501 2850 res,
528 2785 742 2854 quando
767 2786 933 2840 lector
962 2785 1192 2854 ipsorum
1216 2784 1342 2838 dicit
1370 2802 1382 2837 :
1413 2782 1958 2847 Commemorabimtnr,
1976 2830 1991 2843 χ

391 2886 437 2930 et
459 2885 803 2930 eoiwertentur
828 2877 897 2929 ad
923 2875 1197 2928 Dominum
1225 2874 1439 2928 universi
1476 2875 1601 2942 ﬁnes
1625 2872 1809 2926 terrm?
1835 2872 1927 2926 Eia
1945 2913 1958 2933 ,

392 2966 533 3020 forte
552 2981 686 3019 unus
716 2980 898 3020 versus
926 2974 1008 3019 est
1033 2982 1048 3019 :
1074 2965 1286 3019 aliunde
1314 2964 1583 3033 cogitabas
1609 3004 1622 3028 ,
1652 2980 1770 3017 cum
1803 2962 1964 3016 fratre

396 3067 485 3110 tuo
514 3056 854 3119 fabulabaris,
883 3056 1093 3125 quando
1122 3055 1248 3109 illud
1276 3055 1407 3109 dixit
1430 3072 1443 3107 :
1471 3054 1707 3120 attende,
1732 3056 1850 3122 quia
1876 3070 1961 3106 re-

399 3149 547 3217 petit,
577 3155 629 3202 et
655 3146 845 3201 surdos
871 3147 1044 3216 pulsat
1066 3163 1080 3200 :
1104 3144 1173 3199 Et
1199 3145 1475 3199 adorabunt
1501 3146 1552 3198 in
1573 3155 1836 3214 conspectu
1858 3146 1966 3213 ejus

396 3237 641 3292 universe
660 3237 839 3305 patrita
855 3237 1098 3307 gentium.
1123 3236 1310 3289 Adhuc
1333 3235 1523 3289 surdus
1544 3245 1643 3296 est,
1669 3250 1772 3287 non
1798 3234 1963 3298 audit,

398 3326 635 3397 pulsetur
661 3326 850 3381 iterum
881 3344 894 3380 :
920 3326 1172 3391 Quoniam
1194 3325 1397 3380 Domini
1425 3335 1500 3381 est
1528 3342 1754 3397 regnum,
1785 3335 1832 3378 et
1863 3326 1968 3395 ipse

398 3416 737 3471 dominabitur
761 3420 997 3489 gentium.
1018 3417 1149 3473 Tres
1177 3419 1304 3471 istos
1329 3432 1511 3473 versus
1532 3426 1724 3486 tenete,
1756 3416 1964 3471 fratres.

403 3511 569 3566 Hodie
597 3513 791 3565 caritati
834 3519 958 3564 sunt
987 3520 1038 3565 et
1069 3510 1174 3573 ibi,
1207 3518 1297 3564 aut
1328 3510 1463 3565 forte
1504 3509 1817 3564 deleverunt
1854 3524 1964 3562 eos.

399 3602 614 3658 Credite
640 3602 767 3659 mibi
789 3644 803 3667 ,
838 3600 1031 3657 fratres
1058 3602 1193 3665 mei,
1221 3601 1289 3655 ita
1320 3611 1486 3656 aestuo
1506 3643 1521 3666 ,
1550 3601 1618 3655 ita
1645 3602 1747 3654 vim
1779 3601 1967 3669 patior,

403 3703 460 3748 ut
489 3695 650 3748 mirer
677 3694 854 3748 nescio
884 3708 1039 3763 quam
1083 3692 1392 3749 surditatem
1430 3701 1484 3747 et
1521 3691 1765 3746 duritiam
1796 3690 1971 3745 cordis

404 3786 637 3856 ipsorum
659 3829 673 3849 ,
704 3795 761 3838 ut
798 3785 1080 3850 aliquando
1117 3785 1350 3840 dubitem
1380 3792 1553 3837 utrum
1584 3781 1811 3836 habeant
1840 3781 1971 3836 illud

405 3875 456 3931 in
483 3877 772 3930 codicibus.
797 3876 964 3931 Hodie
988 3885 1205 3930 currunt
1229 3890 1418 3929 omnes
1443 3873 1508 3927 ad
1534 3874 1812 3928 ecclesiam
1834 3916 1848 3939 ,
1876 3872 1947 3928 ho

328 4008 335 4013 τ
406 3967 494 4021 ιΙίε
518 3981 702 4021 οιιιιιεε
732 3966 915 4019 intenti
946 3966 1166 4020 audiunt
1194 3966 1477 4028 Psahnum,
1505 3978 1692 4019 onmes
1714 3977 1973 4033 suSpenso

406 4057 569 4112 corde
593 4056 832 4111 audiunt.
858 4055 967 4112 Sed
998 4058 1080 4113 fac
1109 4060 1230 4128 quia
1255 4065 1364 4112 non
1396 4069 1520 4112 sunt
1558 4056 1744 4111 intenti
1775 4074 1787 4109 :
1820 4072 1974 4110 nunt-

405 4148 530 4217 quid
558 4163 690 4202 unus
725 4162 910 4202 versus
934 4157 1054 4212 est,
1082 4148 1629 4213 Commemorabuntur,
1675 4157 1722 4202 et
1765 4164 1973 4202 conver-

406 4249 573 4292 tentur
598 4238 666 4291 ad
691 4236 962 4291 Dominum
997 4239 1215 4292 universi
1238 4241 1362 4307 ﬁnes
1390 4239 1573 4294 terrai?
1593 4238 1848 4309 Evigilas,
1880 4237 1974 4293 sed

408 4335 580 4389 adhuc
622 4332 779 4387 fricas
818 4332 1000 4387 oculos
1028 4350 1040 4385 :
1068 4331 1137 4385 Et
1161 4333 1439 4386 adorabunt
1481 4333 1532 4387 in
1570 4340 1837 4400 conspectu
1868 4332 1976 4401 ejus

409 4427 650 4480 universa:
674 4424 851 4494 patria:
874 4423 1111 4493 gentium.
1133 4422 1332 4477 Excute
1356 4438 1625 4492 somnum,
1653 4422 1825 4479 adhuc
1853 4436 1976 4492 gra-

411 4517 571 4579 varis,
589 4516 710 4571 audi
737 4533 749 4569 :
777 4514 1027 4582 Quoniam
1046 4512 1248 4567 Domini
1265 4522 1336 4567 est
1359 4530 1587 4586 regnum,
1608 4524 1658 4571 et
1677 4506 1784 4587 ipse
1810 4512 1978 4568 domi-

412 4611 609 4662 nabitur
628 4609 867 4678 gentium.

482 4699 570 4756 ὅθ.
609 4697 665 4754 Si
693 4708 775 4753 est
797 4697 967 4752 adhuc
989 4696 1130 4767 quod
1156 4695 1353 4760 dicant,
1376 4695 1559 4750 nescio
1586 4711 1601 4747 :
1633 4695 1836 4766 litigent
1857 4710 1977 4750 cum

416 4790 721 4858 Seripturis,
756 4805 857 4841 non
890 4788 1186 4843 uobiscum.
1226 4788 1362 4842 Ecce
1397 4784 1564 4840 codex
1605 4784 1752 4855 ipse,
1794 4794 1979 4840 contra

416 4883 560 4936 illum
592 4888 814 4934 certent.
849 4879 944 4934 Ubi
985 4888 1068 4933 est
1096 4879 1289 4948 lingua,
1336 4876 1446 4932 Nos
1482 4876 1809 4931 servavimus
1840 4877 1983 4931 Scri-

416 4984 617 5044 pturas,
646 4987 714 5026 ne
738 4971 985 5026 arderent
1025 4971 1143 5041 (a)?
1187 4970 1427 5026 Servata:
1454 4978 1612 5034 sunt,
1642 4966 1781 5022 unde
1809 4977 1863 5022 tu
1893 4983 1980 5020 ar-

413 5064 562 5119 deas.
588 5061 724 5129 Quid
762 5062 1027 5116 servasti?
1053 5059 1253 5131 Aperi,
1281 5062 1398 5131 lege
1428 5077 1442 5115 :
1471 5069 1527 5114 tu
1562 5059 1783 5114 servasti
1808 5099 1823 5124 ,
1845 5067 1899 5113 et
1928 5068 1982 5113 tu

418 5168 711 5225 oppugnas.
735 5152 872 5219 Quid
906 5154 1135 5208 servasti
1173 5168 1204 5207 a
1241 5152 1475 5217 ﬂamma,
1515 5150 1655 5222 quod
1688 5151 1865 5206 delere
1904 5149 1983 5204 vis

419 5246 631 5319 lingua?
659 5246 773 5302 Non
800 5244 978 5310 credo,
1004 5260 1108 5298 non
1132 5244 1294 5299 credo
1318 5246 1438 5314 quia
1467 5245 1687 5299 servasti
1720 5261 1733 5297 :
1766 5260 1983 5314 prorsus

420 5357 524 5397 nou
575 5339 754 5403 credo,
799 5352 901 5392 non
944 5334 1191 5391 servasti.
1245 5335 1531 5389 Verissime
1567 5335 1750 5390 dicunt
1791 5334 1980 5394 nostri.

416 5432 538 5502 quia
583 5440 635 5484 tu
669 5427 954 5483 tradidisti.
1004 5425 1095 5480 Ille
1134 5425 1385 5494 probatur
1422 5426 1670 5491 traditur,
1710 5426 1797 5494 qui
1848 5427 1985 5479 lecto

422 5531 738 5581 testamento
780 5536 881 5576 non
924 5517 1178 5588 sequitur.
1228 5517 1364 5571 Ecce
1411 5517 1618 5585 legitur,
1668 5526 1722 5569 et
1753 5530 1980 5584 sequor;

415 5620 626 5691 legitur,
648 5627 701 5672 et
723 5629 956 5671 recusas.
984 5610 1148 5680 Cujus
1173 5625 1360 5665 manus
1397 5609 1541 5663 misit
1584 5610 1635 5663 in
1679 5607 1983 5663 ﬂammam?

479 5757 552 5815 (ιι)
575 5757 998 5809 mnamsacros
1010 5749 1200 5801 codices
1221 5761 1251 5800 a
1271 5760 1327 5799 se
1351 5757 1588 5809 servatos,
1612 5761 1640 5796 a
1663 5748 1844 5799 nostris
1866 5758 1983 5797 vero

420 5819 613 5867 traditos
634 5818 875 5867 dicebant.

1600 405 1657 459 S.
1700 398 2057 458 AUCUSTINI
2100 399 2394 457 EPISCOP!

2340 248 2350 276 l

3524 400 3625 455 l86

2058 512 2154 579 Qui
2185 514 2372 574 credit,
2405 522 2457 568 et
2500 513 2739 582 sequitur
2753 504 2772 577 ;Δ
2800 528 2865 568 an
2908 512 2997 584 qui
3026 512 3169 568 dolet
3206 513 3325 583 quia
3363 522 3447 569 cst
3483 516 3623 584 quod

2059 603 2299 673 legatur?
2347 604 2479 660 Nolo
2529 606 2665 660 seire
2713 605 2831 675 quis
2883 604 3217 660 servaverit:
3251 605 3620 675 undecumque

2057 694 2301 749 inventus
2328 705 2409 749 est
2436 695 2633 757 codex.
2663 704 3035 751 testamentum
3083 695 3245 764 patris
3287 697 3449 749 nostri
3495 697 3624 749 exiit

2056 783 2124 837 de
2150 784 2380 853 qualibet
2400 800 2620 840 caverna
2640 800 2655 837 :
2676 786 2855 841 nescio
2880 787 2966 856 qui
2990 786 3131 841 [utres
3150 784 3333 840 tollere
3354 785 3622 847 volebant,

2058 876 2236 929 nescio
2267 876 2358 947 qui
2404 885 2768 945 persecutores
2808 877 3090 947 incendere
3129 877 3378 931 volebant
3411 896 3423 930 :
3454 883 3622 932 unde-

2056 983 2283 1038 cumque
2310 968 2567 1038 prolatum
2589 978 2689 1029 est,
2721 970 2940 1039 legatur.
2971 971 3146 1036 Quare
3171 970 3382 1040 litigas?
3412 970 3626 1025 Fratres

2055 1075 2237 1113 sumus
2260 1100 2277 1126 ,
2322 1075 2485 1128 quare
2519 1061 2948 1131 litigamus?Non
2977 1067 3252 1116 intestatus
3281 1073 3519 1115 mortuus
3546 1074 3628 1116 est

2057 1162 2222 1220 pater.
2256 1151 2403 1208 Fecit
2443 1161 2815 1209 testamentum
2838 1194 2853 1219 ,
2880 1164 2929 1207 et
2960 1153 3037 1208 sic
3067 1164 3307 1208 mortuus
3332 1158 3450 1208 est:
3482 1170 3627 1207 mor-

2056 1254 2176 1300 tuus
2214 1257 2311 1312 est,
2343 1256 2397 1301 et
2417 1247 2727 1303 resurrexit.
2756 1246 2978 1301 Tamdiu
3004 1246 3339 1301 contenditur
3358 1247 3426 1301 de
3454 1246 3624 1299 luere-

2056 1338 2217 1392 ditatc
2243 1349 2599 1402 tnortuorum,
2633 1339 2881 1408 quamdiu
2923 1347 3299 1394 testamentum
3330 1338 3628 1406 proferatur

2057 1428 2107 1481 in
2137 1428 2436 1497 publicum;
2464 1439 2656 1483 etcum
2687 1438 3056 1483 testamentum
3085 1427 3346 1497 prolatum
3382 1425 3541 1482 fuerit
3572 1428 3627 1481 in

2057 1520 2343 1589 publicum,
2385 1529 2561 1591 tacent
2579 1534 2767 1573 omnes
2791 1561 2804 1584 ,
2836 1529 2889 1572 ut
2920 1518 3108 1572 tabulze
3134 1519 3437 1585 aperiantur
3463 1526 3513 1571 ct
3543 1533 3629 1571 re-

2055 1611 2287 1663 citentnr
2318 1610 2515 1680 :judex
2544 1610 2780 1663 intentus
2808 1609 2973 1675 audit,
3001 1608 3238 1661 advocati
3270 1608 3460 1673 silent,
3494 1624 3630 1676 pra:-

2056 1716 2217 1756 cones
2245 1702 2515 1757 silentium
2546 1700 2767 1766 faciunt,
2794 1701 3068 1755 universus
3093 1699 3315 1770 populus
3339 1712 3630 1767 suspensus

2055 1801 2133 1845 est
2157 1835 2171 1856 ,
2202 1802 2257 1845 ut
2287 1792 2526 1861 legantur
2556 1793 2713 1845 verba
2742 1792 2932 1845 mortui
2954 1833 2969 1854 .
2993 1807 3096 1845 non
3122 1790 3399 1845 sentientis
3428 1791 3478 1843 in
3515 1805 3630 1844 mo-

2057 1891 2330 1935 numento.
2365 1881 2454 1935 llle
2483 1882 2599 1935 sine
2624 1897 2780 1935 sensu
2811 1881 2947 1947 jacet
2971 1881 3022 1934 in
3049 1889 3415 1942 monumento,
3452 1891 3505 1934 ct
3534 1896 3629 1933 va-

2060 1973 2169 2025 lent
2192 1971 2349 2026 verba
2382 1973 2546 2040 ipsius
2575 1987 2590 2026 :
2624 1970 2773 2026 sedet
2798 1970 3037 2025 Christus
3064 1970 3115 2024 in
3142 1970 3279 2024 cmlo
3299 2011 3312 2032 ,
3342 1980 3395 2024 et
3418 1979 3631 2024 contra-

2061 2064 2254 2117 dicitur
2295 2072 2609 2118 testamento
2664 2063 2811 2128 ejus?
2859 2061 3050 2129 Aperi,
3107 2061 3361 2130 legamus.
3414 2061 3629 2115 Fratres

2060 2168 2263 2213 sunnts.
2288 2166 2449 2220 quare
2470 2144 2879 2207 contendimus?
2916 2152 3159 2206 Placctur
3185 2153 3392 2206 animus
3427 2162 3627 2215 noster,

2063 2261 2165 2299 non
2211 2247 2329 2299 sine
2375 2254 2691 2301 testamento
2744 2259 2840 2298 nos
2888 2243 3087 2299 dimisit
3143 2254 3309 2310 pater.
3361 2242 3457 2311 Qui
3507 2242 3634 2298 fecit

2063 2344 2453 2401 trstaruentum,
2483 2335 2613 2388 vivit
2640 2336 2690 2387 in
2722 2345 2977 2389 :eterrmm
3007 2351 3021 2386 :
3053 2334 3197 2387 audit
3221 2348 3377 2388 voces
3400 2344 3628 2396 nostras.

2061 2426 2297 2493 agnoscit
2325 2440 2494 2479 suam.
2520 2422 2800 2492 Legamus,
2829 2424 2952 2493 quid
2981 2424 3286 2493 litigamus?
3312 2423 3408 2479 Ubi
3442 2424 3632 2478 inven-

2065 2528 2114 2569 ta
2139 2515 2295 2570 fuerit
2316 2517 2426 2584 ipsa
2449 2515 2748 2577 lnereditas,
2774 2514 2941 2584 ipsam
2970 2523 3264 2569 teneamus.
3292 2515 3448 2583 Aperi
3473 2523 3636 2568 testa-

2066 2615 2323 2671 mentum,
2353 2606 2466 2675 lege
2488 2606 2539 2658 in
2571 2605 2740 2673 primo
2758 2603 2927 2674 capite
2954 2604 3118 2672 ipsius
3138 2603 3400 2669 Psnlterii,
3423 2602 3635 2658 Postulat

2063 2716 2095 2751 α
2126 2716 2200 2751 mc
2229 2699 2245 2761 (
2257 2697 2393 2751 Psal.
2426 2714 2483 2762 ιι,
2516 2697 2594 2767 8).
2620 2696 2723 2753 Sed
2745 2696 2863 2766 quis
2887 2695 3052 2750 dicit?
3074 2694 3232 2749 Forte
3248 2711 3351 2751 non
3370 2695 3631 2750 Christus.

2069 2790 2140 2841 lhi
2170 2790 2354 2852 habes,
2386 2788 2631 2841 Dominus
2660 2787 2785 2840 dixit
2824 2787 2891 2839 ad
2917 2803 3013 2848 me,
3067 2784 3233 2839 Filius
3277 2802 3413 2838 meus
3455 2802 3506 2838 es
3557 2794 3633 2849 tu,

2064 2897 2155 2950 ego
2184 2880 2331 2933 hodie
2358 2879 2507 2949 genui
2536 2888 2582 2931 te
2610 2876 2791 2947 (Ibid.,
2817 2875 2894 2946 7).
2921 2876 3057 2945 Ergo
3080 2875 3251 2930 Filius
3271 2876 3359 2929 Dei
3387 2875 3530 2937 dicit,
3552 2875 3638 2929 vel

2064 2974 2129 3025 ad
2156 2972 2340 3025 Filium
2373 2985 2524 3024 suum
2544 2970 2698 3022 l’ater
2713 2966 2859 3021 dicit.
2885 2968 3021 3036 Ergo
3036 2965 3158 3036 quid
3177 2965 3305 3020 dicit
3328 2966 3393 3019 ad
3412 2963 3639 3018 Filium?

2074 3063 2285 3116 l‘ostula
2313 3078 2345 3115 α
2378 3078 2485 3126 me,
2510 3071 2555 3113 et
2583 3060 2711 3113 dabo
2735 3058 2822 3112 tibi
2846 3069 3014 3130 gentes
3039 3058 3375 3112 Itwreditatem
3398 3068 3532 3110 tuam
3551 3098 3567 3123 ,
3590 3067 3640 3111 et

2068 3155 2429 3226 possessionem
2468 3162 2604 3205 tuam
2637 3152 2761 3221 ﬁnes
2786 3161 2947 3205 teme.
2974 3150 3119 3207 Solet
3141 3149 3255 3205 ﬁeri
3280 3191 3293 3214 ,
3323 3148 3512 3203 fratres
3535 3192 3549 3213 ,
3579 3161 3639 3204 ut

2068 3246 2282 3315 quando
2308 3243 2563 3313 qumritur
2598 3241 2667 3297 de
2696 3241 3065 3312 possessione,
3093 3250 3396 3311 quaerantur
3427 3240 3639 3296 afﬁnes.

2072 3336 2212 3390 lntvr
2239 3334 2428 3390 afﬁnes
2454 3334 2598 3387 illum
2629 3341 2683 3387 et
2724 3332 2870 3387 illum
2892 3373 2908 3398 ,
2935 3332 3191 3401 quan-itur
3211 3330 3378 3386 hmres
3396 3371 3413 3398 ,
3441 3342 3530 3384 aut
3553 3332 3641 3387 cui

2069 3429 2316 3490 donatur,
2347 3434 2439 3480 aut
2461 3425 2550 3496 qui
2577 3425 2724 3481 emit.
2773 3424 2918 3480 lnter
2954 3438 3093 3493 quos
3121 3421 3309 3477 afﬁnes
3346 3421 3643 3493 qumritur?

2070 3517 2212 3571 Inter
2242 3517 2386 3570 illum
2415 3525 2469 3569 et
2498 3514 2643 3568 illttm
2677 3513 3008 3584 possidentes
3032 3515 3073 3565 ¹.
3095 3512 3192 3581 Qui
3230 3511 3430 3567 dimisit
3454 3528 3646 3568 omnes

2075 3610 2224 3669 lines.
2259 3607 2431 3661 nullos
2458 3605 2660 3659 dimisit
2685 3604 2895 3659 afﬁnes.
2929 3603 3273 3673 Quocumque
3300 3614 3350 3658 te
3384 3603 3643 3670 verteris,

2073 3700 2311 3755 Christus
2339 3708 2441 3754 est.
2466 3697 2627 3753 Fines
2655 3708 2808 3751 teme
2837 3696 2999 3750 habes
3024 3696 3405 3760 haereditatem,
3427 3695 3529 3749 huc
3549 3711 3641 3749 ve-

2075 3794 2151 3855 ni,
2175 3802 2336 3845 totam
2370 3806 2576 3844 mecum
2623 3789 2855 3859 posside.
2887 3788 3060 3856 Quare
3095 3781 3347 3858 litigaiulo
3386 3802 3544 3841 vocas
3577 3786 3649 3840 ad

2077 3881 2313 3952 partem?
2340 3879 2453 3934 Huc
2472 3880 2589 3935 veni
2623 3897 2636 3931 :
2665 3879 2806 3934 bono
2832 3888 2922 3932 tuo
2943 3878 3187 3941 vinceris,
3217 3886 3382 3932 totum
3406 3877 3645 3931 habebis.

2077 3975 2159 4026 An
2189 3971 2361 4026 adhuc
2383 3969 2755 4025 calumniaris?
2782 3968 2893 4039 Ego
2914 3967 3021 4038 jam
3050 3976 3419 4022 testamentum
3449 3967 3569 4036 legi,
3593 3975 3655 4021 et.

2081 4071 2135 4115 tu
2179 4060 2538 4115 calumniaris.
2589 4060 2670 4112 An
2716 4058 2890 4112 adhuc
2942 4057 3303 4121 calumniaris,
3350 4058 3469 4125 quia
3515 4056 3655 4111 ﬁnes

2080 4160 2235 4207 terra:
2261 4150 2426 4215 dixit,
2454 4166 2561 4205 non
2591 4149 2722 4203 dixit
2747 4161 2933 4202 omnes
2980 4147 3113 4201 ﬁnes
3149 4145 3345 4200 terrae?
3390 4145 3652 4215 Legamus

2080 4258 2226 4312 ergo.
2266 4241 2542 4310 Quomodo
2598 4239 2791 4293 lectum
2833 4238 2957 4293 est?
3010 4235 3555 4298 Commemorabuntnr,
3600 4241 3659 4289 et

2080 4342 2426 4387 convertentur
2442 4332 2510 4384 ad
2537 4328 2807 4383 Dominum
2835 4326 3050 4382 universi
3077 4327 3203 4396 ﬁnes
3230 4336 3392 4379 terrm.
3422 4325 3489 4378 Et
3547 4328 3650 4377 ud-

2082 4426 2296 4480 orabunt
2342 4426 2397 4478 in
2444 4431 2709 4491 conspectu
2758 4422 2868 4490 ejus
2916 4420 3157 4473 universa:
3181 4419 3358 4488 patria:
3408 4418 3651 4487 gentium.

2085 4517 2336 4584 Quoniam
2396 4515 2602 4570 Domini
2638 4524 2711 4569 est
2760 4530 2969 4584 regnum
2992 4552 3023 4595 ‘,
3069 4520 3117 4564 et
3162 4511 3269 4580 ipse
3312 4508 3663 4564 dominabitur

2083 4614 2323 4686 gentium.
2352 4610 2521 4682 Ipsius
2564 4617 2666 4673 est,
2714 4624 2818 4662 non
2866 4593 3129 4661 vestrum;
3156 4604 3438 4673 Aguoscite
3472 4601 3662 4654 Domi-

2084 4722 2209 4761 num
2241 4702 2545 4774 :agnoscite
2572 4699 2961 4772 possessionem
2986 4696 3213 4751 Domini.

2154 4796 2243 4849 5|.
2285 4794 2389 4850 Sed
2415 4803 2469 4849 ct
2497 4795 2518 4824 ³
2547 4807 2670 4855 vos,
2716 4789 2835 4858 quia
2867 4787 3068 4857 privata
3098 4794 3272 4839 vestra
3301 4782 3455 4837 vultis
3482 4781 3666 4850 possi-

2085 4888 2233 4955 dere,
2261 4896 2315 4942 et
2344 4902 2448 4941 non
2470 4883 2735 4939 communi
2760 4896 2881 4936 cum
2908 4878 3121 4935 Christo
3147 4878 3373 4941 unitate;
3393 4873 3669 4931 dominati

2087 4980 2227 5035 enim
2254 4979 2413 5032 vultis
2439 4977 2492 5031 in
2516 4986 2677 5037 terra,
2706 4989 2811 5026 non
2840 4986 2962 5025 cum
3003 4970 3094 5024 illo
3123 4969 3174 5022 iu
3210 4968 3348 5022 caelo
3394 4979 3615 5034 regnare
3643 5007 3663 5030 ,

2090 5071 2368 5140 possidetis
2387 5070 2575 5125 domos
2609 5073 2831 5120 vestras.
2879 5063 2949 5117 Et
2997 5060 3280 5128 aliquando
3320 5059 3559 5112 venimus
3588 5058 3667 5114 ad

2090 5164 2207 5218 illos
2234 5162 2491 5223 dicentes,
2522 5158 2830 5226 Quaeramus
2855 5169 3060 5219 verum,
3096 5150 3423 5206 inveniamus
3450 5163 3669 5201 verum.

2092 5256 2156 5310 Et
2202 5255 2297 5313 illi.
2322 5253 2429 5305 Vos
2482 5257 2657 5304 tenete
2703 5246 2844 5316 quod
2887 5245 3119 5301 tenetis:
3151 5258 3278 5298 oves
3312 5251 3426 5297 tuas
3469 5239 3671 5307 habes,

2090 5362 2216 5399 oves
2242 5358 2387 5397 meas
2414 5341 2617 5402 habeo;
2646 5338 2752 5392 noli
2801 5337 3056 5391 molestus
3097 5348 3216 5388 esse
3257 5331 3444 5386 ovibus
3490 5330 3627 5382 meis
3654 5373 3673 5394 ,

2091 5437 2211 5506 quia
2239 5443 2293 5489 et
2311 5448 2411 5502 ego
2431 5448 2533 5485 non
2554 5446 2671 5484 sum
2690 5429 2948 5485 molestus
2967 5425 3153 5480 ovibus
3178 5423 3299 5478 tuis.
3321 5423 3425 5477 Deo
3441 5420 3675 5489 gratias:

2092 5540 2224 5580 mea:
2260 5532 2383 5578 sunt
2433 5537 2561 5574 oves
2589 5562 2602 5582 .
2650 5519 2795 5573 illius
2836 5526 2960 5573 sont
3009 5530 3141 5571 oves
3181 5532 3194 5568 :
3241 5512 3484 5568 Christus
3532 5510 3678 5578 quid

2160 5682 2173 5711 ί
2202 5682 2249 5725 ιιι
2278 5677 2523 5739 plet-isque
2540 5681 2666 5732 Mss,
2689 5670 2988 5739 possidentis.

2158 5746 2175 5772 ³
2202 5722 2372 5791 titubes—
2388 5722 2551 5799 prima:
2574 5722 2702 5785 notie'
2859 5732 2982 5787 loco.
3003 5728 3097 5799 _S_ed
3118 5734 3164 5776 et
3179 5740 3272 5799 eos.
3297 5725 3499 5799 habent,
3519 5722 3685 5783 sedat

2099 5787 2325 5865 nonquia
2340 5787 2529 5864 pr'iruta
2544 5802 2714 5856 vestra,
2741 5803 2837 5845 etc.
2862 5800 2914 5842 lit
2934 5789 3143 5856 quidam,
3170 5787 3335 5843 Sedete
3359 5799 3454 5839 vos.
