3988 6188
217 341 301 392 itii

211 450 372 507 sntit?
405 447 517 502 imo
549 459 648 500 nec
675 457 805 497 mea:
831 441 957 502 sint,
987 451 1084 490 nec
1110 442 1253 488 tum;
1287 426 1379 481 sed
1409 424 1544 478 illius
1569 421 1669 473 sint
1697 415 1788 485 qui

215 545 331 596 illas
363 539 516 600 emit,
567 537 705 589 illius
745 534 850 586 sint
892 529 978 599 qui
1019 525 1134 579 illas
1177 517 1420 589 signavit.
1471 513 1650 580 Neque
1702 507 1789 576 qui

214 635 414 702 plantat
437 639 519 683 est
538 624 757 694 aliquid,
789 634 957 689 neque
986 615 1074 686 qui
1098 615 1251 682 rigat,
1280 608 1372 662 sed
1395 604 1478 676 qui
1499 605 1792 666 incremen-

216 689 328 778 lntn
359 724 451 792 dat
483 689 689 787 Deus-(l
712 712 827 768 Cor.
859 727 934 774 ιιι,
962 708 1035 777 7).
1061 706 1236 770 Quare
1258 699 1425 752 habeo
1449 689 1794 754 meas,habes

215 829 269 870 ιιι
299 789 459 868 tuas?
482 809 538 866 Si
571 808 638 862 ibi
661 785 746 861 est
769 802 1031 861 Christus,
1061 797 1150 850 illo
1177 801 1300 847 eant
1328 805 1488 851 meaa,
1518 785 1640 853 quia
1691 795 1794 834 non

216 915 344 962 sunt
375 917 511 958 mea:
541 917 556 956 ε
582 899 625 952 si
665 896 752 949 hic
779 903 859 949 est
896 890 1158 944 Christus.
1191 883 1292 936 huc
1335 887 1459 933 eant
1501 885 1623 937 tute,
1677 869 1798 938 quia

223 1014 327 1052 non
358 1003 487 1049 sunt
513 1003 637 1045 tum.
664 989 888 1054 Propter
923 976 1288 1051 possessiones
1317 969 1620 1024 osculentur
1649 961 1801 1014 nobis

219 1095 386 1158 caput
413 1093 467 1139 ct
491 1096 702 1142 manus,
734 1086 787 1132 et
808 1081 1025 1144 pereant
1051 1071 1067 1100 ⁸
1103 1067 1193 1121 lilii
1221 1063 1395 1118 alieni.
1434 1058 1546 1113 Non
1576 1065 1656 1110 est
1687 1067 1801 1104 mea

227 1149 523 1251 possessio,
555 1172 744 1242 inquit.
776 1165 910 1234 Quid
932 1159 1165 1219 esthoc?
1196 1155 1477 1210 Videamus
1518 1149 1560 1201 si
1595 1161 1697 1198 non
1723 1151 1806 1196 est

229 1282 318 1324 tua
352 1264 646 1338 possessio,
676 1259 950 1315 videamus
980 1253 1024 1306 si
1061 1265 1164 1304 non
1207 1247 1348 1300 illam
1407 1241 1497 1294 tibi
1550 1235 1803 1290 vindicas.

231 1322 568 1428 Ego-nomini
596 1322 793 1406 Christi
815 1347 1016 1407 laboro,
1051 1350 1104 1394 tu
1126 1335 1324 1392 nomini
1359 1329 1565 1386 Donati.
1601 1325 1733 1380 Nam
1759 1322 1803 1375 si

230 1415 506 1504 Christum
537 1439 804 1504 attendas,
845 1435 1042 1502 ubique
1084 1439 1166 1483 est
1210 1424 1473 1479 Christus.
1523 1418 1601 1472 Tu
1652 1415 1806 1477 dicis,

240 1542 376 1595 Ecce
403 1538 491 1591 hic
515 1543 598 1589 est
619 1531 861 1587 Christus
910 1522 1119 1596 (Matth.
1156 1533 1307 1580 μιν,
1351 1513 1442 1582 25)
1474 1529 1486 1563 :
1525 1525 1622 1579 ego
1648 1506 1804 1567 dico,

245 1633 346 1686 Per
375 1639 544 1683 totum
594 1635 695 1679 est.
738 1619 990 1682 Laudato,
1023 1612 1192 1684 pueri,
1245 1607 1554 1666 Dominum,
1605 1599 1816 1653 laudate

243 1736 435 1778 nomen
464 1714 694 1772 Domini.
750 1709 898 1765 Unde
945 1701 1197 1759 laudant?
1243 1698 1524 1766 Usquequo
1565 1685 1816 1743 laudant?

246 1817 289 1869 Δ
315 1807 444 1866 solis
476 1817 598 1864 ortu
629 1818 794 1872 usque
821 1800 888 1854 ad
912 1809 1159 1852 occasum
1185 1791 1392 1845 laudate
1418 1799 1609 1840 nomen
1638 1781 1818 1835 Domi-

249 1907 298 1961 ni
329 1901 501 1972 (Psal.
525 1914 656 1963 cxn,
683 1894 760 1966 l).
785 1892 924 1946 Ecce
953 1902 1109 1959 quam
1131 1882 1417 1938 Ecclesiam
1436 1874 1678 1938 ostendo,
1697 1886 1822 1926 ecce

251 1995 372 2066 qttid
399 1992 532 2048 emit
556 1987 819 2050 Christus,
848 1996 975 2037 ecce
998 1976 1126 2048 quid
1149 1973 1402 2033 redemit,
1431 1981 1555 2023 ecce
1593 1980 1687 2034 pro
1718 1977 1822 2032 quo

254 2051 562 2153 sanguinem
592 2076 756 2132 dedit.
789 2071 894 2127 Sed
926 2079 979 2124 tu
1006 2066 1127 2137 quid
1153 2061 1323 2118 dicis?
1353 2061 1416 2114 Et
1453 2072 1552 2125 ego
1577 2054 1651 2108 illi
1676 2051 1825 2107 colli-

255 2143 461 2245 go.VQui
487 2183 697 2227 mecum,
723 2163 910 2232 inquit,
941 2176 1039 2212 non
1058 2154 1266 2223 colligit,
1285 2148 1475 2220 spargit
1492 2143 1704 2217 (Matth.
1731 2156 1827 2207 xu,

259 2229 368 2333 ΞΟ).
402 2259 604 2316 Dividis
651 2229 924 2314 unitatem,
956 2245 1320 2319 possessiones
1364 2249 1479 2292 tuas
1521 2233 1735 2305 quaeris.
1764 2229 1832 2284 Et

260 2372 423 2428 quare
455 2353 653 2407 habent
700 2359 892 2402 nomen
937 2337 1171 2396 Christi?
1201 2333 1332 2400 Quia
1368 2329 1432 2383 ad
1473 2324 1832 2381 defensionem

264 2444 614 2519 possessionis
651 2452 756 2494 tua:
787 2436 966 2490 titulos
1003 2429 1196 2487 Christi
1242 2423 1481 2496 posuisti.
1515 2420 1700 2474 Nonne
1735 2418 1835 2468 hoc

268 2543 467 2596 faciunt
506 2531 747 2590 nonnulli
776 2530 827 2582 in
863 2527 1020 2582 domo
1046 2522 1180 2576 sua?
1208 2519 1282 2572 Ne
1308 2516 1524 2570 domum
1556 2509 1720 2580 ipsius
1759 2507 1840 2560 in-

266 2631 426 2686 vadat
452 2626 640 2697 aliquis
671 2631 879 2693 potens,
909 2617 1053 2687 ponit
1077 2614 1147 2667 ibi
1177 2610 1356 2666 titulos
1384 2605 1636 2676 potentis,
1660 2600 1841 2654 titulos

268 2719 712 2787 mendaces.'lpse
733 2715 843 2768 vult
862 2725 980 2766 esse
1007 2719 1304 2778 possessor,
1325 2711 1378 2756 et
1404 2699 1631 2752 frontem
1653 2693 1842 2747 domus

261 2801 376 2870 sua:
401 2814 512 2866 vult
535 2810 603 2863 de
630 2807 781 2860 titulo
804 2803 977 2857 alieno
997 2795 1224 2859 muniri;
1256 2801 1311 2846 ut
1329 2806 1446 2845 cum
1480 2785 1659 2840 titulus
1678 2782 1845 2836 lectus

273 2907 446 2969 fuerit,
473 2898 793 2955 conterritus
814 2893 932 2962 quis
962 2887 1194 2960 potentia
1220 2881 1469 2944 nominis,
1500 2875 1760 2930 abstineat
1788 2886 1847 2926 se

272 2999 337 3052 ab
360 2964 652 3049 invasione.
704 2985 968 3041 Fecerunt
1002 2977 1151 3041 illud,
1191 2971 1400 3046 quando
1437 2964 1849 3024 Maximianistas

276 3094 682 3149 damnaverunt.
713 3083 948 3153 Egcrunt
977 3073 1113 3146 apud
1138 3071 1364 3142 judices,
1392 3075 1443 3120 et
1468 3061 1749 3118 concilium
1776 3056 1850 3127 (a)

277 3200 437 3238 suum
456 3180 818 3236 recitaverunt
846 3189 859 3226 :
894 3179 1138 3234 tanquam
1186 3161 1364 3216 titulos
1392 3153 1730 3212 ostendentes
1756 3192 1770 3215 ,
1796 3157 1853 3203 ut

278 3274 511 3348 episcopi
547 3270 872 3324 viderentur.
917 3261 1066 3315 Tunc
1102 3256 1265 3328 judex
1311 3246 1692 3317 interrogavit:
1725 3243 1854 3310 Quis

283 3334 364 3424 hic
402 3334 536 3422 alier
563 3361 844 3432 episcopus
885 3363 966 3409 est
1004 3351 1070 3406 de
1116 3356 1264 3419 parte
1306 3341 1524 3398 Donati?
1567 3334 1857 3406 Respondit

273 3459 519 3514 Oﬂieium
545 3471 558 3506 :
591 3451 698 3505 Nos
716 3463 819 3502 non
837 3444 1077 3500 novimus
1094 3439 1191 3493 nisi
1213 3433 1484 3490 Aurelium
1508 3427 1848 3484 catholicum.

286 3525 562 3610 Timentes
591 3541 666 3596 illi
713 3540 894 3608 leges,
930 3550 1031 3587 non
1071 3527 1458 3597 responderunt
1506 3521 1604 3574 nisi
1650 3518 1714 3572 de
1757 3531 1859 3569 uno

282 3641 553 3712 cpisc0po.
599 3633 675 3686 Illi
711 3639 887 3684 autem
923 3633 979 3678 ut
1020 3621 1326 3675 audirentur
1364 3631 1390 3666 a
1420 3612 1613 3682 judice,
1669 3622 1861 3661 nomen

276 3729 477 3785 Christi
510 3720 886 3791 imponebant:
919 3715 970 3768 in
1009 3709 1342 3782 possessione
1383 3719 1476 3757 sua
1508 3701 1684 3753 titulos
1723 3697 1862 3749 illius

286 3824 673 3890 imposuerunt.
704 3811 884 3865 Bonus
914 3813 996 3860 est
1023 3801 1294 3862 Dominus,
1336 3795 1423 3864 qui
1457 3793 1559 3846 illis
1589 3796 1785 3859 pateat,
1813 3797 1864 3839 et

289 3915 382 3969 ubi
408 3908 672 3967 invenerit
713 3903 894 3959 titulos
925 3913 1082 3962 suos,
1111 3892 1342 3948 vindicet
1389 3887 1514 3942 illud
1549 3881 1864 3952 possessioni

290 4022 422 4063 sum.
447 4005 645 4058 Potens
675 4005 755 4052 est
775 3988 1142 4050 misericordia.
1166 3985 1348 4063 ipsius,
1379 3980 1466 4049 qui
1501 3977 1604 4031 illis
1632 3973 1756 4028 illud
1787 3972 1868 4025 fa-

286 4099 417 4158 ciat,
465 4100 829 4162 quoscumque
871 4077 1126 4135 invenerit
1167 4061 1359 4129 nomen
1398 4066 1591 4123 Christi
1625 4074 1864 4133 portare,

289 4158 588 4256 congreget
626 4180 764 4235 illos.
820 4175 886 4230 Et
933 4171 1129 4230 videte,
1178 4167 1383 4226 fratres,
1431 4158 1640 4230 quando
1687 4163 1872 4226 potens

289 4276 487 4346 aliquis
508 4268 767 4327 invenerit
798 4264 976 4320 titulos
1001 4274 1145 4321 suos,
1171 4269 1352 4310 nonne
1367 4253 1485 4322 jure
1507 4264 1617 4304 rem
1637 4247 1735 4302 sibi
1755 4247 1872 4299 vin-

293 4339 464 4430 dicat,
487 4373 540 4418 et
570 4362 717 4424 dicit,
745 4357 860 4413 Non
886 4358 1108 4424 poneret
1137 4346 1315 4402 titulos
1333 4355 1504 4405 aneos,
1527 4339 1626 4394 nisi
1656 4352 1741 4391 res
1758 4351 1872 4390 mea

296 4456 484 4514 esset?
513 4453 718 4508 Titulos
744 4461 891 4503 meos
921 4441 1114 4514 posuit,
1144 4453 1260 4492 mea
1283 4450 1367 4489 res
1395 4441 1478 4488 est
1511 4450 1523 4484 :
1559 4430 1644 4483 ubi
1684 4443 1872 4481 nomen

297 4561 478 4620 meum
510 4542 746 4608 invenio,
788 4552 961 4593 meum
1007 4542 1108 4588 est.
1156 4525 1416 4596 Numquid
1457 4522 1636 4577 titulos
1675 4519 1877 4574 mutat?

297 4613 512 4696 Titulus
531 4637 618 4708 qui
645 4641 778 4696 erat,
812 4635 924 4699 ipse
945 4635 1026 4680 est
1061 4645 1073 4679 :
1099 4635 1374 4694 possessor
1400 4624 1631 4672 mutatur
1652 4656 1667 4680 ,
1697 4613 1877 4667 titulus

301 4749 410 4788 non
435 4704 688 4785 mutatur.
714 4724 801 4779 Sic
821 4731 875 4775 et
905 4718 994 4789 qui
1016 4715 1330 4784 baptismum
1354 4708 1550 4762 habent
1573 4705 1765 4759 Christi
1789 4746 1803 4767 ,
1834 4704 1878 4756 si

303 4823 526 4876 veniunt
551 4817 617 4871 ad
646 4814 921 4875 unitatem,
954 4823 1058 4862 non
1086 4813 1348 4859 mutamus
1377 4799 1556 4853 titulos
1575 4838 1589 4862 ,
1619 4804 1709 4849 aut
1732 4794 1879 4848 dele-

302 4928 428 4968 tnus
458 4908 673 4970 titulos;
695 4903 786 4958 sed
809 4897 1142 4971 agnoscimus
1172 4893 1351 4946 titulos
1375 4887 1512 4954 regis
1534 4885 1722 4943 nostri,
1750 4883 1878 4936 titti-

307 5006 394 5058 los
431 4995 768 5070 imperatoris
806 4989 992 5046 nostri.
1023 4987 1126 5043 Sed
1163 4982 1288 5054 quid
1329 4978 1593 5036 dicimus?
1619 4975 1662 5031 Ο
1694 4976 1884 5029 domus

305 5065 526 5153 misera,
551 5088 636 5141 ille
663 5095 714 5140 te
739 5081 1004 5152 possideat
1030 5077 1180 5146 cujus
1215 5072 1397 5127 titulos
1437 5068 1632 5131 habes;
1675 5065 1873 5121 Christi

309 5181 498 5237 titulos
522 5177 709 5237 babes,
735 5172 842 5227 noli
865 5184 984 5225 esse
1013 5166 1198 5221 Donati
1221 5160 1508 5234 possessio.

386 5271 477 5327 52.
516 5267 676 5324 Multa
715 5263 966 5326 diximus,
999 5259 1219 5321 fratres;
1245 5254 1338 5309 sed
1375 5251 1503 5306 illud
1537 5250 1603 5304 de
1633 5247 1885 5302 memoria

309 5372 494 5418 vestra
522 5375 625 5415 non
653 5354 886 5418 recedat,
922 5348 1060 5419 quod
1095 5346 1251 5402 hodie
1289 5344 1498 5414 legitur.
1531 5341 1668 5395 Ecce
1698 5341 1886 5393 iterum

309 5456 439 5512 dico
459 5495 473 5517 ,
502 5458 558 5508 et
578 5463 720 5519 smpe
750 5443 1031 5502 dicendum
1057 5449 1174 5496 est:
1203 5453 1297 5508 per
1325 5437 1496 5506 ipsum
1520 5434 1689 5498 diem,
1721 5431 1772 5485 id
1809 5440 1891 5486 est

314 5565 414 5622 per
438 5549 769 5600 sacramenta
798 5537 955 5608 hujus
984 5534 1088 5590 diei
1109 5531 1410 5600 constringo
1437 5543 1550 5593 vos,
1582 5536 1638 5581 ut
1663 5540 1765 5580 non
1791 5539 1887 5578 vo-

314 5621 401 5696 bis
421 5643 581 5693 exeat
602 5637 670 5688 de
692 5630 962 5688 cordibus.
993 5621 1553 5686 Commemorabuntur,
1590 5628 1638 5673 et
1678 5632 1884 5671 conuer-

382 5732 398 5761 ι
423 5735 520 5775 sex
545 5731 672 5781 Mss,
705 5725 919 5784 pergant.

381 5791 456 5853 (a)
482 5779 932 5850 Bagaitatiutit,'atu1i
955 5779 1064 5828 39-5.

1318 308 1704 368 ENAllRa'l'lO
1744 305 1813 358 LV
1845 301 2165 358 PSHMUM
2209 302 2371 358 XXII.

1898 425 2062 467 tentur
2086 415 2152 466 ad
2185 415 2456 467 Dominum
2482 414 2693 466 universi
2729 414 2851 482 fines
2901 424 3058 466 torrat.
3096 412 3159 465 Et
3188 413 3468 465 adorabunt

1896 508 1946 558 in
1987 517 2251 576 conspectu
2289 507 2395 574 ejus
2431 506 2672 559 universa’
2705 506 2884 574 patria?
2931 507 3172 575 gentium.
3219 505 3470 569 Quoniam

1899 596 2101 651 Domini
2122 606 2193 648 cst
2219 612 2446 664 regnum,
2469 606 2514 648 et
2532 596 2636 665 ipse
2661 595 2997 648 dominabitur
3021 596 3258 663 gentium.
3275 597 3466 650 Contra

1901 701 2004 742 tam
2032 697 2264 757 apertam
2283 696 2335 742 et
2359 686 2633 740 manifeste
2651 686 3061 741 demonstratam
3086 686 3473 753 possessionem

1899 779 2116 844 Christi,
2155 796 2256 832 non
2293 778 2516 832 audiatis
2563 778 2723 830 verba
2763 775 3176 830 calumniatoris.
3215 775 3478 845 Quidquid

1903 873 2310 937 contradicunt,
2367 871 2610 926 homines
2659 869 2839 924 dicunt
2893 886 2906 920 :

1843 981 1846 983 ’
1901 965 2052 1021 diett.

3364 296 3464 353 189.

2960 870 3061 924 hoc
3114 878 3289 923 autem
3343 869 3480 924 Deus

2329 1169 2406 1230 ΙΝ
2452 1168 2827 1228 PSALMUM
2873 1169 3058 1229 XXII

2504 1287 2915 1341 ENARRATIO.

2406 1401 2416 1426 '
2448 1399 2682 1452 Psalmus
2712 1399 2808 1466 ipsi
2840 1397 3019 1452 David.

1995 1535 2055 1587 1.,
2095 1531 2241 1605 [υενδ.
2295 1530 2651 1603 l.]-Ecclesia
2695 1529 2926 1601 loquitur
2955 1530 3167 1586 Christo
3199 1549 3212 1586 :
3248 1529 3494 1585 Dominus

1922 1625 2079 1694 pascit
2105 1640 2200 1686 me,
2226 1633 2271 1676 et
2303 1622 2426 1676 nihil
2455 1623 2576 1674 nti/ti
2601 1621 2772 1685 deerit,
2808 1622 3060 1674 Dominus
3082 1621 3236 1676 Jesus
3255 1620 3497 1675 Christus

1923 1724 2103 1783 pastor
2130 1728 2279 1768 meus
2303 1723 2406 1778 est,
2435 1722 2488 1766 et
2517 1713 2644 1765 nihil
2672 1713 2802 1766 mihi
2825 1712 3012 1767 deerit.

1991 1805 2046 1859 2.
2078 1803 2226 1876 [vers.
2269 1803 2350 1875 2.]
2381 1804 2447 1857 In
2487 1804 2594 1857 loco
2633 1819 2832 1874 pascuae
2865 1804 2932 1856 ibi
2971 1820 3048 1856 me
3093 1802 3352 1857 collocovit
3392 1820 3409 1856 :
3447 1805 3498 1856 in

1925 1897 2044 1950 loco
2074 1910 2280 1964 pascuae
2303 1894 2599 1964 incipientis
2628 1893 2692 1946 ad
2725 1892 2880 1947 [idem
2904 1895 2924 1923 ²
2955 1908 3038 1947 me
3067 1893 3360 1963 perducens
3386 1934 3399 1955 ,
3433 1893 3502 1946 ibi

1933 2003 2014 2042 me
2067 1987 2400 2042 nutriendum
2444 1988 2737 2040 collocavit.
2784 1985 2950 2053 Super
2994 2001 3178 2058 aquam
3224 1987 3504 2057 refectioni;

1930 2077 2155 2131 educavit
2204 2093 2281 2130 me
2322 2093 2339 2131 :
2379 2091 2540 2146 super
2578 2091 2765 2145 aquam
2809 2075 3090 2145 baptismi,
3122 2091 3227 2145 quo
3263 2074 3506 2130 reficiun-

1934 2179 2021 2223 tur
2057 2169 2145 2238 qui
2200 2168 2552 2239 integritatem
2603 2168 2846 2237 viresque
2894 2169 3223 2234 amiserant,
3267 2166 3508 2224 educavit

1934 2278 2040 2316 me.

2007 2356 2057 2408 5.
2103 2353 2250 2427 [υει-ε.
2319 2352 2396 2426 3.]
2453 2355 2685 2407 Animam
2745 2369 2904 2407 nteam
2957 2355 3217 2407 convertit.
3288 2349 3511 2406 Dedumit

1939 2464 2017 2502 me
2037 2448 2086 2500 in
2111 2448 2296 2500 semitis
2313 2448 2545 2517 justitiaz,
2562 2456 2765 2516 propter
2789 2462 2966 2499 nomen
2989 2462 3156 2498 suum.
3181 2444 3405 2498 Deduxit
3425 2460 3511 2498 me
3585 2473 3588 2476 -

1941 2545 1996 2595 in
2024 2540 2261 2609 angustis
2288 2540 2582 2598 itineribus.
2621 2555 2738 2606 qua:
2765 2538 2914 2607 pauci
2958 2539 3267 2600 ambulant,
3297 2538 3516 2606 iustitia:

1943 2649 2086 2698 suae;
2115 2649 2219 2688 non
2248 2643 2464 2703 propter
2493 2632 2734 2686 meritum
2761 2645 2958 2696 meum,
2982 2630 3072 2685 sed
3094 2639 3517 2700 propternomen

1945 2743 2120 2783 suum.

2017 2821 2068 2873 4.
2103 2817 2249 2890 [νει-ε.
2297 2813 2374 2886 4.]
2419 2813 2554 2868 Nam
2603 2823 2645 2867 et
2689 2814 2732 2866 si
2772 2811 3018 2866 ambulem
3062 2812 3115 2866 in
3148 2813 3310 2866 medio
3331 2811 3521 2866 umbra:

1951 2912 2122 2966 mortis
2149 2928 2167 2964 :
2189 2926 2306 2964 nam
2337 2919 2390 2963 et
2413 2910 2456 2962 si
2495 2906 2757 2961 ambulem
2785 2906 2835 2958 in
2857 2904 3030 2958 medio
3049 2905 3170 2958 vita:
3197 2903 3372 2972 hujus,
3402 2919 3520 2973 qua:

1955 3006 2134 3059 umbra
2163 3003 2350 3056 mortis
2377 3011 2478 3056 est.
2526 2998 2645 3052 Non
2675 2998 2852 3051 timebo
2879 2999 3042 3061 mala,
3072 2998 3308 3064 quoniam
3335 3007 3387 3050 tu
3417 3013 3522 3050 me-

1952 3115 2063 3151 tum
2089 3112 2140 3149 es
2163 3113 2181 3148 :
2201 3109 2307 3148 non
2327 3091 2523 3146 timebo
2543 3091 2701 3156 mala,
2724 3091 2968 3159 quoniam
2986 3097 3040 3142 tu
3063 3088 3266 3142 habitas
3288 3089 3339 3142 in
3365 3087 3526 3143 corde

1957 3205 2074 3242 tneo
2104 3202 2199 3255 per
2226 3184 2380 3238 fidem
2406 3199 2421 3249 ;
2449 3192 2503 3238 et
2528 3197 2668 3237 nunc
2699 3195 2902 3235 mecum
2931 3194 3018 3246 es,
3055 3189 3114 3234 ut
3147 3188 3264 3249 post
3289 3178 3526 3233 umbram

1959 3279 2142 3332 mortis
2171 3277 2329 3330 etiam
2359 3290 2457 3344 ego
2486 3274 2584 3328 sint
2608 3284 2803 3328 tecum.
2841 3270 3091 3341 Virgatua
3107 3280 3151 3325 et
3167 3270 3372 3324 baculus
3392 3279 3526 3334 tuus,

1958 3373 2069 3440 ipsa
2097 3386 2173 3422 me
2199 3369 2454 3422 consolata
2475 3374 2590 3419 sunt
2618 3383 2636 3418 :
2662 3364 2940 3434 disciplina
2971 3371 3054 3417 tua
3097 3371 3344 3432 tanquam
3387 3361 3530 3431 virga

1963 3461 2026 3515 ad
2056 3475 2268 3529 gregem
2296 3456 2471 3512 ovium
2503 3497 2516 3520 ,
2545 3464 2599 3509 et
2628 3465 2875 3524 tanquam
2904 3453 3118 3508 baculus
3140 3452 3248 3520 jam
3282 3451 3348 3505 ad
3377 3466 3531 3520 gran-

1962 3552 2135 3604 diores
2168 3550 2302 3623 tilias
2327 3559 2378 3603 et
2399 3548 2464 3602 ab
2490 3547 2700 3602 animali
2729 3547 2830 3600 vita
2847 3544 2913 3598 ad
2934 3543 3260 3614 spiritualem
3286 3557 3532 3596 crescen-

1967 3651 2042 3695 tes
2063 3685 2076 3706 ,
2114 3643 2223 3710 ipsa
2269 3655 2353 3693 me
2399 3655 2502 3692 non
2533 3635 3051 3704 afﬂixerunt,‘magis
3077 3633 3346 3688 consolata
3374 3641 3532 3695 sunt;

1965 3732 2084 3802 quia
2117 3746 2318 3783 memor
2347 3743 2405 3783 es
2434 3728 2558 3782 mei.

2037 3822 2088 3876 5.
2118 3820 2264 3892 [ναῖε.
2317 3818 2396 3890 5.]
2438 3817 2642 3871 Parasti
2691 3817 2744 3869 in
2791 3825 3056 3886 conspectu
3101 3831 3209 3869 meo
3258 3831 3533 3879 mensam,

1968 3916 2204 3969 adversus
2232 3931 2314 3968 eos
2342 3915 2428 3982 qui
2471 3907 2710 3965 tribulant
2748 3927 2826 3964 me
2863 3925 2881 3964 :
2911 3920 3029 3980 post
3071 3909 3270 3980 virgam
3323 3919 3500 3966 autem
3522 3953 3536 3975 ,

1971 4007 2071 4080 qtia
2103 4007 2350 4078 parvulus
2389 4016 2442 4060 et
2471 4003 2715 4059 animalis
2749 4003 2801 4057 in
2830 4018 2988 4073 grege
3009 4002 3214 4073 pascuis
3239 4003 3538 4066 erudiebztr,

1975 4110 2094 4172 post
2134 4099 2274 4153 illam
2302 4099 2500 4168 virgam
2527 4111 2647 4150 eum
2672 4110 2792 4150 esse
2810 4095 2948 4165 ccepi
2975 4095 3072 4150 sub
3097 4095 3302 4160 baculo,
3347 4098 3542 4166 parasti

1975 4199 2031 4249 in
2058 4193 2345 4261 conspectu
2365 4204 2482 4245 meo
2510 4195 2843 4252 mensatn,ut
2871 4202 2974 4240 non
2992 4188 3100 4256 jam
3122 4187 3258 4241 lacte
3286 4187 3398 4240 alar
3425 4201 3546 4255 par-

1974 4286 2127 4340 vulus
2152 4284 2196 4355 (1
2219 4283 2332 4337 Cor.
2367 4298 2443 4346 nt,
2468 4281 2557 4351 2),
2589 4278 2682 4334 sed
2712 4278 2881 4349 major
2919 4279 3092 4334 cibum
3130 4278 3152 4310 ³
3189 4292 3423 4341 sumam,
3458 4277 3547 4330 tir-

1980 4387 2152 4433 matus
2185 4375 2438 4430 adversus
2466 4387 2560 4428 eos
2600 4372 2689 4442 qui
2717 4371 2967 4427 tribulant
2991 4386 3094 4426 me.
3129 4368 3463 4440 Impinguasti
3496 4369 3548 4421 in

1979 4470 2087 4525 oleo
2107 4469 2258 4538 caput
2287 4480 2488 4519 meum:
2519 4463 2790 4520 lattilieasli
2819 4462 2998 4516 laetitia
3024 4460 3283 4531 Spirituzili
3315 4466 3547 4512 mentem

1981 4578 2173 4618 meam.
2201 4559 2266 4614 Et
2311 4559 2546 4636 poculum
2591 4568 2734 4611 tuum
2778 4554 3030 4609 inebrians
3067 4567 3221 4622 quam
3254 4550 3552 4606 oraclorum

1981 4667 2052 4711 est
2083 4656 2155 4725 (a)
2181 4655 2193 4707 !
2223 4662 2273 4708 et
2307 4651 2549 4723 poculum
2594 4660 2739 4704 tuum
2770 4647 3087 4702 oblivionem
3116 4652 3375 4713 praestans
3403 4642 3548 4712 prio-

1985 4765 2100 4806 rum
2129 4763 2378 4802 vanarum
2417 4743 2824 4800 delectationem
2845 4781 2858 4803 ,
2887 4753 3044 4808 quam
3080 4736 3394 4807 praeclarum
3429 4737 3547 4790 est!

2055 4842 2108 4897 6.
2142 4840 2289 4913 [item
2320 4837 2396 4910 6.]
2437 4837 2502 4890 Et
2566 4831 2910 4889 misericordia
2967 4839 3053 4883 tua
3105 4828 3428 4899 subsequatur
3476 4846 3556 4884 me

1986 4933 2214 4988 omnibus
2264 4929 2436 4983 diebus
2477 4927 2590 4980 vita:
2619 4938 2779 4977 meae:
2807 4921 2857 4975 id
2887 4928 2988 4985 est,
3039 4919 3295 4990 quamdiu
3346 4919 3542 4973 vivooin

1989 5029 2088 5082 hac
2121 5023 2326 5078 mortali
2353 5022 2488 5084 vita,
2509 5033 2613 5072 non
2645 5026 2752 5080 tua,
2780 5013 2872 5070 sed
2916 5028 3053 5067 mea.
3109 5010 3470 5067 Utinhabt‘tem
3495 5012 3547 5064 in

1977 5117 2138 5170 'domo
2165 5112 2369 5168 Domini
2421 5116 2476 5162 tn
2524 5107 2890 5178 longitudinem
2936 5103 3174 5158 dierum:
3202 5103 3558 5171 subsequetur

1989 5217 2164 5264 autem
2192 5219 2277 5258 me
2299 5219 2402 5257 non
2436 5200 2519 5255 hic
2550 5206 2775 5263 tantum,
2804 5195 2896 5252 sed
2923 5196 3081 5251 etiam
3113 5204 3168 5249 ut
3190 5193 3478 5249 inhabilem
3503 5193 3558 5245 in

1991 5298 2149 5353 domo
2180 5293 2383 5349 Domini
2415 5293 2466 5345 in
2492 5300 2771 5353 aeternum.
3479 5301 3482 5304 ·

2057 5455 2072 5486 ¹
2102 5446 2483 5524 addi-tnﬁnem,
2510 5443 2742 5506 Psalmus,
2763 5451 2858 5494 etc.
2893 5444 3055 5504 Abest,
3085 5449 3137 5491 tn
3151 5439 3312 5506 ﬁnem,
3331 5451 3358 5488 a
3509 5443 3560 5484 et

1993 5531 2020 5568 a
2041 5516 2188 5566 sacris
2214 5511 2386 5560 Bibliis.

2056 5581 2074 5608 ‘-'
2101 5583 2245 5640 vetus
2265 5573 2418 5640 codex
2441 5572 2596 5627 Corb.,
2618 5584 2648 5618 a
2670 5568 2784 5640 (ide.

2059 5641 2078 5672 ³
2101 5637 2231 5706 Iit_ltl.,
2277 5633 2360 5706 sed
2385 5625 2614 5706 majorem
2636 5625 3014 5706 cibttmsumam.
3043 5625 3228 5687 Aliquot
3265 5631 3388 5674 Μεε..
3415 5631 3562 5682 ηιωο-

1997 5716 2077 5768 res_
2103 5691 2253 5768 cibos._
2271 5696 2353 5744 alii
2375 5691 2568 5768 plures:
2595 5692 2756 5768 major
2770 5691 2945 5768 filium.

2060 5763 2131 5818 (al
2159 5767 2225 5806 De
2244 5741 2635 5819 nuditatem.
2716 5753 2823 5802 vide
2847 5758 2906 5798 l‘u
2926 5761 3007 5799 νιτ.
3033 5747 3150 5796 t‘.-al.
3179 5760 3326 5807 xxxv,
3346 5759 3394 5794 ιι.
3421 5741 3499 5795 Η.
