3988 6188
470 295 570 355 185

870 501 952 561 IN
995 498 1368 561 PSALMUM
1411 497 1626 559 XXIII

1057 620 1189 676 ENA
1200 619 1473 675 “RATIO.

748 733 981 788 Psalmus
1008 734 1108 804 ipsi
1126 733 1319 801 Darid,
1349 735 1513 804 prima
1541 732 1751 787 sabbati.

547 848 598 903 1.
626 847 777 920 (vers.
831 846 908 919 1.]
934 848 1173 901 Psalmus
1202 847 1297 917 ipsi
1333 846 1492 901 David
1513 886 1529 912 ,
1559 845 1625 901 de
1665 843 2040 925 clarificatione

440 954 443 955 '
475 952 530 996 ct
553 940 943 997 resurrectione
992 940 1223 1006 Domini,
1250 956 1367 1010 qua-
1395 941 1650 994 matutino
1676 940 1860 1008 prima;
1904 938 2029 993 sab-

470 1033 577 1091 bati
610 1031 743 1088 facta
773 1040 875 1097 est,
904 1032 991 1101 qui
1030 1032 1136 1101 jam
1176 1031 1291 1085 dies
1313 1030 1606 1084 dominicus
1630 1029 1840 1085 dicitur.

536 1126 591 1182 2.
641 1124 791 1198 [vers.
818 1123 898 1197 2.]
923 1123 1130 1179 Domini
1158 1133 1227 1177 est
1257 1132 1389 1176 terra
1418 1131 1464 1176 et
1488 1120 1747 1191 plenitudo
1780 1120 1908 1191 ejus,
1938 1135 2031 1172 ονε»
2078 1151 2086 1160 -

471 1222 543 1276 bis
585 1230 829 1274 terrarum
850 1228 895 1273 et
924 1218 1144 1272 universi
1164 1218 1249 1287 qui
1273 1215 1499 1269 habitant
1532 1216 1585 1269 in
1610 1231 1668 1268 ea
1696 1214 1711 1246 ⁸
1746 1231 1759 1267 :
1790 1227 1912 1269 cum
1932 1213 2041 1266 cla-

475 1312 707 1366 rilicatus
737 1309 991 1363 Dominus
1032 1309 1372 1363 annuntiatur
1394 1306 1445 1361 in
1480 1306 1635 1359 [idem
1659 1304 1893 1359 omnium
1916 1320 2038 1373 gen-

472 1402 599 1457 tium
624 1444 639 1467 ,
669 1413 725 1456 et
744 1402 1024 1455 univcrsus
1062 1400 1208 1455 orbis
1235 1407 1494 1453 terrarum
1530 1398 1586 1450 fit
1614 1396 1845 1452 Ecclesia
1900 1395 2033 1465 ejus.

476 1494 593 1564 Ipse
611 1511 761 1565 super
786 1494 946 1547 maria
971 1492 1201 1563 {undavit
1227 1508 1336 1545 eam
1383 1508 1402 1546 :
1431 1493 1542 1561 ipse
1582 1487 1882 1545 firmissime
1927 1499 2038 1541 sta-

475 1583 643 1637 bilivit
675 1599 791 1638 eam
817 1597 978 1652 super
1014 1597 1202 1637 omnes
1230 1582 1419 1636 ﬂuctus
1460 1581 1638 1635 δευουιί
1665 1579 1842 1647 hujus.
1870 1588 1928 1633 ut
1971 1578 2038 1631 ab

471 1692 532 1730 ea
562 1684 969 1746 superarentur,
1014 1690 1115 1730 nec
1162 1684 1416 1729 nocerent
1457 1674 1526 1730 ei.
1558 1672 1625 1727 Et
1652 1690 1804 1742 super
1830 1673 2041 1742 ﬂumina

474 1768 777 1834 prteparavit
813 1784 923 1820 eam
955 1781 975 1820 :
1007 1766 1219 1820 ﬂumina
1263 1766 1314 1819 in
1363 1780 1509 1821 mare
1559 1762 1757 1829 ﬂuunt,
1780 1775 1835 1818 et
1862 1761 2037 1830 cupidi

474 1858 716 1913 homines
763 1857 1010 1912 labuntur
1034 1858 1086 1911 in
1131 1856 1422 1919 sarculum;
1455 1858 1612 1910 etiam
1653 1855 1783 1909 istos
1826 1834 2042 1922 superat

477 1948 709 2004 Ecclesia
736 1964 855 2019 quzc
903 1948 1125 2005 devictis
1161 1964 1257 2017 per
1294 1946 1386 2003 Dei
1413 1947 1635 2017 gratiam
1664 1944 2040 2012 cupiditatibus

480 2041 820 2096 saecularibus
863 2041 927 2097 ad
973 2040 1327 2111 recipiendam
1378 2038 1824 2095 immortalitatem
1863 2036 2040 2093 chari-

476 2141 580 2186 tate
601 2141 778 2201 parata
800 2143 881 2186 eSt
902 2134 943 2184 ⁸.

542 2226 596 2280 5.
625 2223 774 2297 [υεη.
815 2223 895 2297 5.]
933 2225 1056 2291 Quis
1091 2202 1397 2279 ascendefin
1422 2234 1635 2277 montem
1665 2223 1902 2277 Domini?
1927 2221 2043 2293 quis

480 2317 734 2372 ascendet
777 2318 831 2371 in
860 2317 1169 2372 altissimam
1211 2317 1466 2385 justitiam
1508 2317 1766 2371 Domini?
1808 2319 1906 2370 Aut
1931 2318 2042 2388 quis

475 2407 622 2461 stabit
648 2406 701 2461 in
727 2408 837 2462 loco
866 2416 1039 2461 sancto
1069 2408 1177 2477 ejus
1198 2406 1225 2460 Ρ
1248 2415 1339 2460 aut
1376 2407 1495 2476 quis
1519 2407 1846 2474 permanebit
1876 2406 1926 2460 in
1954 2423 2037 2470 eo,

474 2514 579 2565 quo
602 2499 853 2554 ascendet
876 2514 1056 2568 ,super
1080 2496 1246 2553 maria
1283 2496 1501 2553 fundato
1528 2505 1585 2553 et
1629 2513 1790 2567 super
1824 2496 2041 2554 ﬂumina

481 2605 716 2659 prtepara
724 2599 776 2645 to
796 2590 912 2645 loco
932 2590 957 2644 ?

543 2683 597 2737 4.
626 2680 775 2759 [ωτι.
805 2681 885 2756 4.]
931 2682 1179 2737 Innocens
1222 2682 1451 2736 manibus
1496 2692 1543 2735 et
1587 2682 1803 2736 mundus
1840 2680 1994 2735 corde
2017 2697 2038 2737 .'

476 2773 593 2839 quis
616 2787 745 2843 ergo
776 2773 900 2827 illuc
928 2771 1211 2834 ascendet,
1245 2780 1300 2827 et
1336 2771 1667 2841 permanebit
1694 2772 1760 2825 ibi
1785 2814 1799 2828 .
1829 2772 1928 2826 nisi
1964 2770 2043 2823 in-

475 2876 672 2915 nocens
719 2861 781 2915 in
822 2861 1107 2931 operibus,
1152 2870 1207 2916 et
1248 2862 1473 2916 mundus
1510 2862 1561 2916 in
1605 2861 2044 2932 cogitationibus?

478 2953 579 3015 (lui
623 2969 724 3005 non
761 2953 951 3020 accepit
987 2953 1039 3006 in
1071 2968 1200 3007 vano
1231 2953 1454 3005 animum
1501 2968 1645 3006 suam
1671 2953 1798 3023 :qui
1842 2969 1946 3006 non
1987 2952 2040 3005 in

478 3041 635 3097 rebus
669 3056 773 3096 non
818 3042 1252 3113 permanentibus
1277 3042 1547 3112 deputavit
1574 3043 1803 3096 animam
1844 3058 1993 3096 suam
2023 3083 2039 3107 ,

477 3132 568 3187 sed
595 3148 713 3188 eam
740 3134 1094 3189 immortalem
1126 3134 1383 3201 sentiens,
1414 3135 1764 3189 mtcrnitatem
1795 3135 2040 3189 stabilem

481 3235 637 3293 atque
682 3225 1167 3281 incommutabilem
1213 3225 1551 3281 desideravit.
1603 3226 1668 3279 Et
1720 3243 1819 3280 non
1842 3228 2041 3295 juravit

479 3317 708 3385 proximo
748 3333 841 3371 suo
872 3318 928 3371 in
955 3316 1075 3370 dolo
1103 3332 1122 3371 :
1143 3326 1198 3372 et
1242 3316 1362 3372 ideo
1406 3317 1521 3371 sine
1559 3315 1683 3372 dolo
1703 3359 1718 3383 ,
1747 3317 1884 3373 sicut
1916 3317 2044 3369 sim-

479 3410 633 3476 plicia
659 3418 714 3464 et
757 3425 862 3465 non
906 3409 1139 3464 fallentia
1181 3416 1304 3464 sunt
1326 3416 1524 3464 mterna
1548 3451 1564 3475 ,
1595 3408 1664 3464 ita
1703 3423 1763 3464 se
1818 3408 2042 3478 przebuit

481 3500 719 3567 proximo
739 3514 856 3556 suo.

551 3592 603 3645 5.
646 3590 803 3664 [ναι.
852 3590 931 3665 5.]
962 3592 1060 3646 Hic
1079 3593 1287 3664 accipiet
1332 3591 1718 3647 benedictionem
1744 3608 1777 3645 a
1810 3592 2041 3657 Domino,

479 3692 526 3735 et
564 3682 954 3736 misericordiam
976 3700 1008 3736 a
1035 3683 1143 3737 Deo
1165 3682 1376 3737 salutari
1398 3700 1509 3737 suo.

549 3772 601 3827 6.
632 3772 782 3842 [vers.
811 3772 888 3847 6.]
921 3774 1045 3829 llwc
1091 3784 1163 3830 est
1208 3776 1458 3846 generatio
1494 3776 1821 3844 quarrentium
1868 3774 2045 3830 Domi-

484 3880 604 3914 num
636 3880 653 3917 :
686 3864 765 3919 sic
800 3867 944 3919 enim
986 3875 1273 3920 nascuntur
1317 3865 1407 3936 qui
1436 3875 1677 3936 quzcrunt
1722 3880 1863 3920 cum.
1895 3865 2050 3931 Qua:-

486 3955 697 4007 rrutium
727 3957 904 4025 faciem
934 3956 1029 4011 Dei
1054 3957 1216 4012 Iacob
1256 3954 1331 4029 (a)
1362 3964 1835 4027 :quaaruntautem
1864 3956 2049 4011 faciem

490 4044 581 4097 Dei
601 4086 617 4106 ,
644 4045 730 4111 qui
768 4046 1027 4114 posterius
1056 4056 1181 4102 nato
1206 4048 1487 4116 prima-tum
1510 4046 1674 4103 dedit.

556 4135 609 4187 'l.
636 4132 804 4206 Iners.
834 4134 912 4208 7.]
956 4134 1141 4193 Tollite
1178 4147 1349 4206 portas
1389 4139 1637 4207 principes
1665 4140 1810 4193 vestri
1844 4139 1864 4170 ⁸
1895 4139 2049 4208 :qui-

487 4241 716 4296 cumque
744 4227 1089 4297 principatum
1116 4229 1169 4283 iu
1198 4229 1497 4285 hominibus
1522 4230 1780 4300 qumritis,
1822 4233 2045 4293 auferte.

490 4334 558 4373 ne
584 4317 891 4389 impediant.
918 4317 1093 4373 aditus
1118 4333 1250 4388 quos
1272 4334 1366 4374 vos
1394 4320 1652 4375 statuistis
1677 4321 1978 4390 cupiditatis
2000 4332 2054 4376 et

491 4412 717 4467 timoris.
749 4409 817 4465 Et
846 4411 1109 4466 eleaamini
1156 4420 1314 4480 portae
1337 4412 1596 4468 wternales
1631 4430 1650 4467 :
1678 4422 1732 4468 et
1769 4414 2051 4470 elevamini

489 4502 664 4558 aditus
687 4510 901 4559 alterna:
921 4503 1063 4567 vitae,
1090 4502 1492 4559 renuntiationis
1530 4504 1726 4559 sarculo
1744 4513 1797 4559 ct
1826 4520 2053 4559 conver-

490 4594 658 4651 sionis
680 4594 747 4650 ad
796 4595 983 4652 Deum.
1031 4594 1095 4648 Et
1122 4595 1343 4649 introibit
1367 4611 1457 4649 rex
1488 4594 1663 4665 gloria:
1687 4611 1706 4649 :
1726 4606 1781 4651 et
1819 4597 2057 4652 introibit

492 4699 606 4749 rex,
635 4684 689 4738 in
738 4700 846 4755 quo
873 4686 988 4742 sine
1016 4685 1261 4756 superbia
1298 4685 1623 4757 gloriemur;
1654 4686 1742 4756 qui
1792 4688 2059 4757 superatis

488 4774 661 4842 portis
687 4777 1040 4835 mortalitatis.
1073 4788 1126 4832 et
1162 4777 1436 4846 patefactis
1480 4776 1576 4830 sibi
1604 4777 1928 4845 cmlestibus,
1956 4778 2056 4833 im-

493 4866 655 4933 plevit
679 4867 822 4937 quod
859 4869 975 4924 ait:
1003 4868 1247 4937 Gaudete,
1279 4869 1515 4942 quoniam
1550 4885 1641 4941 ego
1678 4869 1773 4924 eiei
1815 4870 2057 4926 secutum

492 4955 673 5025 (Joan.
698 4972 810 5025 xvt,
842 4959 953 5029 33).

562 5050 619 5107 8.
652 5049 802 5124 [ειη.
848 5051 927 5127 8.]
976 5053 1102 5120 Quis
1115 5065 1193 5110 est.
1211 5056 1303 5111 iste
1335 5072 1425 5110 rea:
1454 5056 1630 5126 gloria:
1648 5055 1675 5110 1’
1704 5065 1857 5126 pavet
1884 5055 2057 5111 admi-

493 5156 618 5196 rans
658 5151 850 5198 natura
881 5143 1154 5205 mortalis.
1202 5154 1256 5200 ct
1289 5148 1479 5215 qua'rit
1501 5187 1517 5213 ,
1558 5146 1683 5215 Quis
1718 5156 1791 5202 est
1838 5148 1932 5201 iste
1968 5164 2060 5203 rea:

490 5232 670 5304 gloria:
687 5232 716 5286 ?
732 5227 982 5288 Dominus
1021 5236 1165 5305 {ortis
1187 5245 1234 5290 et
1258 5246 1432 5305 potens
1454 5253 1473 5289 :
1492 5253 1648 5307 quem
1681 5246 1734 5291 tu
1781 5237 2050 5292 infirmum

494 5332 552 5378 et
576 5337 890 5392 oppressum
927 5323 1140 5393 putasti.
1169 5323 1416 5378 Dominus
1454 5335 1629 5395 potens
1660 5326 1712 5381 in
1739 5327 1869 5382 bello
1893 5343 1913 5381 :
1933 5342 2062 5383 con-

555 5461 572 5494 ¹
597 5458 732 5519 κω..
753 5458 806 5512 in
825 5472 897 5512 eo.
922 5466 977 5510 At
996 5465 1400 5520 Iss.eoostanter
1420 5458 1599 5520 ferunt,
1619 5462 1672 5512 in
1692 5475 1767 5512 ea.

556 5525 577 5594 ξ
599 5524 799 5594 ῥίς-ωδε.
823 5521 1076 5594 ιερῶνθςρ,
1101 5519 1467 5594 immortalitatis
1487 5519 1753 5594 claritatem
1778 5530 1947 5594 parata
1966 5529 2056 5573 cst.

557 5585 578 5616 ³
602 5584 733 5644 ωα..
770 5589 965 5634 vestras.
1001 5589 1107 5633 Mss.
1152 5595 1271 5646 vero
1306 5591 1611 5646 constanter,
1650 5584 1793 5635 vestri
1836 5596 1854 5633 :
1893 5587 2062 5646 suum:

491 5648 638 5712 etiam
662 5646 950 5712 Augustinus
969 5647 1018 5697 in
1044 5647 1184 5709 epist.
1209 5644 1314 5707 πῖ,
1342 5659 1390 5695 n.
1415 5644 1462 5693 8.

557 5707 628 5770 (a)
655 5705 930 5771 Diapsalma.

1659 291 1713 344 S.
1757 280 2123 344 AUGUSTINI
2161 281 2458 338 EPISCUPI

3615 280 3723 332 liii

2154 401 2315 447 tracta
2344 393 2646 455 cicatrices,
2680 402 2733 448 et
2762 394 2960 448 senties
2982 402 3270 462 reparatas,
3298 403 3353 449 ct
3387 394 3721 449 immortali-

2153 485 2244 538 tati
2283 484 2537 539 redditam
2584 484 2942 557 iulirmitatem
2982 483 3285 537 humanam.
3316 484 3586 539 l‘ersoluta
3632 494 3731 539 cst

2151 566 2267 645 qua:
2296 576 2584 631 debebatur
2610 577 2783 641 terris,
2814 577 2901 632 ubi
2928 591 3050 630 cum
3077 586 3247 630 morte
3283 575 3585 646 belligerata
3604 588 3719 637 cst.

2150 670 2455 724 clarilicatio
2487 668 2711 723 Domini.

2217 762 2270 816 9.
2304 760 2451 834 [κη.
2496 758 2574 833 9L]
2619 759 2803 814 Tollite
2850 769 3019 830 portas
3057 760 3307 828 principes
3354 760 3498 812 uestri
3537 775 3556 811 :
3592 760 3728 812 lnnc

2144 851 2255 919 jam
2282 860 2527 920 pergatur
2553 851 2603 905 in
2629 850 2844 905 caelum.
2871 849 3140 903 Exclamet
3183 848 3377 903 iterum
3405 847 3721 917 prophetica

2094 984 2099 990 .
2149 942 2271 996 tuba
2300 958 2312 994 :
2337 940 2525 995 Tollite
2569 951 2767 1009 portas.
2794 938 2952 994 etiam
2982 938 3228 994 cmlcstes
3268 938 3553 1007 principes,
3584 952 3724 1006 quas

2149 1032 2352 1088 habetis
2399 1034 2450 1087 in
2499 1032 2689 1086 animis
2744 1031 3015 1085 hominum
3061 1031 3148 1100 qui
3200 1030 3423 1084 adorant
3470 1031 3723 1083 militiam

2145 1124 2263 1179 curii
2292 1122 2381 1194 (IV
2406 1122 2530 1193 Reg.
2552 1139 2679 1189 xvu,
2705 1122 2815 1192 16).
2847 1121 2916 1175 Et
2943 1121 3202 1175 elevamini
3228 1131 3387 1190 porta:
3410 1121 3666 1175 (etei-nales
3696 1138 3721 1173 :

2144 1227 2198 1273 et
2221 1217 2496 1272 clemmini
2529 1224 2692 1286 portae
2734 1224 2946 1269 (eterna:
2971 1214 3206 1283 iustitia),
3245 1212 3518 1268 charitatis
3546 1222 3598 1266 et
3628 1228 3728 1266 ca-

2145 1306 2357 1371 3titatis,
2388 1322 2484 1376 per
2506 1319 2639 1375 quas
2657 1305 2830 1358 anima
2861 1303 3028 1371 diligit
3054 1318 3216 1356 unum
3244 1317 3426 1357 verum
3451 1302 3635 1367 Deum,
3663 1312 3730 1357 et

2146 1415 2250 1452 non
2279 1398 2569 1453 fornicatur
2612 1397 2712 1452 sub
2739 1396 2915 1450 multis
2940 1396 3030 1465 qui
3061 1392 3388 1466 appellantur
3411 1394 3505 1455 dii.
3541 1394 3603 1448 Et
3631 1395 3728 1447 in-

2098 1510 2103 1515 ο
2146 1489 2309 1543 troibit
2334 1506 2423 1544 rex
2441 1490 2613 1560 gloria:
2641 1505 2659 1543 :
2681 1499 2737 1544 et
2759 1487 2995 1542 introibit
3015 1502 3105 1541 rex
3131 1487 3332 1556 gloriae,
3359 1495 3420 1540 ut
3442 1486 3507 1540 ad
3529 1487 3728 1542 dexte—

2147 1596 2256 1633 ram
2290 1580 2457 1634 Patris
2479 1579 2777 1648 interpellet
2804 1593 2899 1647 pro
2925 1577 3079 1631 nobis
3104 1576 3279 1647 (Rom.
3311 1592 3423 1639 vm,
3450 1576 3567 1645 3i).

2217 1671 2284 1726 10
2348 1668 2496 1742 [vers
2529 1668 2640 1743 10.]
2682 1669 2807 1736 Quis
2844 1678 2914 1722 est
2943 1669 3035 1722 iste
3074 1683 3163 1720 rea:
3191 1666 3406 1737 gloriat?
3434 1665 3555 1733 quid
3582 1674 3637 1719 ct
3661 1674 3725 1719 tu

2146 1764 2390 1832 princeps
2435 1763 2711 1831 potestatis
2751 1764 2890 1816 aeris
2930 1760 3087 1830 hujus
3133 1760 3362 1824 miraris,
3410 1768 3464 1812 ct
3500 1757 3759 1827 σιωπὴν

2149 1852 2273 1917 Quis
2296 1862 2369 1905 est
2396 1852 2488 1906 iste
2514 1868 2604 1906 rex
2626 1850 2844 1921 gloriaz?
2872 1850 3114 1907 Dominus
3141 1850 3378 1902 virtutum
3410 1848 3513 1916 ipse
3539 1857 3609 1900 est
3627 1862 3731 1903 rex

2144 1946 2321 2014 gloria:
2345 1959 2365 1999 :
2392 1954 2446 1999 et
2472 1944 2580 2013 jam
2604 1944 2860 2001 vivificatu
2887 1956 3132 2011 Corpore,
3166 1957 3323 2009 supra
3353 1950 3403 1994 te
3435 1940 3602 2012 pergit
3629 1938 3730 1992 ille

2148 2044 2407 2100 tentatus;
2434 2050 2591 2105 supra
2618 2049 2804 2088 omnes
2826 2034 3052 2105 Angelos
3075 2032 3259 2095 tendit,
3283 2031 3348 2084 ab
3374 2030 3560 2100 angelo
3584 2045 3730 2098 pra--

2145 2127 2437 2181 varicatore
2483 2126 2571 2180 ille
2618 2135 2866 2181 tentatus.
2914 2123 3080 2178 Nemo
3123 2132 3356 2177 vestrum
3401 2135 3461 2175 se
3503 2120 3730 2190 objiciet

2147 2228 2308 2287 atque
2337 2216 2653 2275 intercludat
2679 2218 2776 2270 iter
2805 2225 3065 2276 nostrum,
3097 2223 3155 2267 ut
3183 2223 3428 2283 tanquam
3456 2212 3591 2267 Deus
3619 2227 3724 2267 co.

2148 2310 2283 2365 latur
2301 2325 2331 2362 a
2359 2310 2547 2365 nobis:
2582 2324 2752 2378 ιιυψω
2781 2307 3138 2376 principatus,
3155 2320 3326 2373 neque
3354 2304 3588 2373 angelus,
3618 2318 3725 2357 ne-

2147 2418 2249 2470 que
2274 2403 2441 2456 virtus
2465 2417 2560 2457 nos
2577 2407 2791 2469 separat
2821 2415 2851 2451 a
2881 2398 3138 2453 cltaritate
3163 2394 3357 2451 Christi
3385 2394 3569 2468 (Ibid,
3597 2395 3724 2463 '59).

2149 2493 2349 2547 [Bonum
2373 2503 2450 2549 (st
2480 2508 2694 2563 sperare
2715 2491 2768 2545 in
2801 2490 3043 2554 Domino,
3071 2504 3227 2558 quant
3255 2502 3469 2557 sperare
3497 2489 3548 2540 in
3570 2487 3726 2555 prin-
3814 2546 3819 2549 _

2146 2584 2264 2651 cipe
2311 2582 2483 2652 (Psal.
2529 2597 2687 2645 csvu,
2722 2580 2789 2651 9)
2821 2598 2835 2635 :
2864 2591 2921 2633 ut
2956 2580 3045 2648 qui
3088 2578 3360 2649 gloriatur,
3405 2578 3456 2631 in
3495 2576 3759 2631 Domino'

2146 2676 2401 2745 glorietur
2435 2673 2476 2744 (ι
2514 2672 2631 2729 Cor.
2665 2689 2704 2738 ι,
2748 2673 2862 2741 51).
2892 2672 3025 2725 Sunt
3060 2668 3272 2739 quidem
3312 2669 3425 2722 ista:
3467 2668 3519 2721 in
3563 2667 3731 2734 hujus

2149 2766 2330 2821 mundi
2382 2766 2712 2820 ordiuationc
2762 2763 3004 2827 virtutes,
3051 2760 3145 2815 sed
3192 2759 3440 2815 Dominus
3481 2758 3733 2811 uirtutum

2147 2860 2255 2928 ipse
2275 2868 2348 2917 est
2373 2874 2465 2913 rea:
2482 2858 2676 2928 gloriw.

2542 3069 2620 3128 IN
2664 3066 3040 3128 PSALMUM
3084 3063 3295 3125 XXIV

2708 3184 3122 3242 ENARHATIO.

2501 3306 2565 3360 In
2592 3306 2760 3376 liuent,
2792 3303 3025 3357 Psttlntus
3052 3301 3150 3369 ipsi
3180 3298 3366 3353 David.

2224 3421 2274 3474 1.
2314 3418 2467 3489 hers.
2514 3416 2591 3489 1.]
2628 3416 2889 3477 Christus,
2935 3412 3027 3467 sed
3077 3412 3130 3466 in
3174 3411 3435 3499 Ecclesia:
3474 3421 3735 3477 persona,

2151 3510 2382 3580 loquitur
2412 3527 2426 3561 :
2455 3523 2576 3561 nam
2622 3506 2788 3575 magis
2822 3504 2888 3558 ad
2931 3503 3178 3571 populum
3220 3500 3566 3555 christianum:
3594 3512 3734 3553 con-

2152 3617 2363 3658 versum
2391 3600 2456 3654 ad
2487 3600 2650 3653 Deum
2678 3598 2942 3667 pertinan
2964 3612 3081 3664 qua:
3106 3593 3368 3649 dicuntur.

2220 3692 2273 3746 2.
2316 3691 2465 3764 [vers.
2496 3689 2576 3761 2.]
2615 3690 2694 3743 Ad
2735 3697 2800 3752 te,
2838 3674 3067 3752 Domine,
3093 3685 3247 3740 levari
3278 3685 3495 3737 animum
3524 3697 3688 3735 meum
3709 3697 3731 3735 :

2154 3780 2424 3837 desiderio
2467 3778 2750 3849 spirituali,
2791 3792 2908 3846 qua:
2945 3776 3242 3830 carnalibus
3274 3772 3553 3827 desideriis
3595 3787 3734 3824 con.

2153 3872 2459 3928 culcahatur
2500 3872 2553 3925 in
2598 3880 2759 3925 terra.
2803 3868 2940 3927 Deus
2986 3884 3146 3928 meus.
3184 3866 3237 3919 iu
3273 3875 3318 3919 te
3361 3863 3584 3931 con/ida,
3623 3878 3738 3917 non

2153 3968 2482 4019 erubescant:
2512 3963 2651 4017 Deus
2692 3976 2859 4025 meus,
2902 3976 2967 4015 ex
2997 3957 3227 4027 ecquod
3274 3958 3325 4010 in
3369 3970 3454 4010 me
3492 3952 3731 4008 conlide-

2154 4055 2296 4117 bam,
2351 4038 2634 4123 perductus
2674 4064 3000 4118 sumusquc
3046 4049 3110 4101 ad
3162 4049 3314 4102 istam
3364 4046 3728 4101 infirmitatem

2155 4146 2358 4205 carnis:
2403 4154 2457 4199 et
2481 4144 2568 4213 qui
2611 4143 2822 4200 deserto
2862 4141 2971 4196 Deo
3011 4140 3146 4195 sicut
3179 4139 3314 4193 Deus
3354 4152 3476 4193 esse
3518 4134 3731 4200 volui,a

2158 4235 2504 4292 minutissima
2529 4234 2747 4289 Instiula
2769 4239 2990 4287 mortem
3014 4231 3224 4294 timens,
3252 4228 3321 4283 de
3341 4227 3583 4296 superbia
3607 4241 3731 4281 mea

2158 4328 2345 4382 irrisus
2384 4325 2601 4390 erubui;
2628 4325 2737 4394 jam
2781 4338 2910 4393 ergo
2949 4323 3000 4376 in
3042 4330 3092 4375 lc
3129 4319 3359 4385 conﬁdo,
3392 4334 3495 4373 non
3531 4316 3728 4371 erube-

2156 4433 2322 4475 δαείη.

2230 4510 2284 4563 5.
2324 4506 2474 4580 [verm
2512 4505 2592 4579 5.]
2632 4504 2809 4575 Neque
2834 4504 3073 4559 irrideant
3099 4520 3177 4559 me
3196 4503 3386 4559 inimici
3411 4504 3507 4556 mei
3524 4519 3542 4556 :
3557 4517 3732 4569 neque

2161 4601 2411 4655 irrideant
2455 4614 2559 4658 me,
2596 4599 2687 4667 qui
2725 4596 3040 4667 serpentinis
3079 4606 3237 4664 atque
3274 4594 3496 4649 occultis
3540 4608 3731 4660 sugge-

2159 4691 2415 4746 stionibus
2440 4690 2769 4754 insidiantes,
2795 4694 2854 4743 et
2887 4697 3225 4755 suggerentes
3260 4685 3425 4752 Euge,
3457 4683 3621 4753 Euge,
3661 4684 3729 4739 ad

2162 4781 2276 4837 lucc
2300 4782 2626 4850 dejecerunt.
2656 4780 2853 4853 Etenim
2877 4778 3090 4834 universi
3121 4779 3207 4847 qui
3242 4788 3288 4832 te
3314 4786 3598 4847 exspectant
3626 4793 3733 4830 non

2159 4874 2546 4944 confundentur.
2596 4934 2605 4947 ί

2232 4967 2283 5021 4.
2327 4964 2474 5039 [vers.
2516 4963 2595 5038 4.]
2633 4963 3020 5036 Confundantur
3066 4961 3232 5031 inique
3271 4961 3509 5031 facientes
3547 4976 3682 5014 vana
3707 4975 3731 5016 :

2162 5058 2549 5113 confundantur
2598 5058 2775 5127 inique
2811 5055 3083 5120 facientes,
3130 5054 3197 5108 ad
3250 5053 3567 5124 acquirenda
3610 5070 3735 5124 qua

2167 5159 2456 5203 transerunt.
2498 5148 2614 5202 Vias
2642 5159 2773 5215 tuas,
2803 5146 3037 5213 Domine,
3066 5154 3215 5201 notas
3235 5148 3317 5216 fac
3340 5145 3482 5212 mihi,
3506 5155 3554 5199 et
3581 5146 3737 5199 semi-

2166 5253 2245 5297 tas
2281 5252 2392 5298 tuas
2429 5245 2577 5296 edoce
2603 5257 2683 5295 me
2708 5256 2729 5295 :
2751 5256 2869 5310 quae
2896 5256 2998 5295 non
3036 5239 3155 5294 lata)
3190 5247 3331 5305 sunt,
3358 5253 3457 5293 nec
3492 5238 3739 5293 multitu-I

2164 5334 2343 5389 dinem
2374 5334 2440 5388 ad
2469 5332 2735 5388 interitum
2770 5331 2971 5387 ducunt
2999 5330 3207 5402 (Matth.
3229 5346 3325 5397 vu,
3352 5331 3480 5399 15);
3510 5328 3605 5385 sed
3632 5344 3735 5384 an-

2165 5435 2343 5494 gustas
2366 5433 2419 5477 et
2444 5424 2621 5493 paucis
2647 5431 2797 5477 notas
2820 5422 3037 5481 semitas
3059 5432 3176 5477 tuas
3202 5421 3367 5476 edoce
3391 5437 3497 5476 mc.

2236 5515 2288 5570 5.
2330 5512 2478 5583 (vers.
2508 5512 2585 5584 5.]
2629 5512 2799 5583 Dirige
2833 5529 2911 5566 me
2936 5514 2991 5566 in
3026 5513 3231 5568 veritate
3256 5523 3344 5566 tua
3368 5528 3387 5566 :
3410 5526 3621 5592 crrpres
3647 5511 3736 5567 fu—

2167 5608 2415 5676 gientem.
2448 5602 2515 5658 Et
2556 5604 2677 5658 doce
2703 5622 2820 5665 me:
2851 5621 2969 5658 mm
3009 5620 3104 5673 per
3142 5605 3399 5676 meipsum
3437 5620 3542 5659 non
3586 5618 3714 5663 nev,

2170 5698 2265 5753 nisi
2294 5696 2643 5751 meiulaeium.
2677 5696 2924 5765 Quoniam
2955 5707 3006 5751 tu
3032 5714 3082 5753 es
3117 5694 3250 5751 Deus
3289 5697 3522 5753 salutaris
3554 5710 3720 5758 meus.
