3988 6188
232 369 325 422 185

224 567 470 636 paradiso
516 567 668 642 (Gen.
710 585 786 632 tu,
814 571 925 640 25),
960 580 1014 622 et
1051 570 1103 624 in
1149 569 1485 640 longinquam
1529 570 1796 640 regionem

221 659 589 729 peregrinatus
612 658 761 730 (Luc.
788 675 877 724 XV,
919 659 1027 729 15).
1058 675 1150 729 per
1180 661 1441 730 meipsum
1477 661 1652 715 redire
1678 675 1799 729 pns-

218 766 363 816 sum,
404 749 505 804 nisi
550 763 802 804 occurras
837 750 1067 811 erranti;
1097 766 1219 803 nam
1262 750 1466 806 reditus
1508 765 1659 805 meus
1688 759 1798 804 toto

221 850 393 896 tractu
444 840 701 911 teniporis
736 840 1005 895 saecularis
1050 840 1464 895 misericordiam
1497 849 1639 894 tuam
1674 854 1797 894 sus-

224 932 396 985 tinuit.
541 986 555 1000 ,
1234 942 1247 949 ’

290 1023 345 1076 6.
386 1018 520 1093 [vers
569 1017 648 1093 6.]
666 1019 1022 1076 'Reminiseere
1040 1021 1412 1075 miserationum
1439 1031 1661 1088 tuarum,
1691 1020 1795 1075 Do-

222 1113 352 1165 mine
380 1128 401 1166 :
433 1111 772 1166 reminiscere
811 1127 1032 1187 operum
1083 1111 1462 1175 misericordiae.
1510 1121 1635 1177 ture,
1690 1113 1795 1166 Do-

223 1204 382 1267 mine,
413 1202 534 1271 quia
563 1211 808 1271 tauquam
840 1202 1062 1256 oblitum
1112 1211 1163 1258 te
1200 1201 1443 1257 homines
1483 1213 1686 1272 putant.
1728 1202 1796 1257 Et

224 1293 338 1361 quia
367 1292 729 1345 misericorde
757 1306 855 1346 tua:
894 1310 924 1345 α
962 1294 1144 1347 steculo
1170 1302 1285 1348 sunt
1310 1310 1330 1349 :
1358 1304 1413 1349 et
1446 1295 1549 1350 hoc
1575 1296 1793 1352 remini-

222 1399 393 1449 scere,
437 1386 562 1454 quia
595 1385 970 1440 misericordiae
1005 1395 1108 1442 tuae
1143 1401 1185 1440 a
1231 1387 1427 1442 swculo
1468 1399 1609 1443 sunt.
1650 1389 1791 1443 Nunc

220 1493 371 1544 quant
416 1477 557 1531 enim
602 1477 717 1531 sine
763 1477 865 1532 illis
915 1477 1078 1543 fuisti,
1128 1478 1216 1549 qui
1273 1479 1434 1534 etiam
1486 1476 1790 1548 peccantem

224 1568 487 1622 hominem
519 1569 734 1622 vanitati
773 1569 1007 1639 quidem,
1055 1569 1153 1624 sed
1187 1572 1241 1624 in
1286 1585 1380 1640 spe
1418 1572 1711 1641 subjecisti,
1738 1581 1792 1627 et

223 1667 289 1711 tot
315 1660 584 1729 cunisque
609 1668 866 1714 creatura:
893 1668 997 1715 tua:
1021 1660 1472 1727 consolationibus
1501 1678 1606 1717 non
1634 1663 1792 1718 dese-

220 1751 387 1804 ruisti.

282 1840 332 1892 7.
375 1838 532 1913 (vers.
575 1838 652 1914 7.]
692 1840 889 1895 Delicta
920 1843 1200 1912 juventutis
1242 1858 1366 1898 meae
1405 1852 1452 1897 et
1494 1844 1794 1915 ignorantiae

220 1945 333 1982 metu
359 1947 424 1984 ne
464 1931 748 1985 memineris
774 1947 793 1985 :
818 1931 1010 1986 delicta
1047 1932 1363 1987 conlidentis
1395 1933 1629 1988 audacia:
1658 1949 1791 1989 mete

219 2031 265 2075 et
299 2022 614 2090 ignorantiae
661 2038 792 2079 meae
835 2039 902 2078 ne
941 2024 1009 2078 ad
1059 2024 1341 2079 vindictam
1391 2041 1651 2091 reserves,
1694 2026 1791 2080 sed

221 2124 462 2184 tanquam
492 2114 741 2171 excidant
766 2114 878 2170 tibi.
910 2115 1201 2171 Secundum
1230 2117 1626 2170 misericordiam
1651 2126 1791 2170 tuam

216 2220 399 2258 memor
426 2212 534 2260 esto
555 2206 674 2272 mei,
703 2204 840 2259 Deus
864 2221 883 2259 :
904 2220 1109 2260 memor
1146 2216 1261 2260 esto
1286 2206 1498 2275 quidem
1526 2208 1650 2269 mei,
1683 2212 1788 2261 non

216 2297 503 2351 secundum
548 2299 681 2352 iram
710 2313 813 2367 qua
840 2314 938 2369 ego
965 2298 1155 2369 dignus
1184 2315 1322 2364 sum,
1369 2299 1463 2354 sed
1499 2300 1788 2355 secundum

218 2388 636 2444 miseriCordiam
662 2399 801 2443 tuam
828 2405 942 2460 quin
971 2400 1022 2445 te
1044 2391 1197 2461 digna
1223 2398 1326 2446 est.
1356 2389 1572 2454 Propter
1590 2392 1803 2469 bonitaj

217 2490 307 2532 tem
332 2489 496 2543 tuam,
523 2478 744 2535 Domine
764 2496 783 2534 :
804 2494 911 2536 non
942 2490 1159 2550 prepter
1194 2482 1438 2536 meritum
1466 2497 1664 2550 meum,
1691 2483 1788 2538 sed

216 2579 429 2638 propter
460 2571 753 2625 bonitatem
783 2580 948 2637 tuam,
980 2572 1222 2627 Domine.

277 2660 334 2714 8.
378 2658 532 2733 [ειη.
564 2659 640 2733 8.]
682 2661 857 2716 Dulcis
895 2671 940 2716 et
977 2672 1141 2716 rectus
1185 2662 1427 2718 Dominus
1451 2680 1470 2718 :
1495 2664 1666 2719 dulcis
1706 2674 1788 2721 est

214 2749 489 2818 Dominus,
520 2752 943 2821 quandoquidem
986 2764 1039 2808 et
1074 2765 1353 2822 peccantes
1396 2764 1450 2809 et
1496 2757 1687 2825 impios
1714 2757 1786 2813 ita

212 2840 494 2896 miseratus
535 2851 638 2909 est,
668 2852 728 2897 ut
767 2844 947 2897 omnia
988 2843 1163 2913 priora
1197 2844 1436 2910 donarit;
1486 2846 1577 2901 scd
1623 2848 1785 2902 etiam

211 2938 383 2985 rectus
423 2941 508 2984 cst
553 2931 826 3000 Dominus,
875 2934 966 3003 qui
1007 2943 1127 3004 post
1168 2934 1583 2989 misericordiam
1625 2952 1785 2992 voea-

214 3023 367 3077 tionis
393 3035 450 3076 et
476 3024 671 3092 venite,
706 3040 823 3095 qua:
854 3025 1011 3079 habet
1046 3026 1266 3095 gratiam
1297 3025 1412 3080 sine
1443 3026 1666 3095 meritis,
1698 3027 1784 3083 di-

212 3128 307 3182 gna
349 3113 540 3167 ultimo
560 3113 761 3184 judicio
803 3115 988 3169 merita
1034 3116 1289 3186 requiret.
1333 3115 1551 3187 Propter
1578 3118 1672 3172 hoc
1708 3118 1784 3174 le-

212 3219 317 3272 gem
349 3214 535 3258 statuet
563 3205 959 3277 delinquentibus
996 3208 1050 3259 in
1076 3207 1154 3260 via
1179 3222 1199 3262 :
1223 3207 1344 3278 quia
1368 3209 1783 3264 misericordiam

213 3296 528 3364 przurogavit
565 3305 621 3349 ut
653 3295 963 3364 perduceret
990 3297 1041 3353 in
1078 3298 1236 3351 viam.

277 3385 329 3441 9.
370 3385 524 3459 [vers
557 3386 637 3461 9.]
677 3386 871 3459 Dirt'get
893 3390 1034 3445 mites
1060 3391 1111 3444 in
1122 3391 1320 3461 judicio
1344 3392 1573 3465 :diriget
1606 3395 1782 3463 mites,

212 3491 308 3533 nec
331 3478 666 3548 perturbabit
707 3480 759 3534 in
784 3479 987 3550 judicio
1017 3496 1109 3535 eos
1145 3482 1233 3552 qui
1273 3472 1568 3553 sequuntur
1594 3485 1786 3541 volun-

215 3582 368 3628 tatem
398 3572 542 3642 ejus,’
578 3589 679 3629 nec
705 3575 753 3629 ei
795 3576 1087 3631 resistendo
1117 3589 1429 3647 prmponunt
1468 3595 1639 3636 suam.
1679 3581 1786 3637 Do-

215 3663 333 3715 cebit
360 3675 649 3729 inausuetos
675 3665 782 3718 vias
818 3681 937 3719 snas
964 3682 982 3719 :
1007 3665 1218 3720 docebit
1248 3669 1357 3722 vias
1387 3682 1530 3735 suas,
1560 3686 1665 3726 non
1691 3687 1784 3728 cos

216 3754 295 3822 qui
327 3769 656 3821 praecurrere
694 3756 896 3821 volunt,
926 3759 1075 3828 quasi
1122 3760 1327 3830 seipsos
1368 3763 1556 3817 melius
1596 3779 1784 3834 regere

218 3846 443 3913 possint;
486 3844 584 3900 sed
619 3862 709 3901 eos
737 3848 824 3916 qui
870 3863 973 3902 non
1014 3849 1256 3917 erigunt‘
1292 3852 1573 3918 cervicem,
1605 3870 1778 3923 neque

217 3935 573 4001 recalcitrant,
606 3951 725 3992 cum
762 3938 841 3992 eis
865 3937 1049 4009 jugum
1089 3939 1212 3996 lene
1254 3927 1541 4011 imponitur
1580 3953 1634 3998 et
1666 3960 1782 3999 sar-

215 4028 326 4081 cina
355 4028 493 4082 levis
514 4027 727 4101 (Matth.
760 4045 836 4093 ιι,
869 4030 986 4103 '50).
1406 4088 1415 4099 ,

279 4119 366 4176 10.
411 4117 563 4193 [vers.
594 4120 710 4194 10.]
750 4121 1007 4178 Universa:
1026 4123 1118 4179 vite
1142 4122 1346 4178 Domini
1370 4127 1711 4181 misericordia
1737 4138 1786 4183 et

217 4214 388 4265 veritos
416 4213 514 4284 (a).
558 4213 700 4283 Quas
728 4223 904 4270 autem
933 4217 1043 4271 vias
1068 4216 1279 4273 docebit
1321 4233 1435 4285 eos,
1472 4220 1569 4273 nisi
1614 4216 1786 4277 mise-

218 4305 497 4360 ricordiam
530 4321 630 4375 qua
661 4306 951 4376 placabilis,
999 4318 1054 4363 et
1078 4307 1352 4365 veritatem
1391 4328 1491 4380 qua
1537 4311 1789 4365 incorru-

214 4406 331 4466 ptus
374 4397 500 4453 est?
528 4397 759 4465 Quorum
802 4414 963 4453 unum
1006 4401 1230 4469 praebuit
1269 4398 1516 4457 donando
1547 4413 1783 4473 peccata,

214 4492 438 4545 alterum
465 4491 649 4547 merita
673 4491 979 4562 judicando.
1014 4495 1079 4549 Et
1104 4493 1225 4549 ideo
1264 4495 1522 4552 universas
1551 4497 1650 4550 viae
1677 4497 1785 4552 Do-

213 4582 361 4647 mini,
389 4581 499 4636 duo
521 4572 781 4638 adventus
819 4583 936 4639 Filii
968 4584 1081 4651 Dei,
1125 4601 1263 4641 unus
1303 4586 1622 4654 miserantis,
1653 4589 1790 4643 alter

211 4671 517 4739 iudicantis.
550 4672 807 4729 Pervenit
833 4690 961 4746 ergo
989 4675 1055 4729 ad
1102 4691 1226 4732 eum
1261 4685 1452 4733 tenens
1489 4678 1603 4733 vias
1646 4679 1782 4749 ejus,

208 4762 302 4831 qui
330 4762 491 4818 nullis
519 4764 723 4822 meritis
765 4766 875 4820 suis
922 4781 981 4822 se
1005 4766 1280 4835 liberatum
1329 4766 1536 4835 videns,
1568 4769 1789 4839 deponit

208 4856 535 4926 superbiam,
575 4866 632 4933 et
662 4857 914 4928 deinceps
955 4868 1109 4913 cavet
1148 4859 1499 4915 examinantis
1536 4860 1791 4917 Severita-

212 4960 344 5016 tem,
375 4949 465 5021 qui
494 4950 830 5006 clementiam
870 4951 1231 5007 subvenienlis
1271 4964 1529 5023 expertus
1557 4966 1658 5010 est.
1687 4955 1788 5009 Re-

210 5043 520 5112 quirentibus
548 5054 890 5099 testamentum
913 5047 1024 5117 ejus
1048 5055 1093 5101 et
1130 5047 1411 5101 testimonia
1450 5050 1560 5119 ejus
1587 5064 1605 5102 :
1632 5048 1791 5105 intel-

211 5138 384 5208 ligunt
415 5138 558 5192 enim
586 5136 864 5192 Dominum
899 5139 1292 5194 misericordem
1323 5140 1493 5209 primo
1535 5128 1782 5206 adventu,

209 5238 270 5286 et
298 5227 532 5284 secundo
554 5227 813 5297 iudicem,
840 5229 928 5298 qui
958 5229 1114 5284 mites
1137 5238 1192 5286 et
1215 5231 1476 5286 mansueti
1508 5234 1786 5303 requirunt

212 5327 595 5376 testamentum
637 5319 774 5391 ejus,
805 5337 923 5376 cum
954 5323 1208 5392 sanguine
1243 5339 1341 5380 suo
1366 5340 1463 5378 nos
1504 5325 1556 5379 in
1597 5342 1785 5381 novam

209 5414 377 5466 vitam
416 5410 675 5476 redemit;
719 5420 774 5468 et
814 5412 866 5467 in
912 5411 1188 5483 Prophetis
1227 5422 1386 5487 atque
1434 5414 1789 5487 Evangelistis

208 5502 516 5559 testimonia
543 5502 678 5572 ejus.

277 5679 298 5740 ε
320 5684 374 5727 ιιι
394 5677 620 5728 omnibus
637 5678 815 5728 nostris
834 5683 962 5739 uss,
986 5677 1194 5740 rapiunt.

229 5738 505 5857 Βὲᾍιαξὸη
523 5752 660 5857 ἔξε-
685 5740 743 5793 10
758 5738 985 5793 tractatur
1002 5738 1052 5791 tu
1069 5746 1204 5793 Enar.
1230 5739 1347 5793 Psal.
1364 5755 1444 5805 sx,
1462 5756 1511 5793 u.
1535 5743 1599 5808 9;
1622 5759 1782 5810 cxvtu,

1281 366 1673 422 ENARRATIO
1710 365 1776 420 Ix
1816 346 2135 425 PSALMUM
2173 368 2358 423 xxxv.
2393 402 2397 411 .

224 492 264 533 et
303 490 355 534 te
388 476 604 533 sustinui
639 487 742 533 tota
779 479 898 535 die:
925 493 1095 547 neque
1136 477 1277 533 enim
1303 477 1556 533 dimissus
1595 495 1626 531 a
1656 486 1708 532 te
1732 477 1809 532 de.

3378 382 3475 439 186

1979 480 2063 533 11.
2104 477 2251 551 [vers.
2284 480 2394 543 11.]
2437 481 2651 553 Propter
2688 502 2865 542 nomen
2903 497 3062 555 tuum,
3094 491 3325 563 Domine,
3358 514 3476 565 pro-

1902 570 2159 640 pitiaberis
2204 583 2404 642 peccato
2450 591 2595 641 meo;
2625 579 2835 633 multum
2876 591 2945 634 est
2975 582 3143 638 enim:
3170 600 3276 640 non
3303 588 3474 643 solum

1904 675 2117 731 peccata
2149 681 2264 720 mea
2295 665 2523 732 donasti,
2573 685 2689 738 Q1130
2734 680 3013 740 antequam
3060 676 3331 732 crederem
3375 680 3474 734 ad-

1902 756 2057 819 misi;
2090 755 2182 810 sed
2212 765 2265 810 et
2292 768 2511 825 peccato
2540 774 2679 822 meo,
2709 761 2853 829 quod
2892 764 3112 819 multum
3140 775 3243 833 est,
3274 769 3394 839 quia
3419 781 3475 825 et

1901 845 1954 899 in
1983 845 2067 900 via
2097 863 2200 901 non
2230 847 2382 903 deest
2423 848 2668 918 oli'ensio,
2712 852 2971 909 sacriﬁcio
2996 858 3334 913 contribulati
3365 865 3473 931 spi-

1902 936 2035 992 ritus
2063 939 2451 1008 prepitiaberis.

1972 1028 2058 1084 12.
2090 1026 2255 1102 [vers.
2290 1030 2416 1102 12.]
2456 1032 2580 1099 Quis
2625 1044 2696 1088 est
2742 1036 2928 1101 homo,
2954 1039 3043 1109 qui
3082 1040 3251 1094 timeat
3294 1040 3476 1097 Domi-

1898 1121 2059 1175 num?
2088 1122 2225 1176 unde
2253 1122 2435 1192 incipit
2457 1125 2639 1187 venire
2678 1126 2743 1180 ad
2791 1129 3123 1197 sapientiam.
3154 1131 3336 1202 Legem
3373 1147 3477 1189 sta-

1899 1221 1999 1265 tuet
2028 1213 2046 1244 ί
2074 1214 2118 1267 ei
2156 1215 2209 1268 in
2250 1216 2347 1269 via.
2372 1202 2523 1285 qu'am
2564 1218 2709 1288 elegit
2740 1211 2967 1288 ."legem
3012 1232 3205 1278 statuet
3231 1226 3360 1281 ei'in
3397 1229 3476 1283 via

1898 1320 2055 1374 quam
2084 1307 2219 1362 liber
2245 1308 2635 1376 apprehendit,
2667 1324 2732 1365 ne
2758 1296 2974 1381 impune
2997 1314 3103 1382 jam
3135 1328 3336 1385 peccet.

1969 1398 2056 1452 15.
2088 1396 2255 1471 [vers.
2284 1398 2411 1472 15.]
2449 1400 2631 1454 Anima
2658 1404 2765 1469 ejus
2795 1404 2845 1457 in
2872 1403 3014 1459 bonis
3042 1406 3407 1476 demorabitur,
3431 1419 3476 1464 et

1895 1504 2063 1542 semen
2091 1489 2199 1559 ejus
2230 1489 2516 1544 htereditate
2554 1493 2819 1562 possidebit
2862 1504 3043 1549 terram
3080 1513 3098 1552 :
3126 1507 3177 1553 et
3204 1515 3335 1568 opus
3363 1501 3478 1568 ejus

1897 1580 2510 1653 hmreditatem'solidam
2542 1583 2817 1638 instaurati
2843 1587 3082 1653 corporis
3113 1588 3419 1657 possidebit.

1968 1674 2057 1727 14.
2090 1670 2260 1745 [vers.
2303 1672 2428 1745 14.]
2469 1672 2869 1729 Firmamentum
2911 1690 2982 1731 est
3022 1677 3263 1734 Dominus
3303 1683 3477 1735 timen-

1895 1765 2019 1818 tium
2046 1782 2158 1820 eum
2187 1782 2205 1819 :
2231 1766 2559 1820 inﬁrmorum
2586 1765 2794 1821 videtur
2816 1784 2935 1823 esse
2966 1771 3139 1835 timor,
3173 1774 3263 1826 sed
3297 1775 3491 1827 lirma-'

1896 1865 2131 1911 mentum
2155 1868 2237 1913 est
2267 1859 2521 1931 Dominus
2549 1859 2845 1914 timentium
2876 1877 3017 1916 eum.
3051 1862 3119 1915 Et
3145 1879 3336 1918 nomen
3368 1865 3481 1919 Do.

1895 1948 2022 2001 mini
2040 1947 2177 2018 quod
2199 1948 2545 2018 glorilicatum
2569 1959 2654 2005 est
2674 1965 2769 2020 per
2787 1950 2970 2004 orbem
2992 1960 3275 2017 terrarum,
3300 1954 3475 2009 firmat

1897 2040 2139 2093 timentes
2168 2056 2309 2094 eum.
2336 2039 2403 2093 Et
2449 2050 2794 2095 testamentum
2836 2041 2993 2112 ipsius
3034 2051 3091 2095 ut
3126 2044 3475 2114 manifestetur

1893 2131 2046 2184 illis:
2083 2138 2137 2184 et
2185 2129 2310 2186 facit
2355 2140 2412 2185 ut
2463 2139 2838 2186 testamentum
2892 2132 3060 2201 ipsius
3112 2134 3475 2190 manifestetur

1895 2222 2033 2288 illis,
2059 2223 2180 2292 quia
2211 2221 2493 2277 haereditas
2529 2221 2729 2278 Christi
2766 2232 2952 2294 gentes
2990 2233 3149 2291 sunt,
3181 2234 3233 2281 et
3263 2227 3473 2281 termini

1897 2322 2073 2367 terrm.

1966 2405 2051 2460 15.
2093 2403 2261 2478 [vers.
2310 2405 2439 2478 15.]
2482 2405 2631 2461 Oculi
2674 2408 2771 2461 mei
2813 2425 3007 2479 semper
3048 2410 3116 2462 ad
3163 2409 3474 2475 Dominum;

1890 2497 2008 2565 quia
2033 2496 2141 2566 ipse
2164 2497 2332 2551 evellet
2352 2499 2413 2550 de
2438 2500 2615 2568 laqueo
2644 2498 2793 2564 pedes
2820 2516 2953 2554 meos
2984 2498 3056 2572 (a)
3088 2518 3101 2552 :
3132 2516 3229 2555 nec
3260 2503 3472 2556 timeam

1894 2588 2123 2657 pericula
2163 2599 2368 2643 terrena
2393 2629 2410 2654 ,
2439 2588 2563 2643 dum
2595 2597 2787 2644 terram
2816 2605 2920 2645 non
2952 2591 3196 2653 intueor;
3223 2593 3471 2661 quoniam

1893 2679 1981 2733 ille
2005 2695 2163 2749 quiem
2193 2680 2435 2742 intueor,
2467 2680 2657 2735 evellet
2699 2681 2767 2735 de
2796 2682 2983 2750 laqueo
3013 2681 3170 2751 pedes
3198 2697 3365 2758 nicas.

1964 2772 2048 2825 16.
2097 2770 2261 2842 [vers.
2308 2769 2431 2843 16.]
2474 2770 2683 2841 Respice
2724 2772 2776 2824 in
2825 2788 2939 2836 me,
2979 2781 3027 2825 et
3071 2773 3302 2827 miserere
3334 2774 3472 2838 mei;

1889 2863 2125 2933 quoniam
2151 2863 2325 2916 unicus
2364 2872 2410 2916 et
2458 2879 2648 2933 pauper
2688 2879 2798 2916 sum
2843 2879 2934 2934 ego
2965 2878 2985 2916 :
3012 2863 3258 2932 quoniam
3289 2865 3473 2919 unicus

1892 2955 2151 3023 populus,
2185 2954 2350 3007 unica:
2390 2953 2643 3007 Ecclesia:
2685 2962 2789 3007 tua:
2831 2968 3050 3008 servans
3075 2954 3428 3012 humilitatem
3453 2998 3470 3021 ,

1889 3058 2047 3113 quam
2079 3044 2215 3096 nulla
2241 3042 2526 3098 schismata
2548 3039 2631 3098 vel
2661 3042 2892 3099 haereses
2914 3052 3114 3100 tenent.

1963 3137 2048 3190 17.
2082 3134 2249 3208 [vers.
2281 3134 2404 3209 17.]
2445 3134 2810 3191 Tribulationes
2834 3137 2999 3191 cordis
3018 3139 3116 3192 mei
3130 3140 3473 3211 multiplicata:

1889 3239 2006 3282 sunt
2026 3240 2044 3282 .‘
2064 3227 2429 3282 tribulationcs
2452 3227 2628 3283 cordis
2654 3229 2757 3283 mei
2801 3229 3103 3285 abundante
3120 3231 3394 3301 iniquitate
3420 3244 3473 3287 ct

1890 3319 2270 3391 refrigescente
2294 3320 2551 3376 charitate
2595 3321 2953 3390 multiplicatae
2977 3316 3123 3377 sunt.
3154 3320 3234 3377 De
3260 3324 3473 3378 necessi-

1891 3412 2073 3466 tatibus
2103 3413 2225 3467 meis
2246 3412 2372 3466 edue
2396 3429 2473 3466 me
2499 3428 2525 3467 :.
2543 3413 2793 3482 quoniam
2828 3412 2942 3468 lucc
2967 3414 3198 3470 tolerare
3224 3416 3350 3469 mihi
3380 3431 3474 3471 ne.

1889 3517 2043 3558 cosse
2070 3511 2183 3567 est,
2216 3514 2268 3557 ut
2302 3518 2650 3571 perseverans
2689 3520 2855 3574 usque
2885 3504 2935 3558 in
2967 3489 3126 3559 ﬁnem
3155 3506 3333 3561 salvus
3369 3506 3471 3561 sim

1890 3594 1910 3664 (
1934 3594 2119 3648 Matth.
2148 3611 2202 3657 χ,
2230 3594 2301 3648 22
2323 3597 2358 3659 ),
2388 3596 2455 3661 de
2480 3594 2882 3651 necessitatibus
2907 3597 3041 3651 meis
3064 3596 3198 3651 educ
3222 3612 3328 3650 me.

1943 3685 2025 3740 18.
2035 3682 2180 3756 [vers.
2201 3684 2311 3756 18.]
2328 3684 2450 3741 Vide
2463 3686 2792 3739 humilitatem
2805 3703 2963 3740 nteant
2974 3696 3020 3740 et
3036 3686 3255 3740 laborem
3269 3704 3432 3740 meum
3447 3704 3468 3742 :

1889 3776 2010 3832 vide
2031 3777 2375 3832 humilitatem
2403 3794 2573 3833 meam
2597 3821 2611 3844 ,
2642 3796 2745 3851 qua
2788 3796 3053 3846 nunquam
3086 3794 3171 3834 tne
3215 3779 3468 3848 jactantia

1886 3866 2105 3937 jnstitire
2145 3867 2213 3922 ab
2236 3867 2438 3922 unitate
2478 3867 2770 3938 abrumpo;
2802 3878 2856 3923 et
2884 3868 3118 3923 laborem
3146 3885 3343 3935 meum,
3364 3885 3473 3940 quo

1890 3957 2310 4026 indisciplinatos
2349 3958 2477 4012 mihi
2526 3960 2842 4013 commixtos
2884 3959 3100 4013 suffero.
3158 3959 3224 4013 Et
3274 3962 3471 4016 remitte

1891 4047 2061 4101 omnia
2098 4056 2301 4118 peccata
2342 4065 2452 4103 mea
2480 4065 2500 4103 :
2527 4058 2582 4103 et
2619 4048 2704 4103 his
2741 4048 3011 4104 sacriﬁciis
3040 4051 3353 4121 propitiatus
3378 4067 3468 4107 rc-

1890 4139 2041 4195 mitte
2062 4148 2275 4210 peccata
2302 4155 2443 4207 mea,
2465 4156 2571 4195 non
2597 4140 2680 4195 illa
2708 4149 2908 4195 tantum
2933 4140 3223 4211 juventutis
3246 4152 3299 4198 et
3324 4143 3472 4214 igno-

1889 4232 2074 4289 rantia:
2105 4248 2236 4287 meae
2264 4239 2544 4302 antequam
2572 4232 2842 4288 crederem
2866 4275 2883 4300 ,
2915 4232 3008 4288 sed
3035 4233 3192 4288 etiam
3226 4234 3322 4290 ista
3353 4218 3472 4305 qua:

1887 4322 1998 4391 jam
2021 4338 2085 4378 ex
2113 4323 2215 4378 ﬁde
2240 4323 2422 4376 vivens
2450 4337 2543 4392 per
2568 4322 2926 4378 inﬁrmitatem
2953 4323 3034 4378 vel
3064 4324 3181 4378 vitae
3207 4323 3362 4394 hujus
3383 4340 3473 4379 ca-

1893 4414 2107 4484 liginem
2142 4415 2381 4469 admitto.
2528 4472 2535 4479 ,
3074 4412 3079 4416 ’

1963 4505 2049 4560 19.
2093 4504 2253 4579 [vers.
2308 4503 2434 4579 19.]
2476 4504 2687 4577 Respice
2732 4507 2961 4562 inimicos
3016 4525 3181 4574 meos,
3233 4508 3473 4577 quoniam

1892 4596 2214 4663 multiplicati
2255 4606 2369 4650 sunt
2412 4613 2431 4652 :
2472 4612 2575 4652 non
2606 4599 2777 4652 solum
2806 4599 2946 4677 enim
2992 4598 3118 4652 luris
3142 4640 3157 4661 ,
3190 4598 3283 4653 sed
3309 4599 3471 4654 etiam

1895 4689 1945 4742 in
2001 4689 2111 4759 ipsa
2165 4689 2311 4746 intus
2365 4689 2615 4744 Ecclesia:
2676 4689 3049 4745 communione
3096 4704 3202 4743 non
3253 4688 3467 4746 desunt.

1894 4780 1962 4835 Et
1987 4783 2104 4836 odio
2146 4783 2319 4853 iniquo
2355 4786 2564 4839 oderunt
2601 4799 2680 4837 me
2703 4798 2724 4837 :
2752 4791 2807 4837 et
2847 4781 3073 4836 oderunt
3116 4796 3203 4838 me
3242 4782 3469 4854 diligen-

1893 4881 2000 4930 tem
2028 4886 2107 4928 se.

1961 4963 2052 5020 20.
2085 4964 2253 5039 luere.
2279 4965 2370 5022 20.
2393 4963 2414 5038 ]
2456 4965 2663 5020 Custodi
2685 4965 2908 5018 animum
2933 4980 3114 5027 meam,
3141 4974 3189 5020 et
3214 4980 3424 5021 erueme
3453 4982 3474 5021 .'

1892 5056 2094 5111 custodi
2146 5057 2373 5112 animam
2419 5072 2588 5111 meam
2612 5096 2627 5121 ,
2666 5071 2735 5111 ne
2775 5054 3009 5110 decliner
3049 5056 3070 5088 ⁸
3111 5056 3176 5111 ad
3219 5055 3472 5112 imitatio-

1894 5160 2013 5202 nem
2039 5160 2255 5212 eorum;
2283 5155 2338 5202 et
2362 5162 2489 5201 erue
2518 5162 2603 5201 me
2630 5161 2659 5200 a
2691 5146 3055 5215 perplexitate,
3083 5162 3185 5217 qua
3210 5147 3340 5203 mihi
3366 5147 3471 5202 mi-

1893 5247 2127 5293 scentur.
2160 5236 2281 5291 Non
2318 5235 2633 5307 confundor,
2658 5237 2898 5307 quoniam
2935 5238 3131 5309 speravi
3153 5238 3206 5293 in
3234 5248 3283 5294 te
3315 5254 3336 5293 :
3363 5253 3467 5292 non

1893 5327 2187 5383 eoiit'undar
2213 5327 2259 5381 si
2285 5326 2420 5382 forte
2448 5326 2725 5397 insurgunt
2749 5325 3031 5383 adversum
3062 5343 3187 5395 me;
3218 5329 3472 5399 quoniam

1893 5434 1997 5475 non
2030 5420 2081 5472 in
2111 5434 2196 5474 me
2218 5460 2234 5483 .
2262 5418 2355 5473 sed
2381 5418 2431 5472 in
2463 5427 2514 5474 te
2537 5420 2765 5489 speravi.

1961 5509 2050 5564 21.
2083 5509 2253 5582 [vers.
2282 5509 2370 5565 21.
2394 5508 2414 5582 ]
2453 5507 2751 5567 Innocentes
2774 5522 2819 5567 et
2844 5513 2966 5567 recti
2983 5512 3300 5568 adhaserunt
3323 5509 3468 5576 mihi,

1957 5684 1974 5748 1
2000 5683 2129 5748 add,
2147 5681 2326 5748 statuit.
2349 5689 2401 5733 At
2417 5689 2542 5744 Mss,
2566 5690 2737 5748 statuet
2766 5686 2942 5748 :juxta
2964 5654 3090 5746 uix,
3113 5653 3468 5737 uomat/telmes-

1954 5747 1976 5776 ³
1999 5745 2130 5801 ΒΑΜ..
2157 5744 2407 5796 declinem.
2433 5752 2558 5803 Mss,
2584 5744 2814 5798 declinari

1957 5808 2032 5872 (a)
2052 5810 2125 5862 De
2147 5810 2238 5859 hoc
2265 5821 2395 5869 vers.
2426 5810 2479 5859 15
2496 5808 2605 5873 vide
2629 5815 2761 5858 Enar.
2790 5808 2821 5857 2
2852 5806 2970 5858 Psal.
2999 5820 3134 5871 xxxx,
3157 5818 3207 5856 η.
3229 5803 3306 5857 21.
