3988 6188
541 350 638 400 187

533 464 768 521 uiantium
793 457 1000 513 sustinui
1028 465 1074 508 te
1097 499 1111 518 ,
1146 452 1356 522 Domine
1387 466 1405 505 :
1435 451 1741 504 innocentes
1765 459 1819 503 et
1843 449 1968 503 recti
1997 463 2101 501 non

534 554 809 622 pr:esentia
851 546 1112 616 corporali
1162 547 1450 599 miscentur
1491 551 1690 596 tantum
1715 582 1730 605 ,
1761 541 1896 595 sicut
1934 540 2055 593 mali
2082 581 2101 605 ε

531 647 622 698 sed
650 641 994 699 consensione
1018 638 1197 693 cordis
1241 639 1291 691 in
1323 637 1434 706 ipsa
1478 634 1779 689 innocentia
1805 643 1857 688 et
1881 623 2104 686 rectitu-

531 737 652 787 iline
677 733 948 786 adita-rent
974 730 1101 784 mihi
1124 744 1138 794 ;
1166 729 1414 798 quoniam
1447 743 1549 780 non
1573 725 1758 787 deieci,
1789 733 1842 777 ut
1869 722 2102 776 imitarer

529 825 726 886 malos;
757 822 852 876 sed
879 821 1101 875 sustinui
1133 829 1182 874 te
1207 861 1220 884 ,
1251 826 1563 887 exspectans
1589 815 1983 870 mutilationem
2015 811 2098 865 ul-

531 917 672 968 tinne
704 913 893 968 messis
921 922 1040 965 tuze.

595 1006 686 1060 Ἠ.
717 1005 880 1079 [vers.
900 1003 1028 1077 22.]
1071 1004 1296 1066 Redime,
1320 1001 1472 1065 Deus,
1497 999 1660 1054 Israel
1683 1016 1746 1052 ex
1770 999 1997 1052 omnibus
2014 997 2105 1049 tri-

529 1095 863 1152 bulationibus
901 1096 1010 1162 ejus
1053 1109 1072 1148 :
1120 1093 1360 1158 redime,
1403 1093 1540 1146 Deus
1565 1133 1579 1156 ,
1621 1090 1869 1159 populum
1910 1096 2054 1140 tuum
2085 1127 2100 1150 ,

528 1205 684 1253 quem
717 1187 1019 1256 pra‘parasti
1051 1185 1114 1238 ad
1146 1186 1400 1239 visionem
1443 1193 1583 1236 tuam
1609 1223 1623 1246 ,
1655 1197 1718 1235 ex
1752 1179 2104 1234 tribulationi-

532 1281 628 1334 bus
652 1280 787 1348 ejus,
815 1294 917 1333 non
951 1288 1150 1332 tantum
1178 1293 1307 1348 quas
1336 1277 1482 1342 foris,
1509 1275 1602 1330 sed
1631 1275 1788 1358 etiam
1817 1287 1945 1343 quas
1967 1273 2108 1325 intus

536 1373 745 1426 tolerat.

923 1582 1003 1643 ΙΝ
1050 1578 1428 1640 PSALMUM
1470 1577 1656 1638 XXV

1060 1699 1453 1759 ENARRATIO
1495 1697 1538 1752 l.

1155 1818 1180 1872 Ι
1189 1819 1266 1888 psi
1297 1814 1483 1868 David.

607 1937 654 1988 1.
690 1935 854 2006 [vera
901 1932 992 2005 1.]
1035 1932 1135 2002 Ipsi
1182 1927 1384 1992 David,
1436 1899 1539 1980 non
1588 1909 1862 1976 mediatori
1911 1918 2108 1972 homini

537 2026 746 2078 Christo
782 2023 942 2088 Jesu,
999 2023 1090 2077 sed
1135 2019 1276 2074 omni
1336 2013 1587 2071 Ecclesia:
1639 2012 1748 2081 jam
1793 2009 2028 2081 perfecte
2057 2009 2106 2061 in

536 2115 747 2170 Christo
775 2117 1016 2170 stabilita:
1043 2115 1080 2178 ί,
1113 2111 1324 2167 attribui
1357 2117 1548 2180 potest.
1659 2097 1667 2111 ’

604 2207 660 2260 9..
691 2206 877 2259 Judica
905 2222 984 2258 me
1013 2248 1027 2271 ,
1063 2204 1273 2256 Domine
1295 2245 1310 2268 ,
1339 2201 1576 2270 quoniam
1621 2213 1711 2268 ego
1748 2196 1798 2250 in
1828 2193 2111 2248 innocentia
2139 2246 2150 2256 ,

537 2315 647 2349 mea
666 2297 916 2349 ambulavi
937 2313 957 2362 ;
981 2295 1156 2365 jutlica
1186 2309 1290 2356 me,
1327 2291 1564 2352 Domine,
1591 2287 1838 2358 quoniam
1869 2294 1983 2353 post
2009 2281 2108 2335 mi-

537 2388 877 2443 sericUrdiam
929 2401 1084 2455 quam
1136 2393 1188 2439 tu
1235 2383 1360 2438 mihi
1409 2379 1746 2451 przerogasti,
1796 2375 2111 2430 innocentia:

541 2493 672 2531 mea:
702 2477 870 2531 habeo
897 2474 1112 2546 aliquod
1140 2474 1383 2528 meritum
1408 2514 1423 2538 ,
1454 2471 1602 2537 cujus
1647 2469 1788 2521 viam
1829 2465 2108 2521 custodivi.

541 2568 606 2622 Et
646 2571 698 2622 in
742 2567 956 2622 Domino
999 2583 1206 2638 sperans
1249 2582 1349 2618 non
1395 2562 1621 2616 movebar
1667 2562 1688 2591 ³

536 2660 695 2713 etiam
726 2659 802 2713 sic
831 2659 882 2713 in
913 2675 997 2713 me
1021 2701 1037 2726 ,
1068 2657 1159 2712 sed
1192 2657 1243 2710 in
1272 2654 1498 2710 Domino
1526 2664 1767 2722 sperans.
1792 2647 2113 2719 permanebo

538 2753 588 2806 in
617 2767 701 2805 eo.

606 2845 658 2897 5.
691 2842 858 2914 [vers.
888 2841 941 2905 2,
971 2839 1064 2912 5.]
1111 2838 1280 2892 Proba
1318 2854 1396 2891 me
1418 2879 1431 2899 ,
1465 2835 1678 2888 Domine
1701 2875 1715 2899 ,
1744 2841 1790 2885 et
1831 2841 1964 2884 tenta
1991 2846 2068 2883 me
2091 2845 2110 2883 :

539 2944 604 2990 ne
629 2934 751 3005 quid
777 2943 950 2989 tamen
994 2934 1320 2987 occultorum
1349 2945 1586 2984 meorum
1614 2942 1696 2980 me
1721 2926 1916 2990 lateat,
1951 2923 2112 2993 proba

538 3045 623 3081 tne
646 3069 661 3092 ,
693 3027 911 3079 Domine
935 3067 950 3089 ,
991 3034 1045 3078 et
1085 3033 1225 3078 tenta
1253 3039 1367 3087 me;
1419 3031 1599 3074 notum
1631 3034 1716 3072 me
1745 3017 1940 3071 faciens
1963 3057 1978 3082 ,
2010 3032 2112 3068 non

538 3117 630 3169 tibi
667 3132 822 3185 quem
850 3115 979 3168 nihil
1009 3115 1132 3167 latet
1152 3156 1166 3178 ,
1195 3113 1284 3168 sed
1314 3112 1440 3165 mihi
1467 3120 1623 3179 atque
1661 3108 1979 3162 hominibus.
2014 3105 2117 3160 Ure

537 3222 678 3258 renes
705 3222 838 3258 meos
876 3215 919 3258 et
949 3221 1034 3257 cor
1063 3221 1224 3257 meum
1252 3218 1270 3256 :
1294 3202 1482 3256 adhibe
1512 3199 1822 3254 medicinale
1863 3207 2114 3268 purgato-

540 3296 674 3350 rimn
695 3338 710 3362 ,
739 3296 886 3365 quasi
917 3295 1087 3364 ignem
1113 3334 1128 3358 ,
1162 3276 1597 3346 delectationibus
1631 3299 1682 3343 et
1711 3287 2116 3357 cogitationibus

539 3389 690 3451 meis,
727 3389 974 3455 Quoniam
1003 3387 1342 3440 misericordia
1379 3395 1466 3437 tua
1494 3393 1610 3436 ante
1637 3384 1808 3435 oculos
1837 3397 1971 3434 meos
1997 3388 2066 3432 est
2098 3395 2118 3433 :

538 3481 786 3548 quoniam
817 3495 881 3533 ne
907 3478 996 3532 illo
1018 3478 1136 3547 igne
1161 3492 1462 3536 consumar,
1493 3491 1596 3527 non
1627 3473 1811 3526 merita
1839 3486 1956 3525 mea
1980 3512 1995 3532 ,
2022 3469 2116 3524 sed

541 3571 898 3628 misericordia
927 3581 1013 3625 tua
1037 3613 1051 3635 ,
1076 3586 1177 3640 qua
1205 3585 1290 3623 me
1316 3567 1382 3621 ad
1411 3567 1566 3621 talem
1598 3565 1754 3618 vitam
1783 3561 2115 3633 perduxisti,

540 3674 662 3719 ante
689 3665 871 3718 oculos
916 3677 1063 3718 meos
1105 3670 1205 3716 est.
1239 3659 1302 3712 Et
1343 3658 1621 3727 complacui
1664 3658 1716 3708 in
1758 3655 1959 3707 veritate
1983 3662 2068 3705 tua
2100 3666 2119 3704 :

541 3769 594 3813 et
621 3759 740 3828 quia
777 3757 1041 3826 displicuit
1090 3754 1215 3808 mihi
1264 3766 1439 3806 meum
1480 3748 1846 3810 mendacium,
1879 3744 2112 3812 compla-

541 3853 650 3904 cuit
677 3861 848 3906 autem
880 3849 1072 3906 veritas
1098 3856 1184 3902 tua
1209 3887 1224 3912 ,
1252 3845 1422 3917 placui
1451 3843 1610 3898 etiam
1642 3842 1754 3911 ipse
1795 3855 1916 3893 cum
1946 3839 2032 3891 illa
2065 3847 2121 3892 et

583 4035 668 4086 ιιι.
703 4031 862 4103 [uers.
894 4031 983 4102 4.]
1027 4030 1143 4084 Non
1172 4031 1278 4084 sedi
1307 4046 1418 4082 cum
1461 4026 1670 4080 concilio
1696 4022 1930 4076 vanitatis
1959 4037 1977 4076 :
2014 4036 2118 4074 non

546 4124 680 4192 elegi
711 4138 976 4190 apponere
1001 4139 1093 4176 cor
1115 4138 1288 4175 meum
1317 4122 1398 4174 his
1423 4120 1508 4189 qui
1540 4117 1815 4186 providere
1839 4123 2116 4179 conantur,

548 4212 1012 4281 quemadmodum,
1045 4212 1180 4280 quod
1215 4211 1322 4264 ﬁeri
1367 4227 1467 4262 non
1504 4216 1711 4277 potest,
1736 4222 1910 4259 rerum
1945 4214 2121 4257 trans-

549 4307 806 4369 euntium,
839 4301 1175 4371 pcrl'ruitione
1201 4301 1222 4332 ³
1254 4301 1386 4354 beati
1431 4303 1553 4352 sint.
1591 4295 1654 4350 Et
1696 4311 1809 4348 cum
1847 4295 2016 4361 iniqua
2038 4309 2124 4362 ge-

550 4397 897 4453 rentibusnon
929 4393 1138 4446 introibo
1166 4409 1183 4446 :
1209 4401 1261 4460 et
1286 4393 1404 4460 quia
1443 4392 1553 4460 ipsa
1583 4403 1737 4443 causa
1774 4397 1853 4442 est
1887 4388 2118 4439 oumium

554 4487 905 4558 iniquitatum,
935 4484 1051 4537 ideo
1073 4497 1190 4537 cum
1219 4481 1394 4550 iniqua
1421 4480 1726 4550 gerentibus
1751 4475 2114 4532 absconditam

551 4578 925 4634 conscientiam
955 4592 1056 4629 non
1090 4573 1314 4628 habebo.

621 4671 674 4723 5.
707 4667 867 4736 [vers.
899 4663 988 4738 5.]
1032 4665 1162 4718 Oilio
1211 4661 1359 4716 habui
1398 4659 1829 4730 congregationem
1872 4657 2122 4725 maligno-

554 4777 662 4812 rum
689 4777 709 4813 :
736 4768 790 4812 ut
812 4768 986 4813 autem
1011 4757 1246 4812 veniatur
1266 4753 1330 4806 ad
1359 4747 1527 4821 ipsum
1555 4749 1833 4803 concilium
1861 4746 2122 4811 vanitatis,

553 4855 982 4923 congregationes
1022 4853 1369 4921 malignorum
1417 4847 1576 4910 ﬁunt,
1617 4858 1748 4913 quas
1785 4842 1906 4895 odio
1945 4840 2124 4894 habui.

557 4945 622 4999 Et
651 4962 764 4998 cunt
793 4946 959 5014 impiis
985 4960 1082 4998 non
1107 4943 1284 4998 sedebo
1315 4957 1334 4995 :
1360 4949 1413 4995 et
1455 4939 1574 4993 ideo
1603 4953 1721 4990 cum
1750 4936 1840 4989 tali
1864 4935 2090 4989 concilio
2109 4975 2123 4998 ,

555 5053 672 5090 cum
703 5037 876 5105 impiis
905 5052 1006 5090 non
1038 5036 1234 5090 sedebo
1255 5077 1269 5100 ,
1304 5034 1353 5088 id
1383 5042 1498 5098 est,
1533 5030 1779 5101 placitum
1825 5042 1929 5081 non
1959 5025 2126 5080 collo-

555 5130 706 5184 cabo.
738 5129 800 5181 Et
829 5145 940 5180 cum
961 5128 1126 5196 impiis
1152 5144 1250 5180 non
1269 5125 1466 5180 sedebo.

627 5223 679 5274 6.
712 5219 870 5292 [vers.
899 5215 990 5288 6.]
1030 5217 1228 5269 Lavabo
1255 5218 1304 5268 in
1332 5213 1667 5268 innocentibus
1693 5208 1715 5242 ⁸
1743 5225 1920 5262 manus
1951 5222 2120 5261 meas:

561 5313 752 5368 munda
793 5309 981 5366 faciam
1029 5309 1165 5362 inter
1193 5308 1500 5360 innocentes
1545 5320 1704 5374 opera
1754 5317 1900 5363 mea;
1947 5298 2132 5353 lavabo

631 5473 646 5501 ⁸
801 5479 949 5528 ιιι-ονε
971 5476 1142 5513 omnes
1165 5462 1342 5518 ferunt,
1367 5460 1450 5508 sed
1469 5457 1702 5528 homini...
1721 5454 1946 5528 stabit-ilo.

627 5535 647 5562 τ
671 5514 754 5578 Sic
766 5514 912 5578 editio
934 5534 1041 5574 Lov.
1065 5533 1120 5574 At
1139 5531 1212 5572 Er.
1236 5532 1285 5572 et
1309 5514 1498 5583 septem
1522 5527 1648 5583 mssa,
1675 5531 1767 5567 non
1784 5514 2078 5583 inﬁrnutbor.

618 5596 651 5662 ﬁ
675 5576 808 5649 mitti,
849 5586 1188 5652 perfunctione.
1227 5585 1318 5634 Sed
1353 5576 1526 5631 melius
1555 5581 1736 5643 aliquot
1778 5576 1901 5634 uss,
1943 5576 2136 5636 perfru-

563 5664 801 5786 αιῨΊξὶμ..
825 5715 944 5764 inter
965 5713 1242 5765 innocentes.
1262 5715 1387 5767 uss,
1406 5705 1452 5754 in
1476 5700 1812 5754 innocentibus.
1842 5707 1987 5748 Orico.
2008 5703 2136 5757 LXX,

567 5789 625 5826 cn
646 5779 840 5828 athenis.

1693 367 1696 371 i
1755 337 1810 390 s.
1855 332 2214 392 AUCUSTINI
2256 301 2550 388 Eptsmm

1737 2577 1752 2614 ε
1795 2573 1893 2614 nec
1937 2563 2143 2610 tameu'

3682 335 3802 390 {88

2211 447 2346 500 inter
2367 445 2676 500 innocentes
2705 461 2890 500 manus
2907 461 3069 509 meas,
3086 445 3275 516 quibus
3301 446 3643 514 amplexabor
3659 451 3800 503 sub-

2213 539 2355 592 limia
2387 548 2492 591 tua.
2524 537 2591 590 Et
2621 538 2936 592 rircumdabo
2963 540 3121 592 altare
3154 550 3311 599 tuum,
3343 538 3571 594 Domine.

2279 631 2331 684 7.
2365 629 2521 700 [vers
2553 631 2604 682 7.
2633 629 2643 700 |
2687 629 2754 683 Ut
2780 631 2983 683 audiam
3025 647 3190 684 vocem
3239 630 3401 685 laudis
3445 643 3543 684 tua:
3576 649 3594 685 :
3621 643 3679 686 nt
3707 635 3780 686 tli-

2211 735 2356 803 scarn
2379 721 2818 790 quemadmodum
2851 731 2900 775 te
2941 723 3167 777 laudem.
3213 721 3276 775 Et
3305 740 3528 777 enarrem
3557 726 3794 778 universa

2211 813 2458 865 mirabilia
2485 824 2571 866 tua
2599 829 2618 866 :
2644 823 2696 868 et
2727 828 2846 867 cum
2890 813 3124 868 didicero
3148 857 3161 879 ,
3193 829 3451 883 expoaam
3479 818 3653 868 omnia
3686 819 3789 868 11ιὶ-

2212 904 2392 958 rabilia
2414 915 2521 958 tua.
3301 971 3309 980 ,

2283 995 2334 1049 8.
2367 995 2530 1067 [vers
2563 993 2653 1067 8.]
2697 993 2904 1048 Domine
2926 1038 2940 1059 ,
2974 996 3127 1049 dilexi
3171 997 3397 1050 decorem
3435 999 3611 1052 domus
3641 1010 3747 1052 tuae
3777 1019 3796 1052 :

2214 1088 2465 1142 Ecclesia:
2522 1097 2644 1141 tuzr.
2707 1087 2770 1140 Et
2822 1087 2984 1140 locum
3043 1087 3362 1143 habitationis
3414 1091 3590 1159 gloria:
3638 1102 3742 1144 tum
3779 1131 3792 1144 .

2213 1181 2299 1234 ubi
2331 1179 2575 1233 habitans
2604 1179 2934 1248 glorificaris.

2209 1301 2214 1306 -
2283 1272 2332 1326 9.
2368 1269 2526 1343 [vers.
2557 1270 2647 1344 9.]
2690 1270 2771 1326 Ne
2797 1272 2976 1341 perdas
3005 1289 3116 1324 cum
3143 1274 3308 1342 impiis
3337 1275 3554 1326 animam
3584 1293 3750 1327 meam
3778 1317 3792 1329 .

2213 1378 2279 1416 ne
2300 1378 2426 1430 ergo
2453 1363 2606 1416 simul
2637 1362 2825 1432 perdas
2846 1377 2965 1416 cum
2994 1363 3073 1416 his
3101 1365 3185 1433 qui
3214 1374 3263 1418 te
3290 1365 3532 1431 oderunt,
3557 1367 3794 1420 animam

2211 1469 2384 1508 meam
2411 1495 2424 1518 ,
2453 1470 2569 1524 qua:
2595 1453 2776 1508 dilexit
2798 1453 3043 1508 decorem
3077 1455 3262 1508 domus
3294 1466 3415 1510 tum.
3447 1457 3505 1509 Et
3532 1474 3644 1510 cum
3668 1459 3798 1512 viris

2213 1546 2510 1616 sanguinum
2531 1546 2680 1598 vitam
2701 1562 2858 1598 meum
2880 1554 2966 1600 :ct
2989 1558 3106 1599 ettm
3131 1545 3212 1599 his
3238 1547 3323 1615 qui
3345 1549 3637 1617 proximum
3660 1549 3798 1604 ode-

2213 1646 2355 1690 runt.
2388 1636 2518 1691 Nam
2549 1636 2755 1690 duobus
2785 1637 3058 1706 prmceplis
3085 1638 3364 1692 decoratur
3388 1638 3574 1692 domus
3606 1651 3715 1693 tua.

2284 1727 2370 1782 10.
2401 1725 2561 1799 [vers
2592 1725 2715 1798 10.]
2755 1725 2820 1780 In
2848 1744 3059 1797 quarunt
3088 1729 3314 1781 munibus
3333 1729 3614 1798 iniquitates
3635 1742 3756 1783 sunt
3776 1748 3798 1786 :

2213 1833 2281 1872 ne
2312 1819 2485 1886 itaque
2515 1833 2599 1872 me
2631 1817 2818 1886 perdas
2846 1833 2964 1872 cum
2993 1817 3166 1887 impiis
3194 1827 3248 1872 et
3277 1833 3395 1872 cum
3422 1819 3546 1872 viris
3574 1823 3798 1890 sangui—

2213 1923 2337 1960 num
2365 1949 2377 1968 ,
2405 1923 2626 1975 quorum
2669 1922 2828 1976 opera
2871 1908 3043 1977 iniqua
3085 1919 3226 1962 sunt.
3263 1908 3472 1962 Dextera
3501 1927 3667 1963 eorum
3711 1929 3801 1965 re-

2214 1996 2346 2066 pleta
2373 2006 2443 2050 est
2470 1997 2752 2050 muneribus
2777 2012 2796 2050 :
2827 2007 2878 2050 et
2905 1998 3042 2067 quod
3071 1999 3148 2052 eis
3186 1999 3250 2051 ad
3279 1999 3615 2053 obtinendam
3647 2003 3802 2056 salu-

2215 2095 2320 2142 tem
2351 2099 2599 2142 :eternam
2641 2089 2819 2142 datum
2847 2099 2928 2144 est
2948 2131 2960 2152 ,
2991 2089 3056 2142 ad
3099 2089 3398 2158 accipienda
3431 2090 3584 2159 hujus
3611 2094 3800 2146 sa-culi

2214 2193 2432 2231 munera
2455 2189 2849 2244 emrverterunt,
2875 2179 3237 2232 existimantes
3259 2190 3517 2248 qumstum
3541 2196 3656 2234 esse
3679 2182 3800 2251 pie-

2214 2278 2376 2322 tatem
2404 2267 2464 2338 (l
2493 2267 2626 2321 Tim.
2654 2285 2725 2330 vr,
2753 2270 2784 2323 5
2805 2271 2844 2337 ).

2284 2356 2560 2432 H.1vers.
2596 2359 2714 2432 il.]
2757 2360 2864 2431 Ego
2893 2371 3057 2414 autem
3088 2362 3138 2414 in
3165 2361 3447 2416 innocentia
3476 2380 3582 2415 mea
3611 2363 3799 2415 ambu-

2214 2454 2310 2507 lavi
2339 2470 2358 2506 :
2382 2455 2566 2506 redime
2591 2471 2666 2506 me
2685 2495 2698 2516 ,
2727 2463 2772 2508 et
2803 2454 3034 2507 miserere
3057 2456 3148 2507 mei
3177 2471 3195 2508 :
3227 2455 3392 2508 valeat
3424 2455 3548 2508 mihi
3575 2456 3636 2508 ad
3667 2472 3800 2524 per—

2217 2544 2494 2600 fectionem
2551 2546 2909 2603 liberationis.
2976 2554 3177 2598 tantum
3244 2546 3467 2614 pretium
3523 2549 3801 2615 sanguinis

2219 2636 2426 2690 Domini
2456 2637 2589 2698 mei;
2619 2647 2671 2688 et
2711 2635 2760 2688 in
2800 2636 3051 2705 periculis
3079 2636 3235 2705 hujus
3264 2639 3400 2701 vita‘,
3433 2638 3800 2692 misericordia

2217 2736 2302 2782 tua
2331 2744 2435 2780 non
2462 2727 2673 2780 deserat
2701 2743 2804 2779 me.

2289 2819 2374 2874 12.
2404 2817 2563 2890 [vers.
2593 2816 2720 2890 η]
2763 2817 2860 2871 Pes
2889 2834 3025 2870 meus
3052 2819 3181 2871 stetit
3210 2819 3260 2871 in
3292 2817 3586 2871 rectitudine
3614 2834 3632 2871 :
3661 2817 3805 2872 dile-

2215 2912 2320 2966 ctio
2345 2928 2458 2964 mea
2491 2926 2593 2963 non
2623 2909 2840 2964 recessit
2869 2924 2900 2962 a
2926 2909 3125 2977 justitia
3157 2919 3261 2961 tua.
3293 2907 3359 2960 In
3385 2907 3620 2961 Ecclesiis
3647 2911 3804 2962 bene-

2218 3004 2382 3056 dicam
2429 3012 2508 3065 te,
2537 3000 2795 3055 Domine:
2836 3015 2940 3054 non
2985 2999 3262 3054 occultabo
3306 3000 3383 3054 eis
3423 3015 3553 3067 quos
3597 3002 3806 3054 vocasti

2216 3095 2637 3151 benedictionem
2686 3103 2869 3158 tuam,
2922 3093 3176 3158 Domine;
3230 3094 3478 3162 quoniam
3526 3092 3806 3146 dilectioni

2221 3196 2323 3241 tua:
2354 3185 2624 3242 subiul‘ero
2655 3184 2878 3254 proximi
2905 3183 3263 3238 dilectionem.

2749 3298 3141 3354 ENARRATIO
3181 3297 3244 3352 ll.

2727 3404 2898 3444 διεπιυο
2937 3405 3002 3443 ΑΙ)
3041 3403 3262 3442 Ριειιειι.

2293 3483 2343 3537 1.
2387 3483 2578 3536 Paulus
2606 3483 2876 3552 apostolus
2916 3497 3035 3536 cum
3068 3481 3348 3550 legeretur,
3381 3478 3580 3532 audivit
3609 3477 3805 3531 nobis-

2220 3588 2338 3628 cum
2359 3573 2618 3628 Sanctitas
2641 3573 2824 3627 Vestra
2846 3589 2858 3625 :
2895 3573 3038 3628 Sicut
3059 3582 3148 3631 est.
3171 3570 3357 3640 inquit,
3379 3570 3556 3622 veritas
3578 3570 3630 3621 in
3649 3569 3805 3634 Iesu,

2222 3665 2469 3735 deponere
2499 3667 2512 3697 ¹
2545 3681 2628 3718 vos
2655 3666 2927 3718 secundant
2967 3665 3182 3734 priorem
3221 3662 3644 3716 conversationem
3669 3671 3807 3714 vete-

2221 3775 2327 3812 rem
2348 3759 2630 3822 hominem,
2660 3775 2769 3811 eum
2789 3759 2876 3827 qui
2895 3758 3233 3828 corrumpitur
3264 3757 3540 3809 secundum
3563 3755 3806 3822 concupi-

2221 3849 2437 3902 scentias
2472 3848 2816 3917 deceptionis;
2851 3847 3156 3901 renovamini
3194 3857 3360 3898 autem
3399 3845 3580 3915 spiritu
3625 3844 3809 3898 mentis

2223 3955 2397 3996 vestra:
2415 3983 2430 4007 ,
2457 3952 2504 3996 et
2529 3942 2720 3995 induite
2743 3958 2923 3995 novum
2951 3941 3206 3994 hominem
3234 3939 3318 4008 qui
3345 3937 3616 3992 secundum
3643 3936 3809 3990 Deum

2223 4045 2414 4088 creatus
2430 4043 2500 4088 est
2526 4035 2578 4087 in
2591 4033 2788 4102 justitia
2804 4043 2848 4085 et
2868 4032 3127 4086 sanctitate
3149 4029 3362 4083 veritatis
3381 4028 3595 4099 (Ep/tes.
3615 4043 3686 4090 tv,
3709 4027 3813 4079 2i-

2221 4125 2314 4196 24)
2327 4165 2339 4176 .
2353 4124 2422 4179 Ει
2435 4140 2499 4178 ne
2510 4124 2698 4193 aliquis
2710 4123 3054 4177 arbitraretur
3065 4118 3428 4190 deponendam
3442 4133 3558 4172 esse
3571 4117 3809 4186 aliquam

2225 4217 2573 4271 substantiam
2599 4257 2614 4281 ,
2641 4212 3083 4284 quemadmodum
3109 4227 3166 4266 se
3193 4211 3451 4279 exspoliat
3476 4210 3686 4272 tunica;
3715 4218 3811 4262 aut

2226 4308 2420 4378 aliquid
2453 4308 2744 4362 forinsecus
2771 4303 3130 4374 accipiendum
3155 4344 3170 4370 ,
3201 4306 3466 4372 quomodo
3492 4302 3684 4372 accipit
3709 4302 3812 4356 ali-

2227 4401 2367 4468 quod
2413 4399 2820 4462 vestimentum,
2871 4397 3020 4466 quasi
3071 4410 3273 4465 ponens
3303 4411 3458 4448 unam
3493 4395 3814 4449 tunicam'et

2228 4507 2445 4546 sumens
2475 4491 2696 4545 alteram
2721 4506 2736 4555 ;
2763 4499 2817 4544 ct
2841 4489 3067 4543 carnalis
3096 4489 3193 4542 iste
3221 4487 3517 4542 intellectus
3545 4501 3649 4540 non
3681 4502 3813 4556 per-

2230 4587 2462 4639 mitteret
2487 4583 2730 4637 homines
2753 4597 2907 4653 agere
2948 4583 3001 4635 in
3029 4595 3087 4636 se
3129 4582 3266 4645 intus
3294 4580 3636 4650 Spiritualiter
3657 4580 3812 4650 quod

2230 4675 2567 4746 prurcipiebat
2592 4674 2879 4746 Apostolus
2908 4690 2920 4725 :
2953 4681 3165 4726 secutus
3194 4680 3294 4736 est,
3327 4680 3380 4726 et
3405 4671 3650 4739 exposuit
3679 4670 3812 4740 quid

2230 4775 2372 4822 esset
2398 4765 2516 4820 exui
2543 4774 2774 4820 veterem
2803 4763 3093 4828 hominem,
3117 4772 3170 4816 et
3195 4761 3336 4814 indui
3365 4777 3575 4814 novum.
3604 4759 3814 4814 Czetera

2229 4857 2371 4913 enim
2418 4855 2659 4910 lectionis
2687 4855 2852 4925 ipsius
2881 4853 2944 4906 ad
2989 4851 3231 4907 eumdem
3273 4852 3595 4906 intellectum
3643 4851 3816 4919 perti-

2233 4956 2378 5002 nent.
2409 4948 2495 5001 Ait
2519 4948 2713 5018 quippe
2741 4945 2888 5016 quasi
2917 4944 3110 4998 dicenti
3141 4959 3154 4994 :
3185 4943 3250 4997 Et
3288 4941 3552 5012 quomodo
3575 4957 3661 4995 me
3681 4956 3816 4995 esu»
3902 5007 3908 5018 .

2230 5049 2384 5094 turus
2411 5054 2526 5092 sum
2556 5048 2787 5092 veterem
2807 5077 2830 5100 ο
2861 5043 2951 5089 aut
2975 5035 3242 5103 quomodo
3269 5033 3546 5086 induturus
3572 5047 3771 5085 novum
3795 5033 3821 5084 ?

2239 5133 2314 5182 An
2348 5131 2460 5198 ipse
2504 5129 2691 5183 tertius
2739 5128 2894 5182 homo
2938 5142 3051 5180 sum
3097 5121 3431 5195 depositurus
3453 5134 3688 5178 veterem
3719 5124 3821 5178 h0-

2237 5224 2467 5285 mincm,
2499 5236 2658 5290 quem
2704 5219 2896 5284 habui,
2937 5227 2992 5273 et
3033 5227 3344 5286 accepturus
3390 5230 3622 5281 novum,
3655 5231 3818 5284 quem

2238 5330 2340 5368 non
2388 5314 2578 5376 habui;
2614 5320 2672 5366 ut
2715 5320 2822 5365 tres
2851 5311 3090 5365 homines
3137 5308 3530 5378 intelligantur,
3566 5316 3621 5360 et
3648 5306 3722 5360 sit
3765 5307 3818 5362 in

2240 5408 2414 5462 medio
2441 5406 2527 5476 qui
2557 5405 2771 5474 deponit
2799 5414 3028 5459 veterem
3062 5403 3324 5456 hominem
3352 5444 3367 5470 ,
3409 5410 3462 5455 et
3503 5402 3694 5470 accipit
3725 5417 3820 5453 no-

2242 5498 2402 5550 Vtun?
2427 5513 2494 5550 ne
2519 5509 2646 5564 ergo
2667 5496 2939 5564 quisquam
2967 5494 3055 5547 tali
3081 5493 3278 5547 carnali
3304 5491 3622 5563 cogitatione
3651 5492 3819 5559 impc-

2241 5588 2382 5643 ditus
2405 5629 2418 5650 ,
2451 5586 2621 5639 minus
2656 5584 2852 5640 faceret
2893 5584 3032 5655 quod
3061 5587 3080 5615 ¹
3109 5584 3324 5651 iubetur
3347 5625 3363 5649 ,
3403 5593 3456 5638 et
3483 5597 3587 5636 non
3618 5582 3821 5640 faciens

2310 5722 2322 5732 -
2351 5706 2502 5761 ιαμβι
2525 5704 2654 5756 Ima,
2675 5699 2722 5746 αι
2738 5697 2909 5760 ponite.
2937 5703 2986 5746 At
3010 5707 3105 5761 Atti.
3125 5702 3176 5745 et
3196 5704 3324 5759 διδ..
3346 5697 3599 5761 deponere.

2309 5763 2330 5792 ²
2355 5759 2445 5809 add
2469 5793 2484 5819 ,
2509 5772 2649 5822 quam
2704 5758 2747 5810 \t
2768 5765 2894 5818 uss,
2918 5758 3056 5820 quod.
