3988 6188
168 361 273 419 ιες

167 485 445 534 excusaret
475 491 531 530 se
560 474 624 528 dc
652 473 973 528 obscuritate
1006 469 1243 524 lectionis
1267 511 1282 534 ,
1314 467 1443 522 dicit
1481 467 1532 520 in
1561 480 1744 521 conse-

167 571 449 639 quentibus
481 585 494 620 :
528 567 852 635 Quapropter
876 566 1174 632 deponentes
1206 559 1518 612 mendacium
1539 600 1552 619 ,
1582 558 1743 625 [aqui-

167 664 288 714 mim‘
334 661 608 713 veritatem.
655 657 735 711 Et'
767 671 892 710 ecce
936 657 1035 708 hoc
1078 661 1160 707 est
1203 649 1472 719 deponere
1515 658 1743 704 veterem

168 753 462 814 hominem,
488 759 542 804 et
572 748 791 802 induere
817 762 1008 800 novum
1039 763 1051 798 :
1086 745 1423 813 Quapropter,
1449 742 1747 809 deponentes

165 845 527 907 mendacium,
581 839 842 910 loquimini
902 840 1198 901 veritatem,
1253 836 1588 904 unusquisque
1634 841 1748 886 cum

165 939 399 991 maxime
411 953 505 988 suo
518 951 537 988 :
551 934 667 1004 quia
688 948 858 985 sumus
874 932 1081 984 invicem
1096 929 1312 982 membra
1328 927 1535 998 (Ephes.
1546 942 1616 992 tv,
1629 924 1719 995 ‘25)
1731 965 1744 978 .

237 1030 292 1082 2.
333 1027 412 1083 Ne
442 1038 618 1096 autem
642 1026 915 1094 quisquam
939 1033 1168 1076 vestrum
1198 1021 1263 1073 ita
1295 1020 1508 1088 cogitet,
1538 1016 1744 1080 fratres,

167 1139 286 1175 cum
315 1121 614 1176 christiano
643 1116 958 1186 loquentiam
999 1114 1270 1167 veritatem
1314 1120 1367 1164 et
1399 1111 1518 1162 cuin
1550 1122 1750 1178 pagano

171 1217 528 1271 mendacium.
571 1203 704 1266 Cum
755 1209 998 1281 proximo
1047 1218 1137 1262 tuo
1193 1207 1427 1274 loquere.
1476 1202 1750 1257 Proximus

174 1321 290 1363 tuus
319 1309 408 1361 ille
435 1317 518 1361 est
539 1349 552 1369 ,
582 1305 669 1374 qui
703 1314 874 1356 tecum
916 1309 1067 1354 natus
1097 1307 1180 1353 est
1221 1313 1284 1350 ex
1337 1295 1499 1349 Adam
1541 1303 1593 1347 et
1623 1294 1747 1346 Eva.

173 1400 366 1455 Omnes
390 1396 616 1468 proximi
643 1408 825 1448 sumus
850 1391 1153 1446 conditione
1179 1398 1403 1442 terrena:
1424 1385 1710 1439 nativitatis
1732 1401 1747 1437 :

173 1491 263 1546 sed
292 1492 450 1543 aliter
479 1491 669 1541 fratres
700 1485 787 1538 illa
817 1498 910 1552 spe
935 1481 1166 1536 caelestis
1189 1477 1529 1532 hatreditatis.
1561 1476 1750 1530 Proxi-

177 1600 315 1637 mutu
331 1595 476 1636 tutttn
497 1579 660 1633 debes
679 1588 859 1641 putare
875 1589 1082 1629 onmem
1099 1570 1388 1634 hominem,
1405 1579 1456 1622 et
1471 1577 1751 1636 antequam

175 1677 238 1729 sit
263 1673 610 1728 Christianus.
645 1667 755 1722 Non
789 1667 929 1720 enim
971 1664 1110 1718 nosti
1148 1661 1273 1731 quid
1311 1660 1376 1712 sit
1398 1658 1533 1728 apud
1564 1655 1752 1719 Deum,

176 1763 441 1832 quomodo
470 1762 614 1814 illum
653 1755 976 1826 pra-sciverit
1008 1755 1146 1807 Deus
1191 1752 1420 1821 ignoras.
1459 1745 1754 1817 Aliquando

176 1875 330 1926 quem
357 1856 550 1910 irridcs
575 1853 882 1906 adorantem
926 1847 1145 1914 lapides,
1173 1840 1520 1905 convertitur,
1581 1850 1634 1895 ct
1663 1838 1754 1892 ad-

176 1959 290 2002 orat
313 1949 500 2005 Deum,
526 1944 748 1999 fortass!
766 1939 1060 2009 religiosius
1075 1951 1231 2006 quam
1256 1943 1333 2000 tu,
1355 1931 1442 2002 qui
1463 1946 1582 1986 eum
1601 1930 1754 1999 paulo

175 2052 296 2093 ante
324 2039 604 2093 irrldehas.
647 2036 782 2088 Sunt
824 2046 950 2100 ergo
993 2027 1218 2098 proximi
1257 2023 1422 2079 nostri
1451 2023 1672 2076 latentes
1701 2021 1753 2073 in

179 2134 260 2187 Itis
289 2131 594 2185 hominibus
619 2171 632 2192 ,
662 2127 748 2197 qui
777 2125 1007 2179 nondum
1039 2130 1160 2175 sunt
1186 2121 1237 2173 in
1266 2118 1530 2183 Ecclesia;
1557 2123 1757 2170 etsunt

179 2227 331 2293 longe
355 2238 385 2276 a
433 2221 586 2274 nobis
633 2219 853 2272 latentes
883 2219 936 2268 in
982 2210 1240 2267 Ecclesia.
1269 2209 1496 2278 Ideoque
1537 2207 1625 2276 qui
1652 2221 1756 2261 non

176 2317 374 2367 scimus
403 2313 573 2365 futura
597 2352 610 2372 ,
643 2320 1068 2376 unumquemque
1109 2301 1402 2372 proximum
1429 2299 1714 2353 habeamus
1738 2338 1755 2359 ,

179 2424 282 2459 nutt
315 2404 488 2458 solum
537 2381 838 2455 coitditione
885 2393 1223 2450 mortalitatis
1263 2391 1505 2445 humana:
1529 2432 1543 2452 ,
1575 2405 1675 2458 qua
1706 2389 1755 2442 in

181 2497 317 2551 hanc
353 2507 546 2549 terram
589 2491 772 2546 eadem
814 2497 956 2543 sorte
986 2487 1326 2547 devenimus;
1358 2484 1447 2538 sed
1475 2483 1632 2537 etiam
1665 2498 1759 2550 Spe

183 2591 322 2643 illius
353 2585 712 2645 hatreditatis,
742 2581 862 2650 quia
910 2594 1012 2632 non
1057 2578 1254 2632 scimus
1297 2574 1422 2644 quid
1463 2572 1670 2626 futurus
1692 2572 1764 2625 sit

181 2681 265 2748 qui
300 2676 461 2730 modo
490 2672 616 2727 nihil
639 2679 739 2726 est.

251 2772 305 2824 3.
349 2769 487 2835 Erga
530 2763 788 2818 attendite
823 2770 1011 2816 ca'tera
1052 2759 1102 2813 in
1134 2755 1400 2811 induendo
1436 2771 1627 2809 novum
1659 2755 1757 2809 ho-

185 2867 378 2920 minem
408 2873 460 2917 et
485 2860 727 2916 exuendo
754 2868 1007 2913 veterem.
1037 2855 1368 2925 Deponentes,
1400 2852 1585 2922 inquit,
1617 2868 1758 2902 men-

184 2961 406 3023 dacium,
441 2955 706 3025 loquimini
734 2953 988 3007 veritatem
1024 2949 1354 3018 unusquisque
1391 2961 1504 2998 cum
1533 2943 1761 3015 proximo

184 3067 272 3102 suo
302 3065 321 3102 :
345 3048 466 3117 quia
504 3061 679 3100 sumus
713 3043 919 3096 invicem
947 3038 1186 3092 membra.
1220 3035 1510 3090 Irascimini
1527 3051 1546 3101 ;
1583 3043 1628 3087 et
1667 3049 1759 3085 no-

185 3139 269 3193 lite
296 3154 521 3209 peccare.
547 3135 604 3190 Si
635 3143 909 3204 prepterea
933 3130 1178 3185 irasceris
1203 3145 1356 3184 servo
1381 3136 1468 3182 tuo
1494 3125 1614 3195 quia
1638 3141 1760 3194 pec-

183 3232 322 3282 cavit
357 3245 372 3282 :
403 3245 469 3281 ne
498 3237 551 3281 et
575 3238 626 3279 tu
657 3226 768 3294 ipse
795 3237 1000 3293 pecces,
1025 3221 1254 3274 irascere
1284 3219 1394 3273 tibi.
1429 3217 1521 3289 Sol
1549 3233 1648 3269 non
1673 3233 1761 3268 oc-

185 3324 319 3375 cidat
369 3338 524 3390 super
575 3318 886 3372 iracundiam
942 3324 1151 3368 vestram
1209 3311 1394 3383 (Ibid,
1439 3311 1531 3381 26)
1565 3328 1576 3363 :
1608 3309 1762 3363 intel-

187 3415 363 3482 ligitur
382 3412 595 3480 quidem
617 3408 908 3465 secundum
937 3415 1163 3475 tempus,
1192 3403 1410 3470 fratres;
1436 3403 1555 3472 quia
1575 3401 1670 3456 etsi
1697 3417 1762 3455 ex

189 3508 298 3573 ipsa
349 3505 578 3558 humana
620 3500 923 3556 conditione
961 3507 1016 3552 et
1051 3497 1356 3551 infirmitate
1403 3493 1757 3558 mortalitatis,

188 3613 340 3660 quam
375 3605 667 3663 portamus,
711 3591 946 3659 subrepit
994 3589 1068 3642 ira
1104 3589 1413 3651 christiano,
1464 3603 1568 3639 non
1607 3585 1765 3640 debet

189 3689 278 3739 diu
317 3685 484 3740 teneri
512 3695 567 3738 et
607 3684 718 3736 fieri
751 3681 1008 3752 pridiana.
1042 3679 1186 3748 Ejice
1216 3679 1356 3732 illam
1385 3678 1451 3732 de
1479 3677 1637 3732 cerde
1665 3692 1762 3731 an—

193 3790 400 3847 tequam
442 3775 650 3830 occidat
691 3776 776 3827 lux
825 3775 922 3827 ista
970 3772 1209 3835 visibilis,
1258 3788 1322 3824 ne
1365 3781 1413 3824 te
1442 3771 1650 3824 deserat
1678 3770 1765 3823 lux

193 3872 274 3925 illa
307 3869 608 3924 invisibilis.
638 3867 741 3923 Sed
763 3875 819 3922 et
840 3867 995 3919 aliter
1022 3865 1158 3919 bene
1180 3863 1508 3933 intelligitur,
1535 3863 1656 3933 quia
1683 3873 1766 3916 est

192 3975 372 4019 noster
399 3963 479 4018 sol
501 3960 720 4031 iustitia:
749 3959 943 4014 veritas
973 3956 1212 4012 Christus
1252 3972 1267 4010 ;
1306 3972 1409 4010 non
1442 3955 1542 4009 iste
1570 3956 1645 4008 sol
1676 3956 1766 4024 qui

189 4056 444 4111 aduratur
472 4071 500 4106 a
542 4051 765 4122 Pagauis
789 4060 843 4105 et
869 4049 1192 4107 Manichaeis,
1226 4057 1279 4102 et
1317 4046 1523 4099 videtur
1548 4046 1705 4099 etiam
1735 4061 1765 4099 a

189 4146 597 4218 peccatoribus;
644 4143 736 4197 sed
783 4141 870 4196 ille
913 4139 1049 4194 alius
1085 4138 1236 4207 cujus
1280 4137 1496 4191 veritate
1541 4138 1766 4189 lmmana

189 4248 378 4291 natura
406 4237 715 4297 illustratur,
739 4233 802 4286 ad
832 4246 986 4301 quem
1011 4229 1238 4300 gaudent
1267 4228 1470 4295 Angeli,
1499 4227 1765 4280 hominum

188 4340 370 4382 autem
421 4324 736 4380 inlirtnataz’
800 4323 943 4376 acies
994 4319 1168 4374 cordis
1215 4318 1314 4374 etsi
1372 4317 1633 4386 trepidant
1669 4318 1769 4371 sub

189 4419 354 4473 radiis
382 4418 516 4485 ejus,
551 4415 617 4469 ad
648 4431 771 4470 eum
803 4423 976 4467 tamen
1005 4409 1463 4479 contemplandum
1493 4423 1585 4477 per
1621 4424 1770 4460 man-

186 4513 308 4562 data
344 4515 655 4577 purgantur.
681 4505 810 4560 Cum
845 4504 1068 4572 cmperit
1095 4503 1194 4556 iste
1237 4501 1320 4555 Sol
1349 4501 1399 4554 in
1433 4499 1646 4553 homine
1677 4499 1770 4552 ha-

191 4608 364 4656 bitare
394 4618 488 4671 per
524 4601 702 4658 fidem.
732 4614 836 4654 non
881 4606 1079 4652 tantum
1123 4595 1174 4649 in
1206 4604 1256 4648 tc
1286 4594 1456 4647 valeat
1499 4591 1768 4647 iracundia

186 4711 307 4764 qua:
336 4697 388 4746 in
412 4705 464 4748 te
487 4693 818 4755 nascitur,.ut
839 4688 1042 4745 occidat
1066 4702 1228 4756 super
1255 4685 1577 4739 iracundiam
1603 4695 1766 4748 tuam,

187 4789 240 4841 id
267 4796 376 4850 est,
408 4787 619 4840 deserat
646 4782 888 4837 Christus
913 4789 1142 4834 mentem
1176 4787 1352 4841 tuam;
1383 4775 1502 4844 quia
1532 4792 1632 4828 non
1662 4775 1770 4828 vult

189 4879 437 4931 habitare
479 4874 723 4929 Christus
773 4888 891 4927 cum
935 4869 1200 4925 iracundia
1234 4877 1341 4921 tua.
1375 4866 1590 4920 Videtur
1626 4867 1766 4919 enim

185 4969 343 5036 quasi
387 4968 502 5034 ipse
535 4983 565 5019 a
604 4976 655 5020 te
697 4963 959 5026 occidere,
1003 4977 1121 5015 cum
1171 4969 1224 5012 tu
1264 4958 1331 5012 ab
1381 4958 1494 5026 ipso
1523 4956 1765 5010 occidas:

185 5062 315 5127 quia
361 5059 434 5110 ira
465 5074 582 5110 cum
633 5054 1024 5118 inveteraverit,
1069 5051 1247 5105 odiutn
1280 5050 1373 5113 fit;
1414 5064 1533 5103 cum
1577 5048 1769 5100 factum

186 5152 359 5207 fuerit
382 5151 581 5210 odium,
609 5149 717 5218 jam
760 5146 1018 5200 homicida
1063 5159 1140 5198 es.
1174 5142 1350 5197 Omnis
1381 5141 1510 5194 enim
1537 5140 1622 5210 qui
1665 5139 1772 5192 odit

185 5251 407 5312 fratrem
422 5259 585 5304 suum,
615 5239 866 5293 homicida
896 5246 964 5289 est
994 5235 1034 5308 (I
1053 5233 1209 5288 Joau.
1241 5250 1313 5298 ιιι,
1349 5233 1460 5301 15),
1491 5232 1626 5285 sicut
1645 5230 1772 5284 dicit

181 5341 432 5392 Joannes
469 5334 758 5405 apostolus.
809 5330 935 5383 Item
986 5328 1096 5396 ipse
1133 5327 1279 5390 dicit,
1321 5325 1441 5396 quia
1484 5323 1644 5378 omnis
1688 5323 1771 5390 qui

184 5431 297 5482 odit
329 5430 538 5495 fratrem
564 5440 731 5489 suum,
757 5423 808 5475 in
831 5419 1038 5474 tenebris
1061 5427 1221 5470 manet
1247 5415 1354 5486 (Id.
1385 5432 1440 5476 ll,
1471 5417 1527 5482 9)
1559 5432 1570 5469 :
1599 5425 1652 5469 et
1671 5431 1771 5468 non

184 5522 392 5576 mirum
418 5518 462 5571 si
495 5517 581 5570 ille
610 5517 662 5569 in
695 5512 926 5568 tenebris
965 5518 1162 5574 manet,
1193 5525 1222 5562 a
1249 5525 1352 5578 quo
1378 5507 1573 5562 occidit
1599 5507 1700 5560 sol.

258 5613 323 5666 4.
369 5608 448 5662 Ad
489 5608 590 5662 hoc
631 5607 764 5660 forte
808 5605 964 5658 ctiant
996 5601 1225 5672 pertinet
1267 5598 1405 5670 quod
1449 5598 1669 5652 audistis
1718 5597 1770 5649 in

252 5748 274 5815 ἑ
302 5745 381 5795 Sic
409 5752 554 5795 vetus
572 5741 678 5792 eod.
708 5739 842 5791 corb.
870 5747 920 5786 ,ιι
939 5731 1325 5796 Edd.,ltomiuum
1354 5731 1479 5784 enim
1500 5728 1774 5796 inﬁrmitate

197 5819 344 5866 1ιίιὸ-

1286 347 1678 405 ΕΝᾹΒΒΑἸἸΟ
1706 344 1769 400 IN
1809 347 2124 404 PSALMUM
2163 348 2328 404 XXV.

3314 351 3418 408 190

1853 467 2140 538 Evangelio
2169 486 2183 523 :
2214 468 2594 534 l’ericlitabatur
2637 470 2885 540 navigium
2920 472 2969 524 in
2999 480 3195 542 stagno,
3223 483 3266 525 et
3295 473 3417 525 dero

1853 560 2032 612 miebat
2075 559 2224 613 Jesus
2259 558 2407 632 (Luc.
2449 575 2563 626 vnt,
2611 562 2728 631 ἐῢ).
2767 561 3083 630 Navigamus
3125 563 3264 617 enim
3320 579 3415 633 per

1850 649 2112 720 quoddam
2142 659 2406 720 stagnum,
2437 663 2488 706 et
2516 661 2700 705 ventus
2722 663 2771 706 et
2797 653 3041 720 p‘rOcelIa:
3065 671 3166 706 non
3190 654 3414 709 desunt:

1851 744 2227 797 tentationibus
2256 744 2574 813 quotidianis
2598 744 2753 812 hujus
2782 746 2960 798 surculi
2995 762 3154 815 prope
3177 749 3417 815 oppletur

1854 843 2088 911 nostrum
2119 835 2405 900 navigium.
2455 834 2604 890 Unde
2630 845 2803 890 autem
2838 836 2912 900 fit”,
2947 837 3043 890 nisi
3076 838 3195 905 quia
3224 838 3420 892 dormit

1851 925 2043 980 Jesus?
2071 925 2124 980 Si
2150 942 2253 979 non
2279 927 2534 980 dormiret
2563 927 2613 979 in
2642 937 2691 980 te
2721 927 2893 991 .Iesus,
2927 937 3266 996 tempestates
3294 930 3419 983 istas

1851 1033 1956 1072 non
1995 1018 2286 1085 patereris;
2315 1017 2407 1072 sed
2455 1017 2882 1087 tranquillitatem
2923 1001 3146 1072 haberes
3175 1019 3416 1081 interius,

1853 1110 2204 1178 com-igilante
2253 1118 2424 1163 tecum
2475 1108 2619 1164 Jesu.
2672 1109 2806 1176 Quid
2857 1120 2937 1163 est
2979 1121 3172 1175 autem,
3221 1111 3418 1165 dormit

1851 1199 2040 1254 Jesus?
2068 1200 2225 1254 Fides
2257 1210 2342 1254 tua
2373 1217 2489 1270 qua:
2528 1211 2607 1254 est
2648 1201 2714 1254 de
2738 1200 2883 1266 Jesn,
2916 1201 3252 1256 obdormivit.
3285 1203 3419 1258 Sur-

1851 1301 1981 1360 gunt
2005 1291 2244 1358 procella:
2283 1291 2450 1359 stagni
2483 1290 2653 1360 hujus,
2687 1290 2833 1344 vides
2876 1292 3040 1344 malos
3081 1291 3289 1355 ﬂorere,
3322 1293 3420 1346 bo-

1857 1396 1951 1435 nos
2004 1381 2280 1442 laborare;
2327 1380 2546 1434 teutatio
2593 1391 2694 1446 est,
2751 1380 2948 1434 fructus
2990 1391 3104 1433 est;
3141 1381 3206 1434 Et
3257 1381 3416 1434 dicit‘

1855 1473 2030 1525 anima
2077 1482 2159 1524 tua
2190 1469 2275 1524 :0
2322 1470 2480 1538 Deus,
2525 1472 2633 1542 ipsa
2678 1471 2982 1539 estjustitia
3034 1481 3140 1536 tua,
3196 1484 3250 1525 ut
3300 1475 3419 1527 mali
3486 1525 3491 1529 ,

1855 1564 2098 1630 ﬂoreant,
2143 1564 2265 1618 boni
2308 1563 2590 1617 laborent?
2620 1564 2754 1618 Dicis
2788 1564 2931 1618 Deo:
2968 1563 3078 1631 Ipsa
3121 1577 3198 1618 est
3221 1565 3420 1635 justitia

1857 1655 1984 1708 tua?
2011 1654 2075 1708 Et
2117 1654 2255 1708 Deus
2290 1655 2381 1708 tibi
2411 1671 2424 1706 :
2452 1655 2562 1723 Ipsa
2590 1665 2667 1707 est
2700 1655 2825 1709 fides
2855 1656 2982 1709 tua?
3011 1655 3132 1709 [Leo
3160 1657 3299 1715 enim
3332 1658 3421 1711 tibi

1858 1745 2118 1815 promisi?
2160 1745 2225 1798 ad
2269 1745 2369 1799 hoc
2394 1744 2712 1800 Christianus
2740 1745 2908 1799 factus
2947 1761 3024 1810 es,
3055 1756 3110 1799 ιιι
3149 1748 3199 1800 in
3228 1750 3424 1804 szeculo

1857 1839 1959 1893 isto
1997 1837 2256 1892 ﬂoreres?
2287 1839 2605 1908 torqueris”,
2649 1839 2768 1907 quia
2811 1838 2895 1892 hic
2935 1839 3052 1892 mali
3087 1840 3292 1903 ﬂorent,
3335 1843 3422 1910 qui

1857 1946 1977 1985 cum
2026 1929 2238 1984 diabolo
2293 1941 2470 2000 postea
2520 1931 2944 1998 torquebantur?
2994 1929 3100 1984 Sed
3147 1931 3285 1984 unde
3325 1931 3426 1987 hoc

1857 2029 2030 2083 dicis?
2073 2029 2210 2084 unde
2240 2029 2482 2085 ﬂuctibus
2527 2031 2695 2100 stagni
2732 2039 2784 2084 et
2812 2037 3120 2098 ten'tpcstate
3157 2025 3426 2082 turbaris?

1858 2121 1988 2188 Quia
2029 2121 2223 2175 dormit
2244 2120 2419 2188 Jesus,
2460 2121 2511 2175 id
2551 2131 2650 2185 est,
2679 2122 2797 2192 quia
2827 2121 2956 2177 fides
2985 2130 3068 2174 tua
3099 2137 3215 2190 quae
3249 2129 3330 2174 est
3357 2117 3425 2171 de

1859 2211 2008 2278 Jesu,
2032 2213 2202 2284 sopita
2233 2204 2315 2267 est
2343 2213 2394 2267 in
2418 2212 2578 2267 corde
2607 2223 2715 2267 tuo.
2743 2212 2878 2280 Quid
2911 2212 3039 2268 facis
3071 2223 3126 2266 ut
3149 2211 3427 2265 libereris?

1861 2302 2040 2356 Excita
2068 2302 2271 2367 Jcsum,
2314 2313 2368 2358 et
2410 2303 2516 2369 die,
2565 2303 2824 2374 Magister,
2847 2305 3062 2372 perimus
3093 2302 3282 2375 (Ibid.,
3312 2303 3428 2370 24).

1860 2395 2066 2448 Μονριιῑ
2095 2394 2234 2448 enim
2264 2393 2460 2448 incerta
2489 2394 2658 2463 Stagni
2685 2411 2697 2447 :
2728 2395 2982 2464 perimus.
3012 2391 3291 2462 Evigilabit
3318 2393 3428 2458 ille,
3475 2421 3484 2432 -

1863 2486 1912 2538 id
1945 2494 2044 2546 est,
2071 2485 2236 2539 rediet
2285 2485 2350 2538 ad
2383 2495 2432 2539 te
2459 2484 2590 2540 ﬁdes
2620 2497 2703 2539 tua
2727 2503 2741 2550 ;
2770 2495 2823 2539 et
2851 2486 3132 2554 adjuvante
3166 2485 3273 2550 illo,
3300 2499 3430 2538 Cott—

1861 2575 2115 2630 Sidet-abis
2139 2577 2186 2628 iu
2217 2577 2390 2628 anima
2426 2585 2532 2639 tua,
2563 2575 2683 2643 quia
2715 2592 2831 2644 qua:
2857 2575 3049 2628 dantur
3075 2573 3233 2627 tnodo
3257 2573 3429 2637 malis,

1865 2683 1966 2718 non
2007 2681 2125 2719 cum
2169 2666 2273 2718 illis
2311 2667 2724 2734 perseverabunt
2748 2684 2760 2719 :
2788 2675 2877 2717 aut
2903 2665 3042 2718 enim
3075 2665 3312 2718 viventes
3338 2680 3432 2717 eos

1844 2755 2135 2829 deserunt,
2175 2764 2265 2807 aut
2294 2771 2323 2807 a
2365 2755 2710 2809 morientibus
2740 2753 3090 2817 deseruntur;
3126 2754 3215 2806 tibi
3254 2763 3431 2806 autem

1864 2849 2001 2918 quod
2047 2847 2386 2916 promittitur,
2438 2846 2671 2900 manebit
2722 2846 2773 2899 in
2821 2856 3099 2899 aeternum.
3148 2844 3253 2898 Illis
3293 2845 3433 2913 quod

1867 2939 2224 3008 temporaliter
2252 2937 2578 3002 conceditur,
2602 2938 2706 2991 cito
2735 2936 2953 2991 tollitur.
2985 2935 3189 2990 Floruit
3214 2936 3352 2989 cnim
3379 2944 3434 2989 at

1863 3031 1960 3085 ﬂos
1995 3031 2120 3085 feni.
2169 3029 2352 3085 Omnis
2401 3029 2540 3084 enim
2571 3043 2694 3083 caro
2721 3029 2895 3082 fenum
2923 3043 2936 3081 :
2969 3029 3108 3081 aruit
3143 3026 3342 3090 fenum,
3374 3035 3433 3080 et

1864 3123 1960 3177 ﬂos
1999 3121 2192 3176 decidit
2224 3138 2236 3174 :
2273 3120 2497 3174 verbum
2539 3128 2715 3172 autem
2747 3119 2954 3172 Domini
2985 3125 3163 3172 manet
3202 3117 3252 3170 in
3281 3127 3436 3170 atter-

1865 3230 1989 3268 num
2022 3211 2171 3286 (Isai.
2202 3228 2294 3279 XL,
2321 3211 2373 3277 6,
2403 3210 2484 3284 8).
2521 3211 2664 3265 Pone
2709 3226 2834 3280 ergo
2864 3211 3078 3264 dorsum
3107 3208 3172 3264 ad
3214 3208 3264 3262 id
3295 3208 3434 3278 quod

1799 3313 1807 3319 ’
1865 3306 2026 3370 eadit,
2092 3312 2146 3358 et
2183 3302 2370 3358 faciem
2417 3302 2485 3357 ad
2529 3301 2655 3357 illud
2701 3302 2840 3372 quod
2893 3309 3089 3356 manet.
3147 3300 3438 3371 Evigilante

1867 3382 2076 3454 Christo
2102 3396 2210 3465 jam
2244 3405 2529 3464 tempestas
2561 3394 2646 3448 illa
2677 3410 2779 3447 non
2801 3393 3001 3463 quatiet
3021 3407 3114 3448 cor
3137 3401 3304 3457 tuum,
3333 3407 3436 3445 non

1867 3489 2156 3558 opplehunt
2192 3487 2382 3542 ﬂuctus
2409 3486 2583 3540 navim
2615 3496 2796 3539 tuam:
2827 3485 2947 3553 quia
2982 3484 3111 3538 fides
3152 3492 3238 3537 tua
3266 3483 3435 3552 impe-

1866 3592 1950 3637 rat
1970 3582 2140 3637 ventis
2166 3591 2219 3636 et
2248 3581 2521 3647 ﬂuctibus,
2550 3588 2604 3634 et
2635 3579 2859 3633 transiet
2888 3579 3201 3647 periculum.
3231 3578 3310 3630 Ad
3339 3577 3438 3629 hoc

1867 3675 2006 3728 enim
2041 3673 2283 3742 pertinet,
2321 3673 2531 3735 fratres,
2567 3680 2732 3725 totum
2782 3670 2831 3724 id
2860 3668 2998 3738 quod
3042 3668 3167 3722 dicit
3214 3669 3440 3735 Aposto-

1870 3765 1973 3826 lus,
2005 3764 2072 3818 de
2097 3763 2342 3817 exuendo
2365 3775 2595 3817 veterem
2623 3761 2912 3814 hominem.
2940 3757 3247 3822 Irascimini,
3277 3766 3323 3810 e:
3344 3774 3437 3809 no-

1871 3855 1957 3909 lite
2005 3871 2210 3924 peccare
2240 3855 2360 3908 :sol
2406 3871 2506 3907 non
2551 3853 2743 3905 occidat
2785 3867 2938 3918 super
2989 3849 3301 3902 iracundiam
3353 3865 3437 3902 vc-

1869 3955 2062 3998 stram:
2093 3959 2250 4014 neque
2285 3941 2449 3995 locum
2491 3942 2619 3994 detis
2659 3939 2899 3992 diabolo:
2927 3949 3075 3994 vetus
3117 3954 3242 4009 ergo
3279 3939 3440 3994 dabat

1871 4036 2066 4099 locum,
2104 4049 2270 4088 novus
2295 4049 2397 4088 non
2423 4033 2530 4088 det.
2559 4032 2657 4098 Qui
2678 4031 2961 4100 [urabatur,
2986 4032 3098 4101 jam
3123 4047 3221 4083 non
3246 4035 3440 4100 furelur

1872 4125 2082 4196 (Ep/tes.
2117 4141 2191 4190 tv,
2221 4123 2415 4195 26-28)
2441 4141 2453 4176 :
2483 4131 2632 4177 vetus
2657 4138 2785 4191 ergo
2813 4121 3102 4188 furabatur,
3130 4136 3296 4176 novus
3335 4138 3437 4175 non

1872 4217 2094 4297 furetur.
2125 4217 2240 4286 Ipse
2278 4215 2436 4269 homo
2462 4223 2563 4279 est,
2599 4229 2735 4267 unus
2775 4213 2934 4267 homo
2963 4221 3046 4268 est
3070 4230 3082 4267 :
3110 4211 3276 4266 Adam
3305 4221 3438 4278 erat,

1869 4309 2113 4363 Christus
2160 4309 2228 4362 sit
2259 4314 2446 4362 :vetus
2484 4314 2620 4368 erat,
2660 4319 2827 4358 novus
2866 4305 2968 4370 sit;
3013 4312 3066 4358 et
3105 4313 3294 4356 cetera
3327 4315 3438 4370 quat

1871 4399 1941 4454 ibi
1973 4407 2282 4468 sequuntur.

1943 4494 1994 4547 5.
2037 4491 2138 4546 Sed
2175 4489 2438 4544 Psaltnmn
2468 4489 2743 4542 videamus
2770 4487 2924 4557 paqu
2965 4484 3286 4553 diligentius,
3316 4483 3438 4552 quia

1871 4601 1989 4640 cum
2020 4585 2240 4654 quisque
2281 4583 2559 4651 profecerit
2602 4581 2652 4635 in
2685 4580 2942 4645 Ecclesia,
2975 4591 3196 4631 necesse
3239 4584 3320 4629 est
3347 4589 3440 4642 pa-

1876 4666 2032 4728 tiatur
2062 4674 2228 4726 malos
2276 4673 2324 4725 in
2369 4672 2629 4726 Ecclesia.
2657 4669 2761 4724 Sed
2805 4683 2910 4722 non
2943 4683 3034 4721 eos
3060 4664 3330 4734 cognoscit
3355 4664 3443 4727 qui

1875 4765 1992 4819 talis
2015 4774 2128 4830 est;
2156 4779 2452 4834 quanquam
2481 4762 2627 4814 multi
2660 4760 2780 4813 ntali
2814 4765 3144 4811 tnurmurent
3187 4755 3444 4810 adversus

1873 4857 2063 4918 tnalos,
2089 4853 2354 4924 quomodo
2386 4853 2591 4905 facilius
2618 4865 2755 4903 unus
2793 4863 2953 4901 sanus
2984 4845 3086 4900 fert
3114 4846 3245 4899 duos
3279 4860 3444 4914 a‘gro-

1875 4957 1976 5009 tos,
2000 4963 2153 5016 quam
2183 4945 2287 4998 duo
2312 4943 2492 5012 (egroti
2520 4959 2578 4996 se
2605 4941 2828 4994 invicem
2857 4936 3111 5008 singulos.
3141 4936 3320 5006 Itaque
3343 4935 3444 4990 hoc

1877 5025 2230 5107 principimus,
2283 5033 2490 5094 fratres,
2533 5033 2672 5084 ‘Area
2711 5039 2796 5084 est
2839 5029 3071 5082 Ecclesia
3117 5021 3273 5096 hujus
3313 5035 3444 5080 tem-

1877 5127 2018 5199 poris
2046 5145 2058 5180 :
2089 5141 2229 5196 saepe
2255 5124 2500 5185 diximus,
2529 5137 2672 5191 satpe
2697 5121 2942 5187 dicimus,
2969 5119 3036 5173 Et
3058 5119 3260 5188 paleam
3289 5117 3446 5171 habet

1875 5231 1928 5276 et
1949 5219 2294 5273 frumentum.
2322 5215 2488 5270 Nemo
2514 5222 2718 5284 quzerat
2736 5213 2882 5268 exire
2903 5221 3064 5266 totam
3093 5209 3316 5280 paleam,
3343 5209 3445 5262 nisi

1879 5323 2114 5381 tempore
2137 5306 2515 5364 ventilationis.
2547 5305 2713 5360 Nemo
2745 5313 2870 5360 ante
2909 5313 3116 5372 tempus
3145 5300 3448 5357 ventilatio—

1877 5405 1958 5460 nis
1986 5404 2191 5457 deserat
2228 5416 2427 5466 aream,
2459 5398 2606 5470 quasi
2633 5397 2758 5452 dum
2789 5413 2892 5452 non
2922 5396 3031 5450 vult
3063 5395 3167 5464 pati
3199 5401 3446 5464 peccato-

1942 5606 1957 5636 ¹
1984 5603 2232 5652 Tredecim
2252 5607 2381 5659 Mss,
2403 5605 2453 5649 Et
2478 5598 2674 5649 dubitat.
2917 5655 2926 5659 _
2981 5656 2989 5659 λ
3097 5653 3116 5659 ,
3352 5653 3362 5659 _
3395 5647 3402 5653 .

1944 5669 1962 5697 ²
1987 5669 2059 5714 sic
2083 5671 2154 5713 Er.
2183 5671 2234 5712 et
2257 5653 2439 5711 Mssfat
2467 5668 2596 5717 Lov.,
2628 5667 2678 5710 ut
2709 5660 2759 5709 in
2782 5655 2956 5709 swculo
2974 5656 3060 5705 isto
3083 5653 3301 5718 ﬂoreres,
3318 5653 3438 5718 ct_t_u

1879 5712 2220 5788 rutro-opostea
2260 5724 2309 5772 iu
2347 5722 2532 5788 inferno
2562 5712 2829 5774 ritiserrime
2865 5712 3194 5781 torquet'eris?
3218 5712 3333 5774 quia
3365 5712 3442 5762 hic

1884 5789 1994 5840 ntali
2014 5787 2201 5850 ﬂerent,
2226 5796 2318 5836 etc.
