3988 6188
592 326 683 380 nu
1090 304 1100 313 ’
1776 314 1835 370 s.
1875 309 2234 370 AUGUSTINI
2274 310 2574 368 EPISCOPI

594 453 719 493 res:
750 451 817 491 ne
870 443 1062 506 praeter
1106 447 1284 488 arcam
1333 431 1597 496 iuventus,
1650 428 1796 499 prius
1846 428 1914 482 ab
1972 426 2156 482 avibus

591 529 886 600 colligatur.
933 541 1091 596 quam
1129 524 1449 596 ingrediatur
1488 525 1540 579 in
1586 522 1855 577 horreum.
1885 518 2160 589 Quomodo

592 628 767 671 autem
817 616 937 678 huc,
976 614 1185 681 fratres,
1222 614 1459 669 dicamus
1502 610 1777 667 attendite.
1823 610 1996 666 Grana
2037 624 2158 665 cum

593 706 855 776 emperint
883 706 1136 770 triturari,
1168 706 1305 760 inter
1336 705 1512 775 paleas
1535 704 1641 773 iam
1670 719 1729 758 se
1766 717 1872 756 non
1900 711 2115 771 tangunt
2145 716 2159 765 ;

595 800 665 853 ita
692 798 841 868 quasi
870 812 927 853 se
968 815 1074 852 non
1103 805 1381 858 noverunt,
1422 796 1544 865 quia
1589 793 1870 849 intercedit
1894 793 2067 862 palea.
2098 792 2162 846 Et

595 890 917 961 quicumque
964 890 1170 960 longius
1221 887 1445 943 attendit
1485 903 1685 952 aream,
1738 887 1939 956 paleam
1993 884 2161 940 solam

550 964 553 969 ’
597 990 783 1049 putat:
816 980 915 1034 nisi
947 980 1249 1049 diligentius
1294 979 1578 1041 intueatur,
1628 977 1724 1031 nisi
1756 991 1967 1032 manum
1993 976 2160 1048 porri-

596 1084 703 1140 gat,
731 1072 831 1125 nisi
858 1071 1044 1140 spiritu
1073 1071 1200 1131 oris,
1233 1070 1284 1122 id
1309 1078 1410 1134 est,
1444 1068 1567 1122 ﬂatu
1596 1077 1850 1138 purgante
1875 1067 2161 1127 discernat,

596 1161 812 1216 diflieile
860 1161 1094 1230 pervenit
1151 1160 1215 1213 ad
1258 1160 1629 1214 discretionem
1678 1173 1983 1227 granorum.
2029 1156 2167 1226 Ergo

597 1251 879 1322 aliquando
906 1262 961 1306 et
1001 1252 1121 1320 ipsa
1141 1266 1302 1320 grana
1347 1251 1416 1302 ita
1446 1258 1588 1312 sunt,
1620 1248 1769 1318 quasi
1816 1246 2057 1317 seiuncta
2098 1245 2167 1299 ab

601 1343 848 1404 invicem.
880 1351 934 1396 et
971 1358 1075 1395 non
1115 1359 1172 1397 se
1208 1343 1493 1411 tangentia,
1531 1354 1589 1395 ut
1634 1349 1779 1409 putet
1805 1341 2168 1411 unusquisque

598 1451 720 1491 eum
742 1435 1043 1506 profecerit,
1074 1434 1210 1504 quod
1237 1435 1379 1489 solus
1408 1435 1494 1488 sit.
1524 1434 1645 1488 lla-.c
1665 1433 1930 1510 cogitatio,
1957 1432 2165 1499 fratres,

603 1528 773 1582 Eliam
805 1528 1041 1591 tentavit,
1086 1536 1283 1581 tantum
1329 1527 1497 1581 virum
1527 1526 1616 1596 (lll
1644 1526 1770 1597 Reg.
1809 1542 1920 1591 xtx,
1956 1525 2086 1595 10);
2115 1535 2169 1580 et

601 1618 734 1670 dixit
761 1615 825 1671 ad
857 1617 1042 1685 Deum,
1073 1618 1207 1671 sicut
1236 1618 1393 1671 etiam
1434 1617 1719 1687 Apostolus
1742 1624 2125 1672 commemorat
2152 1632 2165 1669 :

607 1708 886 1781 Prophetas
928 1717 1039 1761 tuos
1079 1707 1383 1774 occiderunt,
1416 1708 1600 1761 altaria
1636 1717 1723 1761 tua
1762 1706 2095 1773 stt/foderunt,
2126 1714 2171 1759 et

600 1815 692 1869 ego
722 1800 937 1853 remansi
962 1800 1116 1865 solus,
1145 1810 1190 1853 et
1215 1809 1443 1869 quierunt
1462 1799 1684 1852 animam
1711 1814 1889 1852 meant.
1914 1797 2018 1853 Sed
2049 1796 2171 1867 quid

599 1891 719 1944 dicit
742 1890 816 1943 illi
840 1907 1134 1961 responsum
1156 1890 1418 1945 divinum?
1442 1888 1640 1959 Reliqui
1665 1889 1788 1965 mihi
1806 1897 1991 1958 septem
2013 1888 2172 1941 millia

604 1984 840 2046 uirorum,
866 1983 951 2054 qui
972 1999 1070 2037 non
1097 1993 1420 2037 curvaverant
1441 1999 1604 2054 genua
1624 1990 1738 2035 ante
1753 1980 1883 2035 Baal
1901 1981 2077 2051 (Rom.
2096 1996 2169 2044 xt,

600 2073 694 2126 Set
711 2074 787 2145 4).
816 2073 928 2127 Non
954 2072 1087 2127 dixit
1110 2073 1157 2127 ei
1174 2090 1186 2126 :
1205 2073 1380 2128 [labes
1405 2074 1537 2127 alios
1561 2072 1698 2128 duos
1725 2080 1816 2126 aut
1840 2080 1949 2127 tres
1973 2071 2174 2125 similes

608 2166 721 2218 tibi.
753 2165 889 2228 Noli,
935 2164 1121 2235 inquit,
1163 2175 1345 2235 putare
1373 2173 1424 2219 te
1467 2164 1661 2219 solum.
1705 2163 1839 2229 Alia,
1873 2145 2060 2233 inquit,
2090 2177 2172 2216 se-

606 2266 750 2333 ptem
779 2258 936 2311 millia
977 2266 1119 2323 sunt,
1146 2265 1200 2311 et
1223 2257 1391 2311 solum
1422 2265 1474 2311 te
1503 2257 1686 2326 putas!
1717 2256 1894 2325 Itaque
1924 2256 2024 2309 hoc
2051 2255 2172 2308 bre-

605 2350 741 2403 viter
766 2347 1117 2418 praecipimus,
1149 2355 1205 2401 ut
1244 2347 1422 2402 dicere
1456 2362 1742 2417 coeperam.
1784 2345 2022 2400 lntendat
2061 2362 2172 2398 me-

605 2455 725 2493 cum
757 2439 984 2493 fraterna
1008 2438 1270 2494 Sanctitas
1297 2438 1506 2504 Vestra,
1544 2446 1600 2492 et
1639 2436 1778 2491 adsit
1814 2435 2174 2490 misericordia

610 2530 699 2585 Dei
728 2531 777 2583 in
807 2530 1052 2585 cordibus
1077 2529 1292 2594 nostris,
1322 2536 1379 2582 ut
1420 2528 1497 2583 sic
1520 2543 1549 2581 a
1572 2526 1720 2581 vobis
1746 2525 2088 2595 intelligatur,
2122 2533 2176 2577 ut

606 2621 904 2681 fruetilicet.
930 2621 1055 2675 etin
1078 2620 1229 2674 vobis
1245 2629 1511 2690 operetur.
1534 2617 1725 2671 Audite
1742 2614 2001 2672 breviter:
2021 2613 2176 2682 Quis-

606 2716 725 2784 quis
761 2714 934 2769 adbue
980 2714 1151 2768 malus
1192 2721 1293 2778 est,
1339 2728 1442 2766 non
1487 2720 1635 2781 putet
1676 2710 1942 2764 neminem
1980 2708 2177 2763 bonum

606 2820 727 2860 esse
755 2805 1028 2875 :quisquis
1052 2804 1222 2858 bonus
1255 2812 1356 2868 est,
1386 2817 1489 2856 non
1515 2809 1665 2872 putet
1693 2815 1752 2856 se
1780 2799 1951 2855 solum
1981 2798 2177 2853 bonum

608 2912 748 2952 esse.
788 2897 1002 2952 Tenetis
1048 2896 1188 2951 hoc?
1223 2895 1359 2950 Eet'e
1397 2905 1599 2964 repeto,
1631 2893 1806 2948 videte
1850 2893 1970 2962 quia
2013 2892 2175 2947 dico:

608 2988 859 3057 Quisquis
888 2987 1055 3041 malus
1080 2994 1181 3052 est,
1225 2987 1555 3054 interrogans
1583 2983 1962 3038 conscientiam
2003 2997 2177 3049 suam,

609 3089 665 3134 et
685 3080 824 3133 male
848 3079 946 3133 sibi
975 3078 1304 3145 renuntiatis,
1337 3092 1441 3130 non
1476 3076 1758 3130 arbitretur
1788 3074 2051 3130 neminem
2081 3074 2180 3129 bo-

612 3187 736 3225 num
763 3185 882 3225 esse
910 3188 922 3223 :
950 3171 1186 3240 quisquis
1223 3169 1393 3224 bonus
1416 3178 1518 3235 est,
1550 3182 1657 3222 non
1684 3167 1966 3222 arbitretur
1993 3182 2053 3222 se
2080 3181 2171 3220 so-

611 3262 719 3316 lum
772 3262 966 3317 bonum
1016 3275 1167 3326 esse;
1219 3269 1274 3316 et
1323 3275 1427 3313 non
1477 3260 1657 3313 timeat
1702 3258 1872 3313 bonus
1920 3258 1973 3312 in
2026 3272 2180 3313 com-

614 3355 867 3409 mixtione
906 3354 1184 3419 malorum,
1232 3353 1352 3422 quia
1381 3351 1555 3407 veniet
1593 3360 1800 3421 tempus
1830 3360 1887 3407 ut
1928 3350 2051 3405 inde
2091 3365 2179 3405 se-

615 3456 887 3514 gregetur.
923 3444 1001 3499 Ad
1030 3444 1130 3499 hoc
1155 3444 1296 3498 enim
1328 3444 1485 3499 hodie
1513 3443 1857 3508 cantavimus,
1891 3441 1973 3497 Ne
2000 3442 2181 3512 perdas

611 3554 726 3590 cum
758 3537 925 3606 impiis
952 3539 1172 3589 animam
1202 3552 1381 3601 meam,
1410 3544 1456 3588 ct
1485 3551 1597 3588 cum
1631 3535 1750 3588 viris
1774 3534 2074 3603 sanguinum
2101 3532 2182 3587 ui-

613 3640 716 3683 tam
749 3644 929 3681 mcant.
958 3612 1095 3695 Quid
1120 3628 1261 3681 enim
1288 3635 1389 3691 est,
1420 3625 1503 3681 Ne
1524 3643 1639 3696 cum
1667 3626 1833 3697 impiis
1863 3626 2044 3696 perdas
2064 3626 2087 3679 ?
2105 3625 2183 3682 Ne

616 3719 773 3773 simul
802 3717 1012 3789 perdas.
1046 3718 1219 3785 Quare
1262 3718 1414 3771 timet
1448 3733 1517 3772 ne
1557 3715 1713 3770 simul
1753 3715 1975 3785 perdat?
2016 3715 2182 3771 Video

614 3812 753 3866 enim
782 3810 978 3865 dictum
1013 3808 1141 3872 Deo,
1172 3807 1292 3878 quia
1318 3807 1474 3862 modo
1497 3804 1654 3860 simul
1686 3820 1784 3860 nos
1810 3806 2023 3875 pateris,
2049 3822 2182 3874 quos

616 3902 807 3970 pateris
835 3900 1014 3963 simul,
1051 3898 1157 3954 noli
1193 3898 1413 3969 perdere
1435 3896 1610 3952 simul.
1641 3897 1707 3952 Et
1732 3895 1834 3951 hoc
1862 3895 2021 3951 habet
2044 3905 2184 3951 totus

618 3992 871 4059 psalmus,
910 4005 1067 4060 quem
1096 3990 1216 4045 volo
1253 3989 1482 4044 breviter
1522 4003 1642 4043 cum
1678 3987 1972 4044 Sanctitate
1998 3988 2183 4043 Vestra

616 4081 969 4147 considerare,
997 4082 1117 4151 quia
1146 4080 1320 4136 brevis
1351 4090 1450 4137 est.
1726 4150 1732 4157 .

687 4171 741 4225 6.
784 4169 940 4242 [veru
970 4169 1050 4242 1.]
1086 4170 1274 4224 Judica
1302 4187 1399 4238 me,
1441 4170 1656 4225 Domine
1681 4187 1700 4225 :
1724 4169 1946 4225 molesta
1982 4178 2102 4222 vota
2132 4179 2185 4224 et

616 4262 766 4334 quasi
806 4261 1100 4331 periculosa
1142 4263 1321 4330 eptat‘
1367 4262 1487 4328 sibi,
1528 4272 1586 4316 ut
1612 4261 1899 4332 judicetur.
1940 4261 2074 4328 Quid
2104 4269 2186 4315 est

617 4353 834 4425 iudicari
861 4351 1001 4423 quod
1031 4352 1218 4421 optat?
1260 4352 1491 4407 Discerni
1533 4369 1591 4408 se
1620 4361 1823 4423 optata
1865 4353 2038 4407 malis.
2067 4352 2185 4407 Alio

620 4447 739 4501 loco
763 4444 1037 4499 evidenter
1062 4443 1192 4499 dicit
1215 4442 1283 4499 de
1326 4444 1439 4513 ipso
1463 4444 1660 4513 judicio
1685 4443 2017 4499 discretionis
2047 4463 2059 4497 :
2087 4443 2185 4497 Ju-

617 4539 732 4592 dica
760 4553 859 4603 me,
888 4536 1124 4600 Domine,
1166 4545 1213 4592 et
1252 4536 1480 4591 discerne
1506 4553 1709 4591 causam
1753 4555 1914 4592 meam
1952 4539 2014 4592 de
2043 4549 2189 4610 gente

620 4647 722 4683 non
757 4637 932 4683 sancta
962 4628 1134 4700 (Psal.
1163 4644 1295 4693 xui,
1327 4630 1403 4698 l).
1439 4628 1680 4683 Ostendit
1704 4631 1828 4701 quid
1854 4631 2065 4698 dixerit,
2090 4631 2189 4686 Ju-

619 4721 733 4774 dica
757 4736 775 4774 :
806 4738 872 4775 ne
900 4730 1145 4791 tanquam
1172 4721 1285 4775 sine
1305 4719 1504 4797 judicio
1536 4720 1682 4790 (quia
1711 4720 1867 4776 modo
1896 4730 1951 4778 et
1984 4722 2107 4778 boni
2136 4731 2189 4778 et

622 4811 743 4865 ntali
774 4813 970 4867 intrant
1010 4812 1061 4866 in
1105 4811 1416 4883 Ecclesiam)
1460 4821 1516 4868 ct
1558 4810 1679 4866 boni
1719 4822 1773 4867 et
1816 4814 1935 4868 mali
1972 4825 2097 4869 eant
2135 4817 2185 4869 in

623 4904 793 4972 ignem
830 4910 1107 4958 retentum.
1154 4895 1481 4971 ludica'me,
1532 4903 1767 4959 Domine.
1812 4904 2021 4973 Quare?
2052 4908 2189 4973 Quo-

621 4994 758 5046 niam
805 5009 896 5063 ego
936 4994 989 5047 in
1027 4995 1309 5049 innocentia
1355 5012 1467 5050 mea
1495 4995 1763 5059 ambulavi,
1804 5005 1848 5050 et
1888 4996 1942 5050 in
1972 4992 2188 5051 Domino

621 5101 828 5153 sperans
866 5102 967 5140 non
1005 5088 1254 5142 movebar.
1284 5087 1420 5159 Quid
1461 5097 1564 5153 est,
1592 5080 1646 5141 in
1688 5086 1906 5142 Domino
1943 5088 2190 5157 sperans?

625 5178 715 5233 ille
752 5179 895 5232 enim
945 5179 1134 5232 titubat
1175 5179 1312 5233 inter
1355 5180 1541 5246 malos,
1585 5180 1673 5250 qui
1728 5195 1832 5233 non
1876 5171 1937 5234 in~
1968 5179 2191 5234 Domino

624 5277 836 5336 sperat;
880 5266 1005 5322 hinc
1063 5266 1257 5321 factum
1303 5277 1384 5322 est
1438 5277 1495 5323 ut
1543 5269 1824 5324 schismata
1880 5268 2188 5339 lierent(a).

624 5357 1042 5428 'l‘repidaverunt
1079 5358 1217 5413 inter
1252 5357 1438 5419 malos.
1468 5374 1586 5415 eum
1626 5361 1723 5430 ipsi
1755 5361 1965 5431 pejores
1992 5370 2189 5427 essent,

624 5462 675 5507 et
710 5451 856 5521 quasi
887 5448 1087 5504 nollent
1109 5464 1230 5505 esse
1256 5448 1381 5503 boni
1407 5450 1544 5505 inter
1566 5453 1756 5506 malos.
1788 5451 1833 5506 0
1862 5453 1907 5506 si
1933 5451 2193 5507 frumenta

626 5554 822 5605 essent.
850 5558 1014 5612 usque
1040 5542 1105 5595 ad
1133 5551 1341 5613 tempus
1369 5543 1724 5601 ventilationis
1755 5546 1955 5615 paleam
1986 5545 2038 5600 in
2071 5559 2192 5600 area

690 5676 707 5707 ι
733 5672 952 5737 Plerique
974 5679 1103 5733 Mss,
1122 5680 1244 5724 orat.

685 5737 758 5799 (α)
782 5746 946 5789 (tuum
968 5737 1246 5787 Donatistas:

3748 315 3859 368 I9?

2270 427 2573 482 tolerarent.
2618 429 2723 484 Sed
2747 430 2868 499 quia
2916 428 3062 499 palea
3101 438 3270 492 erant,
3303 427 3444 483 ﬂavit
3474 437 3663 484 ventus
3707 441 3848 486 ante

2269 518 2435 588 ipsam
2478 520 2895 585 ventilationem,
2940 532 2994 576 et
3038 520 3212 590 rapuit
3243 519 3311 576 de
3349 535 3471 575 arca
3500 520 3734 591 palam,
3790 531 3852 575 et

2269 611 2488 680 proiecit
2512 613 2563 665 in
2589 613 2790 681 spinas.
2820 612 2888 667 Et
2912 612 3059 682 palea
3085 611 3297 682 quidem
3322 610 3443 666 inde
3463 612 3696 681 proiecta
3718 623 3844 666 est:

2269 699 2364 754 sed
2391 702 2642 771 numquid
2671 702 2808 772 quod
2852 703 3107 756 remansit
3146 702 3462 756 frumentum
3504 702 3677 757 Solum
3718 704 3857 757 est?

2268 790 2382 846 Non
2413 791 2552 845 volat
2580 803 2702 848 ante
2732 792 3124 847 ventilationem
3151 790 3253 846 nisi
3284 792 3449 860 palea,
3480 802 3722 846 remanet
3748 808 3856 845 an—

2271 891 2377 937 tem
2419 893 2470 937 et
2498 881 2815 939 frumentum
2858 893 2913 938 et
2939 884 3124 953 palea;
3174 883 3511 938 ventilabitur
3536 898 3660 938 vero
3690 883 3854 952 palea

2269 989 2388 1030 cum
2434 976 2638 1029 venerit
2682 984 2892 1044 tempus
2931 975 3309 1030 ventilationis.
3357 973 3471 1029 [loc
3514 974 3647 1029 dixit
3694 975 3843 1027 iste:

2269 1066 2338 1122 In
2365 1068 2649 1121 innocentia
2677 1084 2785 1120 utea
2805 1067 3074 1132 ambulavi,
3102 1076 3148 1119 et
3175 1066 3228 1119 in
3256 1065 3472 1120 Domino
3500 1081 3712 1135 sperans
3741 1082 3849 1118 non

2270 1160 2516 1212 movebar.
2558 1158 2614 1214 Si
2651 1159 2789 1213 enim
2818 1174 3098 1229 speravero
3138 1159 3188 1213 in
3220 1156 3454 1224 homine,
3482 1159 3695 1212 visurus
3723 1174 3847 1212 sum

2272 1248 2494 1306 fortasse
2537 1250 2710 1321 ipsum
2748 1249 3014 1306 hominem
3050 1249 3329 1320 aliquando
3372 1250 3510 1305 male
3546 1250 3845 1305 viventem.

2271 1355 2372 1395 nec
2412 1354 2505 1395 eas
2535 1342 2645 1395 vias
2675 1348 2964 1404 tenentem,
2994 1355 3124 1411 quas
3152 1340 3237 1395 vel
3266 1339 3451 1395 didicit
3487 1340 3570 1395 vel
3599 1339 3759 1395 docet
3787 1340 3841 1392 in

2275 1430 2506 1487 Ecclesia
2550 1431 2733 1497 bonas,
2779 1431 2871 1487 sed
2913 1446 3044 1502 quas
3084 1430 3295 1487 diabolo
3339 1431 3562 1486 docente
3608 1439 3846 1487 sectatum

2272 1529 2387 1587 est;
2415 1530 2471 1577 et
2496 1523 2616 1592 quia
2660 1538 2785 1592 spes
2817 1538 2933 1578 mea
2968 1524 3021 1577 in
3047 1522 3261 1577 homine
3292 1523 3412 1587 erit,
3442 1522 3704 1579 titubante
3741 1522 3837 1577 ho~

2273 1613 2416 1667 mine
2451 1613 2691 1668 titubsbit
2737 1628 2860 1683 spes
2898 1629 3036 1677 mea,
3082 1622 3136 1668 et
3176 1614 3396 1669 cadente
3436 1614 3649 1670 homine
3685 1615 3849 1670 cadet

2272 1716 2395 1772 Spes
2445 1718 2604 1758 mea:
2638 1704 2758 1775 quia
2804 1720 2932 1760 vero
2971 1704 3023 1759 in
3064 1704 3288 1759 Domino
3324 1719 3515 1773 spero,
3570 1720 3676 1759 non
3728 1720 3849 1759 mo-

2274 1795 2455 1849 vehor.

2344 1887 2396 1941 7.
2436 1883 2586 1959 [verm
2614 1884 2694 1959 2.]
2732 1885 2999 1955 Sequitur,
3034 1885 3199 1941 Proba
3235 1902 3332 1951 me,
3363 1884 3597 1949 Domine,
3639 1894 3685 1940 et
3712 1894 3853 1940 tenta

2275 1997 2389 2043 me;
2415 1998 2503 2036 ure
2525 1997 2670 2036 renes
2703 1997 2837 2035 meos
2862 1990 2907 2035 et
2945 1997 3033 2035 cor
3066 1997 3252 2033 meum.
3282 1979 3417 2047 Quid
3444 1988 3544 2044 est,
3572 1995 3665 2033 ure
3703 1995 3853 2033 rencs

2275 2090 2410 2129 meos
2435 2083 2482 2128 et
2507 2090 2596 2127 cor
2624 2073 2823 2128 meum?
2853 2072 2954 2129 Ure
2979 2072 3360 2128 delectationes
3384 2086 3549 2134 meas,
3574 2087 3668 2128 ure
3699 2074 3853 2142 cogi-

2279 2166 2502 2220 tationes
2529 2181 2673 2220 meas
2705 2165 2834 2236 (cer
2860 2180 2953 2235 pro
2979 2165 3407 2236 Cogitationibus,
3448 2179 3605 2221 rencs
3626 2180 3726 2234 pro
3752 2166 3853 2219 de-

2278 2255 2649 2312 lectationibus
2698 2254 2896 2327 posuit)
2952 2271 3018 2311 ne
3065 2255 3262 2326 aliquid
3307 2255 3429 2309 mali
3478 2257 3729 2325 cogitem,
3784 2272 3855 2309 ne

2277 2346 2468 2417 aliquid
2517 2345 2640 2399 mali
2685 2361 2770 2402 me
2812 2345 3059 2401 delectet.
3100 2345 3251 2402 Unde
3294 2354 3471 2400 autem
3521 2361 3644 2402 ures
3691 2360 3856 2402 rencs

2279 2436 2462 2490 meos?
2492 2418 2613 2506 igne
2638 2437 2783 2490 verbi
2819 2437 2913 2490 tui.
2945 2435 3097 2492 Unde
3126 2450 3248 2491 ures
3274 2450 3368 2490 cor
3411 2451 3585 2493 meum
3607 2436 3631 2489 Ἰ
3656 2434 3855 2490 Calore

2277 2530 2497 2600 spiritus
2525 2529 2620 2583 tui.
2665 2529 2739 2584 De
2781 2543 2886 2598 quo
2913 2529 3091 2584 calore
3121 2528 3246 2584 alibi
3273 2528 3466 2583 dicitur
3492 2546 3504 2582 :
3532 2528 3595 2582 Et
3636 2546 3737 2581 non
3779 2539 3858 2582 est

2276 2622 2361 2690 qui
2404 2635 2458 2675 se
2493 2619 2764 2674 abscondat
2800 2636 2831 2673 a
2856 2622 3027 2675 calore
3068 2623 3174 2691 ejus
3194 2620 3364 2691 (Psal.
3396 2636 3543 2686 xvm,
3574 2620 3627 2689 7)
3660 2637 3674 2674 :
3702 2630 3758 2676 et
3787 2621 3860 2676 de

2276 2727 2384 2782 quo
2426 2712 2546 2781 igne
2584 2712 2839 2767 Dominus
2867 2711 2993 2768 dicit
3024 2730 3036 2766 :
3065 2710 3246 2783 Ignem
3277 2711 3389 2766 veni
3427 2711 3619 2766 mittere
3660 2712 3717 2765 in
3752 2721 3858 2765 ter-

2278 2823 2389 2860 ram
2419 2805 2569 2877 (Luc.
2599 2821 2694 2870 xu,
2725 2804 2841 2878 49).

2350 2898 2404 2953 8.
2436 2894 2596 2969 [vers.
2625 2894 2712 2970 5.]
2754 2896 2894 2967 Ergo
2923 2896 3196 2967 sequitur,
3228 2896 3478 2962 Quoniam
3508 2896 3861 2951 misericordia

2281 2996 2367 3041 tua
2389 2997 2506 3041 ante
2528 2985 2699 3041 oculos
2737 3003 2871 3042 meos
2900 2995 3005 3053 est,
3032 2998 3079 3041 et
3107 2988 3387 3056 complacui
3414 2988 3467 3042 in
3498 2987 3704 3041 ueritate
3732 2997 3824 3042 tua
3843 3005 3862 3042 :

2280 3077 2384 3133 hoc
2408 3086 2513 3143 est,
2537 3092 2643 3132 non
2674 3078 2726 3133 in
2753 3077 2966 3133 homine
2990 3077 3307 3148 complacui,
3335 3078 3428 3133 sed
3453 3078 3591 3132 intus
3614 3079 3862 3148 compla-

2280 3172 2365 3226 cui
2394 3171 2509 3237 tibi,
2539 3171 2627 3226 ubi
2656 3178 2710 3227 tu
2734 3171 2916 3237 vides;
2943 3180 2998 3225 et
3026 3185 3132 3226 non
3161 3171 3320 3226 timeo
3348 3170 3394 3225 si
3423 3170 3733 3241 displiceam
3764 3171 3862 3247 ubi

2282 3264 2524 3320 homines
2564 3263 2781 3331 vident,
2833 3264 2972 3319 sicut
3010 3263 3085 3318 ait
3125 3264 3441 3332 Apostolus,
3495 3262 3638 3332 Opus
3688 3274 3864 3316 autem

2281 3370 2425 3409 suum
2457 3354 2631 3425 probet
2658 3354 3013 3425 unusquisque,
3059 3364 3105 3408 et
3134 3364 3249 3408 tunc
3285 3354 3339 3407 in
3366 3354 3629 3420 semetipso
3659 3363 3863 3407 tantum

2282 3446 2477 3502 habebit
2503 3447 2737 3518 gloriam,
2767 3456 2813 3500 et
2842 3463 2942 3500 non
2970 3448 3024 3500 in
3049 3446 3207 3499 altera
3238 3444 3378 3517 (Gal.
3406 3462 3480 3509 vn,
3510 3444 3588 3515 4).

2351 3540 2403 3596 9.
2439 3538 2601 3613 [uers.
2624 3539 2679 3604 4,
2700 3537 2789 3611 5.]
2822 3537 2944 3593 Non
2986 3539 3093 3593 sedi
3111 3580 3126 3600 .
3154 3539 3322 3609 inquit
3342 3579 3354 3600 .
3383 3554 3495 3591 cum
3528 3538 3749 3592 concilio
3772 3554 3862 3592 ua-

2282 3631 2473 3686 nitatis.
2520 3630 2634 3686 Hoc
2660 3630 2785 3699 quid
2816 3636 2934 3696 est,
2976 3629 3096 3684 Non
3139 3629 3280 3695 sedi,
3322 3628 3562 3684 intendat
3590 3629 3862 3685 Sanctitas

2284 3722 2492 3778 Vestra.
2512 3721 2788 3789 Quomodo
2805 3722 2945 3776 videt
2961 3722 3123 3787 Deus,
3146 3720 3274 3777 dicit
3294 3737 3392 3775 non
3412 3721 3537 3775 sedi.
3559 3721 3861 3790 Aliquando

2292 3831 2395 3872 non
2422 3831 2480 3872 es
2502 3816 2556 3870 in
2584 3815 2830 3880 concilio,
2853 3824 2909 3870 et
2935 3815 3005 3870 ibi
3032 3815 3206 3871 sedes.
3228 3814 3389 3871 Verbi
3416 3814 3604 3885 gratia,
3628 3814 3680 3868 in
3711 3814 3861 3869 thea-

2285 3916 2369 3963 tro
2412 3924 2517 3963 non
2566 3907 2757 3971 sedes,
2804 3907 2899 3963 sed
2943 3908 3143 3978 cogitas
3191 3906 3474 3978 theatriea,
3507 3914 3692 3960 contra
3741 3922 3862 3975 qua:

2286 4000 2483 4056 dictum
2512 4009 2623 4066 est,
2659 3999 2761 4054 Ure
2788 4016 2928 4054 renes
2948 4013 3123 4054 meos:
3153 3998 3223 4055 ibi
3253 3997 3406 4054 sedes
3434 3997 3601 4052 corde
3620 4036 3638 4062 ,
3666 4013 3861 4066 quam-

2285 4093 2367 4148 vis
2393 4108 2497 4147 non
2524 4091 2598 4146 sis
2626 4091 2697 4146 ibi
2728 4106 2973 4160 corpore.
3004 4090 3282 4159 Contingat
3319 4097 3495 4144 autem
3513 4098 3584 4141 .ut
3627 4088 3864 4143 tenearis

2287 4184 2355 4239 ab
2379 4184 2576 4255 aliquo,
2604 4194 2658 4238 et
2686 4183 2753 4239 ibi
2780 4182 3072 4253 colligeris,
3098 4191 3189 4236 aut
3212 4180 3425 4250 aliquod
3452 4180 3683 4235 ofﬁcium
3712 4180 3864 4249 pium

2291 4277 2444 4331 faciat
2491 4284 2542 4330 te
2584 4274 2656 4329 ibi
2692 4274 2899 4328 sedere.
2941 4271 3218 4339 Quomodo
3256 4280 3431 4347 potest
3471 4272 3572 4326 hoc
3598 4271 3866 4326 evenire?

2289 4365 2555 4435 Contingit
2580 4380 2649 4420 ex
2669 4364 2843 4419 oflicio
2867 4363 3073 4433 pietatis
3093 4373 3152 4416 ut
3179 4377 3335 4417 servo
3356 4360 3451 4415 Dei
3478 4360 3539 4414 sit
3568 4363 3868 4417 necessitas

2291 4458 2343 4512 in
2382 4455 2769 4526 amphitheatro
2798 4469 2951 4517 esse;
2984 4453 3211 4508 liberare
3234 4452 3444 4507 volebat
3482 4451 3663 4506 nescio
3700 4467 3867 4521 quem

2288 4549 2652 4621 gladiatorem,
2686 4545 2799 4602 ﬁeri
2837 4552 3016 4614 posset
3065 4553 3119 4597 ut
3156 4543 3384 4609 sederet,
3431 4553 3485 4598 et
3528 4554 3873 4613 exspectaret

2288 4642 2459 4699 donec
2500 4641 2587 4695 ille
2615 4638 2787 4694 exiret
2831 4651 2987 4707 quem
3030 4635 3256 4691 liberare
3283 4635 3545 4704 cupiebat.
3587 4634 3729 4690 Ecce
3759 4652 3869 4690 non

2290 4732 2430 4788 sedit
2468 4732 2518 4786 in
2553 4729 2780 4787 concilio
2803 4726 3053 4783 vanitatis
3072 4767 3087 4792 ,
3118 4726 3354 4795 quamvis
3390 4725 3496 4781 illic
3524 4740 3751 4797 corpore
3777 4741 3866 4781 se-

2266 4823 2418 4888 ,dere
2445 4821 2733 4877 videretur.
2763 4818 2899 4888 Quid
2924 4828 3006 4873 est
3032 4817 3262 4873 sedere?
3290 4816 3605 4872 Consentire
3627 4833 3751 4872 cum
3787 4818 3872 4872 his

2289 4917 2380 4987 qui
2408 4916 2477 4971 ibi
2502 4914 2689 4970 sedent
2716 4930 2730 4966 :
2760 4910 2903 4982 quod
2936 4912 2980 4965 si
3009 4923 3246 4982 praesens
3269 4922 3373 4963 non
3403 4907 3594 4965 feceris
3612 4949 3628 4974 ,
3661 4923 3766 4961 non
3799 4909 3873 4963 ibi

2291 5006 2517 5063 sedisti:
2545 5008 2590 5061 si
2615 5005 2806 5060 absens
2830 5001 3050 5069 feceris,
3086 5000 3274 5057 sedisti
3308 4999 3400 5055 ibi.
3437 4998 3504 5053 Et
3542 5015 3655 5065 cum
3691 4998 3874 5069 iniqua

2292 5098 2574 5171 gerentibus
2596 5112 2697 5151 non
2720 5093 2933 5150 introibo
2963 5094 3061 5165 (α).
3094 5093 3224 5148 Odia
3251 5091 3401 5146 habui
3433 5092 3874 5163 congregationem

2357 5302 2430 5363 (α)
2453 5308 2549 5349 Non
2571 5303 2915 5363 commemorat
2954 5294 3001 5363 id
3033 5293 3159 5357 quod
3173 5291 3307 5363 forte
3325 5291 3516 5363 nonnisi
3540 5298 3647 5363 post
3662 5293 3874 5363 contigit

2295 5366 2344 5416 in
2601 5358 2858 5423 collatione
2878 5392 2894 5417 ,
2918 5358 3000 5406 ubi
3022 5352 3273 5405 Donatistae
3294 5352 3473 5423 sedere
3492 5352 3875 5423 murenarum“

2297 5414 2840 5484 noluerunl,dieeutes
2882 5414 3292 5484 consessumcnm
3328 5414 3489 5475 impiis
3509 5414 3878 5484 prohiberihoc

2298 5474 2494 5550 psalmo.
2513 5474 2692 5541 Quibus
2707 5478 3106 5550 responsum_fu_it
3120 5478 3291 5550 Lipsos
3306 5474 3427 5546 ergo
3443 5509 3458 5535 ,
3498 5474 3611 5550 quia
3628 5474 3778 5550 simul
3800 5478 3877 5525 in-

2299 5536 2880 5622 eranu‘pecca'sse
2897 5544 2944 5622 ip
2965 5540 3100 5622 illud,
3495 5536 3764 5622 gerasto-lius

2301 5598 2520 5664 introibo.
2546 5598 2879 5670 Psalinumque
2900 5603 2965 5652 de
3004 5603 3227 5664 ingressu
3253 5605 3306 5649 et
3327 5598 3838 5670 consesSuhspirituali
3860 5632 3877 5655 ,

2304 5657 2484 5721 nonde
2506 5666 2737 5728 corporali
2771 5657 3257 5728 agerermonstratum
3282 5668 3377 5711 est.
3419 5659 3534 5710 vide
3569 5657 3655 5709 lib.
3702 5659 3763 5710 ad
3788 5666 3876 5709 Do-

2306 5734 2502 5783 natistas
2523 5727 2630 5794 poSt
2649 5727 2835 5787 Callon,
2858 5739 2900 5776 c.
2924 5727 2973 5776 5.
