3988 6188
93 313 197 388 ιρι,

89 426 446 494 nulignorum.
477 423 676 479 Videtis
715 427 838 496 quia
866 428 1003 483 intus
1026 437 1124 484 est.
1155 430 1350 484 Etcum
1380 432 1544 501 impiis
1566 448 1663 484 non

91 516 278 568 sedebo.

155 605 234 658 10.
268 602 447 676 [vera
473 603 562 678 6.]
589 604 793 660 Lavabo
823 607 875 661 in
911 609 1246 664 innocentibus
1274 628 1454 664 manus
1493 628 1627 666 meas
1649 628 1668 666 :

96 713 181 749 non
207 711 354 766 aqua
409 698 512 752 ista
541 697 754 752 visibili.
792 699 958 754 Lavas
985 716 1193 768 manus,
1225 703 1434 772 quando
1462 704 1546 771 pie
1572 718 1667 758 co-

97 789 210 857 gitas
236 787 309 842 de
340 789 595 857 Operibus
621 789 725 845 tuis
749 831 764 856 ,
795 799 850 845 et
895 791 1206 847 innocenter
1239 795 1254 825 ¹
1281 809 1460 848 coram
1501 795 1668 850 oculis

101 880 172 933 llei
204 897 219 932 :
255 881 386 949 quia
417 890 502 934 est
525 891 578 934 et
602 882 767 938 altare
793 897 969 937 coram
998 885 1165 939 oculis
1192 886 1300 952 Dei,
1332 901 1436 956 quo
1465 887 1664 957 ingres-

93 986 167 1025 sus
202 981 292 1025 est
326 971 598 1034 sacerdos,
646 974 733 1043 qui
779 990 872 1043 pro
916 976 1069 1030 nobis
1108 992 1166 1031 se
1212 979 1412 1047 primus
1456 980 1662 1034 obtulit.

91 1064 171 1116 Est
205 1064 438 1118 cazleste
476 1063 664 1127 altare,
693 1073 747 1118 et
788 1081 891 1120 non
934 1053 1271 1137 amplectitur
1305 1068 1433 1123 illud
1477 1070 1661 1136 altare,

87 1155 178 1209 nisi
229 1154 328 1222 qui
375 1153 519 1208 lavat
559 1170 747 1210 manus
799 1156 849 1210 in
903 1156 1288 1214 innocentibus.
1337 1159 1466 1214 Nam
1515 1161 1661 1215 multi

86 1251 247 1301 altare
283 1246 388 1301 hoc
419 1255 638 1317 tangunt
665 1247 882 1318 indigni,
914 1259 970 1304 et.
1006 1251 1198 1305 tolerat
1229 1252 1364 1306 Deus
1389 1253 1494 1322 pati
1529 1254 1665 1322 inju-

87 1340 209 1391 riam
236 1337 313 1391 ad
343 1348 554 1408 tempus
579 1349 905 1394 sacramenta
935 1356 1049 1396 sua.
1090 1341 1195 1397 Sed
1234 1345 1514 1413 numquid,
1555 1345 1663 1398 fra-

89 1445 189 1486 tres
216 1431 350 1496 mei,
383 1431 648 1500 quomodo
675 1442 796 1488 sunt
823 1434 1050 1502 parietes
1078 1435 1197 1500 isti,
1227 1437 1302 1491 sic
1328 1439 1427 1490 erit
1453 1437 1664 1491 Jerusa-

89 1526 184 1577 lem
225 1523 513 1578 celestis?
561 1523 676 1578 Non
725 1527 990 1594 quomodo
1039 1528 1292 1596 reciperis
1339 1543 1458 1582 cum
1513 1531 1662 1584 malis

88 1615 216 1665 intra
247 1613 487 1682 parietes
518 1614 645 1669 istos
673 1615 939 1681 ecclesiae,
969 1619 1037 1671 ita
1066 1619 1342 1688 recipieris
1367 1635 1483 1674 cum
1511 1622 1661 1676 malis

87 1704 135 1755 in
162 1704 339 1758 sinum
369 1703 597 1758 Abraha:
625 1723 638 1759 :
671 1721 774 1760 non
799 1721 926 1776 ergo
950 1709 1170 1775 timeas,
1201 1709 1312 1763 lava
1343 1725 1544 1764 manus.
1591 1711 1656 1765 Et

87 1795 402 1851 circumdabo
439 1800 600 1852 altare
635 1797 840 1852 Domini
874 1817 893 1854 .'
925 1800 1013 1854 ubi
1053 1801 1211 1857 offers
1253 1813 1370 1858 vola
1413 1805 1653 1871 Domino,

89 1886 170 1938 ubi
200 1901 392 1954 preces
420 1886 624 1954 fundis,
653 1889 740 1944 ubi
781 1891 1103 1947 conscientia
1149 1905 1232 1948 tua
1269 1911 1392 1962 pura
1424 1906 1499 1950 est
1521 1937 1537 1962 ,
1571 1897 1659 1951 ubi

88 1979 218 2032 ilicis
245 1979 357 2033 Deo
387 1983 476 2048 qui
506 1981 615 2045 sis;
656 1990 711 2036 et
738 1983 781 2036 si
812 1983 1009 2053 aliquid
1049 1996 1130 2040 est
1171 1987 1224 2040 in
1254 1995 1302 2040 te
1347 1987 1481 2042 forte
1518 1990 1658 2058 quod

86 2069 363 2135 displiceat
387 2071 494 2124 Deo
514 2114 528 2133 ,
559 2083 704 2125 curat
729 2073 816 2128 ille
845 2074 938 2128 cui
954 2074 1242 2130 conﬁteris.
1275 2076 1414 2131 Lava
1443 2093 1569 2148 ergo
1607 2078 1658 2132 in

95 2156 455 2215 itnncentibus
485 2177 670 2217 manus
697 2173 831 2226 tuas,
864 2173 915 2219 et
942 2165 1207 2220 circumda
1233 2168 1397 2223 altare
1427 2168 1655 2234 Domini,

95 2261 143 2304 ut
166 2253 352 2306 audias
378 2270 559 2309 vocem
589 2255 778 2312 laudis.

153 2344 240 2396 Η.
273 2342 434 2415 [τετε.
458 2344 548 2418 7.]
581 2346 688 2402 lloc
709 2349 849 2401 enim
880 2349 1134 2418 sequitur,
1167 2349 1234 2406 Ut
1261 2353 1466 2406 audiam
1492 2369 1657 2407 vocem

93 2437 272 2503 titulis,
317 2449 363 2492 et
403 2456 632 2493 enarrem
678 2442 909 2495 universa
951 2443 1200 2498 mirabilia
1229 2455 1332 2498 tua.
1381 2445 1518 2512 Quid
1553 2457 1654 2511 est,

91 2527 130 2580 ιτ
138 2541 154 2581 ι
185 2532 393 2593 audiam
421 2548 587 2585 vorem
615 2534 823 2586 laudis?
862 2533 927 2590 Ut
971 2536 1254 2606 intelligam
1276 2579 1290 2604 ,
1329 2539 1514 2608 inquit.
1547 2539 1656 2593 Hoc

84 2635 160 2678 est
201 2625 344 2678 enim
393 2626 578 2680 audire
624 2642 800 2681 coram
850 2628 987 2693 Deo,
1039 2644 1143 2682 non
1189 2631 1452 2698 quomodo
1497 2647 1657 2686 sonos

86 2715 230 2783 ἱμιος,
283 2733 418 2787 quos
467 2718 614 2772 multi
663 2719 917 2784 audiunt,
968 2729 1022 2774 et
1071 2721 1220 2776 multi
1269 2738 1371 2776 non
1417 2724 1655 2780 audiunt.

82 2815 247 2870 Quam
278 2810 426 2863 multi
457 2811 523 2863 ad
555 2825 653 2864 nos
679 2812 954 2869 audientes
981 2822 1123 2880 sunt,
1152 2824 1206 2869 et
1228 2815 1293 2868 ad
1322 2815 1485 2870 Deum
1511 2818 1654 2872 surdi

80 2907 200 2951 sunt
226 2901 239 2950 !
277 2893 625 2965 Quam'multi
669 2900 920 2957 habentes
949 2919 1105 2958 aures
1126 2945 1141 2970 ,
1167 2921 1272 2958 non
1316 2907 1510 2962 habent
1538 2907 1656 2962 illas

75 3007 227 3046 aures
247 2993 312 3046 de
338 2992 530 3062 quibus
558 2994 683 3048 dicit
707 2993 863 3049 Jesus
891 3012 903 3048 :
933 2996 1027 3061 Qui
1054 2998 1200 3051 habet
1224 3015 1370 3053 aures
1395 3000 1652 3066 audiendi,

77 3084 242 3136 audiat
271 3065 487 3152 (Mati/1.
519 3101 634 3149 xm,
663 3083 717 3155 9)
745 3086 758 3138 ι
809 3085 947 3153 Ergo
984 3087 1110 3156 quid
1153 3097 1233 3142 est
1259 3089 1440 3144 audire
1470 3105 1652 3144 vocem

79 3177 285 3229 laudis?
318 3176 499 3230 Dicam
532 3176 578 3229 si
608 3186 823 3246 potero,
855 3177 1136 3248 adjuvante
1164 3180 1522 3234 misericordia
1553 3181 1655 3235 Do-

82 3266 235 3324 mini,
277 3276 334 3319 et
375 3267 706 3322 orationibus
745 3268 955 3322 vestris.
999 3269 1193 3323 Audire
1233 3287 1416 3325 vocem
1461 3264 1650 3338 laudis,

79 3365 156 3408 est
184 3357 479 3426 intelligere
521 3356 661 3410 intus
684 3399 700 3423 ,
734 3359 854 3427 quia
883 3358 1132 3428 quidquid
1165 3360 1215 3413 in
1250 3369 1299 3415 te
1329 3361 1560 3416 maliest
1586 3362 1654 3416 de

83 3451 328 3515 peccatis,
357 3461 504 3503 tuum
532 3459 645 3514 est;
675 3449 926 3520 quidquid
950 3451 1070 3504 boni
1094 3451 1144 3504 in
1170 3451 1650 3521 jusdlicationibus,

82 3540 166 3593 Dei
192 3550 289 3594 est.
341 3541 412 3594 Ita
449 3539 570 3594 audi
601 3555 784 3595 vocem
830 3540 1024 3603 laudis,
1058 3550 1115 3595 ut
1157 3556 1258 3595 non
1293 3553 1344 3596 te
1381 3541 1570 3596 laudes
1598 3551 1656 3597 et

80 3631 276 3694 quando
301 3632 478 3686 bonus
503 3646 561 3686 es
593 3650 605 3686 :
639 3647 759 3684 nam
789 3631 1051 3686 laudando
1082 3641 1135 3688 te
1175 3616 1371 3688 bonum
1393 3677 1407 3699 ,
1437 3634 1500 3688 ﬁs
1539 3651 1651 3688 ma-

81 3722 185 3785 lus;
215 3723 415 3776 bonum
443 3723 582 3776 enim
614 3731 664 3775 te
689 3720 889 3776 fecerat
917 3723 1203 3791 humilitas,
1231 3725 1425 3780 malum
1453 3737 1503 3780 te
1527 3725 1652 3780 facit

81 3813 338 3877 superbia.
373 3813 676 3867 Conversus
701 3829 820 3866 eras
843 3824 903 3868 ut
928 3814 1318 3882 illuminareris,
1350 3826 1404 3871 et
1431 3831 1651 3872 conver-

84 3904 216 3958 sione
247 3914 337 3958 tua
368 3904 538 3958 factus
564 3919 623 3959 es
659 3906 949 3961 luminosus
969 3949 982 3970 ,
1013 3907 1176 3961 factus
1207 3908 1497 3964 illustratus
1525 3925 1652 3965 con-

81 3995 334 4048 versione.
373 3994 480 4050 Sed
522 4011 627 4065 quo
648 3997 708 4047 "t
753 3997 1004 4065 numquid
1033 3997 1099 4052 ad
1131 3998 1224 4052 te?
1266 4000 1321 4052 Si
1354 3999 1422 4055 ad
1453 4007 1501 4054 te
1526 4016 1652 4055 con-

80 4099 249 4138 versus
278 4100 470 4155 posses
498 4085 817 4152 illuminari,
847 4102 1115 4156 nunquam
1145 4102 1327 4156 posses
1365 4089 1646 4154 tenebrari,

77 4173 189 4239 quia
211 4185 389 4229 tecum
419 4191 629 4245 Semper
653 4192 820 4230 esses.
848 4178 1020 4244 Quare
1050 4179 1374 4233 illuminatus
1396 4180 1492 4235 es?
1519 4180 1648 4246 Quia

77 4266 381 4320 convenisti
428 4275 476 4320 te
519 4267 583 4319 ad
629 4267 772 4321 aliud
814 4268 955 4338 quod
1002 4278 1055 4322 tu
1086 4284 1360 4324 noueras.
1405 4270 1538 4337 Quid
1568 4269 1651 4324 es't

78 4355 207 4409 aliud
236 4355 383 4426 quod
417 4365 467 4409 tu
498 4373 600 4410 non
640 4359 802 4413 eras?
844 4359 984 4414 Deus
1016 4359 1192 4414 lumen
1220 4369 1318 4413 est.
1357 4360 1472 4414 Non
1508 4362 1648 4416 enim

82 4457 131 4496 ιιι
159 4448 336 4501 lumen
368 4461 522 4507 eras.
553 4448 673 4517 quia
705 4459 949 4518 peccator
980 4467 1120 4505 eras.
1164 4451 1296 4506 Dicit
1333 4454 1473 4505 enim
1505 4455 1648 4523 Apo—

80 4540 236 4594 sinitis
261 4541 345 4594 eis
367 4555 502 4610 quos
528 4540 636 4594 vult
663 4543 846 4596 audire
866 4557 1049 4597 vocem
1075 4543 1243 4596 laudis
1269 4563 1280 4596 :
1309 4543 1494 4598 Fuistis
1519 4546 1647 4598 enim

84 4632 353 4700 ιη’ῐφιαηάο
383 4631 612 4697 tenebrat,
640 4649 772 4685 nunc
800 4644 966 4686 autem
991 4634 1081 4687 lux
1104 4633 1315 4706 (Epltes.
1338 4651 1387 4698 v,
1407 4635 1485 4704 8).
1513 4635 1648 4703 Quid

80 4734 168 4786 est,
195 4721 396 4775 Fuistis
424 4723 694 4790 aliquando
719 4724 928 4778 tenebraz
946 4767 960 4790 ,
1004 4725 1104 4779 nisi
1132 4736 1336 4782 veteres
1368 4725 1650 4781 homines?

84 4812 222 4864 .Vnnc
251 4823 423 4865 autem
453 4815 540 4867 lux
562 4829 582 4867 :
613 4829 715 4867 non
745 4815 860 4870 sine
884 4831 1042 4871 causa
1068 4817 1155 4869 lux
1184 4818 1335 4881 estis,
1365 4817 1452 4887 qui
1480 4818 1650 4872 fuistis

80 4904 381 4958 deudum
421 4906 680 4972 tenebrm,
705 4907 802 4960 nisi
833 4907 853 4937 ³
879 4909 998 4977 quia
1039 4909 1315 4964 illuminati
1357 4913 1500 4965 estis.
1533 4913 1649 4966 Noli

80 5007 258 5061 putare
283 4996 512 5064 teipsum
543 5013 662 5051 esse
690 5000 863 5052 lucem
891 5017 904 5052 :
937 4999 1021 5052 illa
1049 5010 1132 5054 est
1159 5001 1265 5062 lus,
1296 5018 1413 5070 qua:
1452 5002 1649 5056 illumi-

79 5097 156 5139 t-tt
196 5103 417 5141 omnem
471 5087 737 5143 hominem
783 5089 1080 5144 venientem
1121 5092 1173 5145 in
1218 5091 1356 5145 hunc
1398 5093 1648 5146 mundum

83 5179 250 5232 :loan.
275 5193 319 5244 ι,
341 5178 427 5247 9);
459 5188 511 5230 tu
538 5189 714 5234 autem
743 5195 835 5248 per
859 5182 1104 5250 teipsum,
1136 5198 1228 5251 per
1255 5169 1445 5242 ntalam
1470 5184 1650 5237 volun-

79 5282 267 5335 idem,
303 5285 399 5338 per
423 5272 755 5326 aversionem
788 5282 929 5325 tuam
972 5274 1274 5328 tenebratus
1313 5289 1451 5337 cras,
1493 5277 1650 5329 modo

97 5380 232 5419 vaces.
263 5362 371 5418 Sed
400 5363 622 5431 subjecit
657 5365 838 5418 statim
860 5407 874 5430 ,
908 5380 972 5418 ne
1001 5367 1330 5434 superbirent
1361 5367 1433 5419 illi
1463 5366 1651 5435 quibus

87 5459 272 5510 six-tum
300 5463 416 5522 est,
447 5453 600 5508 Nunc
629 5466 793 5510 autem
822 5456 929 5522 lux,
973 5464 1028 5511 et
1059 5456 1278 5524 addidit,
1318 5459 1370 5511 in
1411 5456 1646 5512 Domino.

138 5636 254 5682 την,
283 5634 574 5704 etquinqth
596 5630 1048 5704 Mss.,imtocenses.
1130 5693 1174 5704 η
1257 5701 1265 5704 _
1311 5691 1334 5704 η
1361 5694 1398 5704 ί,

138 5699 154 5729 ε
177 5701 254 5745 sic
273 5691 388 5746 lus:
414 5705 462 5743 sl
483 5691 616 5748 add,
634 5697 722 5743 sed
747 5709 774 5742 α
797 5707 887 5755 quo
906 5693 930 5743 ξ)
946 5693 1174 5752 numquid
1197 5707 1226 5742 α
1249 5701 1292 5744 te
1309 5691 1334 5742 7
1349 5694 1398 5745 Si
1419 5701 1530 5758 ate,
1554 5704 1648 5746 etc.

138 5769 148 5776 '
173 5771 314 5822 πάδη
337 5773 505 5823 amre,
530 5759 622 5809 msi
639 5758 772 5821 quia,
801 5767 875 5805 et"
934 5758 1092 5815 west,
1119 5770 1280 5816 (nutri,
1308 5770 1334 5806 a
1358 5764 1460 5808 Mss.

1204 316 1598 372 ENARRATIO
1639 316 1702 371 ΙΝ
1742 317 2056 376 PSALMUM
2099 323 2261 378 XXV.

3246 339 3344 393 iii-ii

1775 433 1861 488 Sic
1890 437 2028 488 enim
2058 439 2162 500 ait,
2207 437 2397 492 Fuistis
2425 441 2696 512 aliquando
2722 445 2934 500 tenebrat
2954 490 2966 510 ,
3010 465 3142 502 nunc
3181 463 3346 505 autem

1777 522 1868 577 tua:
1896 525 1946 578 in
1972 523 2213 583 Domino.
2247 527 2387 599 Ergo
2427 532 2470 585 si
2512 542 2704 601 prmter
2734 534 3009 590 Dominum
3031 579 3046 602 ,
3087 557 3181 594 nec
3213 545 3298 597 lux
3331 561 3345 596 ε

1773 614 1816 667 si
1847 626 2023 669 autem
2053 617 2180 672 ideo
2200 621 2310 685 lux,
2340 622 2459 690 quia
2493 623 2544 677 in
2578 624 2835 690 Domino;
2868 628 2989 698 quid
3019 632 3178 686 habes
3204 637 3342 702 quod

1773 721 1878 760 non
1923 710 2219 779 accepisti?
2275 712 2330 766 Si
2375 708 2558 769 autem
2611 719 2889 786 accepisti,
2937 723 3059 791 quid
3105 725 3349 793 gloriaris

1771 798 1920 867 quasi
1957 814 2062 853 non
2090 803 2403 872 acceperis?
2445 805 2555 860 Hoc
2579 809 2719 862 enim
2759 809 2872 878 ipse
2908 813 3191 880 Apostolus
3213 815 3346 871 dixit

1771 888 1876 942 alio
1906 890 2022 944 loco
2049 890 2352 948 hominibus
2381 898 2822 967 superbientihus,
2847 910 2902 955 et
2927 899 3218 960 volentibus
3245 908 3343 963 sibi

1771 979 2002 1035 tribuere
2028 983 2167 1051 quod
2196 984 2288 1038 Dei
2332 996 2432 1052 est,
2477 997 2530 1041 et
2557 988 2624 1043 de
2655 990 2791 1044 bono
2829 993 2906 1047 sic
2940 994 3150 1063 gloriari
3195 1001 3343 1066 quasi

1768 1070 1836 1126 de
1861 1087 1977 1137 suo,
2007 1073 2108 1129 hoc
2130 1076 2209 1130 eis
2238 1077 2366 1131 dicit
2396 1097 2409 1133 :
2437 1080 2573 1146 Quid
2596 1083 2724 1134 enim
2755 1085 2904 1138 habes
2927 1088 3061 1155 quod
3084 1107 3181 1143 non
3206 1108 3344 1144 acce-

1769 1163 1887 1231 pisti
1902 1164 1928 1217 .9
1956 1162 2020 1217 Si
2044 1176 2208 1220 autem
2229 1170 2482 1239 accepisti,
2507 1173 2627 1239 quid
2653 1175 2886 1243 gloriaris
2913 1181 3055 1246 quasi
3080 1197 3178 1234 non
3202 1199 3344 1236 acce-

1769 1253 1900 1320 peris
1921 1253 1962 1321 (l
1988 1253 2103 1308 Cor.
2131 1272 2202 1320 tv,
2229 1258 2331 1329 7)?
2360 1259 2457 1328 Qui
2486 1262 2632 1317 dedit
2655 1265 2858 1332 humili,
2881 1269 3053 1324 aufert
3077 1273 3340 1339 superbo:

1767 1346 1888 1412 quia
1913 1347 2001 1415 qui
2033 1347 2195 1414 dedit,
2221 1361 2394 1419 potest
2419 1354 2643 1409 auferre.
2675 1357 2752 1411 Ad
2785 1358 2885 1414 hoc
2914 1362 3054 1415 enim
3089 1365 3338 1431 pertinet,

1766 1435 1956 1492 fratres
1978 1481 1991 1504 ,
2020 1440 2062 1494 si
2097 1450 2269 1497 tamen
2299 1446 2516 1512 exposui
2550 1448 2689 1515 quod
2716 1450 2890 1516 volui,
2921 1454 3137 1522 exposui
3163 1466 3339 1509 autem

1767 1537 2020 1595 quantum
2047 1531 2212 1598 potui,
2237 1533 2336 1587 etsi
2363 1550 2467 1588 non
2508 1547 2757 1605 quantum
2787 1542 2960 1608 volui,
2996 1544 3060 1597 ad
3093 1545 3191 1600 hoc
3219 1562 3340 1615 per-

1766 1619 1898 1673 tinet
1925 1621 2063 1688 quod
2096 1622 2188 1685 ait,
2220 1621 2416 1678 Lavabo
2441 1627 2493 1679 in
2521 1629 2862 1686 innocentibus
2890 1649 3068 1688 manus
3097 1653 3231 1691 meas
3253 1680 3268 1702 ,
3295 1648 3350 1691 et

1764 1713 2082 1766 circumdabo
2129 1715 2290 1770 altare
2329 1728 2499 1784 tuum,
2541 1719 2773 1787 Domine,
2821 1734 2875 1776 ut
2922 1727 3128 1781 audiam
3171 1745 3341 1783 vocem

1761 1803 1931 1865 laudis
1975 1815 2073 1858 tum
2099 1822 2118 1860 :
2153 1806 2202 1860 id
2247 1818 2346 1872 est,
2391 1825 2452 1864 ex
2501 1810 2615 1879 ipso
2663 1813 2801 1866 bono
2844 1831 2964 1871 meo
3004 1834 3106 1872 non
3149 1821 3216 1875 de
3253 1835 3342 1876 me

1764 1909 2080 1963 priesumam
2102 1941 2116 1964 ,
2161 1900 2252 1953 sed
2279 1901 2349 1956 de
2386 1911 2436 1957 te
2463 1905 2550 1973 qui
2582 1905 2793 1971 dedisti,
2836 1925 2902 1964 ne
2947 1910 3148 1966 laudari
3180 1914 3334 1968 velim

1763 1985 1829 2040 de
1859 2003 1944 2042 me
1971 1988 2022 2042 in
2049 2006 2163 2056 me,
2195 1993 2286 2046 sed
2318 1993 2384 2047 de
2413 2005 2462 2049 te
2489 1996 2539 2049 in
2571 2006 2640 2051 te.
2692 1998 2814 2054 Ideo
2843 2003 3111 2070 sequitur,
3145 2004 3212 2068 Ut
3239 2023 3335 2057 au-
3393 2047 3397 2051 ι

1763 2076 1900 2130 diam
1940 2093 2105 2132 vocent
2145 2079 2310 2134 laudis
2337 2092 2438 2137 tua:
2455 2124 2470 2149 ,
2499 2093 2545 2138 et
2574 2102 2800 2142 enarrem
2829 2092 3062 2145 universa
3089 2094 3337 2149 mirabilia

1763 2177 1848 2220 tua
1877 2183 1894 2220 :
1923 2183 2026 2222 non
2056 2185 2193 2236 mea,
2223 2172 2314 2226 Sed
2346 2183 2452 2226 tua.

1836 2259 1923 2313 12.
1950 2258 2108 2331 [item
2133 2261 2186 2329 8,
2209 2262 2303 2336 9.]
2332 2265 2394 2318 Et
2419 2265 2522 2336 jam
2544 2267 2738 2335 videte,
2769 2268 2978 2338 fratres,
3002 2273 3174 2328 videte
3192 2291 3338 2330 ama-

1764 2359 1930 2405 torem
1962 2351 2106 2405 illutn
2137 2353 2230 2407 Dei
2261 2355 2328 2409 de
2351 2356 2458 2410 Deo
2488 2371 2915 2426 praesumentem,
2941 2364 3166 2432 positum
3199 2366 3337 2421 inter

1760 2441 1949 2507 malos,
2005 2455 2278 2513 rogantem
2331 2447 2494 2501 Deum
2549 2458 2605 2502 ut
2650 2466 2754 2504 non
2802 2454 3174 2522 compcrdatur
3214 2471 3333 2512 cum

1760 2535 1948 2598 malis,
1981 2536 2100 2604 quia
2131 2554 2235 2591 non
2277 2550 2417 2592 errat
2449 2541 2587 2595 Deus
2627 2543 3025 2611 injudieando.
3069 2546 3148 2600 Tu
3191 2547 3333 2602 enim

1761 2641 1878 2678 cum
1907 2627 2102 2680 videris
2132 2629 2370 2684 homines
2401 2632 2452 2684 in
2495 2649 2653 2685 unum
2685 2634 2857 2687 locum
2895 2637 3117 2692 intrasse
3137 2680 3152 2704 ,
3183 2648 3337 2708 putas

1759 2716 1996 2784 ejusdem
2027 2718 2199 2771 meriti
2238 2735 2357 2774 esse
2383 2738 2396 2772 :
2433 2721 2570 2775 Deus
2601 2734 2775 2778 autem
2809 2742 2911 2778 non
2957 2729 3189 2795 fallitur,
3220 2732 3329 2786 noli

1760 2810 1967 2862 timere.
2010 2811 2087 2863 Tu
2127 2811 2396 2880 judicante
2422 2826 2580 2867 vento
2619 2815 2877 2872 discernis
2909 2821 3112 2888 paleam
3153 2838 3183 2876 a
3226 2822 3336 2878 fru-

1759 2911 1938 2954 mento
1966 2919 1976 2953 :
2012 2911 2226 2956 ventum
2259 2903 2337 2958 vis
2371 2903 2500 2959 ﬂare
2534 2907 2658 2972 tibi,
2697 2919 2750 2962 et
2790 2921 2844 2963 tu
2887 2927 2990 2964 non
3021 2928 3079 2966 es
3123 2925 3331 2980 ventus,

1759 2992 1852 3046 sed
1879 3002 2030 3061 Optas
2057 2995 2148 3048 tibi
2179 2994 2308 3048 ﬂare
2328 3006 2540 3050 ventum
2569 3016 2581 3052 :
2604 3010 2793 3052 etcum
2819 3003 3111 3056 ventilabro
3134 3014 3336 3060 utrum-

1760 3097 1862 3150 que
1891 3084 2212 3148 excusseris,
2237 3095 2424 3139 ventus
2451 3086 2564 3140 leve
2593 3089 2744 3151 tollit,
2769 3105 2927 3160 grave
2955 3104 3150 3148 manet.
3179 3095 3336 3163 Qua:-

1758 3173 1832 3226 ris
1861 3175 2028 3242 ‘ergo
2075 3186 2284 3229 ventum
2331 3177 2394 3232 ad
2441 3178 2774 3246 indicandam
2823 3198 3024 3237 aream.
3069 3185 3332 3256 Numquid

1760 3263 1898 3318 Deus
1940 3266 2128 3333 quaerit
2171 3267 2396 3321 alterum
2427 3270 2518 3339 qui
2556 3284 2734 3326 secum
2760 3272 2994 3342 judicet,
3041 3291 3108 3331 ne
3150 3265 3335 3346 perdat

1757 3369 1874 3409 cum
1906 3353 2056 3409 t'n'alis
2087 3356 2297 3411 bonos?
2338 3359 2451 3414 Non
2485 3360 2658 3430 itaque
2702 3364 2925 3430 timeas;
2967 3380 3187 3422 securus
3215 3377 3334 3424 esto

1757 3447 1946 3511 bonus,
1975 3448 2132 3502 etiam
2164 3450 2213 3502 in
2241 3452 2414 3505 medio
2450 3453 2742 3520 malorum;
2787 3467 2841 3510 ct
2883 3457 2969 3511 die
3001 3475 3119 3528 qua:
3157 3461 3327 3527 audis,

1756 3536 2006 3602 Domine,
2064 3541 2217 3594 dilexi
2267 3542 2492 3596 decorent
2543 3545 2720 3600 domus
2775 3557 2892 3603 tuae.
2959 3550 3156 3606 Domus
3209 3553 3328 3620 Dei,

1757 3629 1989 3685 Ecclesia
2017 3641 2129 3695 est;
2178 3633 2350 3689 adhuc
2392 3637 2550 3691 habet
2588 3639 2757 3694 malos
2779 3681 2793 3704 ,
2823 3641 2915 3694 sed
2945 3643 3104 3696 decor
3141 3643 3332 3700 domus

1758 3721 1849 3774 Dei
1881 3722 1933 3775 in
1966 3721 2118 3776 bonis
2146 3733 2259 3788 est,
2293 3724 2345 3779 in
2375 3728 2570 3780 sanctis
2599 3738 2679 3782 est
2707 3746 2719 3781 :
2757 3731 2925 3797 ipsum
2955 3731 3200 3785 decorem
3231 3733 3347 3792 ἀοι.

1756 3827 1873 3866 mus
1915 3822 2017 3867 tua:
2061 3813 2239 3868 dilexi.
2291 3815 2355 3868 Et
2403 3817 2567 3869 locum
2609 3816 2929 3874 habitationis
2972 3822 3150 3893 gloria:
3201 3832 3322 3877 tute.

1755 3903 1889 3970 Quid
1921 3913 2004 3957 est
2034 3903 2132 3957 hoc
2159 3906 2182 3957 ?
2220 3905 2287 3958 Et
2326 3906 2425 3961 hoc
2454 3907 2644 3975 dicam,
2676 3911 2743 3962 ad
2791 3911 2934 3964 illum
2963 3928 3177 3966 sensum
3210 3928 3330 3983 per-

1754 3995 1886 4050 tinet
1907 3995 2290 4054 subobscuram
2318 3999 2639 4068 aliquantum
2666 4019 2678 4054 :
2707 4002 2920 4072 adjuvet
2942 4021 3026 4059 me
3052 4006 3327 4074 Dominus,

1753 4094 1810 4141 et
1833 4087 2054 4140 intentio
2080 4087 2256 4142 cordis
2282 4091 2442 4143 vestri
2473 4090 2539 4144 al)
2577 4092 2764 4147 eodem
2799 4095 3022 4149 Domino
3054 4097 3324 4167 inspirata.
3364 4115 3368 4130 '

1754 4178 1890 4246 Quid
1916 4180 2009 4246 ait,
2040 4178 2203 4234 locum
2231 4182 2549 4238 habitationis
2586 4185 2760 4254 gloria:
2797 4188 2938 4240 tuaz?
2981 4189 3120 4243 Dixit
3156 4192 3327 4258 prius,

1754 4269 1979 4323 decorem
2003 4271 2180 4325 domus
2211 4281 2309 4326 littB
2331 4291 2348 4326 :
2379 4283 2432 4328 et
2461 4275 2685 4344 exponit
2709 4278 2832 4346 quid
2860 4280 2928 4333 sit
2952 4280 3113 4335 decor
3138 4283 3329 4337 domus

1756 4362 1868 4429 Dei,
1895 4364 2081 4425 Locus,
2111 4366 2297 4434 inquit,
2327 4367 2646 4423 habitationis
2673 4372 2848 4440 glorise
2879 4383 2995 4427 tum.
3033 4374 3146 4428 Non
3175 4376 3326 4429 suffi-

1752 4457 1825 4509 cit
1849 4457 2044 4520 dicere,
2076 4458 2248 4513 Locus
2274 4460 2612 4516 habitationis
2645 4463 2768 4528 Dei,
2805 4465 2896 4519 sed
2919 4507 2932 4531 ,
2965 4467 3134 4521 Locus
3173 4467 3326 4523 habi-

1759 4548 1972 4602 tationis
2014 4550 2195 4618 gloriae
2247 4551 2356 4604 Dei.
2407 4552 2536 4619 Qua:
2575 4564 2655 4609 est
2700 4556 2867 4624 gloria
2913 4558 3049 4610 Dei?
3106 4558 3180 4612 De
3223 4573 3326 4628 qua

1757 4639 1911 4708 paulo
1939 4649 2059 4692 ante
2085 4639 2349 4705 dicebam,
2382 4653 2440 4698 ut
2479 4653 2532 4698 et
2573 4646 2658 4713 qui
2691 4647 2746 4698 ﬁt
2787 4647 2972 4707 bonus,
3006 4662 3110 4699 non
3152 4648 3200 4700 in
3245 4663 3324 4712 se,

1753 4731 1844 4785 sed
1873 4731 1923 4784 in
1952 4732 2172 4786 Domino
2199 4732 2452 4802 glorietur
2478 4735 2586 4806 (Id.
2614 4753 2648 4799 ι,
2679 4736 2792 4808 51).
2818 4737 3018 4791 Omnes
3040 4738 3179 4791 enim
3209 4755 3331 4807 pec-

1754 4831 2028 4888 caverunt,
2057 4831 2110 4876 et
2144 4834 2302 4893 egent
2327 4826 2489 4894 gloria
2520 4827 2609 4880 Dei
2641 4825 2814 4899 (Rom.
2845 4844 2920 4890 ut,
2951 4828 3078 4896 9.5).
3129 4830 3181 4882 In
3208 4831 3326 4899 qui-

1756 4910 1854 4964 bus
1882 4927 2006 4982 ergo
2032 4913 2109 4967 sic
2135 4913 2336 4968 habitat
2367 4916 2636 4978 Dominus,
2665 4925 2721 4970 ut
2743 4927 2795 4970 et
2818 4917 2882 4970 de
2905 4918 3056 4973 bonis
3077 4921 3187 4974 suis
3214 4922 3330 4991 ipse

1755 5003 2094 5072 glorificetur,
2121 5016 2179 5058 ut
2206 5023 2308 5059 non
2342 5007 2439 5060 sibi
2473 5007 2635 5060 velint
2666 5008 2916 5070 tribuere,
2947 5021 3000 5064 et
3028 5013 3175 5080 quasi
3208 5028 3331 5081 pro-

1757 5096 1927 5163 prium
1955 5095 2222 5149 vindicare
2264 5097 2401 5162 quod
2429 5097 2494 5149 ab
2531 5098 2620 5151 illo
2645 5111 2985 5167 acceperunt,
3029 5102 3123 5170 ipsi
3165 5104 3332 5171 perli-

1759 5197 1885 5240 ncnt
1914 5187 1977 5240 ad
2005 5187 2249 5240 decorem
2277 5187 2466 5241 domus
2498 5189 2611 5243 Dei.
2639 5190 2746 5245 Nec
2774 5192 3003 5247 discerni
3035 5195 3151 5248 illos
3174 5196 3336 5249 vellet

1758 5276 2048 5346 Scriptura,
2089 5277 2185 5330 nisi
2214 5278 2332 5346 quia
2359 5289 2482 5331 sunt
2507 5280 2717 5348 quidam
2745 5283 2834 5351 qui
2877 5284 3072 5338 douutn
3117 5287 3204 5340 llci
3238 5287 3328 5338 ha-

1758 5367 1885 5422 bent
1914 5367 2124 5436 quidem
2150 5409 2162 5432 ,
2199 5377 2251 5422 et
2283 5369 2470 5422 nolunt
2501 5371 2550 5423 in
2592 5371 2697 5426 Deo
2736 5375 2944 5441 gloriari
2968 5416 2982 5434 ,
3014 5377 3106 5430 scd
3149 5379 3197 5429 in
3227 5393 3283 5432 se
3314 5394 3325 5430 :

1759 5459 1954 5512 habent
1979 5458 2188 5528 quidem
2218 5458 2412 5513 donum
2449 5462 2558 5524 Dei,
2587 5463 2677 5516 sed
2711 5480 2816 5517 non
2848 5466 3114 5533 pertinent
3139 5467 3202 5520 ad
3231 5468 3325 5520 de-

1822 5635 1835 5664 ¹
1864 5633 2009 5700 Blitio
2033 5642 2128 5682 Am.
2152 5634 2347 5694 (litando
2369 5647 2481 5698 ergo
2503 5635 2686 5686 venitur
2710 5639 2775 5686 ad
2790 5638 3110 5700 jzulirandmn
3134 5651 3328 5696 armat;

1757 5696 1986 5762 monqnid
2011 5705 2150 5755 Deus,
2177 5706 2269 5746 etc.
2290 5703 2360 5745 Er.
2388 5696 2583 5757 (litando
2604 5712 2715 5762 ergo
2741 5696 2876 5749 lenit.
2893 5707 3058 5750 AtMss.
3077 5714 3181 5747 cum
3199 5706 3328 5749 tota.

1759 5760 1936 5817 «putri:
1969 5773 2078 5821 ergo
2116 5773 2139 5807 ι·
2159 5769 2316 5819 ἠρτηι,
2345 5770 2436 5809 etc.
