3988 6188
545 303 649 362 195

548 430 728 474 corcm
756 411 943 465 domus
971 404 1082 459 Dei.
1128 399 1228 468 Qui
1271 396 1416 453 enim
1460 391 1727 465 pertinent
1762 388 1828 444 ad
1865 387 2110 442 decorem

551 508 739 559 domus
769 500 888 558 Dei.
933 497 983 550 in
1011 492 1201 562 quibus
1244 487 1447 542 habitat
1487 482 1651 558 gloria
1690 479 1808 545 Dei,
1858 476 1957 546 ipsi
1996 483 2120 529 sunt

551 602 701 654 locus
729 586 1065 645 habitationis
1077 582 1266 663 gloriae
1288 579 1404 635 Dei.
1432 577 1489 632 ln
1514 574 1703 646 quibus
1722 580 1896 627 autem
1920 567 2120 623 habitat

555 687 718 756 gloria
748 684 875 748 Dei,
906 681 1007 737 nisi
1034 659 1120 751 qui
1148 679 1225 733 sic
1249 675 1573 746 gloriantur.
1603 676 1661 723 ut
1686 681 1789 722 non
1828 666 1880 719 in
1904 677 1996 727 se,
2027 659 2121 714 sed

556 783 609 834 in
657 777 882 833 Domino
925 770 1264 846 glorientur?
1314 767 1454 836 Ergo
1496 762 1619 833 quia
1673 757 1834 814 dilexi
1877 756 2165 833 decorem‘

553 874 743 927 domus
783 880 903 933 tum,
938 845 997 922 id
1037 873 1140 930 est,
1178 875 1367 917 omnes
1391 856 1482 928 qui
1529 855 1600 910 ibi
1647 860 1771 907 sunt
1811 858 1866 904 et
1905 845 2124 918 gloriam

558 974 701 1017 luant
727 968 1007 1030 quzerunt;
1036 954 1130 1011 sed
1161 961 1216 1008 et
1240 966 1345 1006 non
1371 942 1681 1019 praesumpsi
1711 942 1764 995 in
1792 937 2008 993 homine
2026 975 2042 998 ,
2068 940 2124 988 et

560 1072 662 1109 non
702 1050 950 1108 consensi
980 1048 1184 1118 impiis,
1223 1053 1277 1099 et
1303 1056 1405 1095 non
1434 1036 1684 1099 introibo,
1715 1039 1769 1087 et
1792 1045 1896 1085 non
1927 1024 2123 1082 sedebo

563 1152 613 1203 iu
641 1148 1044 1216 congregatione
1070 1153 1288 1199 eorum;
1329 1133 1447 1203 quia
1480 1132 1548 1183 ita
1576 1127 1648 1182 fui
1675 1127 1727 1180 in
1751 1120 1983 1178 Ecclesia
2012 1116 2124 1179 Dei,

558 1240 689 1311 quid
732 1210 862 1292 mihi
901 1229 1201 1289 retribues?
1237 1225 1485 1297 Sequitur
1520 1218 1644 1290 quid
1673 1210 2086 1284 respondeamus
2114 1223 2127 1259 :

573 1332 650 1386 Ne
675 1328 970 1399 comperdas
998 1340 1112 1378 cum
1138 1320 1307 1390 impiis
1331 1317 1553 1370 animam
1580 1324 1769 1372 meam,
1798 1314 1980 1358 etcum
2015 1298 2134 1354 viris

567 1423 870 1493 sunguinum
895 1419 1040 1471 vitam
1066 1429 1244 1467 meam.
2033 1440 2044 1448 .

638 1484 723 1570 ἡ.
751 1511 919 1585 [υατδ.
945 1503 1170 1579 10-12.]
1215 1504 1280 1557 In
1327 1512 1538 1568 quorum
1581 1492 1812 1547 manibus
1856 1484 2142 1555 iniquitates

582 1616 729 1672 sunt,
754 1581 962 1658 dextera
1004 1614 1175 1653 eorum
1212 1591 1403 1664 repleta
1439 1597 1512 1643 est
1552 1581 1837 1639 muneribus
1868 1593 1888 1633 :
1924 1587 2143 1630 munera

572 1715 676 1755 non
716 1696 888 1752 solum
917 1688 1141 1763 pecunia
1167 1696 1249 1742 est
1269 1727 1285 1751 ,
1317 1699 1420 1738 non
1450 1679 1622 1735 solum
1661 1688 1845 1729 aurum
1875 1678 1931 1725 ct
1958 1682 2146 1738 argen-

574 1803 717 1852 tum.
766 1802 870 1841 nou
916 1785 1086 1840 solum
1130 1777 1315 1834 exenia
1343 1776 1361 1807 ί
1390 1781 1554 1832 sunt;
1601 1780 1773 1836 neque
1821 1774 2008 1817 omnes
2057 1757 2148 1827 qui

574 1883 951 1952 accipiuntra,
983 1874 1249 1944 accipiunt
1274 1880 1513 1924 munera.
1554 1855 1851 1931 Aliquando
1876 1853 2018 1910 enim
2055 1865 2146 1906 ac-

575 1942 841 2046 cipiuntur
883 1969 950 2022 ab
993 1942 1252 2020 Ecclesia.
1301 1957 1453 2026 Quod
1501 1953 1642 2018 dico,
1691 1950 1879 2004 Petrus
1922 1942 2148 2012 accepit,

580 2034 832 2120 huminus
862 2058 1086 2128 accepit,
1115 2053 1317 2111 loculos
1344 2047 1546 2111 habuit,
1572 2059 1633 2100 ea
1669 2056 1786 2111 qua:
1805 2034 2152 2092 mittebantur

578 2158 738 2211 .ludas
789 2125 1079 2219 auferebat.
1132 2145 1236 2202 Sed
1288 2141 1413 2214 quid
1462 2148 1546 2195 est
1594 2135 1834 2206 accipere
1890 2125 2153 2185 munera?

583 2251 801 2318 Propter
830 2258 1049 2299 mum-ra
1075 2239 1293 2294 laudare
1317 2239 1338 2269 ³
1366 2233 1630 2288 hominem
1653 2268 1668 2291 ,
1697 2223 1898 2281 adulari
1930 2218 2151 2279 homini,

585 2341 794 2409 palpare
816 2332 1153 2393 blandiendo,
1177 2328 1415 2399 judicare
1439 2331 1617 2377 contra
1638 2318 1915 2373 veritatem
1940 2319 2156 2383 propter

584 2407 819 2483 munera.
868 2426 1094 2493 Propter
1134 2434 1252 2488 quze
1280 2411 1545 2470 munera?
1594 2409 1709 2464 Non
1739 2407 1911 2461 solum
1941 2410 2158 2472 pr0pter

510 2502 517 2507 ’
584 2534 771 2573 aurum
796 2526 847 2571 ct
873 2491 1145 2583 argentum
1173 2517 1227 2564 et
1265 2501 1565 2573 huiusmodi
1607 2496 1839 2568 aliquid,
1870 2492 1960 2549 sed
1999 2491 2157 2546 etiam

590 2623 805 2685 propter
844 2610 1052 2664 laudem
1083 2605 1171 2674 qui
1208 2601 1411 2673 judieat
1444 2595 1611 2657 male.
1640 2604 1833 2648 munus
1857 2586 2067 2655 accipit,
2107 2591 2162 2637 et

590 2674 781 2761 munus
810 2718 914 2772 quo
944 2699 1075 2755 nihil
1107 2696 1334 2752 iuanius.
1366 2689 1541 2745 Patuit
1579 2685 1721 2741 enim
1765 2681 1839 2743 illi
1883 2691 2071 2735 manus
2096 2674 2160 2730 ad

534 2844 541 2859 .
589 2767 950 2863 accipiendum
986 2789 1240 2860 judicium
1268 2785 1459 2853 lingua:
1488 2779 1676 2832 aliena!
1695 2816 1711 2840 ,
1741 2783 1795 2829 et
1824 2767 2050 2842 perdidit
2072 2767 2162 2835 ju-

590 2888 782 2942 dicium
828 2881 1164 2937 conscientia:
1210 2891 1340 2929 sum.
1390 2873 1526 2941 Ergo
1575 2870 1629 2922 in
1676 2879 1890 2936 quorum
1938 2857 2167 2914 manibus

596 2979 878 3048 iniquitates
904 2982 1053 3037 sunt,
1087 2971 1291 3024 dextera
1315 2979 1492 3019 eorum
1517 2960 1704 3031 repleta
1744 2965 1818 3010 est
1858 2949 2164 3007 muneribus.

596 3069 818 3133 Videtis,
852 3066 1063 3129 fratres,
1094 3061 1214 3131 quia
1242 3071 1425 3112 coram
1453 3053 1564 3108 Deo
1603 3058 1743 3107 sunt.
1778 3055 1835 3100 et
1863 3046 1912 3097 in
1940 3054 2167 3112 quorum

523 3180 531 3195 '
599 3164 839 3219 manibus
886 3174 988 3213 non
1041 3162 1165 3208 sunt
1210 3150 1531 3221 iniquitates,
1582 3157 1682 3197 nec
1727 3140 1941 3194 dextera
1984 3146 2167 3189 eorum

600 3255 796 3324 repleta
840 3259 923 3304 est
964 3244 1302 3306 muneribus,
1348 3239 1528 3307 utique
1570 3246 1749 3289 coram
1795 3230 1921 3290 Deo.
1969 3234 2026 3281 et
2063 3237 2168 3278 non

601 3354 819 3414 possunt
848 3340 946 3394 nisi
976 3339 1081 3392 Deo
1124 3334 1301 3389 dicere
1326 3370 1343 3394 ,
1371 3328 1451 3383 Tu
1488 3325 1593 3380 scis
1620 3339 1635 3377 :
1668 3337 1774 3376 non
1805 3324 2024 3388 possunt
2068 3312 2170 3368 nisi

602 3437 677 3491 illi
707 3435 883 3489 dicere
912 3449 925 3485 :
956 3428 1039 3482 Ne
1073 3423 1367 3492 comperdas
1395 3434 1507 3473 cum
1541 3415 1709 3485 impiis
1737 3411 1956 3465 animam
1981 3421 2168 3469 meam,

603 3538 655 3580 rt.
673 3542 789 3580 cum
815 3524 934 3578 viris
962 3518 1263 3588 sanguinum
1286 3514 1436 3568 vitam
1465 3524 1624 3563 meam
1649 3522 1667 3569 ;
1705 3504 1795 3575 qui
1820 3502 1966 3557 solus
2000 3503 2177 3569 potest

615 3617 822 3676 videre.
871 3612 1007 3681 qttiu'
1036 3624 1141 3664 non
1187 3603 1454 3672 accipiunt
1498 3611 1737 3653 munera.
1794 3592 1950 3647 Verbi
1992 3604 2174 3653 causa,

605 3708 861 3776 contingit
885 3713 942 3759 ut
966 3702 1072 3756 duo
1109 3698 1352 3752 homines
1381 3692 1611 3747 habeant
1649 3699 1863 3742 causam
1890 3681 2029 3752 apud
2058 3695 2173 3735 serv

606 3818 728 3854 vum
759 3800 869 3857 llei:
900 3810 1056 3850 uerno
1079 3791 1177 3847 nisi
1214 3802 1361 3845 suam
1384 3788 1579 3855 justam
1607 3779 1736 3834 dicit
1756 3777 2009 3837 causam;
2056 3785 2179 3826 nam

609 3894 652 3945 si
681 3892 909 3958 iniquam
936 3892 1147 3955 putaret
1171 3893 1384 3936 causam
1415 3888 1562 3930 suam
1587 3913 1603 3939 ,
1629 3869 1859 3940 judicem
1889 3880 1997 3920 non
2036 3878 2184 3933 qua:-

614 3953 786 4037 reret.
808 3978 874 4030 Et
903 3953 988 4029 ille
1013 3990 1072 4028 se
1099 3980 1247 4042 putat
1277 3972 1473 4039 justam
1501 3976 1713 4018 causam
1752 3958 1968 4021 habere,
1995 3964 2049 4010 et
2076 3953 2179 4008 ille.

621 4068 848 4121 Veniunt
874 4064 939 4118 ad
965 4063 1216 4133 judicem.
1249 4060 1542 4126 Antequam
1575 4049 1875 4122 proferatur
1900 4043 2181 4106 sententia,

616 4157 772 4212 ambo
794 4131 977 4209 dicunt
1000 4170 1013 4204 ‘.
1035 4148 1415 4219 Amplectimur
1438 4143 1691 4214 judicium
1719 4149 1901 4201 tuum;
1933 4131 2185 4204 quidquid

533 4268 538 4272 ·
616 4245 956 4318 judicaveris.
1000 4242 1138 4296 absit
1179 4249 1236 4293 ut
1278 4248 1609 4306 respuamus.
1653 4229 1789 4299 Quid
1832 4236 1888 4283 et
1933 4236 1986 4279 tu
2013 4222 2188 4279 dicis?

622 4316 803 4413 iudica
832 4335 1060 4407 quidvis,
1093 4340 1291 4387 tantum
1319 4328 1495 4399 judica
1523 4344 1537 4382 :
1569 4337 1786 4396 prorsus
1828 4320 1873 4374 si
1919 4318 1971 4372 in
2010 4316 2187 4386 aliquo

621 4446 1016 4506 repugnavere,
1061 4424 1336 4480 anathema
1379 4420 1500 4476 sim.
1532 4417 1704 4473 Ambo
1740 4419 1920 4468 amant
1960 4409 2190 4480 iudicem

623 4500 903 4597 antequam
932 4519 1150 4592 iudicet.
1181 4516 1313 4570 Cum
1338 4521 1512 4566 autem
1550 4508 1692 4563 dicta
1731 4505 1888 4560 fuerit
1910 4500 2188 4562 sententia.

625 4630 807 4676 contra
835 4612 1160 4672 unum‘erit:
1202 4614 1259 4664 et
1286 4612 1470 4660 neuter
1494 4614 1677 4655 eorum
1704 4597 1806 4652 scit
1828 4604 2012 4651 contra
2036 4606 2194 4662 quem

630 4718 797 4767 l‘utura
824 4719 927 4765 est.
958 4707 1050 4762 Ille
1075 4718 1201 4775 ergo
1229 4701 1273 4756 si
1299 4697 1536 4765 utrisque
1565 4693 1774 4763 placere
1792 4688 2032 4749 voluerit,
2061 4684 2199 4739 acci-

631 4807 704 4877 pit
735 4818 926 4858 munus
969 4798 1176 4854 laudem
1221 4793 1514 4850 hominum.
1560 4784 1667 4840 Sed
1724 4791 1943 4852 accepto
1981 4791 2200 4833 munere

634 4869 753 4959 ξςιο,
784 4894 957 4947 videte
982 4890 1120 4960 quod
1152 4899 1343 4943 munus
1367 4881 1593 4937 amittat.
1622 4872 1829 4944 Accipit
1855 4869 1997 4941 quod
2025 4876 2199 4926 sonat.

634 4985 944 5042 et'transit:
978 4959 1149 5051 perdit
1174 4977 1313 5049 quod
1351 4973 1563 5033 dicitur.
1591 4976 1645 5023 et
1685 4978 1956 5034 nunquam
1996 4959 2199 5014 transit.

562 5116 569 5123 ι
640 5079 870 5133 Verbum
898 5075 991 5129 Dei
1030 5086 1241 5137 semper
1280 5069 1504 5130 dicitur,
1537 5073 1800 5128 nunquam
1831 5054 2018 5110 transit
2045 5068 2056 5104 :
2084 5066 2206 5104 ver-

641 5177 762 5229 bum
803 5169 1047 5227 hominis‘
1071 5181 1191 5221 mox
1235 5173 1293 5216 ut
1331 5161 1526 5215 dictum
1558 5153 1750 5216 fuerit,
1782 5146 1991 5204 transit.
2039 5143 2209 5198 Tenet

641 5266 836 5323 inania.
884 5258 1102 5316 dimittit
1149 5252 1337 5309 solida.
1387 5249 1443 5305 Si
1492 5255 1668 5300 autem
1716 5243 1880 5295 Deum
1925 5237 2207 5299 intueatur,

645 5356 950 5428 prolaturus
973 5356 1056 5402 est
1079 5342 1391 5400 sententiam
1417 5346 1598 5392 contra
1630 5346 1814 5396 unum,
1840 5325 2174 5383 considerato
2190 5321 2212 5353 ³

646 5422 776 5511 lien,
805 5443 904 5497 sub
930 5453 1035 5511 quo
1061 5435 1237 5507 judice
1263 5431 1402 5484 illam
1428 5425 1646 5497 profert.
1680 5422 1774 5477 Ille
1814 5427 1989 5474 autem
2031 5424 2213 5469 contra

710 5608 727 5639 ί
754 5602 886 5655 Μὰ..
909 5595 1070 5651 xenia.
1098 5600 1151 5642 At
1169 5600 1337 5640 omnes
1354 5592 1484 5643 Mss,
1514 5580 1702 5634 exenia.

711 5673 733 5701 ³
758 5675 803 5716 In
828 5672 953 5716 Mss.
977 5657 1195 5709 (ululare.

713 5732 733 5764 ³
756 5709 968 5779 iamut
990 5720 1115 5780 ald.,
1149 5709 1493 5766 ransiderante.

1768 276 1824 333 S.
1865 268 2222 332 AUGUSTINI
2256 260 2564 325 EPISCOPI'

3686 251 3802 310 196

2228 400 2385 454 quem
2430 381 2630 452 prolata
2672 378 2851 439 fuerit.
2893 385 2947 431 ct
2973 375 3018 431 si
3058 373 3164 443 jam
3201 369 3406 438 eli'ringi
3451 383 3554 421 non
3602 375 3819 434 potest,

2229 476 2347 544 quia
2380 483 2586 529 tenetur
2611 472 2729 542 jure
2771 469 2906 525 forte
2944 483 3051 523 non
3089 464 3482 525 ecclesiastico,
3523 460 3615 514 sed
3646 460 3811 526 priu-

2230 569 2404 636 cipum
2429 566 2628 629 saeculi,
2660 564 2748 635 qui
2780 572 2981 617 tantum
3011 559 3088 631 (a)
3113 556 3413 613 detulerunt
3442 552 3717 615 Ecclesiae,
3747 561 3820 605 ut

2232 656 2484 728 quidquid
2512 657 2564 711 in
2594 671 2655 710 ea
2680 653 2969 724 judicatum
2997 648 3179 714 fuerit,
3204 645 3435 702 dissolvi
3463 659 3567 698 non
3600 644 3773 712 possit
3798 658 3820 701 :

2234 750 2279 804 si
2308 765 2433 820 ergo
2459 748 2662 818 effringi
2694 762 2798 800 non
2841 753 3042 816 potest,
3067 742 3175 812 jam
3219 755 3324 794 non
3349 738 3461 793 vult
3497 736 3690 791 intueri
3728 752 3819 797 se,

2235 854 2288 898 et
2314 844 2330 876 ¹
2358 856 2529 898 caecos
2553 839 2738 899 oculos
2767 838 2945 906 dirigit
2986 836 3036 891 iu
3064 833 3297 905 judicem
3319 874 3334 896 ,
3365 830 3595 885 detrahit
3635 844 3820 898 quan-

2238 943 2347 989 tum
2376 942 2571 1003 potest.
2617 932 2834 987 Placere
2864 929 2971 1011 illi,
3017 927 3209 997 inquit,
3238 924 3403 979 voluit
3422 962 3447 985 ..
3464 922 3615 976 diviti
3658 920 3819 986 favit,

2239 1036 2329 1082 aut
2356 1026 2551 1097 aliquid
2577 1024 2644 1078 ab
2670 1024 2761 1079 illo
2783 1021 3005 1092 accepit.
3034 1028 3123 1074 aut
3145 1018 3325 1073 timuit
3348 1017 3494 1070 illum
3518 1014 3820 1069 oll‘endero.

2241 1121 2468 1174 Accusat
2496 1117 2644 1187 quasi
2672 1123 2884 1182 accepta
2913 1113 3022 1167 sint
3050 1108 3380 1166 munerarSi
3410 1117 3582 1162 autem
3612 1119 3824 1174 pauper

2245 1210 2488 1264 habuerit
2510 1216 2694 1263 contra
2722 1207 2967 1270 divitem,
2998 1214 3055 1260 et
3083 1218 3183 1273 pro
3210 1216 3439 1273 paupere
3479 1198 3631 1253 fuerit
3673 1197 3827 1265 judi-

2244 1312 2417 1356 ratnm
2443 1318 2458 1365 ;
2504 1300 2632 1354 dicit
2657 1298 2784 1353 item
2810 1298 2988 1361 dives,
3018 1293 3236 1363 Accepit
3270 1305 3512 1346 munera.
3541 1289 3671 1357 Qua:
3701 1304 3829 1341 mu-

2247 1412 2373 1451 nera
2412 1411 2441 1448 a
2485 1392 2756 1462 paupere?
2798 1390 2980 1453 Vidit,
3029 1388 3234 1458 inquit,
3285 1398 3615 1456 pauperem.
3657 1392 3716 1436 et
3758 1397 3833 1436 uo

2247 1484 2729 1555 reprehenderetur
2762 1480 2900 1551 quod
2948 1489 3129 1535 contra
3174 1490 3463 1549 pauperem
3491 1474 3698 1538 iecerit,
3724 1487 3835 1541 np-

2249 1577 2442 1647 pressit
2462 1576 2741 1644 justitiam,
2771 1584 2824 1628 et
2851 1572 3070 1643 protulit
3095 1579 3277 1624 contra
3304 1567 3581 1623 veritatem
3609 1573 3833 1619 senten-

2252 1670 2399 1722 tiam.
2430 1667 2563 1721 Cum
2596 1681 2721 1735 ergo
2765 1678 2982 1718 necesse
3023 1663 3092 1717 sit
3133 1670 3191 1714 ut
3236 1661 3337 1714 hoc
3382 1658 3607 1716 dicatur.
3650 1656 3839 1710 videte

2253 1777 2355 1815 non
2387 1774 2544 1830 posse
2570 1758 2673 1813 dici
2701 1759 2768 1811 ab
2794 1756 2876 1811 bis
2900 1755 2988 1826 qui
3020 1769 3240 1817 munera
3276 1750 3380 1806 rion
3406 1750 3693 1818 accipiunt,
3722 1745 3835 1802 nisi

2252 1867 2430 1907 coram
2474 1851 2643 1906 oculis
2688 1849 2804 1906 Dei.
2852 1848 2940 1914 qui
2986 1848 3133 1901 solus
3160 1844 3303 1900 videt
3342 1843 3461 1914 quis
3503 1842 3751 1911 accipiat,
3784 1851 3841 1894 et

2254 1945 2372 2014 quis
2397 1959 2500 1998 non
2528 1942 2751 2012 accipiat
2777 1959 2790 1995 ε
2820 1940 2929 2011 Ego
2951 1949 3119 1993 autem
3140 1940 3193 1991 in
3216 1937 3499 1992 innocentia
3521 1952 3632 1989 mea
3654 1935 3843 1988 ambuo

2257 2035 2376 2094 lani.
2404 2034 2593 2087 redime
2627 2049 2739 2098 me,
2783 2041 2830 2085 et
2873 2033 3106 2084 miserere
3147 2030 3245 2082 mei
3268 2044 3287 2082 :
3314 2045 3399 2099 pes
3435 2044 3571 2081 meus
3611 2028 3752 2081 stetit
3783 2028 3839 2079 in

2257 2127 2570 2181 rectitudine.
2601 2124 2904 2178 Concussus
2935 2137 3048 2175 sum
3075 2104 3285 2190 quidem
3312 2119 3544 2186 undique
3564 2118 3841 2172 smrndalis

2257 2230 2313 2276 et
2343 2218 2718 2274 tentationibus
2762 2214 3261 2284 reprehendendum
3304 2211 3555 2282 judicium
3601 2210 3842 2263 humana

2263 2311 2557 2367 temeritate
2576 2310 2597 2341 ²
2622 2326 2635 2362 :
2662 2307 2755 2363 sed
2784 2324 2869 2377 pes
2894 2322 3030 2360 meus
3058 2306 3192 2360 stetit
3227 2304 3281 2358 in
3309 2302 3623 2379 rectitudine.
3660 2303 3847 2366 Quare

2260 2413 2435 2459 autem
2463 2404 2515 2456 in
2554 2398 2894 2455 rectitudine?
2928 2398 3061 2465 Quia
3106 2396 3349 2467 superius
3390 2394 3637 2448 dixerat:
3682 2389 3749 2445 Et
3789 2391 3849 2444 in

2264 2493 2480 2548 Domino
2504 2509 2713 2561 sperans
2746 2506 2847 2544 non
2873 2487 3124 2543 movebar.

2335 2606 2421 2661 14.
2450 2603 2585 2671 Quid
2627 2618 2753 2671 ergo
2781 2598 3085 2656 concludit?
3110 2596 3175 2651 In
3198 2595 3435 2650 Ecclesiis
3460 2593 3746 2661 benedicam
3774 2604 3851 2658 te,

2267 2695 2498 2750 Domine.
2518 2694 2572 2747 Id
2602 2704 2703 2755 est.
2736 2694 2787 2746 in
2819 2690 3067 2746 Ecclesiis
3090 2703 3195 2742 non
3224 2702 3307 2741 me
3332 2685 3664 2750 benedieam,
3693 2686 3852 2753 quasi

2267 2798 2441 2844 certus
2465 2786 2531 2840 de
2571 2785 2872 2839 hominibus
2893 2824 2908 2846 ,
2937 2780 3030 2836 sed
3061 2789 3111 2834 te
3151 2779 3456 2834 benedicam
3500 2780 3554 2832 in
3595 2777 3857 2845 operibus

2270 2880 2422 2934 meis.
2465 2877 2576 2931 Hoc
2612 2885 2695 2931 est
2730 2875 2869 2929 enim
2914 2870 3224 2927 benedicere
3268 2870 3429 2923 Deum
3466 2869 3517 2921 in
3555 2867 3856 2932 Eeclesiis,

2272 2970 2483 3031 fratres,
2512 2968 2590 3019 sic
2611 2966 2789 3019 vivere
2820 2974 2877 3017 ut
2900 2978 2997 3033 per
3025 2977 3201 3015 mores
3225 2960 3480 3029 cujusque
3507 2958 3862 3013 benedicatur

2274 3062 2433 3116 Deus.
2476 3059 2607 3112 Nam
2641 3057 2728 3127 qui
2758 3054 3023 3110 benedicit
3053 3053 3332 3108 Dominum
3363 3051 3535 3120 lingua
3558 3092 3573 3114 ,
3600 3062 3654 3105 et
3700 3048 3862 3103 thetis

2274 3149 2567 3213 maledicit,
2597 3163 2711 3203 nou
2744 3148 2797 3201 in
2826 3144 3076 3202 Ecclesiis
3104 3142 3368 3200 benedicit
3393 3141 3695 3196 Dominum.
3722 3140 3863 3194 Lin-

2274 3259 2372 3313 gua
2403 3257 2566 3312 prope
2613 3254 2799 3294 omnes
2825 3237 3162 3300 benedicunt,
3195 3235 3287 3289 sed
3319 3250 3422 3288 non
3460 3247 3647 3286 omnes
3681 3230 3861 3285 factis.

2275 3330 2496 3403 Quidam
2527 3347 2656 3387 voce
2685 3331 3003 3387 benedicunt
3026 3371 3041 3393 .
3079 3327 3291 3397 quidam
3332 3325 3585 3380 moribus.
3627 3323 3683 3377 In
3725 3340 3866 3393 qun-

2277 3442 2394 3481 rum
2422 3433 2596 3478 autem
2621 3424 2860 3477 moribus
2879 3436 2985 3475 non
3009 3419 3272 3474 invenitur
3299 3418 3437 3487 quod
3464 3417 3627 3477 aiunt,
3658 3415 3869 3470 faciunt

2278 3516 2636 3587 blasphemari
2666 3515 2852 3578 Deum,
2880 3522 2938 3566 ut
2963 3510 3037 3566 illi
3068 3511 3154 3579 qui
3187 3508 3417 3563 nondum
3448 3508 3645 3561 intrant
3674 3506 3868 3560 Eccle-

2280 3609 2452 3671 siam,
2484 3603 2726 3676 quamvis
2771 3611 2948 3658 ament
2979 3609 3190 3670 peccata
3236 3613 3329 3653 sua
3355 3639 3368 3660 .
3420 3605 3474 3652 et
3520 3596 3639 3650 ideo
3689 3596 3869 3649 nolint

2282 3714 2402 3755 esse
2444 3695 2751 3760 christiani,
2803 3703 2978 3747 tamen
3025 3699 3286 3747 excusent
3325 3704 3386 3744 se
3424 3703 3520 3759 per
3566 3686 3762 3750 malos,
3810 3695 3869 3739 ut

2284 3789 2621 3845 blandiantur
2644 3786 2765 3844 sibi.
2794 3784 3110 3839 seduceutes
3136 3782 3362 3852 seipsos,
3391 3789 3446 3835 et
3471 3778 3651 3833 dicant
3679 3794 3693 3830 ε
3723 3775 3866 3844 Quid
3895 3761 3903 3767 ’

2287 3880 2414 3935 mihi
2458 3877 2745 3948 persuades
2784 3883 2844 3931 ut
2882 3874 3213 3929 Christianus
3245 3871 3382 3926 sim?
3408 3869 3521 3938 Ego
3549 3866 3797 3921 fraudem
3839 3883 3869 3922 a

2287 3970 2576 4027 christiano
2606 3982 2793 4038 passus
2822 3982 2960 4030 sum,
2984 3975 3037 4019 et
3062 3977 3328 4033 nunquam
3357 3960 3487 4022 ieci;
3516 3958 3707 4026 falsum
3737 3957 3873 4013 mihi

2285 4063 2487 4133 juravit
2512 4060 2855 4117 christianus.
2888 4066 2942 4112 et
2965 4072 3063 4127 ego
3091 4068 3377 4123 nunquam.
3414 4050 3482 4105 Et
3509 4066 3629 4105 cum
3656 4050 3760 4105 ista
3790 4049 3876 4103 di-

2289 4163 2435 4216 cunt.
2469 4150 2827 4221 impediuntur
2852 4163 2879 4199 a
2928 4147 3101 4202 salute
3132 4162 3145 4197 :
3177 4154 3233 4199 ut
3261 4143 3391 4197 nihil
3418 4143 3497 4197 eis
3526 4141 3716 4211 prosit,
3764 4158 3875 4196 non

2292 4245 2504 4316 quidem
2542 4241 2680 4313 quod
2726 4241 2833 4307 jam
2877 4238 3005 4293 boni
3033 4244 3184 4296 sunt.
3214 4234 3308 4290 sed
3349 4233 3491 4305 quod
3530 4232 3881 4288 mediocriter

2298 4336 2443 4391 mali.
2472 4331 2754 4401 Quomodo
2786 4331 2927 4384 enim
2959 4327 3090 4382 nihil
3122 4324 3336 4396 prodest
3364 4325 3570 4395 aperire
3590 4322 3801 4388 oculos,
3833 4322 3882 4377 si

2297 4430 2368 4484 sit
2386 4427 2611 4498 quisque
2637 4425 2689 4478 in
2714 4423 2948 4477 tenebris
2975 4437 2991 4495 ς
3018 4419 3086 4474 ita
3113 4417 3242 4472 nihil
3265 4415 3481 4486 prodest
3502 4428 3620 4469 esse
3648 4412 3702 4467 in
3731 4399 3881 4479 luce,

2298 4522 2342 4573 si
2371 4518 2535 4573 clausi
2565 4523 2691 4570 sunt
2730 4512 2889 4567 oculi.
2936 4510 3010 4565 Ita
3054 4517 3108 4564 et
3152 4523 3387 4578 paganus
3428 4505 3638 4575 quidem
3686 4507 3787 4572 (ut
3814 4503 3886 4559 de

2301 4609 2406 4663 illis
2435 4607 2609 4678 potius
2650 4604 2928 4673 loquamur
2954 4599 3100 4655 velut
3125 4598 3258 4653 bene
3286 4595 3585 4651 viventibus
3609 4593 3629 4665 )
3650 4595 3888 4663 patenti-

2303 4701 2401 4754 bus
2429 4689 2603 4754 oculis~
2638 4704 2721 4752 est
2748 4695 2801 4748 in
2845 4691 3113 4755 tenebris;
3158 4688 3278 4759 quia
3308 4703 3412 4741 non
3443 4686 3681 4756 agnoscit
3704 4685 3887 4739 lucem

2304 4807 2452 4847 suam
2481 4788 2763 4845 Dominum
2792 4802 2815 4850 g:
2857 4782 3175 4839 christianus
3205 4789 3381 4834 autem
3411 4777 3547 4831 male
3588 4776 3800 4843 vivens,
3835 4776 3890 4830 in

2374 5043 2390 5060 -
2418 5025 2748 5091 Aliquot_Mss.,
2772 5019 2875 5091 sed.

2375 5092 2398 5157 ξ
2407 5056 3394 5157 ἴμηψςίιτμέπη
3412 5078 3512 5157 ΑΑηιἶ
3531 5076 3626 5157 ﬁt}
3669 5077 3722 5119 et
3756 5075 3897 5157 glas,

2301 5130 2789 5215 λαάίὲἷιὶήιίῖτλῆὶὶςῇφ
2820 5137 3115 5192 temeritatis.
3144 5136 3237 5186 sed
3272 5132 3396 5184 haud
3428 5131 3579 5181 dubie
3602 5130 3899 5195 legendum,

2314 5211 2522 5264 hunuma
2543 5211 2823 5259 temeritate.

2378 5316 2453 5427 (az
2474 5318 2636 5362 Exstat
2656 5321 2716 5358 ea
2735 5307 2800 5357 de
2820 5319 2877 5356 re
2893 5302 3182 5355 Constantini
3198 5299 3284 5350 lex
3308 5299 3356 5347 in
3366 5294 3900 5349 “teodosianocmlice,

2378 5395 2403 5426 ι.
2459 5376 2507 5427 6.
2534 5375 2608 5423 tit.
2631 5371 2697 5420 de
2719 5366 2977 5427 epiSOOpali
2988 5363 3166 5427 judicio
3184 5400 3197 5421 ,
3218 5361 3329 5410 data
3364 5359 3421 5407 ad
3447 5357 3691 5407 Ablavium
3708 5356 3900 5427 prafe-

2317 5356 2977 5430 lilil—liiz'tiideepiscomli
2988 5363 3166 5430 judicio
3184 5400 3197 5421 ,
3218 5361 3329 5410 data
3364 5359 3421 5430 ad
3447 5357 3695 5430 Ablavium
3708 5356 3901 5430 ,πατεῖς-

2318 5419 2453 5491 ctum
2466 5419 2700 5485 “sutorio
2716 5466 2731 5484 .
2753 5419 2851 5492 'qua
2872 5419 3025 5479 sancit
3060 5419 3337 5492 Imperator,
3362 5428 3420 5492 ut
3459 5438 3482 5465 ι
3502 5420 3768 5492 sententiae
3792 5424 3841 5479 Eg
3860 5419 3902 5465 i-

2659 5482 2879 5557 quol'ibet
2920 5500 3109 5560 genere
3129 5482 3370 5560 'prolata'.
3410 5482 3649 5531 inviolata:
3696 5492 3904 5560 semper:

2330 5581 2353 5610 ιι
2374 5541 2760 5620 datin—Rimini;
2796 5541 3055 5620 servantur
3076 5583 3091 5606 .
3130 5541 3271 5609 utque
3293 5557 3466 5620 omnes
3500 5554 3656 5591 musa!
3680 5554 3796 5602 quae
3821 5541 3903 5589 vel

2332 5607 2356 5670 ξ
2379 5607 2728 5684 prietoriojure
2753 5614 2833 5664 vel
2861 5612 2989 5664 civili
3012 5607 3294 5684 tractantur,
3334 5607 3665 5684 episcoporum
3701 5610 3908 5650 sonten-

2334 5668 2770 5740 sliisitermibatte,
2800 5687 3039 5742 perpetuo
3052 5669 3324 5722 stabilitatis
3344 5668 3455 5728 jure
3486 5668 3755 5714 firmentur.
3777 5680 3802 5709 ι
