3988 6188
168 287 278 343 197

172 409 290 460 luce
319 403 534 474 quidem
565 412 646 458 est
675 403 883 458 nonnisi
921 404 1035 470 Dei,
1062 403 1153 457 sed
1184 404 1377 457 clausis
1405 404 1588 458 oculis.
1622 402 1753 457 Male

171 486 398 547 vivendo
425 495 566 547 enim
609 494 790 550 videre
829 509 933 548 non
969 494 1078 547 vult
1100 509 1244 557 eum,
1277 495 1326 547 in
1367 494 1517 562 cujus
1547 493 1759 547 nomine

170 595 422 655 tanquam
446 601 624 640 cmcus
644 585 794 640 estin
817 585 1011 640 lumine
1031 585 1368 649 consumtus,
1393 585 1531 638 nulla
1559 585 1759 640 visione

172 678 287 732 veri
315 676 534 731 luminis
561 677 846 731 animatus.
890 693 893 696 ·

571 923 652 984 ΙΝ
694 921 1070 983 PSALMUM
1114 921 1323 982 XXV]

718 1107 1111 1164 ENARRATIO
1143 1108 1182 1162 1.

492 1261 521 1315 1
527 1263 606 1332 psi
637 1260 829 1323 David,
860 1263 1148 1331 priusquam
1188 1262 1432 1316 (iniretur.

242 1419 290 1472 l.
322 1417 494 1490 [vers.
529 1415 605 1490 1.]
650 1415 775 1470 Tiro
804 1415 1000 1470 Christi
1032 1417 1279 1486 loquitur,
1313 1433 1431 1470 cum
1461 1418 1663 1472 accedit
1687 1419 1751 1471 ad

176 1510 346 1564 ﬁdem.
378 1509 633 1562 Dominus
659 1509 959 1562 illuminatio
980 1526 1088 1561 mea
1108 1519 1152 1562 et
1173 1510 1408 1562 salutaris
1432 1526 1589 1573 meus,
1612 1527 1754 1579 quem

182 1603 353 1656 timebo
375 1604 402 1656 ?
443 1602 701 1654 Dominus
725 1599 854 1653 mihi
884 1608 938 1654 et
963 1600 1202 1654 notitiam
1230 1601 1309 1654 sui
1331 1610 1384 1654 et
1411 1600 1636 1656 salutem
1664 1601 1755 1655 da-

180 1694 268 1758 bit,
301 1692 420 1762 quis
449 1707 535 1745 me
579 1689 785 1744 auferet
810 1689 896 1744 ei?
928 1689 1172 1743 Dominus
1202 1699 1446 1754 protector
1470 1695 1583 1743 vita:
1611 1705 1750 1755 metr,

178 1803 207 1837 α
229 1802 322 1847 quo
363 1783 630 1853 trepidabo
649 1783 674 1835 ?
705 1782 956 1836 Dominus
983 1783 1202 1852 repellet
1240 1798 1424 1837 omnes
1455 1785 1678 1852 impetus
1702 1792 1755 1836 et

179 1876 388 1929 insidias
417 1875 587 1928 hostis
610 1876 736 1939 mei,
773 1889 800 1926 a
833 1873 977 1927 nullo
1007 1874 1292 1942 trepidabo.

242 1966 295 2018 2.
320 1965 470 2038 [vers.
504 1963 585 2037 2.]
613 1963 745 2017 Dum
782 1964 1191 2034 appropinquant
1207 1943 1367 2035 .super
1405 1981 1484 2017 me
1504 1974 1751 2029 nocentes,

178 2066 228 2108 ut
254 2057 405 2110 edant
443 2072 622 2108 carnes
665 2071 801 2108 meas
833 2071 852 2107 :
892 2054 1016 2107 dum
1046 2054 1300 2109 accedunt
1332 2054 1397 2107 ad
1435 2068 1757 2121 cognoscen-

180 2148 295 2201 dum
323 2163 412 2201 me
440 2154 714 2210 nocentes,
746 2155 799 2199 et
828 2145 1206 2209 instillandum,
1237 2155 1293 2200 ut
1323 2161 1382 2200 se
1411 2145 1537 2198 mihi
1566 2146 1754 2215 pratic-

182 2249 293 2292 rant
319 2239 543 2292 mutanti
575 2239 589 2269 ²
620 2253 706 2292 me
739 2237 790 2291 in
835 2238 1056 2301 melius;
1087 2247 1141 2290 ut
1169 2236 1428 2290 maledico
1467 2236 1622 2290 dente
1651 2252 1754 2291 non

181 2347 258 2387 me
301 2339 661 2394 consumant,
694 2328 785 2382 sed
831 2329 1004 2398 potius
1048 2329 1276 2383 carnalia
1315 2326 1576 2382 desideria
1616 2342 1752 2381 mea.

179 2424 270 2486 Qui
309 2422 558 2474 tribulant
588 2436 667 2473 me
695 2419 885 2472 inimici
911 2420 1005 2473 mei
1032 2435 1050 2472 :
1088 2434 1192 2473 non
1220 2418 1390 2473 solum
1431 2418 1518 2488 qui
1550 2434 1632 2472 me
1659 2418 1755 2471 tri-

181 2513 356 2566 lmlaut
399 2513 573 2566 amico
601 2511 780 2564 animo
821 2510 1292 2580 reprehendentes,
1331 2521 1384 2564 et
1425 2526 1453 2563 a
1487 2510 1755 2579 pr0posito

177 2619 426 2658 revocare
458 2602 718 2665 volentes,
753 2600 846 2655 sed
890 2601 1048 2655 etiam
1081 2601 1276 2656 inimici
1305 2601 1430 2655 mei.
1464 2599 1574 2669 Ipsi
1613 2600 1758 2668 infir-

177 2696 287 2747 mati
315 2704 453 2756 sunt,
480 2703 525 2746 et
548 2692 834 2746 ceciderunt
861 2710 879 2746 .'
909 2691 1032 2745 dum
1057 2707 1184 2761 ergo
1211 2691 1260 2744 id
1287 2701 1445 2760 agunt
1471 2691 1642 2744 studio
1664 2691 1758 2744 de-

179 2786 422 2842 fendendi
449 2785 770 2839 sententiam
795 2799 944 2838 suam
969 2826 984 2849 ,
1013 2783 1206 2837 inlirmi
1240 2781 1360 2835 facti
1403 2792 1525 2835 sunt
1548 2780 1612 2833 ad
1640 2795 1755 2833 erc-

175 2879 335 2932 tlenda
386 2878 640 2941 meliora;
673 2884 727 2931 et
759 2875 976 2930 verbum
1025 2875 1248 2939 salutis,
1295 2889 1388 2943 per
1433 2873 1572 2943 quod
1623 2872 1756 2927 facio

179 2970 305 3037 quod
333 2970 413 3022 eis
438 2968 706 3036 displicet,
736 2967 914 3021 odisse
942 2975 1236 3035 coeperunt.

239 3063 292 3115 5.
323 3059 474 3133 [vers.
504 3055 585 3131 3.]
618 3058 677 3114 Si
707 3059 980 3112 consistant
1016 3059 1280 3111 adversum
1310 3073 1386 3110 me
1412 3067 1576 3110 castra
1597 3097 1611 3119 ,
1657 3073 1755 3109 non

176 3154 361 3206 timebit
389 3169 475 3206 cor
497 3167 664 3204 meum
691 3167 709 3204 :
736 3151 988 3203 adversus
1015 3165 1098 3204 me
1121 3159 1294 3202 autem
1319 3149 1359 3202 si
1392 3147 1756 3202 contradicen-

176 3248 297 3300 tium
331 3244 649 3313 conspirans
681 3243 958 3296 multitudo
984 3244 1258 3303 consistat,
1303 3256 1404 3294 nou
1438 3241 1635 3294 timebit
1662 3257 1754 3294 eor

175 3355 368 3401 meum,
415 3345 473 3389 ut
517 3335 566 3388 in
599 3349 783 3387 eorum
815 3343 991 3402 partes
1035 3333 1395 3399 transfugiant.
1431 3331 1492 3385 Si
1529 3332 1754 3400 insui-gat

175 3430 220 3480 in
257 3445 335 3480 me
365 3426 574 3490 bellum,
602 3425 655 3476 in
697 3427 790 3476 hac
825 3440 914 3493 ego
947 3423 1155 3492 sperabo
1185 3437 1203 3474 :
1232 3422 1275 3474 si
1319 3432 1565 3490 exsurgat
1591 3422 1640 3473 io
1669 3436 1754 3475 me

178 3517 472 3586 persecutio
501 3516 663 3586 hujus
686 3514 889 3578 szeculi,
923 3514 972 3567 in
1006 3512 1123 3578 hac,
1155 3528 1314 3582 quam
1343 3514 1514 3582 cogito
1546 3514 1754 3582 petitio-

178 3623 315 3672 netu,
351 3608 506 3676 ﬁgam
539 3621 688 3674 spem
722 3619 915 3658 meam.

242 3702 296 3754 ι.
328 3699 482 3772 [vers.
511 3696 592 3770 4.]
634 3697 798 3751 Unam
825 3696 944 3766 petii
971 3711 1003 3747 a
1038 3693 1270 3757 Domino,
1309 3695 1436 3748 hanc
1464 3695 1710 3765 requiram
1732 3711 1752 3750 :

178 3809 328 3846 unam
371 3791 512 3846 enim
549 3790 856 3862 petitionem
891 3788 1014 3858 petii
1060 3803 1088 3841 a
1138 3787 1382 3849 Domino,
1416 3786 1549 3842 hanc
1578 3790 1753 3857 requi-

175 3901 301 3938 ram.
341 3885 408 3939 Ut
453 3879 724 3936 inhabilem
767 3882 820 3934 in
857 3881 1005 3934 domo
1050 3879 1255 3932 Domini
1283 3896 1452 3933 omnes
1481 3879 1587 3934 dies
1631 3882 1750 3934 vita:

176 3994 297 4030 mea:
318 3993 337 4030 :
363 3987 416 4029 ut
444 3974 696 4045 quamdiu
725 3973 778 4027 in
805 3974 902 4027 bac
921 3972 1028 4026 vita
1056 3986 1194 4037 sum,
1226 3971 1382 4024 nulla:
1407 3971 1750 4026 adversitates

176 4083 256 4120 me
281 4067 566 4121 excludant
595 4065 663 4119 de
706 4079 928 4119 numero
955 4078 1139 4118 eorum
1184 4065 1271 4133 qui
1301 4062 1552 4115 unitatem
1580 4070 1634 4114 et
1663 4078 1752 4116 ve-

175 4159 379 4212 ritatem
412 4157 694 4210 dominica:
738 4155 857 4210 ﬁdei
892 4170 987 4224 per
1027 4153 1210 4208 orbem
1257 4163 1513 4206 terrarum
1545 4161 1748 4209 tenent.

177 4250 242 4302 Ut
270 4248 583 4318 contempler
610 4247 986 4300 delectationem
1019 4244 1220 4301 Domini
1249 4258 1267 4297 :
1295 4259 1360 4298 eo
1387 4243 1492 4298 line
1528 4244 1746 4312 scilicet,

178 4352 233 4392 ut
259 4342 312 4392 in
343 4339 446 4392 title
468 4337 831 4408 perseveranti
860 4341 1109 4404 appareat
1134 4335 1262 4387 mihi
1289 4333 1495 4402 species
1518 4333 1748 4389 delecta-

172 4433 312 4497 bilis,
345 4447 504 4501 quam
534 4429 670 4484 facie
708 4429 771 4483 ad
802 4428 982 4489 faciem
1027 4426 1374 4494 contempler.
1409 4425 1473 4479 Et
1519 4418 1750 4496 protegar

169 4526 411 4594 templum
458 4524 567 4593 ejus
595 4538 613 4575 :
643 4529 699 4576 et
738 4521 982 4588 absorpta
1026 4527 1197 4571 morte
1240 4519 1290 4569 in
1321 4517 1612 4581 victoriam,
1646 4517 1748 4570 im-

169 4616 492 4670 mortalitate
517 4611 724 4677 induar,
758 4611 978 4666 ell'ectus
1006 4611 1255 4678 templum
1277 4608 1412 4676 ejus.

240 4708 291 4761 5.
328 4705 477 4778 [vers.
523 4704 602 4776 5.]
636 4703 886 4769 Quoniam
929 4701 1188 4756 abscondit
1233 4718 1312 4753 me
1337 4702 1387 4754 in
1430 4699 1748 4756 tabernaculo

165 4815 259 4852 suo
279 4800 334 4851 in
366 4799 450 4851 die
488 4797 739 4849 malorum
783 4811 1005 4848 meorum
1039 4809 1058 4848 :
1083 4795 1328 4862 quoniam
1357 4793 1633 4846 abscondit
1663 4810 1748 4848 me

168 4891 222 4943 in
264 4887 665 4957 dispensatione
697 4885 950 4940 incarnati
987 4884 1140 4940 Verbi
1173 4885 1252 4938 sui
1279 4885 1332 4937 in
1367 4895 1604 4954 tempore
1631 4894 1746 4940 ten-
1798 4910 1805 4918 -

165 4981 448 5041 talionum,
479 4977 670 5048 quibus
692 4977 928 5030 mortalis
951 4975 1051 5028 vita
1084 4990 1200 5031 mea
1231 4975 1490 5044 subjacet.
1517 4973 1746 5029 Protexi!

159 5089 244 5128 ate
287 5072 342 5124 in
369 5069 662 5122 abscondito
692 5067 1000 5120 tabernaculi
1037 5067 1119 5120 sui
1147 5084 1166 5120 :
1197 5068 1420 5136 protexit
1445 5077 1551 5132 me,
1583 5067 1746 5123 corde

158 5163 472 5218 credentem
502 5159 567 5213 ad
595 5159 846 5228 justitiam
873 5156 1046 5227 (Rom.
1073 5173 1129 5222 χ,
1165 5155 1274 5229 10).

229 5258 286 5309 6.
313 5251 462 5325 [vers.
488 5251 567 5325 6.]
596 5251 659 5305 In
685 5260 822 5317 petra
848 5249 1081 5302 exultavit
1101 5265 1178 5302 me
1200 5265 1218 5302 :
1245 5258 1300 5304 et
1327 5257 1382 5302 ut
1408 5248 1740 5303 manifestum

157 5359 326 5402 etiam
360 5345 512 5400 ﬁeret
537 5344 603 5398 ad
633 5343 857 5397 salutem
878 5381 893 5404 ,
926 5339 1066 5409 quod
1095 5340 1326 5404 credidi,
1373 5341 1422 5393 in
1451 5340 1543 5394 s'ua
1576 5340 1734 5394 lirmi-

157 5449 269 5494 tate
296 5437 320 5469 ³
350 5435 478 5492 iecit
506 5435 739 5490 eminere
762 5429 1147 5487 confessionem
1175 5447 1366 5499 meam,
1393 5429 1457 5484 Et
1479 5446 1610 5484 nunc
1634 5447 1744 5484 erce

219 5659 234 5686 ι
267 5661 334 5701 na
354 5658 464 5701 uss.
494 5655 547 5699 At
566 5648 695 5707 edd,
717 5645 1023 5715 mutastinse.
1077 5705 1086 5715 .

214 5720 239 5748 ι
266 5718 341 5765 sic
364 5721 441 5762 t-‘Lr.
470 5721 520 5763 et
541 5718 646 5760 Mss.
675 5719 728 5760 At
751 5717 881 5768 μοι,
905 5709 1201 5769 inﬁrmitate.

1271 287 1660 343 ENABRATID
1701 288 1762 343 IN
1802 288 2113 345 PSALMUM
2143 289 2333 361 XXVI.
2566 265 2571 271 ’
3329 296 3425 354 tas

1865 405 2101 458 exultavit
2136 415 2286 474 caput
2329 423 2491 460 meum
2520 425 2669 478 super
2695 409 2918 464 inimicos
2947 428 3078 465 meos
3103 429 3120 466 :
3146 412 3268 482 quid
3301 415 3427 468 nubi

1862 506 2036 549 servat
2081 497 2130 549 in
2161 497 2317 550 linem
2344 540 2357 558 ,
2390 499 2599 568 quando
2627 509 2681 554 et
2717 517 2853 557 nunc
2890 518 3007 556 cum
3048 519 3240 572 corpus
3282 521 3428 558 mor-

1876 595 2018 639 tuum
2034 597 2115 640 est
2131 585 2342 656 propter
2357 600 2628 658 peccatum
2659 591 2830 662 (Rom.
2856 610 2968 654 vin,
2990 595 3098 661 10),
3119 597 3288 650 sentio
3304 610 3432 651 ecce

1865 686 2094 732 mentem
2130 694 2301 733 meam
2329 682 2528 736 servire
2570 683 2668 752 legi
2709 684 2838 748 Dei,
2870 701 2967 740 nec
3008 685 3126 740 duci
3165 689 3428 756 captivam

1861 768 1960 821 sub
1987 769 2276 825 rebellante
2295 773 2409 842 lege
2444 775 2639 842 peccati
2676 773 2784 844 (Id.
2808 791 2898 836 vn,
2933 775 3022 840 22,
3056 778 3213 844 etc.)?
3235 777 3429 833 Circui-

1860 865 1936 925 vi,
1968 873 2010 914 et
2033 865 2287 918 immolavi
2306 866 2356 918 in
2383 866 2702 920 tabernaculo
2722 868 2828 933 eius
2850 869 3061 922 hostiam
3073 870 3390 941 jubilationis
3407 889 3427 926 :

1860 953 2186 1008 consideravi
2217 956 2401 1011 orbem
2441 959 2742 1012 credentem
2777 959 2827 1012 iu
2856 959 3160 1024 Christum;
3201 971 3254 1015 et
3281 963 3332 1017 in
3364 979 3428 1018 eo

1860 1044 1998 1110 quod
2051 1061 2146 1114 pro
2193 1047 2342 1100 nobis
2391 1042 2747 1118 temporali'ter
2787 1049 2924 1103 Deus
2969 1038 3272 1106 humiliatus
3313 1065 3427 1119 est,
3481 1103 3502 1124 ,

1858 1136 2091 1208 gaudens
2136 1137 2337 1191 laudavi
2380 1154 2547 1204 eum,:
2601 1141 2686 1193 tali
2719 1142 2858 1194 enim
2903 1142 3070 1196 hostia
3114 1143 3425 1199 delectatur.

1859 1226 2079 1280 Cantabo
2109 1238 2155 1280 et
2191 1229 2404 1298 psallam
2433 1229 2649 1284 Domino
2673 1247 2692 1282 :
2717 1231 2876 1286 corde
2902 1242 3058 1302 atque
3097 1250 3257 1304 opere
3287 1237 3423 1290 larta-

1859 1319 1957 1372 bor
1983 1320 2032 1372 in
2062 1321 2301 1374 Dmuino.

1931 1411 1979 1463 7.
2014 1409 2160 1481 [vers.
2194 1411 2268 1485 7.]
2311 1413 2538 1477 Exaudi,
2588 1415 2833 1481 Domine,
2880 1433 3046 1472 vocem
3094 1436 3287 1484 meam,
3332 1436 3428 1489 qua

1858 1502 2070 1555 clamavi
2105 1505 2172 1555 ad
2207 1514 2253 1557 te
2277 1521 2295 1557 :
2322 1506 2540 1570 exaudi,
2575 1507 2825 1572 Domine,
2863 1525 3043 1564 voci-m
3087 1512 3422 1577 interiorem,

1857 1609 2012 1663 quam
2048 1596 2097 1648 in
2130 1611 2286 1650 aures
2314 1607 2434 1653 tuas
2471 1599 2588 1653 forti
2633 1601 2922 1656 intentione
2959 1603 3148 1658 direxi.
3193 1605 3420 1660 Miserere

1859 1685 1986 1750 mei,
2027 1697 2074 1737 et
2117 1688 2299 1741 exaudi
2346 1706 2424 1742 me
2452 1705 2470 1742 :
2517 1691 2770 1748 miserere
2816 1695 2953 1755 mei,
3000 1703 3053 1748 et
3103 1697 3290 1749 exaudi
3342 1713 3427 1750 me

1858 1790 1908 1826 tn
1935 1790 2015 1829 οη.

1929 1866 1983 1922 8.
2013 1866 2160 1939 [vers.
2193 1870 2270 1942 8.]
2310 1871 2423 1924 Tibi
2461 1873 2588 1926 dixit
2628 1890 2714 1927 cor
2749 1891 2957 1928 meum:
2991 1876 3209 1942 Qutz'sivi
3239 1876 3426 1930 vultum

1857 1968 2017 2012 tuum.
2048 1961 2161 2014 Non
2193 1963 2331 2015 enim
2362 1963 2661 2018 hominibus
2685 1980 2771 2020 me
2801 1966 3094 2030 ostentari;
3127 1967 3219 2019 sed
3257 1968 3306 2020 in
3337 1969 3426 2022 Se-

1857 2061 2004 2106 creto
2029 2053 2114 2107 ubi
2141 2055 2285 2108 solus
2313 2056 2497 2122 audis,
2543 2057 2633 2110 tibi
2662 2057 2794 2112 dixit
2823 2074 2916 2113 cor
2945 2075 3118 2114 meum
3153 2079 3166 2114 :
3198 2061 3426 2127 Quaesivi

1858 2156 1961 2194 non
1987 2151 2090 2197 ate
2110 2143 2322 2212 aliquod
2351 2155 2497 2200 extra
2523 2156 2571 2201 te
2595 2147 2888 2215 pra-mium,
2919 2150 3010 2203 sed
3036 2151 3230 2203 vultum
3255 2161 3425 2206 tuum.

1871 2231 2069 2286 Vultum
2103 2244 2273 2297 tuum,
2324 2235 2565 2298 Domine,
2607 2239 2897 2306 requiram:
2941 2238 3062 2292 huic
3106 2240 3426 2310 inquisitioni

1859 2337 2262 2394 perseveranter
2300 2329 2538 2393 instabo;
2588 2346 2693 2382 non
2733 2331 2872 2384 enim
2918 2331 3021 2385 vile
3063 2331 3290 2398 aliquid,
3334 2333 3426 2385 sed

1859 2419 2058 2472 vultum
2091 2429 2234 2473 tuum
2255 2462 2270 2485 ,
2315 2421 2565 2486 Domine,
2610 2423 2876 2490 requiram
2898 2464 2913 2489 ,
2946 2433 3001 2478 ut
3024 2425 3189 2494 gratis
3215 2435 3264 2481 te
3303 2427 3429 2480 dili-

1856 2525 1994 2580 gam,
2027 2511 2147 2579 quia
2178 2512 2465 2578 pretiosius
2491 2513 2687 2582 aliquid
2716 2529 2818 2567 non
2848 2515 3077 2570 invenio.

1928 2603 1979 2656 9.
2013 2601 2162 2672 [vers.
2195 2602 2274 2675 9.]
2302 2603 2384 2656 Ne
2403 2617 2600 2658 avertas
2647 2607 2835 2659 vultum
2865 2617 3002 2661 tuum
3029 2628 3060 2661 a
3086 2627 3171 2662 me
3201 2627 3221 2664 :
3247 2620 3304 2663 ut
3352 2612 3431 2665 in-

1857 2695 2062 2746 veniam
2091 2696 2231 2765 quod
2269 2712 2471 2765 qua-ro.
2516 2698 2599 2751 Ne
2625 2701 2841 2752 declines
2881 2702 2930 2754 in
2961 2703 3038 2754 ira
3073 2721 3104 2754 a
3129 2720 3269 2757 servo
3298 2715 3384 2757 tuo
3411 2722 3430 2758 :

1859 2801 1924 2838 ne
1956 2795 2005 2840 te
2031 2802 2310 2855 qumrcns,
2357 2789 2406 2840 in
2451 2789 2588 2842 aliud
2637 2791 2918 2844 incurram.
2965 2793 3100 2861 Quid
3146 2796 3287 2849 enim
3332 2797 3430 2852 hac

1857 2890 2012 2943 penna
2055 2879 2268 2946 gravius
2305 2881 2500 2932 annuiti
2545 2888 2600 2934 et
2635 2884 2889 2949 qua-renti
2935 2886 3208 2940 veritatem
3252 2888 3428 2940 vultus

1860 2968 1973 3020 tui?
2000 2968 2217 3039 Adjutor
2243 2986 2379 3023 meus
2407 2981 2510 3024 esto
2532 2988 2552 3025 :
2580 2973 2790 3040 quando
2827 2973 2961 3028 hanc
3003 2975 3296 3042 inveniam,
3329 2981 3427 3034 nisi

1861 3070 1914 3111 tu
1941 3059 2192 3128 adjuvcs?
2225 3059 2307 3115 Ne
2336 3063 2651 3132 derelinquas
2689 3081 2798 3130 me,
2839 3083 2994 3135 neque
3030 3069 3278 3137 despicias
3315 3089 3426 3136 me,

1857 3152 1997 3202 Dens
2025 3151 2262 3204 salutaris
2291 3168 2468 3205 meus:
2497 3170 2666 3223 neque
2695 3165 3003 3211 Contemnes
3023 3159 3163 3226 qtiod
3192 3161 3428 3216 mortalis

1858 3252 2112 3296 :eternum
2152 3242 2310 3296 audet
2349 3243 2642 3314 inquirere;
2678 3254 2731 3298 tu
2771 3246 2911 3301 enim
2954 3247 3091 3303 Deus
3118 3265 3276 3304 sanas
3315 3253 3428 3322 pla-

1857 3348 1974 3402 gam
2007 3334 2202 3402 peccati
2233 3335 2354 3388 mei.

1930 3425 2016 3479 10.
2050 3423 2198 3496 [vers.
2232 3424 2344 3498 10.]
2379 3425 2628 3492 Quoniam
2663 3439 2804 3498 pater
2853 3447 2992 3484 meus
3029 3441 3076 3485 et
3120 3441 3277 3486 mater
3318 3449 3428 3486 mea

1857 3513 2225 3584 dereliquerunt
2267 3532 2382 3570 me:
2407 3518 2654 3586 quoniam
2699 3535 2917 3587 regnum
2960 3523 3138 3576 smeuli
3177 3523 3334 3591 hujus
3373 3531 3429 3579 et

1855 3605 2039 3657 civitas
2065 3605 2242 3658 smeuli
2277 3604 2450 3676 hujus,
2482 3623 2545 3661 ex
2586 3609 2776 3678 quibus
2806 3612 3166 3680 temporaliter
3190 3622 3246 3666 et
3281 3629 3424 3668 mor-

1857 3695 2033 3749 taliter
2062 3707 2219 3750 natus
2247 3712 2361 3750 sum
2383 3738 2399 3763 ,
2431 3697 2824 3767 dereliquerunt
2855 3716 2937 3753 me
2975 3712 3298 3769 qtnereutem
3338 3712 3388 3757 te
3407 3745 3423 3767 ,

1856 3795 1910 3839 et
1959 3787 2340 3855 despicientem
2389 3803 2504 3857 qua:
2556 3789 2960 3857 promittebant,
3008 3805 3126 3843 cum
3183 3790 3233 3844 id
3285 3793 3424 3862 quod

1855 3894 2037 3948 quiem
2063 3879 2189 3932 dare
2231 3894 2335 3932 non
2377 3889 2610 3948 possent.
2658 3879 2904 3931 Dominus
2949 3890 3116 3934 autem
3155 3884 3425 3950 assumpsit

1854 3985 1932 4022 me
1955 3984 1973 4021 :
2007 3969 2256 4022 Dominus
2279 3979 2489 4034 autem,
2527 3971 2615 4039 qui
2655 3979 2826 4038 potest
2869 3971 2981 4038 ipse
3007 3970 3136 4027 dare
3174 3973 3301 4026 mihi
3327 3988 3421 4039 se,

1852 4060 2138 4128 assumpsit
2166 4074 2268 4112 me.

1926 4153 2012 4205 Η.
2041 4151 2192 4224 [vers.
2226 4150 2336 4224 1L]
2368 4150 2547 4222 Legem
2601 4152 2724 4206 mihi
2775 4153 3051 4218 constitue,
3084 4152 3324 4215 Domine.
3370 4156 3424 4208 in

1853 4243 1932 4296 via
1961 4253 2087 4298 tua:
2115 4242 2179 4296 ad
2212 4251 2262 4297 te
2302 4243 2458 4313 igitur
2497 4243 2760 4309 tendenti,
2800 4252 2854 4298 et
2896 4254 3092 4298 tantam
3135 4247 3422 4314 professio-

1854 4351 1974 4389 nem
2001 4335 2337 4404 perveniendi
2366 4333 2430 4388 ad
2467 4335 2776 4402 Sapientiam
2807 4349 2835 4386 a
2870 4334 3057 4389 timore
3086 4335 3349 4390 iucboanti
3379 4336 3420 4400 ί,

1853 4428 2021 4498 legem
2049 4427 2177 4480 mihi
2227 4428 2516 4492 constitue,
2545 4428 2761 4482 Domine
2780 4467 2796 4493 ,
2830 4428 2880 4481 in
2913 4429 2992 4482 via
3021 4437 3105 4482 tua
3127 4469 3141 4491 ,
3174 4443 3239 4482 ne
3263 4427 3421 4482 aber-

1852 4528 2054 4574 rantcm
2083 4519 2358 4588 disciplina
2392 4530 2476 4574 tua
2513 4519 2744 4574 deserat.
2776 4519 2839 4572 Et
2867 4520 3026 4590 dirige
3051 4535 3129 4572 me
3155 4519 3207 4571 in
3246 4519 3422 4571 semita

1851 4620 1986 4664 recta
2024 4618 2227 4678 prapter
2254 4610 2479 4663 inimicos
2505 4627 2640 4664 meos
2663 4625 2682 4663 :
2707 4619 2759 4663 et
2791 4608 2956 4680 dirige
2995 4625 3079 4663 me
3125 4610 3173 4662 in
3206 4609 3424 4662 rectitu-

1852 4702 1974 4755 dine
2003 4702 2362 4771 angustiarum
2406 4701 2555 4771 ejus;
2589 4717 2691 4773 uon
2722 4701 2862 4754 enim
2901 4700 3150 4770 inchoare
3185 4700 3381 4754 sufﬁcit
3402 4740 3420 4763 ,

1851 4807 1970 4847 cum
2003 4793 2230 4856 inimici,
2264 4791 2433 4848 donec
2462 4791 2820 4860 perveniatur,
2850 4806 2952 4842 non
2983 4790 3274 4858 quiescant.

1922 4884 2009 4939 1‘2.
2036 4882 2184 4956 [vers.
2218 4882 2328 4955 12.]
2362 4883 2442 4937 Ne
2468 4881 2735 4936 tradideris
2764 4897 2842 4934 me
2869 4882 2920 4934 in
2955 4882 3149 4936 animos
3166 4882 3422 4950 tribulan-

1851 4977 1975 5030 tium
2001 4993 2077 5029 me
2107 4993 2125 5028 :
2152 4991 2220 5030 ne
2265 4976 2406 5030 siuas
2450 4974 2762 5027 tribulantes
2807 4987 2890 5025 me
2934 4973 3114 5027 satiari
3159 4973 3226 5028 de
3263 4975 3420 5028 malis

1851 5068 2001 5122 meis.
2037 5067 2283 5130 Quoniam
2320 5067 2698 5117 insurrexerunt
2725 5063 2847 5115 mihi
2886 5072 3029 5118 testes
3055 5063 3212 5134 iniqui
3237 5080 3255 5117 :
3280 5080 3416 5133 quo-

1851 5159 1988 5212 niam
2021 5158 2420 5210 insurrexeruut
2465 5154 2514 5207 in
2560 5169 2644 5207 me
2672 5152 2799 5207 falsa
2830 5152 2896 5208 de
2940 5168 3026 5208 me
3067 5152 3322 5216 dicentes,
3353 5153 3417 5206 ad

1849 5248 2196 5304 amovendum
2225 5257 2277 5301 et
2307 5245 2655 5300 revocandum
2687 5259 2773 5299 me
2795 5245 2888 5299 abs
2916 5251 2987 5311 te,
3019 5245 3166 5313 quasi
3196 5244 3416 5313 gloriam

1847 5341 1914 5393 ab
1957 5337 2253 5392 hominibus
2283 5350 2536 5406 qua-ram.
2582 5333 2651 5388 Et
2691 5335 2896 5388 mentita
2934 5343 3005 5388 est
3041 5334 3275 5404 iniquitas
3303 5333 3416 5387 sibi.

1909 5583 1924 5612 ¹
1951 5578 2063 5648 ωα-
2090 5587 2141 5648 ρι
2157 5575 2378 5648 Plerique
2549 5584 2592 5627 ει
2617 5577 2682 5647 ad.
2699 5582 2883 5648 laetam
2895 5574 3418 5648 putarimus?!“

1846 5640 2012 5697 m'enti.
2034 5641 2100 5689 ad
2120 5633 2398 5698 sdpientiam
2422 5653 2451 5688 a
2475 5633 2642 5689 timore
2665 5633 2922 5688 inchoanti.
2946 5633 3035 5686 Nos
3048 5639 3186 5697 juxta
3206 5633 3418 5684 Colbert.

1847 5711 1950 5763 διδ..
1995 5710 2039 5753 e1
2063 5708 2240 5751 lautam
2264 5701 2597 5766 professionem
2620 5699 2938 5764 perveniendi,
2969 5707 3064 5747 etc.
