3988 6188
490 292 592 349 196

485 408 668 472 Itaque
695 391 1243 469 iniquitasmendacio
1268 405 1365 445 suo
1402 391 1659 447 delectata
1684 399 1785 446 est.
1818 388 1945 444 Nam
1976 405 2061 444 me

490 509 597 547 non
620 490 803 554 movit,
832 487 916 543 cui
952 500 1017 545 ex
1045 482 1146 539 hoc
1185 482 1443 554 promissa
1469 491 1550 536 est
1579 494 1784 535 merces
1813 484 1983 549 major
2009 480 2061 534 in

489 583 661 639 omlis.

560 673 644 726 15.
674 668 823 742 [νεα.
869 663 981 739 15.]
1008 663 1167 720 Credo
1215 663 1381 717 videre
1418 662 1547 717 bona
1571 659 1799 728 Domini,
1836 660 1890 713 in
1930 670 2063 713 terra

486 763 746 817 viventium
778 774 797 814 :
824 767 879 813 et
904 756 1152 828 quoniam
1177 754 1292 809 base
1319 754 1464 823 prior
1491 767 1676 822 passus
1696 761 1777 806 est
1806 750 2061 805 Dominus

487 869 669 916 meus;
718 852 761 904 si
803 864 900 921 ego
941 862 1152 918 quoque
1201 846 1402 916 linguas
1447 843 1783 899 morientium
1826 843 1843 873 ¹
1874 851 2060 896 eonte-

486 959 662 997 mnatn
698 940 791 1007 (Os
816 939 956 994 cuitu
982 937 1120 1008 quod
1150 937 1399 990 mentitur
1426 934 1617 989 occidit
1646 933 1874 987 animam
1904 930 2059 1004 [Sap.

492 1053 525 1092 ι.
560 1034 692 1106 11]),
723 1032 869 1086 credo
912 1031 1076 1084 videre
1108 1031 1235 1083 bona
1266 1028 1469 1083 Domini
1497 1028 1549 1082 in
1594 1037 1727 1080 terra
1755 1025 2019 1080 viventium
2039 1068 2057 1092 ,

464 1099 573 1181 .ubi
606 1099 779 1180 nullus
802 1134 885 1180 est
922 1122 1135 1177 falsitati
1165 1121 1333 1176 locus.

560 1219 645 1270 M.
695 1214 843 1288 [νοτε.
879 1212 991 1286 14-]
1029 1212 1232 1267 Sustine
1269 1209 1565 1273 Dominum,
1598 1207 1805 1261 viriliter
1842 1223 1940 1279 age
1970 1222 1990 1259 :
2017 1212 2064 1259 et

486 1312 789 1378 roufortetur
812 1322 897 1359 cor
912 1314 1073 1369 tuum,
1104 1312 1149 1356 et
1174 1303 1363 1356 sustine
1391 1299 1685 1369 Dominum.
1715 1298 1823 1353 Sed
1853 1297 2064 1368 quando

489 1400 625 1454 istud
652 1400 788 1453 erit?
815 1397 1050 1451 Arduum
1082 1406 1165 1450 est
1208 1393 1440 1459 mortali,
1475 1392 1681 1447 tardum
1712 1400 1793 1446 est
1816 1390 2013 1445 amanti
2047 1406 2060 1442 :

486 1492 581 1546 sed
606 1492 726 1544 audi
753 1507 854 1543 non
883 1489 1116 1543 fallacem
1142 1502 1325 1541 vocem
1350 1486 1577 1540 dicentis
1605 1502 1619 1538 :
1654 1484 1859 1541 Sustine
1890 1482 2064 1538 Domi-

488 1600 629 1638 num.
661 1583 849 1637 Tolcra
893 1566 1150 1636 ustionem
1199 1594 1385 1633 renum
1431 1577 1674 1640 viriliter,
1720 1585 1774 1631 ct
1805 1576 2064 1629 ustionem

488 1675 666 1729 i-ordis
698 1675 899 1729 fortiter
929 1693 942 1727 :
973 1688 1077 1727 non
1127 1672 1219 1725 tibi
1250 1679 1495 1741 negatum
1542 1678 1714 1739 putes,
1744 1668 1884 1738 quod
1927 1682 2063 1722 non-

488 1767 612 1819 dum
641 1766 856 1835 accipis.
901 1764 977 1818 Ne
1005 1762 1372 1833 desperatione
1401 1760 1639 1826 deﬁcias,
1672 1760 1790 1815 vide
1832 1760 1951 1830 quia
1980 1759 2065 1813 di-

487 1869 627 1908 etum
658 1865 738 1910 cst
766 1873 779 1908 :
813 1854 1019 1910 Sustine
1048 1852 1336 1906 Dominum.

1009 1980 1401 2037 ENARRATIO
1438 1979 1500 2035 ll.

991 2129 1160 2170 SERIO
1197 2130 1264 2168 AD
1302 2128 1524 2169 PLEBEI.

563 2255 612 2308 1.
640 2251 894 2306 Dominus
914 2251 1053 2305 Deus
1074 2260 1256 2309 noster
1277 2250 1550 2319 alloquens
1569 2258 1625 2303 et
1641 2248 1925 2303 consolans
1944 2262 2064 2314 nos,

501 2342 739 2411 profecto
764 2355 898 2409 quos
940 2341 1154 2410 respicit
1190 2356 1254 2394 ex
1281 2340 1423 2409 justo
1448 2338 1652 2408 judicio
1678 2352 1775 2393 suo
1804 2338 1855 2392 in
1873 2337 2069 2393 sudore

494 2435 671 2488 vultus
691 2433 853 2488 nostri
884 2447 1072 2502 panem
1101 2432 1419 2485 manducare
1444 2429 1596 2502 (Gen.
1625 2446 1703 2495 ut,
1739 2429 1849 2500 19),
1881 2445 1945 2484 ex
1974 2445 2069 2484 uo-

496 2526 579 2578 bis
613 2524 767 2579 nobis
795 2523 937 2594 loqui
958 2522 1225 2594 dignatur,
1255 2531 1313 2575 ut
1338 2520 1582 2575 ostendat
1615 2521 1734 2589 quia
1765 2535 1869 2574 non
1896 2520 2066 2575 solum

488 2626 571 2671 cst
618 2616 861 2672 conditor
911 2624 1110 2680 noster,
1162 2613 1255 2669 sed
1303 2623 1360 2668 et
1403 2613 1687 2667 habitator.
1736 2612 1908 2668 Voces
1952 2613 2066 2667 ista:

490 2706 703 2771 Psalmi,
752 2720 883 2776 quas
907 2705 1225 2770 audivimus,
1253 2713 1309 2759 et
1352 2719 1420 2758 ex
1451 2712 1600 2773 parte
1644 2704 1992 2764 cantavimus.
2019 2704 2066 2758 si

490 2798 728 2852 dicamus
756 2797 897 2867 quod
942 2805 1136 2851 nostra:
1181 2798 1311 2862 sint,
1360 2795 1650 2851 verendum
1679 2806 1763 2852 est
1806 2796 2065 2867 quemad-

489 2890 701 2943 modum
754 2905 936 2943 verum
983 2888 1221 2943 dicamus
1266 2905 1281 2941 :
1327 2897 1448 2942 sunt
1499 2887 1642 2942 enim
1693 2904 1849 2944 voces
1897 2889 2065 2958 magis

487 2980 713 3048 Spiritus
742 2979 831 3032 Dei
854 2995 1013 3048 quam
1033 2987 1248 3031 nostrze.
1274 2977 1501 3031 Rursum
1523 2978 1566 3031 si
1597 2979 1835 3033 dicamus
1856 2989 2065 3033 nostras

490 3084 594 3122 non
619 3084 758 3133 esse,
804 3067 1038 3136 profecto
1066 3068 1371 3123 mentimur.
1417 3066 1531 3121 Non
1564 3068 1706 3123 enim
1732 3078 1814 3122 est
1841 3070 2066 3138 gemitus

458 3161 590 3221 ,nisi
619 3160 967 3214 laborantium
991 3177 1005 3212 :
1027 3167 1118 3212 aut
1139 3150 1313 3213 omnis
1336 3158 1435 3211 ista
1463 3172 1584 3221 vox,
1608 3173 1726 3228 quas
1754 3158 1841 3213 hic
1866 3160 2062 3224 sonuit,

490 3251 643 3321 plena
691 3248 893 3303 doloris
936 3258 991 3302 et
1035 3247 1409 3319 lacrymarum,
1458 3252 1641 3317 potest
1659 3263 1778 3303 esse
1821 3249 1936 3317 ejus
1974 3250 2064 3319 qui

493 3356 758 3411 nunquam
803 3348 976 3409 potest
1018 3353 1137 3394 esse
1178 3339 1357 3393 miser.
1407 3338 1664 3393 Dominus
1706 3354 1833 3409 ergo
1860 3339 2066 3395 miseri-

444 3466 445 3471 η
490 3450 631 3499 cors,
675 3447 773 3487 nos
801 3432 980 3486 miseri
1010 3449 1025 3484 :
1058 3430 1362 3485 misericors
1392 3431 1531 3500 loqui
1561 3429 1805 3499 dignatus
1836 3432 2064 3497 miseris,

490 3526 734 3594 dignatur
755 3523 913 3577 etiam
934 3521 1007 3575 uti
1030 3521 1081 3574 in
1105 3520 1232 3589 ipsis
1255 3534 1386 3575 voce
1408 3521 1742 3575 miserorum.
1773 3521 1843 3574 Ita
1861 3532 2067 3575 utrum-

489 3630 591 3684 que
634 3628 817 3668 verum
858 3621 959 3678 est,
999 3621 1054 3666 et
1082 3620 1315 3677 nostram
1341 3625 1461 3666 esse
1505 3626 1713 3675 vocem,
1754 3621 1808 3667 et
1836 3622 2066 3665 nostram

490 3723 597 3760 non
625 3721 783 3769 esse;
823 3715 877 3759 et
902 3703 1129 3771 Spiritus
1160 3701 1249 3755 Dei
1293 3716 1412 3756 esse
1442 3716 1651 3764 vocem,
1680 3710 1735 3756 et
1765 3702 1931 3771 ipsius
1958 3717 2062 3755 non

489 3812 626 3852 esse.
653 3796 881 3865 Spiritus
923 3795 1016 3849 Dei
1059 3808 1163 3847 vox
1205 3800 1308 3858 est,
1339 3792 1462 3862 quia
1493 3793 1591 3846 ista
1637 3792 1736 3847 nisi
1781 3792 1874 3846 illo
1902 3792 2067 3861 inspi-

493 3897 642 3941 rante
670 3902 773 3941 non
800 3886 1100 3940 diceremus
1128 3900 1141 3936 :
1169 3883 1335 3952 ipsius
1358 3894 1535 3938 autem
1566 3898 1670 3937 non
1699 3891 1805 3944 est,
1833 3883 1955 3953 quia
1978 3883 2066 3937 ille

493 3994 589 4032 nec
613 3979 773 4031 miser
793 3987 891 4036 est.
923 3991 1021 4031 nec
1053 3977 1274 4030 laborat.
1307 3974 1425 4029 Istae
1450 3982 1624 4029 autem
1656 3991 1813 4029 voces
1840 3975 2068 4030 misero-

490 4085 607 4123 rum
640 4077 695 4122 et
740 4068 1088 4122 laborantium
1114 4075 1259 4121 sunt.
1291 4066 1492 4120 Rursus
1537 4076 1733 4120 nostra:
1775 4075 1919 4132 sunt,
1947 4067 2067 4135 quia

493 4172 647 4213 voces
675 4166 802 4211 sunt
841 4157 1133 4212 indicantes
1178 4157 1446 4210 miseriam
1475 4166 1755 4210 nostram:
1786 4157 1913 4210 item
1960 4170 2066 4209 non

490 4260 614 4305 Mtul.
653 4258 880 4314 postne,
911 4247 1033 4316 quia
1062 4261 1127 4301 ex
1172 4246 1313 4301 dono
1353 4246 1469 4315 ejus
1513 4246 1597 4301 vel
1640 4261 1856 4316 gemere
1885 4260 2065 4301 mere-

493 4358 628 4397 lulil‘.

558 4436 613 4490 9.
663 4433 812 4508 [vers.
863 4430 937 4505 1.]
988 4430 1225 4485 Psalmus
1268 4431 1432 4486 David
1474 4434 1768 4502 priusquam
1808 4430 2063 4486 'Iiniretur.

493 4532 602 4584 lloc
627 4529 787 4584 habet
808 4527 987 4581 titulus
1014 4524 1205 4578 Psalmi
1230 4526 1248 4555 '
1279 4541 1292 4577 :
1323 4522 1559 4579 Psalmus
1578 4524 1747 4578 David
1772 4524 2064 4595 priusquam

491 4622 738 4685 (iniretur,
770 4620 871 4675 hoc
899 4626 1000 4683 est,
1053 4615 1357 4685 priusquam
1404 4625 1705 4683 ungerclur.
1754 4613 1957 4670 chtus
1985 4623 2069 4669 est

490 4715 633 4767 enim
662 4713 748 4767 ille
777 4721 834 4765 ut
862 4709 1029 4780 rox,(l
1063 4707 1184 4779 Reg.
1216 4723 1325 4771 xw,
1360 4708 1471 4775 15).
1504 4707 1568 4760 Ει
1592 4707 1738 4760 solus
1767 4706 1786 4737 ³
1818 4716 1941 4761 tunc
1969 4722 2069 4759 un-

491 4804 709 4871 gubatur
751 4818 866 4866 rex,
916 4811 971 4855 et
1018 4798 1311 4854 sacerdos:
1344 4797 1470 4863 dua:
1516 4797 1629 4852 isne
1693 4795 1785 4850 illo
1831 4807 2071 4865 tempore

494 4905 661 4950 uncta:
701 4907 957 4964 personte.
1000 4892 1057 4946 ln
1098 4892 1302 4946 duabus
1346 4891 1588 4961 personis
1633 4889 2067 4959 praeﬁgurabatur

555 5120 568 5149 ι
597 5115 748 5165 Fditio
768 5121 898 5170 Lov.,
923 5112 991 5163 sic
1013 5126 1099 5175 eoo
1120 5125 1304 5175 quoque
1324 5126 1341 5163 :
1365 5111 1764 5175 dissentientibus
1784 5110 1982 5175 ueteris
2004 5108 2067 5158 li-

490 5177 608 5228 lris.
643 5183 699 5225 Et
717 5189 825 5225 mox
857 5186 966 5223 cum
999 5171 1210 5226 editione
1227 5171 1321 5237 λετ.
1338 5175 1574 5237 habebat,
1614 5171 1801 5236 linguas
1838 5171 2066 5237 mentien-

497 5242 626 5292 tium.
650 5237 742 5287 sed
778 5237 943 5297 verius
970 5243 1097 5293 Mssa
1130 5235 1446 5297 morientium.
1483 5232 1577 5297 qua
1600 5232 1719 5284 voce
1743 5246 1833 5297 per.
1854 5232 2064 5297 antithe-

486 5304 580 5360 uim
620 5299 678 5348 ad
714 5295 1122 5360 idvetuium,_usus
1159 5295 1309 5360 fuisse
1349 5294 1638 5360 Augustinus
1672 5294 1956 5360 intelligitur
2001 5305 2066 5341 ex

492 5359 587 5412 illis
610 5362 775 5411 verbis
799 5372 811 5407 :
837 5367 900 5408 Os
923 5358 1049 5406 mim
1070 5357 1197 5420 quod
1219 5355 1443 5420 mentttur
1463 5355 1639 5420 occidit
1660 5355 1887 5406 annnam.

562 5425 582 5454 ί
609 5428 659 5471 to
706 5421 817 5471 Edd.
862 5417 1216 5483 deerant'hmc
1254 5419 1429 5483 verba,
1470 5417 1542 5467 uel
1582 5428 2065 5483 gemeremeremur.

496 5484 713 5538 Paulinus
753 5479 906 5532 Darii!
950 5480 1228 5539 priusquam
1266 5477 1515 5527 ‘liniretur.
1570 5475 1668 5527 itoc
1714 5477 1849 5526 habet
1907 5475 2068 5527 titulus

492 5545 672 5600 Psalmi
701 5559 717 5595 :
741 5556 850 5607 quze
875 5541 1097 5607 undecim
1115 5541 1522 5607 Mss._auctoritate
1543 5542 1881 5607 restituuntur.

510 5597 519 5609 ⁷
544 5597 579 5642 7‘
603 5609 674 5657 sic
692 5597 834 5655 Vatic.
859 5603 1011 5654 codex
1027 5636 1042 5661 ,
1073 5609 1123 5650 et
1157 5604 1371 5662 quinque
1393 5599 1550 5648 Gallic.
1583 5607 1688 5647 uss.
1714 5599 1825 5648 Edd.
1851 5610 1970 5645 vero
1994 5597 2067 5646 fe-

499 5670 698 5719 rebant:
732 5673 906 5717 metus
921 5672 987 5715 est
1013 5661 1239 5714 enimille
1272 5661 1321 5712 ut
1360 5674 1450 5712 rex
1472 5668 1517 5711 et
1550 5662 1789 5711 sacerdos.
1823 5667 1945 5709 Tunc
1982 5674 2068 5710 un-

498 5732 709 5799 gebatur,
729 5738 824 5781 etc.

1674 279 1730 335 S.
1770 277 2133 335 AUGUSTINI
2174 279 2473 341 EPISCOPI

3633 291 3749 345 200

2168 398 2373 453 futurus
2404 416 2535 455 unus
2562 382 2672 456 rex
2701 411 2754 458 et
2782 402 3050 469 sacerdos,
3081 411 3305 474 utroque
3345 411 3564 457 muliere
3604 420 3751 456 unus

2164 490 2425 557 Christus,
2454 500 2509 548 et
2540 494 2658 550 ideo
2687 494 2930 549 Christus
2971 510 3006 550 a
3045 493 3347 549 chrismate.
3398 494 3511 550 Non
3556 495 3738 549 solum

2162 589 2337 634 autem
2367 591 2523 653 caput
2549 593 2787 639 nostrum
2815 594 3026 639 unctum
3056 593 3160 650 est,
3206 584 3297 639 sed
3330 594 3385 638 et
3404 598 3596 655 corpus
3624 584 3749 655 ejus

2166 686 2261 723 nos
2287 671 2340 739 ip
2370 671 2405 725 i.
2437 670 2549 726 Rex
2577 681 2751 728 autem
2778 684 2879 741 est,
2910 674 3031 744 quia
3075 690 3172 728 nos
3199 676 3332 744 regit
3356 684 3409 731 et
3434 674 3621 742 ducit;
3652 691 3746 730 sa-

2138 760 2496 832 ‘cerdos,quia
2541 778 2635 833 pro
2675 764 2827 819 nobis
2872 765 3168 848 interpellat
3201 764 3390 836 (Rom.
3414 765 3726 836 vttt,34).E

2165 850 2380 927 quidem
2436 855 2588 909 solus
2656 855 2745 910 ille
2793 858 3041 911 sacerdos
3097 858 3214 912 talis
3271 858 3474 923 extitit,
3534 868 3590 912 ιιι
3630 862 3752 928 ipse

2163 952 2305 997 esset
2346 945 2505 999 etiam
2537 946 2872 1002 sacriﬁcium.
2917 947 3245 1002 Sacriﬁcium
3274 931 3465 1004 obtulit
3503 949 3611 1004 Deo
3636 965 3752 1003 non

2162 1035 2305 1090 aliud
2343 1052 2501 1107 quam
2532 1038 2783 1108 seipsum.
2829 1039 2944 1094 Non
2987 1041 3128 1094 enim
3161 1043 3425 1096 inveniret
3469 1052 3659 1112 prmter
3685 1058 3753 1099 se

2166 1127 2563 1183 mundissimam
2608 1132 2918 1187 rationalem
2966 1133 3251 1198 victimam,
3300 1145 3549 1205 tanquam
3574 1122 3750 1206 agnis.

2166 1218 2531 1274 immaculatus
2575 1221 2690 1276 fuso
2735 1225 2991 1293 sanguine
3020 1240 3116 1279 suo
3159 1227 3425 1282 redimens
3464 1246 3580 1293 nos,
3606 1245 3752 1286 ωηο

2164 1324 2452 1379 corporans
2476 1326 2572 1365 nos
2597 1312 2717 1379 sibi,
2750 1313 2947 1371 faciens
2974 1330 3068 1370 nos
3093 1317 3327 1372 membra
3350 1334 3467 1383 sua,
3491 1329 3547 1374 ut
3566 1321 3617 1374 in
3645 1322 3747 1378 illo

2164 1409 2221 1454 et
2260 1415 2357 1455 nos
2385 1400 2624 1457 Christus
2663 1418 2924 1461 essemus.
2955 1406 3079 1462 ideo
3108 1407 3173 1462 ad
3199 1423 3385 1463 omnes
3414 1409 3754 1469 Christianos

2168 1489 2397 1557 pertinet
2438 1492 2614 1548 unctio
2647 1511 2661 1548 :
2694 1495 2958 1563 prioribus
2986 1505 3159 1552 autem
3194 1498 3393 1554 Veteris
3419 1498 3752 1555 Testamenti

2166 1582 2493 1650 temporibus
2536 1583 2600 1639 ad
2642 1584 2773 1641 duas
2799 1587 2939 1641 solas
2984 1604 3237 1656 personas
3266 1591 3582 1659 pertinebat.
3619 1584 3756 1649 little

2165 1680 2343 1728 autem
2381 1684 2599 1744 apparet
2636 1674 2831 1732 Christi
2859 1692 3051 1748 corpus
3097 1695 3191 1734 nos
3219 1695 3358 1747 esse,
3389 1682 3510 1750 quia
3553 1698 3753 1738 omnes

2166 1762 2410 1832 ungimur
2439 1780 2451 1816 :
2480 1772 2532 1817 et
2556 1778 2739 1820 omnes
2777 1765 2830 1820 in
2876 1766 2967 1819 illo
2995 1776 3049 1822 et
3072 1767 3266 1823 Christi
3294 1780 3348 1825 et
3373 1771 3614 1827 Christus
3652 1788 3755 1826 su-

2167 1865 2306 1916 mus,
2334 1855 2454 1923 quia
2484 1855 2874 1922 quodammodo
2905 1865 3044 1912 totus
3084 1858 3327 1915 Christus
3357 1870 3514 1929 caput
3541 1873 3597 1916 et
3621 1877 3755 1917 eor-

2166 1957 2265 2012 pus
2292 1952 2391 1997 est.
2420 1943 2609 1999 Unctio
2654 1946 2752 2009 ista
2785 1947 3018 2016 perﬁciet
3063 1964 3158 2004 nos
3182 1951 3528 2020 spiritualiler
3555 1954 3607 2006 in
3654 1954 3755 2008 illa

2164 2032 2294 2097 vita,
2323 2049 2439 2103 quae
2463 2034 2611 2088 nobis
2639 2037 2977 2111 promittitur.
3007 2036 3102 2093 Est
3127 2049 3301 2094 autem
3329 2039 3444 2096 haec
3474 2057 3573 2095 vox
3601 2042 3757 2099 desi-

2166 2123 2398 2178 derantis
2447 2125 2589 2178 illam
2640 2126 2834 2192 vitam;
2863 2136 2945 2182 est
2983 2143 3083 2183 vox
3124 2130 3365 2200 qumdam
3396 2132 3757 2189 desiderantis

2167 2215 2386 2283 gratiam
2428 2216 2543 2280 Dei,
2590 2232 2706 2286 qum
2735 2218 2786 2272 in
2832 2219 2985 2273 nobis
3031 2221 3084 2274 in
3117 2220 3219 2275 ﬁne
3250 2222 3551 2291 perﬁcietur
3580 2241 3599 2279 ι
3623 2225 3755 2278 idco

2166 2305 2364 2359 dictum
2393 2315 2494 2372 est,
2531 2305 2831 2378 Priusquam
2856 2310 3100 2364 liniretur.
3133 2309 3388 2382 Ungimttr
3414 2314 3555 2368 enim
3585 2316 3755 2369 modo

2169 2399 2220 2449 in
2250 2408 2602 2462 sacramento,
2624 2408 2678 2453 et
2706 2411 3039 2455 sitcramento
3067 2402 3180 2472 ipso
3204 2407 3565 2475 prmliguratur
3589 2408 3756 2475 quid-

2168 2487 2291 2539 dam
2320 2485 2461 2556 quod
2489 2487 2646 2542 futuri
2674 2506 2876 2545 sumus.
2910 2490 2975 2546 Et
3003 2493 3129 2546 illud
3162 2496 3338 2549 nescio
3359 2497 3483 2567 quid
3515 2497 3754 2553 Futurum

2168 2578 2433 2634 iaeﬁ'abile
2470 2579 2774 2637 desiderare
2799 2582 3074 2651 debemus,
3115 2594 3168 2639 et
3212 2586 3263 2639 in
3293 2599 3621 2643 sacramento
3648 2606 3753 2657 ge»-

2168 2684 2342 2734 mcre,
2374 2677 2431 2723 ut
2471 2668 2525 2726 in
2554 2685 2616 2725 ea
2646 2687 2705 2727 re
2744 2672 3064 2743 gaudeamus
3092 2691 3209 2745 qua:
3238 2688 3571 2734 sacramento
3602 2696 3753 2749 pra:-

2169 2771 2512 2817 monstratur.

2238 2875 2293 2931 3.
2318 2875 2455 2931 Ecce
2481 2877 2603 2947 quid
2633 2877 2763 2934 dicit
2789 2898 2804 2934 :
2830 2879 3077 2935 Dominus
3095 2883 3400 2939 illuminatio
3429 2900 3557 2950 mea,
3586 2895 3631 2939 et
3659 2903 3757 2940 sa-

2167 2967 2348 3023 lutaris
2372 2985 2530 3031 meus,
2552 2986 2697 3040 quem
2716 2971 2894 3026 timebo
2910 2973 2936 3026 ?
2961 2974 3046 3027 illo
3076 2991 3159 3029 me
3187 2975 3468 3041 illuminat,
3496 2977 3759 3034 recedant

2169 3060 2438 3124 tenebras;
2472 3059 2558 3114 ille
2579 3075 2665 3115 me
2684 3061 2871 3126 salvat,
2894 3064 3104 3118 recedat
3129 3065 3439 3133 inﬁrmitas;
3468 3068 3756 3126 ambulans

2168 3150 2220 3204 in
2251 3151 2446 3207 lumine
2475 3151 2677 3220 ﬁrmus,
2707 3169 2861 3223 quem
2901 3156 3135 3211 timebo?
3160 3157 3273 3211 Non
3295 3158 3437 3213 enim
3467 3159 3622 3214 talem
3655 3176 3753 3216 sa-

2169 3241 2328 3295 lutem
2350 3241 2440 3297 dat
2466 3243 2623 3311 Deus,
2652 3261 2768 3314 quae
2796 3246 2862 3300 ab
2887 3247 3063 3316 aliquo
3093 3250 3256 3318 possit
3285 3252 3585 3321 extorqueri
3608 3269 3622 3317 ;
3654 3265 3754 3309 aut

2170 3333 2272 3387 tale
2299 3334 2472 3388 lumen
2490 3342 2591 3398 est,
2609 3335 2751 3405 quod
2772 3336 2839 3390 ab
2867 3338 3041 3406 aliquo
3062 3341 3225 3408 possit
3249 3341 3603 3397 oblenebrari.
3638 3344 3756 3398 Do—

2170 3427 2346 3478 minus
2370 3426 2688 3492 illuminans,
2719 3442 2816 3482 nos
2853 3429 3127 3485 illuminati
3155 3448 3168 3495 ;
3218 3432 3467 3488 Dominus
3497 3434 3711 3489 salvatus
3733 3478 3752 3498 .

2172 3532 2268 3572 nos
2288 3517 2474 3572 salvati
2497 3536 2510 3571 :
2533 3519 2578 3573 si
2603 3534 2731 3589 ergo
2756 3520 2843 3575 ille
2868 3520 3190 3583 illutniuans.
3227 3539 3322 3577 nos
3348 3524 3624 3579 illuminati
3653 3543 3669 3588 ;
3699 3538 3759 3582 et

2172 3610 2259 3663 ille
2287 3609 2517 3674 salvans,
2550 3624 2647 3665 nos
2687 3612 2906 3678 salvati;
2952 3623 3145 3683 praeter
3174 3615 3346 3684 ipsum
3388 3632 3484 3671 nos
3513 3619 3758 3673 tenebras

2171 3711 2224 3755 et
2250 3701 2545 3757 iulirmitas.
2574 3702 2839 3759 [labentes
2872 3716 3047 3759 autem
3070 3710 3122 3760 in
3151 3706 3265 3776 ipso
3291 3721 3437 3776 spem
3465 3721 3668 3763 certam
3698 3722 3759 3766 et

2174 3794 2329 3847 ﬁxam
2356 3803 2409 3847 et
2439 3808 2643 3860 veram,
2673 3810 2827 3864 quem
2858 3795 3202 3851 timebimus?
3246 3798 3499 3854 Dominus
3543 3800 3756 3855 illumi-

2172 3884 2314 3938 natio
2339 3891 2448 3949 tua,
2481 3884 2731 3939 Dominus
2773 3887 3019 3941 salutaris
3069 3897 3208 3943 tuus.
3255 3889 3432 3944 Inveni
3479 3894 3753 3961 potentio-

2173 3986 2304 4045 rom,
2328 3986 2383 4033 et
2406 3978 2549 4033 time.
2580 3978 2659 4033 Ad
2684 3981 3102 4049 potentissimum
3128 3984 3385 4047 omnium,
3409 3984 3472 4037 ad
3502 3986 3758 4055 omnipo-

2173 4078 2391 4137 tentem,
2422 4071 2500 4126 sic
2539 4072 2800 4142 pertineo,
2846 4082 2900 4128 ut
2935 4082 2991 4129 et
3027 4074 3287 4131 illuminct
3332 4092 3437 4141 me,
3482 4087 3536 4130 et
3577 4079 3759 4134 salvet

2172 4178 2277 4229 me,
2319 4178 2419 4218 nec
2447 4164 2607 4219 timeo
2644 4165 2868 4235 aliquem
2899 4176 3090 4234 praeter
3130 4168 3320 4237 ipsum.
3356 4167 3600 4223 Dominus
3626 4187 3757 4239 pro-

2173 4261 2325 4309 tector
2352 4254 2465 4308 vitat
2492 4270 2635 4321 uteie,
2662 4271 2692 4308 α
2718 4272 2817 4333 quo
2845 4257 3102 4328 trepidabo
3121 4259 3147 4312 Ρ

2242 4366 2295 4421 4.
2329 4364 2472 4439 [vers
2506 4366 2585 4440 2.]
2610 4366 2748 4421 Damt
2776 4373 3182 4440 appmpinquant
3207 4388 3358 4441 super
3384 4390 3462 4427 me
3490 4387 3753 4438 nocentes.

2171 4464 2223 4508 ut
2249 4456 2397 4509 edant
2422 4473 2597 4511 carnes
2623 4475 2756 4512 meas
2784 4476 2802 4512 :
2824 4461 2908 4530 qui
2930 4460 3168 4516 tribulam
3188 4479 3268 4516 me
3290 4464 3480 4518 inimici
3506 4467 3622 4531 mei,
3649 4468 3759 4536 ipsi

2171 4545 2411 4615 inﬁrmati
2449 4557 2584 4612 sunt,
2629 4557 2675 4600 et
2702 4550 3006 4603 ceciderunt.
3040 4550 3216 4622 itaque
3251 4554 3494 4623 egoquid
3522 4555 3752 4622 timebo,

2172 4646 2264 4692 aut
2286 4653 2441 4707 quem
2469 4639 2703 4693 timebo?
2729 4655 2827 4709 ego
2854 4656 3011 4709 quem
3031 4643 3322 4711 trepidabo,
3368 4655 3459 4699 aut
3482 4646 3607 4714 quid
3639 4659 3759 4703 tre-

2175 4728 2404 4797 pidabo?
2427 4728 2529 4794 Qui
2563 4745 2647 4783 me
2678 4743 3079 4799 persequuntur,
3129 4734 3226 4802 ipsi
3268 4734 3616 4800 inﬁrtnautur,
3646 4740 3755 4806 imi

2172 4820 2381 4873 cadunt.
2416 4819 2587 4887 Quare
2615 4829 2788 4874 autem
2832 4826 3255 4893 persequuntur?
3289 4825 3353 4879 Ut
3394 4827 3542 4880 edant
3569 4844 3763 4885 carnes

2172 4925 2327 4963 meas.
2359 4910 2487 4978 Quae
2516 4920 2637 4964 sunt
2659 4926 2847 4965 carnes
2875 4914 3048 4967 meo?
3073 4915 3323 4971 Carnalcs
3363 4917 3582 4974 allectus
3618 4924 3760 4978 mei.

2174 4999 2403 5054 S:eviant
2444 5003 2825 5072 persequendo,
2855 5004 2985 5058 nihil
3016 5008 3068 5060 in
3097 5023 3181 5061 me
3218 5011 3443 5065 moritur
3470 5012 3569 5065 nisi
3601 5029 3764 5069 mor-

2176 5092 2299 5147 tale.
2330 5092 2442 5146 Erit
2466 5092 2517 5146 in
2546 5109 2630 5148 me
2645 5094 2856 5165 aliquid,
2885 5112 2990 5166 quo
3017 5110 3322 5166 persecutor
3351 5106 3761 5170 pervcnirenou

2176 5185 2361 5254 possit,
2402 5184 2488 5238 ubi
2536 5185 2777 5240 habitat‘
2808 5188 2945 5243 Deus
2989 5205 3156 5245 meus.
3201 5193 3512 5249 Mandueent
3559 5211 3766 5255 carnes

2176 5289 2322 5327 meas
2355 5291 2367 5326 :
2402 5274 2558 5329 ﬁnitis
2586 5276 2833 5332 cat-nibus
2861 5280 3075 5349 spiritus
3108 5297 3218 5343 ero,
3249 5294 3303 5339 et
3328 5286 3644 5354 spiritualis.
3691 5291 3763 5346 Et

2176 5367 2385 5434 quidem
2404 5376 2600 5421 tantam
2625 5369 2845 5425 salutem
2873 5372 2997 5426 mihi
3012 5368 3280 5443 promittit
3301 5378 3555 5433 Dominus
3575 5396 3762 5445 meus.

2178 5459 2413 5514 utetiam
2460 5459 2616 5515 modo
2644 5461 2741 5515 iSta
2783 5475 2908 5518 caro
2935 5466 3194 5536 mortalis,
3235 5483 3353 5538 qua;
3381 5471 3593 5526 videtur
3635 5487 3765 5539 per.

2241 5721 2257 5751 ¹
2295 5722 2469 5781 Regius
2491 5728 2539 5769 et
2563 5723 2703 5770 νεαρ.
2731 5728 2856 5783 λῐεεη
2878 5719 3146 5777 ihltabtlat.
