3988 6188
259 294 354 346 SOI

253 401 391 458 mitti
418 406 432 435 '
463 406 708 462 manibus
752 413 1194 481 persequentium,
1228 427 1330 468 non
1376 425 1555 484 pereat
1584 417 1635 470 in
1677 426 1830 472 teter-

251 513 418 560 num;
448 499 541 553 sed
572 500 714 570 quod
755 501 1170 560 demonstratum
1199 515 1277 560 est
1307 506 1358 558 in
1402 509 1572 576 capite
1597 523 1716 564 meo
1744 525 1828 565 re-
1881 525 1888 536 '

246 599 528 658 surgente,
561 592 663 646 hoc
700 594 873 649 omnia
901 595 1133 650 membra
1179 607 1411 665 sperent.
1454 598 1619 666 Quem
1653 601 1832 655 timeat

246 681 428 754 anima
452 688 590 743 mea,
622 700 777 753 quam
823 684 1076 740 inhabitat
1101 685 1279 741 Deus?
1309 687 1473 754 Quem
1507 689 1686 743 timeat
1707 705 1830 743 caro

249 752 392 837 mea,
425 787 548 827 cum
574 775 914 855 corruptibile
957 776 1058 831 hoc
1085 777 1312 831 induerit
1342 778 1830 848 incorruptionem?

251 863 427 918 Vultis
453 879 611 920 nosse
634 867 754 936 quia
783 883 967 923 carnes
997 869 1069 928 illi
1099 869 1435 933 manducant,
1459 873 1546 940 qui
1576 887 1670 926 nos
1707 888 1826 941 per-

245 962 563 1024 sequuntur.
597 971 694 1010 nec
736 957 832 1026 ipsi
876 967 1048 1012 autem
1076 960 1221 1013 carni
1265 969 1460 1015 nostrae
1489 962 1826 1016 metuendum

246 1047 381 1100 est?
411 1045 706 1102 Seminatur
742 1065 922 1121 corpus
969 1051 1203 1118 animale,
1254 1061 1422 1123 surget
1461 1069 1641 1123 corpus
1677 1055 1830 1124 spiri-

247 1138 386 1192 tuale
410 1137 454 1210 (Ι
474 1136 592 1194 Cor.
624 1155 717 1206 xv,
745 1138 854 1211 44).
885 1140 1086 1208 Quanta
1115 1152 1286 1197 autem
1313 1142 1498 1197 ﬁducia
1526 1144 1681 1198 debet
1706 1159 1826 1200 esse

245 1228 300 1280 in
330 1243 398 1282 eo
425 1229 516 1297 qui
555 1230 706 1284 novit
747 1229 927 1287 dicere
956 1226 982 1284 τ’
1001 1230 1247 1285 Dominus
1291 1233 1589 1288 illuminatio
1619 1251 1747 1297 mea,
1779 1244 1826 1288 et

245 1320 487 1375 salutaris
514 1337 674 1387 meus,
713 1339 857 1390 quem
899 1323 1117 1378 timebo?
1154 1323 1402 1378 Dominus
1441 1335 1687 1394 protector
1714 1327 1828 1380 vita:

246 1427 392 1476 mea,
424 1428 457 1465 α
478 1428 577 1482 quo
597 1413 897 1484 trepidabo?
935 1415 1231 1486 Protegitur
1256 1418 1543 1486 imperator
1569 1421 1784 1472 scutatis
1808 1461 1822 1482 ,

247 1510 304 1556 et
349 1517 458 1556 non
503 1502 691 1568 timet;
743 1507 1033 1574 protegitur
1061 1521 1088 1558 a
1123 1507 1430 1560 mortalibus
1473 1506 1738 1572 mortalis,
1773 1518 1826 1562 et

247 1606 469 1648 securus
493 1601 578 1649 est
605 1611 618 1648 :
651 1596 944 1665 protegitur
969 1597 1206 1652 mortalis
1235 1597 1301 1652 ab
1332 1598 1637 1662 immortali,
1682 1611 1733 1654 et
1761 1601 1824 1653 ti-

251 1685 416 1742 mebit
449 1695 505 1740 et
533 1687 854 1755 trepidabit?

313 1776 374 1858 β.
415 1771 566 1848 [ποτε.
598 1774 676 1848 5.]
706 1776 911 1844 Quanta
940 1788 1116 1833 autem
1162 1778 1347 1833 ﬁducia
1378 1779 1566 1836 debeat
1610 1797 1727 1836 esse
1772 1782 1822 1836 in

252 1879 318 1921 eo
359 1866 450 1937 qui
499 1867 596 1921 ista
626 1866 774 1934 dicit,
805 1868 984 1923 audite
1013 1886 1026 1922 :
1057 1868 1118 1923 Si
1161 1871 1434 1923 consistant
1462 1872 1724 1926 adversum
1748 1890 1825 1926 me

251 1966 434 2022 castra,
463 1974 565 2013 non
587 1959 774 2013 timebit
801 1975 887 2014 cor
913 1978 1094 2014 meum.
1121 1961 1304 2015 Castra
1330 1963 1528 2022 munita
1555 1975 1696 2029 sunt,
1729 1967 1822 2019 sed

249 2047 373 2118 quid
412 2048 669 2102 munitius
701 2049 851 2104 Deo?
884 2050 944 2104 Si
982 2059 1218 2121 exsurgat
1260 2052 1312 2104 in
1338 2067 1416 2106 me
1453 2052 1657 2108 bellum.
1689 2055 1821 2122 Quid

251 2136 376 2191 mihi
401 2135 528 2193 facit
557 2137 789 2192 bellum?
820 2139 999 2194 Potest
1027 2141 1152 2194 mihi
1193 2141 1403 2197 auferre
1431 2158 1578 2212 spem
1611 2160 1779 2198 meam
1803 2146 1825 2198 ?

248 2233 423 2297 potest
451 2229 582 2283 mihi
611 2232 818 2285 auferre
847 2233 985 2301 quod
1015 2233 1104 2287 dat
1130 2232 1518 2304 Omnipotens?
1547 2225 1695 2290 Sicut
1720 2255 1820 2290 non

250 2317 480 2372 vincitur
503 2318 595 2388 qui
616 2318 727 2384 dat,
754 2319 830 2374 sic
860 2337 962 2374 non
988 2321 1225 2376 aufertur
1253 2324 1392 2392 quod
1409 2324 1520 2396 dat.
1549 2325 1603 2379 Si
1627 2325 1823 2381 auferri

249 2408 652 2477 potest'datum,
679 2410 902 2468 vincitur
924 2411 1093 2466 dator.
1126 2413 1262 2483 Ergo
1288 2430 1384 2468 nec
1413 2413 1524 2484 ipsa
1549 2431 1666 2485 qua:
1696 2427 1824 2471 tem-

247 2498 501 2567 poraliter
524 2499 832 2569 accipimus,
863 2501 1072 2556 auferre
1109 2504 1262 2558 nobis
1287 2504 1564 2574 quisquam
1606 2516 1780 2575 potest
1805 2549 1820 2574 ,

246 2589 439 2645 fratres
467 2590 589 2655 mei,
622 2591 721 2646 nisi
751 2593 896 2647 solus
922 2594 1009 2648 ille
1053 2595 1140 2664 qui
1171 2595 1335 2649 dedit.
1368 2595 1669 2664 Spiritualia
1705 2615 1823 2669 qua:

245 2678 431 2747 donat,
464 2695 570 2736 non
600 2682 825 2749 auferet,
857 2683 955 2738 nisi
986 2693 1038 2738 tu
1065 2685 1332 2740 dimiseris
1353 2688 1374 2717 ³
1399 2704 1414 2739 :
1438 2689 1668 2742 carnalia
1698 2704 1823 2742 vero

245 2777 301 2825 et
329 2773 640 2842 temporalia
671 2773 782 2842 ipse
808 2774 1011 2838 aufert;
1041 2775 1162 2845 quia
1199 2784 1254 2831 et
1289 2775 1527 2846 quisquis
1564 2777 1696 2832 alius
1725 2794 1822 2832 au-

249 2861 367 2926 fert,
407 2864 524 2933 ipso
561 2863 790 2920 donante
821 2875 1155 2933 potestatem,
1185 2866 1378 2923 aufert.
1406 2867 1658 2932 Novimus
1683 2867 1816 2935 hoc,

245 2963 298 3009 et
317 2954 544 3024 legimus
573 2953 623 3009 in
646 2955 782 3010 libro
806 2956 925 3022 Job,
953 2958 1072 3028 quia
1097 2974 1195 3015 nec
1219 2960 1305 3016 ille
1328 2961 1416 3031 qui
1443 2961 1648 3016 videtur
1670 2963 1821 3031 quasi

245 3045 528 3099 mximam
557 3045 752 3101 habere
781 3058 1091 3116 potestatein
1114 3051 1178 3103 ad
1209 3062 1414 3120 tempus
1443 3051 1701 3119 diabolus,
1727 3069 1820 3122 po-

245 3141 349 3190 test
383 3134 580 3204 aliquid
621 3135 720 3190 nisi
766 3138 1053 3205 permissus
1082 3137 1200 3210 (Job
1230 3139 1292 3210 ι).
1325 3141 1542 3210 Accepit
1583 3151 1817 3210 potesta-

243 3234 352 3280 tem
380 3225 432 3280 in
462 3225 664 3294 intima,
713 3237 766 3281 et
803 3230 978 3282 amisit
1017 3230 1243 3284 maxima
1270 3241 1324 3286 et
1347 3247 1571 3286 summa.
1618 3233 1685 3287 Et
1713 3251 1816 3288 nou

241 3311 449 3372 eSt'ista
491 3327 728 3386 potestas
769 3319 904 3382 irati,
939 3319 1029 3374 sed
1079 3311 1526 3390 pcena'damnati.
1559 3322 1665 3376 Nec
1702 3323 1818 3392 ipse

241 3423 371 3479 ergo
407 3419 579 3479 potest
609 3410 807 3465 habere
834 3412 1060 3481 aliquam
1105 3421 1436 3482 potestatem,
1470 3414 1568 3467 nisi
1595 3415 1818 3484 permis-

239 3512 353 3553 sus.
387 3499 529 3554 Et'in
573 3501 661 3554 illo
686 3501 820 3555 libro
849 3501 1011 3557 habes
1035 3518 1190 3572 quem
1216 3505 1648 3572 commemoravi,
1682 3514 1736 3560 ct
1763 3506 1812 3559 in

240 3588 529 3662 Evangelio
561 3592 811 3646 Dominus
837 3592 964 3648 dicit
991 3610 1004 3646 :
1041 3593 1154 3646 Hac
1197 3603 1336 3648 nocte
1367 3595 1631 3664 postulavit
1661 3596 1812 3651 Sata-

240 3697 356 3745 nas,
385 3691 438 3734 ut
461 3699 547 3737 vos
570 3684 809 3737 cribraret
837 3683 858 3714 ³
883 3685 1010 3737 sicut
1038 3685 1291 3752 triticum,
1312 3696 1357 3738 et
1383 3702 1472 3756 ego
1513 3687 1700 3758 rogavi’
1723 3704 1813 3755 pro

240 3781 308 3834 te,
336 3770 507 3839 Petra,
531 3789 594 3826 ne
616 3774 816 3842 deﬁciat
841 3776 966 3844 ﬁdes
987 3786 1071 3828 tua
1093 3775 1241 3845 (an.
1275 3793 1409 3843 χχιι,
1440 3779 1549 3846 5|).
1587 3779 1810 3832 Permit-

241 3863 370 3919 titur
389 3875 567 3920 autem
591 3873 684 3920 aut
703 3865 768 3920 ad
795 3882 1003 3937 poenam
1044 3877 1298 3935 nostram,
1326 3879 1415 3922 aut
1449 3870 1513 3922 ad
1544 3870 1812 3939 probatio-

239 3970 384 4011 nem.
416 3956 557 4027 Ergo
584 3957 708 4027 quia
745 3959 896 4013 nobis
926 3973 1082 4014 nemo
1110 3969 1281 4029 potest
1305 3959 1514 4016 auferre
1553 3963 1692 4031 quod
1723 3962 1813 4016 dat

240 4046 399 4113 Deus,
435 4041 540 4104 non
567 4049 844 4104 timeamus
869 4051 970 4105 nisi
1003 4052 1164 4105 Deum
1199 4069 1212 4106 :
1239 4051 1490 4122 quidquid
1529 4054 1670 4106 aliud
1702 4053 1810 4109 fre-

239 4140 451 4205 nuterit,
479 4141 734 4212 quidquid
754 4142 896 4197 aliud
926 4144 1241 4214 superbierit
1282 4144 1535 4202 adversus
1566 4162 1681 4211 nos,
1705 4163 1809 4202 non

238 4231 420 4285 timeat
455 4247 552 4286 eor
590 4244 848 4288 nostrum.

306 4324 361 4379 6.
393 4322 543 4396 [ειη.
575 4323 653 4398 4.]
685 4325 746 4381 Si
783 4337 1017 4398 exsurgat
1060 4329 1112 4380 in
1155 4345 1232 4381 me
1270 4327 1474 4392 bellum,
1520 4331 1572 4383 in
1600 4331 1695 4383 hac
1723 4349 1810 4402 ego

235 4416 466 4484 sperabo.
491 4414 550 4470 In
571 4418 716 4486 qua?
745 4417 930 4484 Unam,
957 4420 1144 4489 inquit,
1174 4421 1292 4490 petii
1318 4437 1349 4473 a
1371 4421 1608 4476 Domino.
1639 4423 1812 4478 Femi-

237 4507 363 4562 nino
384 4512 584 4578 genere
611 4511 892 4580 appellavit
915 4511 1176 4583 quoddam
1200 4512 1535 4578 beneficium,
1564 4523 1808 4585 tanquam

233 4594 456 4663 diceret,
489 4595 657 4653 Unam
701 4600 1028 4669 petitionem.
1063 4601 1130 4655 Et
1173 4602 1438 4671 quomodo
1467 4604 1699 4658 Solemus
1730 4606 1810 4659 lo-

232 4689 668 4758 quentesdicere,
697 4692 841 4746 verbi
867 4693 1052 4761 gratia,
1081 4692 1218 4746 Duas
1240 4691 1435 4758 habes;
1460 4708 1564 4748 non
1586 4693 1811 4750 dicimus

232 4780 477 4846 Duo,hoc
487 4797 635 4838 more
647 4783 889 4853 loquendi
904 4801 994 4840 usa
1013 4783 1368 4854 estScriptura
1386 4803 1398 4838 :
1419 4784 1602 4852 Unam,
1620 4788 1804 4859 inquit,

231 4872 355 4942 petii
373 4890 407 4926 α
433 4871 674 4940 Domino,
723 4874 851 4929 hanc
895 4877 1164 4946 requiram.
1197 4876 1482 4932 Videamus
1511 4878 1634 4948 quid
1683 4883 1810 4948 petit

228 4965 320 5034 qui
367 4964 498 5019 nihil
526 4965 695 5020 timet.
742 4967 921 5037 Magna
950 4968 1205 5023 securitas
1249 4968 1444 5033 eprdis.
1479 4969 1650 5025 Vultis
1679 4973 1808 5028 nihil

228 5058 462 5112 timere?
491 5058 638 5113 lianc
655 5073 815 5114 unam
843 5061 1022 5129 petite,
1049 5076 1206 5130 quam
1239 5069 1394 5116 unam
1419 5061 1651 5132 petitqui
1678 5063 1806 5118 nihil

230 5149 400 5212 timet,
433 5157 526 5203 aut
549 5164 710 5219 quam
739 5151 870 5220 petit
897 5159 953 5204 ut
979 5150 1107 5205 nihil
1139 5151 1364 5206 timeat?
1395 5150 1581 5218 Unam,
1614 5153 1802 5224 inquit,

225 5239 350 5306 petii
373 5255 405 5290 a
431 5238 669 5306 Domino,
703 5241 835 5294 banc
859 5241 1128 5311 requiram.
1175 5241 1286 5295 lloc
1313 5240 1398 5296 hic
1425 5242 1596 5312 agitur
1631 5243 1699 5298 ab
1726 5245 1804 5300 eis

218 5330 316 5399 qui
347 5329 482 5384 bene
506 5331 796 5387 ambulant.
826 5330 962 5400 Quid
993 5341 1072 5386 est
1099 5330 1243 5388 hoc?
1279 5349 1396 5404 quae
1423 5343 1503 5388 est
1535 5334 1620 5390 illa
1661 5337 1806 5391 una?

218 5418 297 5476 Ut
330 5421 602 5476 inhabilem
643 5423 697 5476 in
739 5423 888 5477 domo
925 5421 1132 5477 Domini
1171 5440 1340 5478 omnes
1376 5424 1480 5478 dies
1508 5425 1620 5480 vitta
1661 5443 1802 5482 mete.

253 5611 256 5618 α
292 5571 312 5638 ξ
335 5573 552 5636 Quinque
579 5573 913 5638 Mss.,pcrimi.

271 5633 316 5704 θ’
334 5641 452 5702 Tres
474 5633 607 5696 Mss,
633 5633 796 5687 nisi'tu
827 5636 1112 5688 deserueris.
1137 5638 1219 5688 alii
1255 5639 1379 5702 duo,
1402 5641 1496 5692 nisi
1526 5647 1578 5693 tu
1616 5641 1804 5720 desines

207 5707 542 5816 “765521110:
563 5766 688 5818 use,
706 5766 756 5810 ut
773 5772 850 5810 vos
871 5767 1082 5810 vexaret.
1107 5761 1190 5812 Alii
1212 5762 1402 5827 decem,
1427 5778 1602 5818 vexare
1631 5777 1726 5816 vos.

497 5839 766 5901 PATROL.
801 5839 1088 5901 XXXVI.

1354 303 1745 362 ENARRATIO
1787 306 1849 361 IN
1889 306 2204 370 PSALMUM
2245 315 2425 374 XXVI.

3393 338 3499 394 202

1935 421 2056 480 Haec
2081 435 2162 482 est
2189 443 2292 485 una
2323 446 2334 482 :
2362 431 2550 509 domus
2574 438 2712 498 enim
2741 454 2802 495 ea
2829 440 3021 498 dicitur
3038 443 3136 520 ubi.
3151 460 3360 520 semper
3388 468 3491 507 ma-

1934 514 2190 572 nebimus.
2238 520 2293 574 ln
2341 522 2437 577 ista
2473 516 3136 612 peregrinationedicitur
3163 539 3368 608 domus,
3403 549 3494 600 δυσί

1933 609 2142 676 proprie
2168 610 2559 670 tabernaculum
2587 622 2878 690 appellatur
2911 644 2922 678 :
2955 609 3344 686 tabernaculum
3376 652 3495 703 per-

1930 698 2298 767 egrinantium,
2321 714 2372 759 et
2393 707 2777 776 quodammodo
2796 717 3151 784 militantium,
3174 734 3226 776 et
3247 698 3498 780 adversus

1933 791 2134 845 hostem
2181 797 2519 863 pugnantium
2551 809 2650 854 est.
2695 801 2914 868 Quando
2944 824 3069 878 ergo
3108 814 3495 870 Lahernacnlmu

1929 887 2011 932 est
2052 880 2102 934 in
2154 882 2253 938 hac
2296 887 2422 952 vita,
2455 891 2790 948 manifestum
2817 906 2897 950 est
2938 900 3055 968 quia
3086 913 3168 957 est
3209 916 3260 960 et
3287 905 3496 966 hostis:

1930 987 2049 1025 nam
2080 974 2236 1029 simul
2281 978 2475 1035 habere
2516 983 2865 1052 tabernacula,
2909 989 3009 1045 hoc
3049 1004 3130 1048 est
3157 1011 3274 1052 esse
3314 1010 3495 1055 contuo

1929 1062 2171 1120 bernales
2195 1084 2209 1132 ;
2237 1077 2290 1122 et
2311 1071 2475 1127 nostis
2498 1071 2599 1127 hoc
2619 1089 2811 1130 nomen
2838 1093 2955 1136 esse
2978 1083 3330 1141 militantium.
3353 1090 3494 1159 Ergo

1930 1154 2014 1208 hic
2045 1157 2461 1228 tabernaculum,
2495 1163 2564 1218 ibi
2603 1163 2812 1221 domus.
2842 1168 2944 1224 Sed
2973 1181 3028 1226 et
3055 1173 3151 1228 hoc
3181 1154 3486 1234 tabernacu-

1927 1245 2033 1300 lum
2057 1246 2318 1303 interdum
2341 1266 2432 1320 per
2450 1253 2758 1311 abusionem
2782 1259 3062 1317 vicinitatis
3079 1265 3267 1321 dicitur
3282 1268 3485 1337 domus,

1926 1347 1979 1392 et
2007 1338 2194 1396 domus
2223 1342 2507 1413 aliquando
2535 1349 2821 1406 secundum
2847 1354 3092 1410 eumdem
3124 1359 3337 1416 modum
3365 1363 3495 1417 diei-

1927 1438 2010 1484 tur
2053 1433 2442 1490 tabernaculum
2478 1457 2491 1492 :
2526 1442 2736 1510 proprie
2776 1453 2951 1501 tamen
3000 1449 3084 1502 illa
3129 1451 3345 1521 domus,
3395 1455 3490 1513 hoe

1926 1522 2339 1580 tabernaeulmn.
2864 1597 2868 1601 η

1995 1614 2046 1667 7.
2079 1615 2211 1680 Quid
2255 1629 2427 1674 autem
2471 1625 2638 1678 acturi
2665 1627 2830 1682 simus
2880 1631 2931 1684 in
2979 1632 3066 1687 illa
3106 1634 3285 1705 domo,
3331 1637 3494 1697 habes

1923 1703 2193 1760 evidenter
2212 1710 2535 1777 expressiSse
2560 1715 2721 1770 alium
2748 1719 3003 1787 psalmum
3035 1741 3048 1777 :
3073 1723 3218 1779 Beati
3243 1703 3329 1798 qui
3353 1730 3498 1785 habi-

1924 1804 2029 1848 tant
2055 1797 2107 1850 in
2148 1798 2296 1853 domo
2338 1811 2444 1870 tua,
2471 1805 2523 1858 in
2570 1809 2756 1863 swcula
2797 1813 3098 1869 saeculorum
3134 1797 3407 1875 laudabunt
3451 1833 3498 1878 te

1926 1885 2095 1979 (Psal.
2116 1905 2334 1959 Lxxxtu,
2355 1893 2430 1965 5).
2451 1894 2562 1950 Hac
2591 1898 2709 1964 iste,
2729 1900 2773 1954 si
2791 1901 3070 1960 dicendum
3088 1917 3190 1974 est,
3210 1887 3496 1979 cupiditate

1922 1977 2136 2041 ardens,
2167 1991 2218 2036 et
2243 1997 2424 2040 amore
2451 1987 2554 2042 isto
2579 2000 2829 2059 aestuans,
2877 1994 3141 2054 desiderat
3165 1977 3350 2058 omnes
3374 2003 3491 2060 dies

1925 2069 2042 2123 vita:
2068 2085 2176 2126 suae
2205 2073 2256 2127 in
2282 2074 2442 2131 domo
2472 2079 2674 2135 Domini
2707 2083 2944 2140 habitare
2973 2104 2985 2140 :
3015 2088 3066 2142 in
3095 2089 3254 2145 domo
3285 2093 3490 2148 Domini

1923 2173 2108 2215 omnes
2133 2157 2247 2217 dies
2284 2165 2406 2221 vitae
2436 2184 2567 2236 sum,
2595 2185 2699 2226 non
2730 2177 2875 2244 quasi
2896 2175 3182 2246 ﬁniendos,
3214 2183 3306 2237 sed
3335 2194 3490 2239 {BICP

1923 2265 2039 2304 nos.
2066 2250 2152 2307 Sic
2173 2254 2311 2308 enim
2337 2255 2581 2314 dicuntur
2601 2260 2734 2329 dies,
2759 2267 3022 2334 quomodo
3047 2270 3191 2334 anni,
3216 2271 3283 2326 de
3304 2275 3486 2343 quibus

1922 2339 2119 2416 dictum
2161 2353 2262 2410 est,
2311 2356 2358 2400 et
2406 2350 2529 2402 anni
2567 2352 2642 2404 tui
2689 2369 2788 2407 non
2817 2355 3048 2426 deﬁcient
3075 2358 3242 2430 (Psal.
3270 2339 3349 2430 ct,
3377 2363 3491 2434 28).

1922 2431 2050 2486 Nam
2077 2433 2190 2488 dies
2215 2435 2335 2492 vitae
2357 2447 2568 2494 aeternae
2588 2457 2724 2499 unus
2748 2444 2862 2500 dies
2890 2457 2970 2502 est
2997 2449 3112 2505 sine
3137 2465 3348 2508 occasu.
3383 2431 3494 2511 Hoc

1923 2539 2049 2595 ergo
2077 2525 2208 2581 dixit
2235 2528 2300 2582 ad
2328 2529 2628 2602 Dominum,
2656 2535 2947 2607 Concupivi
2977 2540 2992 2572 ¹
3016 2540 3171 2604 hanc,
3201 2543 3368 2598 Unam
3402 2562 3494 2615 pe-

1925 2617 2001 2707 tii,
2033 2617 2179 2707 Hanc
2219 2623 2504 2692 requiram.
2539 2626 2603 2680 Et
2631 2629 2780 2696 quasi
2822 2630 3119 2687 diceremus
3157 2634 3226 2698 ei,
3257 2635 3326 2689 Et
3366 2638 3491 2707 quid

1923 2704 1991 2759 ibi
2038 2705 2266 2764 facturus
2290 2712 2390 2765 es?
2414 2728 2530 2781 quae
2562 2715 2630 2768 ibi
2669 2715 2953 2774 delectatio
2983 2730 3069 2775 tua
3093 2721 3117 2775 ?
3141 2723 3279 2792 quod
3305 2704 3494 2780 avoca-
3593 2709 3602 2719 ’

1923 2807 2154 2852 mentum
2182 2799 2395 2854 cordis?
2437 2820 2554 2873 qua:
2583 2805 2684 2860 ill-.e
2713 2807 2936 2876 deliciae,
2984 2813 3123 2868 unde
3147 2815 3332 2885 gaudia
3363 2833 3492 2887 sup-
3535 2831 3541 2838 ‘

1923 2890 2143 2956 petent?
2192 2889 2305 2945 Non
2351 2894 2491 2948 enim
2540 2895 2610 2950 ibi
2665 2899 2996 2967 perdurabis,
3046 2904 3147 2959 nisi
3196 2905 3319 2962 felix
3362 2910 3489 2964 eris.

1919 2977 2165 3036 Felicitas
2207 2991 2381 3039 autem
2433 2986 2518 3040 illa
2549 2989 2691 3044 unde
2720 2993 3014 3050 succedet?
3043 2997 3307 3055 Habemus
3350 3003 3491 3058 enim

1921 3072 2005 3158 hic
2034 3073 2311 3131 felicitates
2339 3077 2575 3136 diversas
2593 3083 2805 3151 generis
2827 3084 3058 3152 humani,
3084 3098 3138 3144 et
3167 3092 3327 3148 miser
3345 3096 3492 3164 quis-
3561 3139 3568 3146 .

1917 3155 2021 3233 que
2041 3163 2233 3220 dicitur
2251 3168 2464 3236 quando
2493 3169 2568 3224 illi
2592 3172 2919 3229 subtrahitur
2942 3177 3086 3248 quod
3108 3191 3268 3236 amat.
3298 3155 3494 3240 Amant

1918 3269 2044 3325 ergo
2073 3251 2313 3313 homines
2339 3258 2575 3315 diversas
2601 3278 2725 3328 res;
2755 3272 2808 3319 et
2835 3267 3046 3335 quando
3090 3270 3313 3342 quisque
3346 3275 3488 3343 quod

1916 3355 2058 3399 amat
2085 3345 2280 3404 habere
2305 3350 2531 3418 videtur,
2564 3351 2688 3407 felix
2723 3364 2959 3410 vocatur.
2995 3357 3134 3414 Vere
3158 3370 3332 3416 autem
3362 3363 3488 3422 felix

1917 3443 2017 3502 est,
2052 3452 2153 3491 non
2175 3439 2218 3492 si
2245 3439 2295 3493 id
2324 3439 2514 3496 haheat
2538 3442 2677 3513 quod
2705 3453 2883 3512 amat;
2915 3448 3008 3502 sed
3037 3449 3079 3504 si
3105 3449 3153 3503 id
3184 3461 3324 3507 amet
3345 3455 3488 3522 quod

1915 3527 2195 3582 amandum
2224 3538 2324 3585 est.
2355 3531 2502 3587 Multi
2531 3535 2670 3588 enim
2696 3536 2874 3591 miseri
2897 3538 3062 3609 magis
3085 3539 3326 3597 habendo
3347 3544 3488 3613 quod

1915 3627 2112 3682 amant,
2143 3635 2299 3689 quam
2329 3622 2559 3678 carendo
2590 3641 2605 3680 :
2631 3626 2858 3680 amando
2882 3629 3024 3682 enim
3054 3645 3138 3684 res
3169 3631 3354 3686 noxias
3386 3634 3485 3686 mi«

1913 3711 2040 3775 seri,
2073 3709 2316 3766 habendo
2361 3724 2485 3767 sunt
2527 3715 2852 3772 miseriores.
2897 3719 2963 3771 Et
3005 3719 3260 3789 propitius
3305 3722 3442 3776 Deus
3470 3763 3485 3787 ,

1913 3817 2030 3856 cum
2083 3803 2220 3858 male
2265 3818 2531 3870 amamus,
2588 3817 2744 3876 negat
2799 3809 2939 3879 quod
2981 3825 3220 3866 amamus
3267 3829 3280 3865 :
3323 3812 3489 3870 iratus

1912 3901 2086 3947 autem
2116 3893 2206 3947 dat
2231 3894 2425 3947 amanti
2465 3895 2604 3964 quod
2631 3897 2767 3950 male
2806 3908 2966 3952 amat.
3016 3899 3189 3955 llabcs
3215 3903 3488 3958 evidenter

1913 3981 2172 4037 dicentem
2214 3982 2522 4051 Apostolum
2551 4002 2564 4038 :
2590 3983 2822 4040 Tradidit
2868 3987 2983 4042 illos
3030 3989 3162 4046 Deus
3203 3993 3256 4046 in
3296 4010 3486 4048 concu-

1914 4075 2202 4145 piscentiam
2222 4076 2385 4129 cordis
2405 4093 2574 4130 eorum
2603 4077 2774 4148 (Rom.
2809 4095 2843 4141 I,
2871 4079 2984 4152 24).
3016 4082 3170 4137 Dedit
3189 4099 3315 4154 ergo
3342 4087 3481 4154 quorl

1836 4203 1849 4216 .
1912 4166 2179 4232 amabant,
2214 4166 2314 4223 sed
2369 4167 2689 4223 damnando.
2742 4171 2918 4226 Habes
2950 4189 3154 4227 rursum
3203 4185 3482 4246 negantem

1912 4255 2130 4325 petitum
2162 4274 2174 4309 :
2208 4255 2426 4327 Propter
2447 4258 2582 4327 quod
2602 4270 2674 4312 ter
2699 4260 2965 4315 Dominum
2995 4266 3186 4334 rogavi,
3213 4267 3398 4335 inquit,
3424 4279 3480 4321 ut

1911 4351 2129 4417 auferret
2155 4364 2266 4401 eum
2293 4366 2323 4401 a
2351 4365 2428 4402 me
2457 4350 2749 4420 (stimulum
2779 4352 3022 4409 videlicet
3040 4356 3254 4426 carnis),
3278 4367 3325 4410 et
3354 4359 3483 4414 dixit

1911 4439 2033 4492 mihi
2066 4439 2304 4509 :Su/ﬁcit
2329 4441 2413 4494 tibi
2442 4442 2603 4511 gratia
2632 4459 2783 4507 mea;
2822 4461 2937 4496 nam
2984 4446 3136 4498 virtus
3170 4447 3220 4499 in
3266 4447 3485 4514 infirmi-

1912 4541 2012 4585 tate
2032 4532 2286 4598 perﬁcitur
2325 4532 2392 4600 (ll
2423 4533 2538 4587 (lor.
2573 4550 2674 4599 xu,
2707 4535 2740 4590 8
2765 4545 2810 4588 et
2840 4535 2918 4604 9).
2955 4535 3090 4590 Ecce
3119 4536 3236 4591 illos
3257 4537 3400 4593 dedit
3432 4542 3484 4596 in

1911 4626 2387 4694 concupiscentiam
2415 4627 2589 4680 cordis
2617 4643 2800 4681 eorum
2823 4643 2837 4691 ;
2872 4627 3034 4682 Paulo
3057 4630 3298 4696 apostolo
3325 4648 3487 4703 nega-

1911 4716 1984 4767 vit
2021 4715 2158 4785 quod
2199 4717 2410 4770 oravit:
2444 4717 2545 4770 illis
2590 4716 2737 4771 dedit
2777 4717 2843 4770 ad
2887 4716 3281 4774 damnationem
3314 4763 3330 4786 ,
3364 4721 3487 4778 huic

1912 4808 2118 4876 negavit
2147 4806 2210 4860 ad
2239 4808 2538 4862 sanitatem.
2585 4808 2715 4878 Cum
2757 4816 2932 4861 autem
2962 4806 3012 4861 id
3056 4823 3295 4866 amamus
3339 4812 3481 4882 quod

1912 4899 2020 4951 vult
2049 4899 2182 4952 Deus
2205 4907 2261 4952 ut
2285 4913 2544 4963 amemus,
2573 4898 2754 4968 procul
2775 4897 2935 4953 dubio
2959 4898 3176 4954 daturus
3202 4914 3279 4956 est
3308 4905 3482 4960 nobis.

1909 4988 2034 5043 [Lee
2056 4998 2136 5042 est
2165 4989 2247 5042 illa
2285 5005 2411 5054 una,
2440 5005 2557 5060 qua:
2599 4989 2758 5045 debet
2785 4991 2983 5058 amari,
3014 5003 3069 5047 ut
3106 4993 3402 5052 habitemus
3430 5001 3484 5053 in

1898 5078 2069 5138 .domo
2103 5079 2310 5133 Domini
2341 5094 2436 5150 per
2457 5095 2642 5135 omnes
2667 5079 2781 5135 dies
2807 5082 2928 5136 vita":
2957 5095 3172 5139 nostrze.

1978 5193 2031 5247 8.
2073 5193 2138 5247 Et
2166 5193 2287 5262 quia
2321 5193 2370 5247 in
2401 5192 2516 5248 istis
2543 5195 2766 5250 terrenis
2800 5195 3230 5263 habitationibus,
3261 5185 3484 5256 diversis

1906 5283 2109 5338 deliciis
2135 5293 2188 5337 et
2214 5285 2567 5354 voluptatibus
2601 5284 2844 5342 homines
2869 5287 3215 5354 oblectamur,
3245 5301 3295 5345 et
3323 5308 3479 5346 unus-

1907 5374 2128 5444 quisque
2171 5373 2221 5427 in
2264 5390 2327 5429 ea
2358 5377 2468 5430 vult
2503 5376 2661 5431 domo
2694 5377 2963 5446 habitare,
3009 5380 3096 5434 ubi
3148 5397 3250 5435 non
3292 5381 3480 5437 habent

1906 5465 2047 5535 quod
2085 5465 2317 5521 offendat
2356 5468 2610 5535 animum,
2643 5479 2698 5522 et
2741 5470 2932 5525 habeat
2975 5472 3136 5526 multa
3175 5489 3292 5541 qua:
3331 5473 3475 5527 dele-
3556 5481 3572 5502 '

1905 5567 2085 5624 ctent;
2127 5559 2171 5613 si
2211 5569 2389 5615 autem
2439 5562 2816 5617 subtrahantur
2854 5578 2915 5617 ea
2957 5579 3076 5633 qua:
3113 5565 3476 5628 delectabant,

1906 5650 2019 5706 vult
2042 5649 2203 5707 homo
2229 5652 2596 5724 undecumque
2622 5655 2850 5738 migrare
2875 5672 2890 5708 :
2919 5655 3298 5725 interrogemus
3327 5656 3476 5725 quasi

1969 5767 1984 5798 ⁸
2011 5771 2108 5815 Duo
2129 5771 2237 5816 Mss.
2261 5769 2405 5818 vatio.
2421 5776 2484 5818 .et
2507 5776 2641 5831 neg.,
2665 5781 2697 5818 a
2716 5767 2913 5819 Domino
2934 5766 3199 5829 concupiui.

3033 5850 3276 5932 {Sept-1
