3988 6188
395 329 507 387 205

404 440 684 507 curiosius,
713 445 763 492 ct
791 440 929 488 dicat
955 431 1073 491 iste,
1100 421 1221 495 quid
1244 434 1340 476 nos
1367 417 1486 488 ipsi,
1514 411 1636 482 quid
1658 417 1867 463 acturus
1886 396 1985 456 cst'

410 536 461 588 in
485 532 570 586 illa
592 499 769 593 domo,
791 523 889 605 ubi.
904 521 1045 589 cupit
1073 525 1125 571 ct
1149 521 1312 584 Optat,
1332 506 1594 564 desiderat
1612 509 1665 554 et
1685 499 1784 553 hoc
1804 508 1969 549 unum

407 623 536 694 petit
561 637 591 675 a
617 590 860 677 Domino,
878 590 1125 666 ‘habitarc
1153 605 1203 659 in
1230 619 1288 657 ea
1332 614 1514 655 omnes
1550 595 1661 694 dies
1682 590 1811 694 Ivitre
1838 601 1966 694 sum;

407 673 543 779 Quid
566 673 650 763 ibi
691 673 1039 775 ιιείς,”‹ιιι;ιιεο
1078 697 1165 752 te?
1202 691 1325 763 quid
1368 699 1451 744 est
1490 683 1628 779 quod
1664 673 1973 779 desideras?

411 767 547 861 λυόὶ
574 800 697 870 quid
765 797 827 852 Ut
853 767 1155 857 contentpler
1184 781 1555 839 delectationem
1585 770 1807 870 Domini:
1838 767 1974 866 Ecce

411 893 547 964 quod
578 854 717 950 timo,
751 903 872 937 t'ttt'c
911 896 1069 947 quare
1095 876 1214 929 volo
1242 871 1475 925 habitare
1504 867 1554 918 in
1583 863 1741 918 domo
1769 854 1974 912 Domini

412 954 505 1054 per
529 992 713 1034 omnes
738 975 850 1028 dies
874 974 990 1022 vita:
1017 984 1166 1021 mere.
1196 963 1366 1018 liabet
1395 958 1465 1011 ibi
1496 966 1738 1023 magnum
1766 954 1975 1016 specta-

412 1036 610 1133 culum,
636 1064 1034 1122 delectationvm
1063 1056 1225 1127 ipsius
1247 1049 1454 1107 Domini
1478 1039 1838 1110 contemplari.
1860 1036 1978 1090 Vult

416 1164 560 1219 linita
589 1169 741 1214 nocte
765 1171 857 1210 sua
881 1154 1080 1206 hatrcre
1109 1150 1161 1201 in
1191 1146 1305 1198 luce
1336 1141 1517 1211 ipsius.
1550 1136 1696 1189 Tunc
1721 1131 1857 1187 enim
1882 1128 1980 1181 crit

414 1268 570 1312 mane
612 1260 855 1304 nostrum.
884 1252 1036 1298 nocte
1077 1244 1337 1293 transacta
1361 1251 1375 1286 :
1399 1228 1533 1285 unde
1560 1228 1661 1280 alio
1701 1225 1815 1277 loco
1845 1219 1981 1291 psal-

418 1309 537 1400 tnus
562 1342 687 1398 dicit
719 1359 731 1393 :
762 1337 914 1392 Mane
955 1333 1125 1387 astabo
1169 1328 1277 1393 tibi,
1319 1336 1364 1379 et
1406 1317 1770 1387 contemplabor
1798 1309 1979 1383 (Psol.

420 1454 477 1502 γ,
508 1436 586 1507 5).
623 1433 776 1489 Modo
816 1430 934 1483 ideo
964 1442 1066 1480 non
1097 1417 1441 1488 contemplor,
1478 1412 1598 1483 quia
1629 1408 1790 1463 cecidi
1819 1424 1831 1457 :
1861 1414 1984 1507 tunc

420 1495 624 1590 astabo,
647 1534 700 1586 et
720 1518 1133 1589 contemplabor.
1157 1514 1277 1566 "me
1294 1524 1394 1562 vox
1418 1506 1642 1560 humana
1666 1509 1763 1555 est.
1788 1495 1986 1553 Cecidit

424 1600 565 1675 enim
594 1617 775 1681 homo,
804 1623 856 1669 et
883 1628 985 1666 non
1016 1609 1308 1681 mitteretur
1334 1599 1423 1673 qui
1451 1599 1694 1667 erigeret,
1721 1592 1822 1647 nisi
1846 1589 1985 1644 ceci-

422 1714 703 1768 dlSsClllllS.
724 1708 830 1763 Nos
855 1704 1160 1766 cecidimus,
1184 1700 1270 1752 ille
1293 1691 1582 1751 descendit.
1612 1687 1703 1742 Ille
1727 1682 1983 1745 ascendit,

424 1821 521 1859 nos
553 1805 821 1859 levamur:
846 1798 970 1869 quia
997 1807 1154 1850 nemo
1181 1787 1450 1850 ascendit,
1478 1782 1577 1839 nisi
1605 1780 1695 1869 qui
1718 1774 1988 1833 descendit

406 1882 600 1968 '(Joan.
625 1908 700 1959 Ill,
725 1892 831 1959 l5).
850 1860 948 1955 Qui
978 1886 1098 1950 ruit,
1127 1884 1360 1943 levatur;
1384 1876 1470 1947 qui
1496 1860 1787 1934 descendit,
1807 1881 1989 1968 ascen-

425 1948 502 2041 dit
518 1990 555 2039 ί.
574 1986 639 2041 Et
660 1948 763 2038 non
792 1948 910 2037 ideo
925 1979 1287 2048 desperemus,
1309 1970 1428 2042 quia
1452 1967 1541 2022 ille
1566 1966 1709 2021 solus
1733 1956 1987 2015 ascendit.
2008 1948 2019 1971 '

427 2081 586 2135 Levat
612 2078 751 2132 enim
783 2089 899 2136 nos,
925 2070 992 2125 ad
1020 2084 1151 2141 quos
1179 2065 1428 2121 cadentes
1456 2055 1723 2114 descendit
1751 2071 1763 2106 :
1793 2061 1845 2106 et
1881 2058 1991 2105 sta-

429 2171 622 2232 bimus,
666 2175 720 2220 et
760 2159 1263 2231 contemplabimur,
1310 2161 1364 2209 et
1409 2163 1599 2219 magna
1644 2141 1993 2232 delectatione

430 2230 776 2328 perfruemur.
810 2253 943 2307 Ecce
972 2230 1079 2305 dixi
1119 2247 1256 2312 huc,
1282 2252 1337 2299 et
1373 2236 1706 2297 esclamaStis
1733 2230 1994 2288 desiderio

429 2348 700 2415 cujusdam
728 2342 923 2415 speciei
950 2339 1177 2394 nondum
1205 2337 1350 2390 visre.
1380 2329 1610 2388 Excedat
1644 2342 1737 2382 cor
1762 2332 1992 2378 vestrum

429 2414 602 2495 omnia
633 2414 844 2499 usitata,
885 2442 938 2487 et
975 2428 1196 2485 excedat
1233 2424 1457 2479 intentio
1497 2420 1768 2474 universas
1796 2414 1996 2484 cogita-

433 2533 602 2587 tiones
632 2537 837 2584 vestras
866 2525 1132 2579 solemnes
1159 2535 1221 2575 ex
1251 2531 1429 2583 carne,
1458 2513 1674 2569 eductas
1698 2527 1725 2563 a
1757 2505 1998 2563 sensibus

350 2670 363 2681 .
432 2623 627 2689 carnis,
652 2631 703 2675 et
730 2616 1076 2688 imaginantes
1099 2612 1279 2668 nescio
1304 2624 1422 2679 qum
1448 2610 1810 2677 phantasmata
1831 2602 1873 2654 ¹.
1896 2598 1988 2655 Το-

433 2723 541 2767 tum
576 2710 643 2766 ab
680 2710 856 2763 animo
894 2704 1117 2775 rejieite,
1154 2697 1410 2772 quidquid
1448 2695 1736 2753 occurrerit
1773 2702 1997 2764 negate:

438 2800 738 2873 cognoscite
769 2796 1126 2852 infirmitatem
1156 2791 1332 2846 cordis
1360 2787 1542 2854 vestri,
1568 2794 1619 2840 et
1646 2784 1765 2855 quia
1796 2783 1878 2837 vel
1908 2796 2001 2836 oc—
2026 2848 2032 2863 ο

437 2894 605 2949 currit
625 2892 646 2924 ³
669 2890 808 2958 quod
836 2888 1069 2957 cogitare
1097 2882 1341 2953 possetis,
1363 2881 1520 2936 dicite
1549 2896 1562 2933 :
1590 2878 1704 2933 Non
1735 2884 1816 2932 est
1839 2873 2000 2940 illud;

432 3000 539 3039 non
579 2982 721 3038 enim
767 2978 812 3033 si
851 2977 978 3032 illud
1019 2983 1192 3037 esset,
1232 2971 1357 3026 mihi
1399 2973 1506 3040 jam
1550 2969 1886 3023 occurrisset.
1931 2965 2005 3019 ιω

437 3070 801 3128 desiderabitis
825 3065 1088 3138 quoddam
1117 3065 1336 3136 bonum.
1359 3060 1526 3127 Quale
1563 3058 1794 3113 bonum?
1823 3054 2006 3111 Omnis

445 3163 566 3218 boni
598 3161 810 3223 bonum,
838 3157 979 3212 unde
1004 3169 1162 3209 omne
1184 3150 1408 3216 bonum,
1437 3150 1631 3204 bonum
1664 3148 1746 3203 cui
1777 3164 1880 3202 non
1911 3147 1996 3199 ad-

439 3256 582 3310 ditur
598 3252 721 3323 quid
742 3252 809 3304 sit
829 3250 998 3318 ipsum
1020 3247 1238 3301 bonum.
1259 3244 1458 3297 Dicitur
1476 3228 1614 3296 enim
1637 3241 1807 3295 bonus
1829 3239 2005 3303 homo,

438 3354 493 3400 et
520 3345 689 3397 bonus
718 3355 862 3409 ager,
899 3348 952 3392 et
982 3338 1118 3391 bona
1146 3334 1356 3400 domus,
1387 3342 1441 3388 et
1479 3330 1675 3387 bonum
1712 3331 1926 3394 animal,
1958 3340 2013 3385 et

385 3429 391 3437 ’
441 3437 576 3491 bona
617 3434 792 3497 arbor,
829 3441 883 3487 et
924 3430 1117 3484 bonum
1158 3442 1379 3496 corpus,
1407 3434 1462 3481 et
1499 3425 1636 3479 bona
1672 3424 1845 3478 anima
1874 3441 1887 3477 :
1914 3422 2010 3477 ad-

437 3528 677 3601 iunxisti,
707 3526 912 3596 quoties
938 3522 1140 3588 dixisti,
1169 3520 1389 3575 Bonum.
1420 3518 1514 3573 Est
1543 3517 1736 3572 bonum
1766 3512 2006 3585 simplex,

443 3623 615 3694 ipsum
640 3621 833 3675 bonum
858 3630 961 3686 quo
985 3624 1171 3670 cuncta
1200 3622 1323 3667 sunt
1349 3612 1505 3677 bona,
1534 3611 1701 3679 ipsum
1728 3608 1922 3663 bonum
1948 3621 2007 3661 ex

447 3729 553 3786 quo
596 3719 780 3767 cuncta
825 3717 947 3763 sunt
985 3707 1119 3760 booa
1155 3723 1169 3759 :
1200 3704 1309 3774 ipsa
1350 3710 1433 3757 est
1469 3700 1746 3756 delectatio
1771 3697 2011 3764 Domini;

447 3807 583 3860 hanc
609 3800 1097 3872 contemplabimur.
1125 3797 1239 3853 .lam
1270 3795 1463 3860 videte,
1490 3794 1697 3858 fratres,
1727 3793 1768 3847 si
1797 3808 1892 3847 nos
1919 3791 2012 3846 de-

447 3897 646 3951 lectant
668 3894 803 3947 bona
834 3892 931 3945 ista
959 3906 1075 3960 qum.
1101 3887 1430 3958 appellantur
1465 3886 1622 3952 bona,
1652 3884 1696 3939 si
1734 3899 1833 3939 nos
1868 3883 2010 3938 dele-

448 3994 593 4044 ctant
634 3983 769 4038 bona
808 3998 924 4052 quae
964 3976 1069 4035 non
1106 3989 1228 4034 sunt
1259 3995 1354 4049 per
1387 3994 1445 4033 se
1482 3979 1616 4030 bona
1646 3976 1843 4048 (omnia
1877 3976 2015 4030 enim

450 4075 720 4134 mutabilia
749 4089 851 4128 non
881 4081 1005 4127 sunt
1032 4088 1123 4140 per
1157 4087 1214 4126 se
1241 4071 1419 4140 bona),
1438 4071 1607 4139 qualis
1643 4068 1746 4122 erit
1781 4076 2018 4121 contem-

450 4171 612 4243 platio
656 4163 1097 4222 incommutabilis
1136 4162 1289 4226 boni,
1330 4161 1534 4225 aeterni,
1576 4173 1789 4228 semper
1831 4158 2017 4213 eodem

457 4261 616 4318 modo
660 4252 957 4312 manentis?
1001 4250 1433 4320 Quandoquidem
1479 4251 1577 4305 ista
1615 4266 1753 4320 quas
1778 4250 2018 4303 dicuntur

453 4356 612 4416 bona,
641 4349 784 4405 nullo
813 4355 963 4418 pacto
1000 4358 1096 4399 nos
1132 4343 1483 4406 delectarent,
1514 4344 1610 4397 nisi
1640 4354 1817 4400 essent
1846 4344 1980 4398 bona
2003 4387 2015 4404 ,

452 4464 552 4504 nec
584 4446 687 4500 alio
731 4451 881 4512 pacto
923 4445 1102 4494 essent
1142 4436 1299 4501 bona,
1330 4436 1431 4489 nisi
1472 4436 1538 4491 ab
1581 4436 1670 4491 illo
1706 4444 1885 4491 essent
1924 4434 2013 4506 qui

455 4539 763 4609 simpliciter
791 4536 960 4591 bonus
986 4541 1085 4587 est.
1236 4538 1246 4546 ‘
1334 4556 1339 4559 -
1366 4532 1369 4533 ⁷

530 4625 582 4684 9.
626 4628 764 4682 Ecce
800 4639 960 4697 quare
990 4622 1226 4676 habitare
1252 4619 1390 4685 volo,
1424 4618 1611 4689 inquit,
1643 4619 1694 4673 in
1730 4620 1887 4697 domo
1915 4621 2021 4674 Do-

463 4718 589 4774 mini
620 4732 713 4787 per
737 4694 921 4769 omnes
944 4712 1056 4768 dies
1078 4712 1196 4765 vitze
1227 4726 1378 4765 meae.
1405 4710 1518 4763 Dixi
1548 4709 1697 4764 vobis
1726 4694 1889 4780 quare
1917 4729 1928 4764 :
1962 4710 2028 4767 Ut

461 4807 765 4877 eontempler
814 4806 1190 4860 delectationem
1226 4801 1451 4856 Domini.
1489 4800 1557 4856 Ut
1597 4810 1770 4857 autem
1818 4818 2028 4872 semper

463 4897 811 4967 contemplor,
841 4900 895 4951 et
921 4896 1062 4949 nulla
1094 4895 1332 4949 molestia
1373 4907 1457 4947 me
1493 4894 1761 4963 contingat
1796 4904 2031 4947 conteru-

466 4993 721 5065 plantem,
749 4988 893 5043 nulla
921 4989 1185 5058 suggestio
1213 4996 1435 5052 avertat,
1466 4986 1607 5040 nulla
1637 4981 1840 5041 auferat
1866 4986 2031 5041 alicu-

461 5090 549 5160 jus
578 5084 829 5158 potentia,
856 5084 1055 5138 nullum
1088 5083 1356 5138 inimicum
1394 5083 1560 5152 patiar
1587 5082 1638 5135 in
1669 5082 2031 5151 contemplan-

464 5180 556 5245 do,
602 5183 657 5232 et
697 5173 936 5246 perfruar
976 5172 1180 5229 deliciis
1221 5186 1457 5237 securus,
1502 5172 1615 5243 ipso
1661 5172 1887 5227 Domino
1926 5173 2035 5227 Deo

525 5372 544 5407 ι
571 5379 679 5421 {me
698 5369 865 5427 verba,
888 5366 976 5426 oui
994 5362 1116 5422 ruit,
1146 5362 1325 5429 teratur
1344 5377 1361 5425 ;
1383 5362 1467 5429 qui
1495 5365 1738 5417 descendit
1754 5404 1768 5425 ,
1792 5369 2036 5429 ascendit,

394 5443 413 5465 ι
465 5433 640 5485 omissa
669 5431 868 5482 fuerunt
899 5441 929 5478 a
948 5435 1056 5478 Lov.
1077 5427 1373 5475 Eshibentur
1396 5428 1445 5475 in
1486 5431 1661 5478 nostris
1682 5436 1785 5479 Mss.
1828 5439 1880 5480 et
1915 5444 1957 5494 at
1977 5427 2038 5480 ud

462 5503 549 5623 fma
571 5557 642 5606 sic
655 5565 830 5623 omnes
845 5547 1340 5623 prepeatssntttrdd.
1359 5583 1373 5606 .
1396 5547 1555 5619 opinio
1576 5549 1675 5623 visa
1706 5564 1736 5623 :_
1748 5553 1829 5614 qui
1849 5560 1900 5601 et
1923 5566 2039 5615 pau-

465 5619 513 5670 lo
553 5627 641 5669 lost
655 5610 913 5671 habebant,
934 5610 984 5664 'et
997 5611 1279 5674 imaginum
1300 5610 1459 5660 nescio
1478 5623 1570 5673 quo
1590 5610 1935 5673 pltantasnuzte.‘

471 5633 552 5790 et:
574 5681 706 5739 Fdd.,
728 5685 773 5729 et
795 5676 1028 5743 quidquid
1056 5670 1338 5725 occurrerit.
1361 5680 1486 5731 Mss,
1511 5679 1555 5722 et
1578 5674 1691 5737 (mia
1721 5675 1792 5725 vel
1813 5674 2041 5737 occurrit,

471 5754 563 5789 etc.

1614 300 1671 354 S.
1711 283 2071 350 AUGUSTINI
2111 282 2409 339 EPISCOPI

3523 272 3628 329 20$

2074 413 2213 463 meo,
2249 397 2373 467 quid
2419 396 2505 451 fiet
2545 394 2711 450 milii?
2746 394 2992 464 Proteget
3018 407 3123 448 me.
3148 389 3260 445 Non
3298 388 3468 444 solum
3505 402 3635 457 ergo

2075 488 2419 559 contemplari
2440 488 2559 543 volo
2583 487 2981 542 delectationem
3006 484 3230 547 Domini,
3250 484 3341 549 ait,
3364 482 3455 538 sed
3478 484 3638 536 etiam

2078 583 2267 652 protegi
2299 580 2534 650 templum
2562 579 2689 647 ejus.
2713 576 2783 634 Ut
2809 577 3061 647 templum
3092 590 3244 630 suum
3270 589 3354 628 me
3382 582 3642 645 protegat,

2076 689 2169 729 ero
2191 671 2441 741 templum
2464 671 2597 739 ejus,
2620 679 2673 726 ct
2700 678 2941 740 protegar
2960 668 3026 722 ab
3047 682 3130 721 eo.
3154 664 3414 735 Numquid
3438 664 3539 717 tale
3560 671 3646 717 est

2080 764 2329 834 templum
2355 763 2465 827 Dei,
2491 762 2663 832 qualia
2709 761 2896 830 templa
2939 768 3060 813 sunt
3099 755 3539 812 simulacrorum?
3561 753 3649 809 Si-

2079 855 2310 911 mulacra
2336 854 2566 925 gentium
2595 851 2803 922 templis
2832 851 2938 907 suis
2967 858 3310 921 proteguntur
3343 866 3355 901 :
3391 847 3647 900 Dominus

2082 947 2220 1000 Deus
2251 955 2428 1000 noster
2457 944 2707 1013 templum
2736 958 2887 998 suum
2920 951 3173 1013 proteget,
3208 949 3261 995 et
3289 946 3505 996 securus
3529 954 3647 993 cro.

2082 1039 2489 1109 Contempiabor
2517 1038 2582 1092 ad
2608 1037 3031 1101 delectationem,
3058 1043 3107 1089 et
3140 1045 3382 1104 protegar
3407 1033 3473 1087 ad
3508 1033 3654 1087 salu-

2083 1142 2210 1186 tem.
2245 1131 2411 1200 Quam
2455 1131 2555 1184 erit
2594 1129 2679 1183 illa
2718 1128 3093 1198 contemplatio
3120 1126 3370 1197 perfecta,
3405 1134 3509 1180 tam
3552 1125 3653 1179 ista

2085 1221 2312 1293 perfecta
2345 1220 2639 1290 protectio;
2668 1228 2721 1273 et
2749 1235 2904 1289 qtiam
2934 1217 3060 1272 illud
3086 1218 3371 1287 perfectum
3402 1216 3656 1288 gaudium

2085 1312 2497 1384 contemplandi,
2525 1321 2627 1366 tam
2667 1310 2892 1380 perfecta
2926 1310 3083 1365 etiam
3112 1309 3433 1379 ineorruptio
3459 1309 3660 1362 sanita-

2089 1407 2174 1461 tis.
2200 1405 2275 1460 Λᾶ
2307 1406 2403 1459 ista
2429 1404 2535 1460 duo
2555 1404 2711 1459 verba
2735 1419 2852 1473 (tua:
2873 1402 3022 1465 dixit,
3045 1400 3349 1472 contempler
3377 1400 3661 1454 delectatio-

2088 1514 2198 1551 nem
2232 1496 2468 1563 Domini,
2502 1505 2550 1549 et
2592 1505 2822 1566 prolegar
2851 1494 3089 1562 templum
3114 1493 3241 1562 ejus,
3278 1493 3539 1561 pertinent
3570 1490 3661 1544 illa

2089 1589 2192 1644 duo
2216 1588 2357 1644 unde
2374 1589 2623 1643 Psalmus
2652 1589 2831 1657 C(Bpil,
2856 1585 3101 1640 Dominus
3124 1585 3424 1639 illuminatio
3452 1602 3585 1650 mea,
3613 1593 3664 1638 et

2088 1682 2327 1737 salutaris
2358 1698 2514 1749 meus,
2545 1698 2689 1751 quem
2719 1679 2934 1734 timebo?
2962 1679 3091 1748 Quia
3126 1676 3524 1747 eontemplabor
3563 1676 3663 1731 de-

2072 1775 2425 1832 lectationem
2448 1774 2675 1839 Domini,
2700 1772 3010 1827 illuminatio
3044 1786 3158 1826 mea
3189 1779 3270 1827 est
3291 1789 3305 1825 :
3330 1770 3449 1841 quia
3479 1779 3662 1840 prote-

2088 1876 2178 1939 get
2203 1883 2288 1923 me
2316 1867 2566 1937 templum
2596 1881 2770 1929 suum,
2798 1864 3041 1920 salutaris
3067 1878 3217 1917 meus
3245 1870 3343 1917 est.

2164 1960 2251 2016 l0.
2283 1957 2430 2033 [uers.
2461 1954 2541 2031 5.]
2581 1957 2755 2026 Quare
2798 1967 2970 2010 autem
3014 1954 3168 2009 nobis
3207 1953 3310 2008 hoc
3353 1960 3565 2022 priestat
3606 1950 3664 2005 in

2096 2053 2292 2109 linem?
2325 2050 2574 2119 Quoniam
2607 2049 2863 2104 abscondit
2902 2064 2981 2102 me
3015 2048 3067 2100 in
3109 2044 3424 2099 tabernaculo
3463 2059 3575 2107 suo,
3609 2042 3668 2096 in

2095 2145 2177 2197 die
2201 2143 2448 2197 malorum
2474 2158 2717 2195 meorum.
2743 2140 2852 2194 Erit
2874 2152 3007 2215 (ergo
3034 2136 3159 2191 mihi
3189 2137 3238 2189 in
3265 2134 3423 2190 domo
3456 2133 3668 2197 habita-

2094 2237 2171 2291 tio
2205 2250 2301 2305 per
2331 2249 2517 2290 omnes
2551 2232 2665 2287 dies
2700 2232 2822 2286 vitae
2851 2246 3004 2296 meae,
3033 2228 3098 2284 ad
3127 2228 3227 2283 hoc
3258 2236 3313 2282 ut
3339 2225 3672 2295 contempler-

2098 2324 2495 2381 delectationem
2525 2320 2749 2385 Domini,
2779 2331 2834 2376 et
2863 2320 3105 2391 protegar
3145 2318 3396 2387 templum
3436 2316 3568 2383 ejus.
3598 2313 3676 2371 Ut

2100 2426 2273 2471 autem
2306 2415 2428 2470 illuc
2454 2413 2781 2485 perveniam,
2802 2412 2939 2467 unde
2962 2410 3089 2465 mihi
3113 2410 3398 2481 promitto?
3417 2406 3675 2473 Quoniam

2101 2505 2358 2560 abscondit
2384 2521 2461 2559 me
2488 2505 2541 2558 in
2570 2502 2890 2557 tabernaculo
2919 2520 3031 2567 suo,
3060 2502 3113 2555 in
3146 2501 3227 2554 die
3254 2499 3502 2553 malorum
3527 2515 3675 2552 meo-

2102 2615 2232 2652 rum.
2259 2597 2407 2652 Tunc
2431 2611 2538 2651 non
2565 2603 2719 2651 erunt
2746 2594 2861 2650 dies
2890 2594 3145 2649 malorum
3182 2608 3442 2657 meorum,
3472 2590 3567 2646 sed
3595 2591 3679 2643 vi-

2105 2689 2178 2744 dit
2204 2705 2287 2745 me
2329 2688 2379 2743 in
2425 2688 2649 2745 diebus‘
2696 2688 2949 2741 malorum
2991 2701 3248 2741 meorum.
3284 2684 3381 2751 Qui
3424 2698 3547 2754 ergo
3584 2697 3677 2737 me

2107 2783 2261 2852 longe
2300 2781 2527 2851 positum
2571 2778 2984 2835 misericorditer
3023 2777 3275 2847 reSpexit,
3314 2791 3493 2830 secum
3532 2772 3679 2843 posi-

2107 2886 2214 2930 tum
2241 2873 2505 2941 quomodo
2531 2871 2706 2927 beabit
2731 2870 2785 2924 '?
2806 2870 3091 2939 Propterea
3118 2884 3243 2938 ergo
3267 2882 3370 2921 non
3399 2865 3681 2935 impuden—

2110 2970 2189 3019 ter
2226 2979 2383 3027 unatn
2434 2962 2575 3016 illam
2621 2960 2812 3032 petivi;
2854 2976 2949 3015 nec
2989 2960 3116 3014 mihi
3150 2959 3282 3013 dixit
3319 2973 3412 3033 cor
3448 2972 3622 3011 meum
3660 2975 3677 3010 :

2084 3050 2241 3123 ‘Qnid
2272 3054 2405 3124 petis
2433 3052 2476 3121 ³,
2503 3060 2593 3106 aut
2618 3067 2646 3105 a
2673 3066 2776 3122 quc
2807 3051 2979 3122 petis“!
3007 3048 3183 3104 Audes
3211 3048 3351 3103 enim
3386 3064 3415 3100 a
3442 3048 3551 3101 Deo
3579 3047 3684 3101 ali-

2109 3147 2231 3218 quid
2260 3156 2458 3217 petere,
2488 3152 2736 3216 peccator
2763 3142 2985 3214 inique?
3012 3141 3176 3197 audes
3205 3157 3419 3211 sperare
3447 3140 3683 3209 aliquam

2112 3241 2608 3310 contemplationem
2639 3239 2730 3294 Dei
2763 3247 2812 3293 te
2842 3236 3163 3302 habiturum,
3192 3233 3419 3300 infirme,
3452 3234 3690 3287 immun-

2110 3330 2181 3402 do
2200 3331 2395 3387 corde?
2414 3329 2618 3399 Audeo,
2644 3328 2830 3397 inquit,
2854 3342 2957 3382 non
2980 3327 3047 3382 de
3070 3341 3176 3391 me,
3199 3325 3291 3381 sed
3316 3324 3383 3380 de
3405 3324 3567 3394 ipsius
3587 3322 3693 3378 de-

2119 3423 2427 3489 lectatione;
2465 3436 2569 3478 non
2604 3420 2672 3476 de
2712 3434 2829 3474 mea
2862 3418 3292 3488 prtesumptione,
3316 3416 3412 3473 sed
3444 3415 3510 3471 de
3538 3416 3690 3471 illius

2115 3519 2351 3587 pignore.
2374 3514 2473 3581 Qui
2504 3522 2704 3568 tantum
2740 3511 2924 3582 pignus
2949 3509 3093 3565 dedit
3120 3509 3492 3580 peregrinanti,
3522 3507 3690 3564 dese-

2118 3622 2195 3666 ret
2223 3606 2653 3680 pervenientem?
2682 3606 2929 3682 Quoniam
2953 3603 3207 3659 abscondit
3243 3620 3322 3657 me
3357 3603 3411 3655 in
3447 3603 3689 3656 taberna-

2117 3703 2230 3757 culo
2258 3718 2369 3767 suo,
2395 3701 2448 3755 in
2477 3700 2558 3754 die
2584 3699 2829 3753 malorum
2854 3714 3095 3752 meorum.
3124 3696 3263 3752 Ecce
3285 3696 3397 3751 dies
3424 3694 3690 3749 malorum
3780 3706 3785 3709 '

2102 3804 2441 3858 nostrorum,
2470 3792 2575 3845 vita
2604 3791 2703 3844 ista
2740 3798 2840 3846 est.
2865 3789 2991 3844 Dies
3016 3788 3275 3845 malorum
3306 3786 3460 3842 aliter
3488 3786 3693 3842 habent

2121 3888 2287 3958 impii,
2315 3887 2466 3941 aliter
2492 3883 2691 3940 fideles.
2722 3883 2851 3937 Nam
2879 3882 3036 3937 etiam
3064 3880 3360 3945 credentes,
3390 3879 3485 3935 sed
3512 3879 3694 3935 adimo

2124 3978 2516 4049 peregrinantes
2543 3990 2573 4029 a
2600 3974 2820 4029 Domino
2850 3971 3129 4045 (Quamdiu
3155 3971 3289 4027 enim
3316 3987 3484 4025 sumus
3510 3971 3559 4024 in
3593 3973 3695 4025 hoc

2123 4088 2357 4143 corpore,
2392 4070 2765 4142 peregrinamur
2793 4084 2824 4120 α
2848 4065 3066 4120 Domino
3093 4064 3115 4138 [
3139 4065 3180 4119 ll
3208 4062 3324 4120 Cor.
3361 4079 3419 4132 v,
3458 4065 3489 4118 6
3510 4060 3554 4136 ],
3586 4062 3695 4118 hoc

2116 4156 2409 4233 ‘Apostolus
2426 4158 2602 4231 dixit),
2621 4159 2664 4213 si
2690 4158 2804 4214 dies
2831 4157 3083 4212 malorum
3106 4171 3211 4209 non
3231 4164 3408 4224 agunt.
3428 4154 3568 4208 unde
3588 4168 3698 4209 vox

2128 4253 2412 4311 Dominica:
2438 4250 2707 4317 orationis,
2732 4248 2910 4304 Libera
2935 4264 3024 4302 nos
3041 4264 3073 4300 a
3092 4246 3225 4300 malo
3245 4245 3458 4317 (Matth.
3479 4260 3551 4309 vr,
3582 4246 3693 4316 εδ),

2126 4348 2168 4402 si
2198 4363 2303 4402 non
2342 4361 2525 4402 sumus
2560 4345 2614 4399 in
2641 4343 2827 4400 diebus
2861 4340 3161 4397 malorum?
3189 4340 3283 4396 sed
3312 4340 3469 4411 longe
3493 4338 3700 4393 discre-

2128 4439 2229 4493 tius
2249 4437 2362 4493 dies
2385 4436 2643 4490 malorum
2673 4442 2835 4505 agunt
2862 4433 2949 4502 qui
2979 4424 3153 4486 adhuc
3181 4446 3284 4484 non
3310 4429 3649 4484 crediderunt
3679 4446 3695 4483 :

2128 4545 2227 4583 nec
2269 4530 2412 4599 ipsos
2453 4527 2543 4584 ille
2582 4526 2840 4597 despexit.
2870 4524 3074 4579 Etenim
3101 4522 3344 4578 Christus
3385 4536 3479 4590 pro
3518 4519 3699 4589 impiis
3725 4540 3759 4559 κ

2130 4626 2371 4674 mortuus
2416 4627 2499 4673 est
2539 4616 2714 4687 (Rom.
2747 4630 2802 4682 v,
2833 4613 2911 4687 6).
2952 4613 3158 4668 Audeat
3200 4626 3328 4682 ergo
3375 4626 3701 4682 priesumere

2132 4712 2306 4766 anima
2330 4712 2577 4776 humana,
2595 4718 2647 4764 et
2667 4722 2823 4763 unam
2851 4706 2993 4761 illam
3015 4714 3230 4776 petere;
3253 4718 3438 4759 secura
3461 4701 3705 4762 habebit.

2132 4818 2316 4859 secura
2345 4801 2653 4872 possidebit.
2679 4799 2900 4854 Tantum
2927 4797 3117 4852 dilecm
3153 4805 3235 4850 est
3278 4793 3447 4861 foeda,
3477 4793 3704 4864 pulchra

2135 4894 2397 4969 quomodo
2426 4891 2674 4965 fulgebit!
2705 4891 2953 4959 Quoniam
2981 4888 3237 4943 alscondit
3276 4904 3353 4941 me
3385 4887 3438 4941 in
3471 4886 3703 4941 taberna-

2137 4990 2250 5046 culo
2268 5006 2379 5057 suo,
2400 4988 2452 5042 in
2473 4988 2554 5042 die
2571 4984 2815 5041 malorum
2830 5000 3048 5038 meorum
3062 4999 3082 5037 :
3101 4981 3312 5052 protexit
3332 4997 3409 5034 me
3431 4981 3482 5033 in
3501 4979 3708 5033 abscon-

2139 5082 2244 5155 dito
2263 5077 2568 5148 tabernaculi
2593 5077 2690 5131 sui.
2716 5074 2849 5143 Quid
2878 5083 2960 5128 est
2986 5073 3349 5129 absconditum
3382 5070 3707 5155 tabernaculi

2142 5152 2301 5244 ipsius
2318 5144 2351 5227 ’ἰ⁷
2366 5171 2489 5242 quid
2519 5168 2766 5224 esthoc?
2793 5166 2949 5221 Multa
2985 5167 3124 5221 enim
3164 5166 3312 5237 quasi
3347 5164 3582 5219 membra
3626 5144 3710 5217 ta-

2141 5263 2411 5322 bernaculi
2463 5261 2754 5317 torinsecus
2791 5258 3052 5314 videntur.
3082 5259 3148 5313 Et
3176 5268 3259 5314 est
3284 5259 3431 5328 (μιαςί
3466 5257 3707 5330 adytum,

2143 5358 2282 5431 quod
2311 5357 2502 5411 dicitur
2531 5351 2798 5423 penetrale
2827 5361 3087 5405 secretum
3116 5347 3310 5423 (Hebr.
3338 5365 3410 5412 ix,
3439 5349 3533 5420 5),
3571 5349 3711 5405 intco

2152 5549 2163 5559 .
2208 5486 2323 5559 iisie
2362 5480 2575 5559 melioris
2615 5485 2740 5528 noue
2783 5484 2888 5527 Mss.
2928 5482 2983 5526 At
3017 5474 3148 5535 edd.,
3186 5474 3271 5525 sed
3322 5474 3447 5527 uitet
3479 5486 3554 5523 me
3588 5485 3717 5524 nunc

2144 5549 2194 5600 in
2217 5547 2397 5604 diebus,
2422 5554 2516 5593 etc.

2210 5614 2230 5644 ³
2264 5608 2393 5665 add,
2410 5602 2650 5668 quomodo
2678 5614 2774 5653 non
2803 5597 3129 5651 illuminabit?
3162 5597 3356 5657 Quidam
3385 5606 3566 5646 autem“
3585 5603 3722 5662 Mss,

2148 5664 2388 5736 quomodo
2401 5664 2552 5736 beabit
2572 5664 2596 5715 .9

2219 5719 2285 5778 ἦ
2296 5719 2403 5782 alie.
2429 5734 2529 5786 Ms,
2552 5726 2672 5787 Quid
2698 5725 2831 5787 petis,
2855 5722 2960 5786 quis
2983 5721 3117 5784 petis,
3140 5735 3169 5770 a
3190 5732 3282 5781 quo
3303 5719 3419 5781 petis
3435 5719 3459 5768 2’
