  <div class='ocr_page' id='page_1' title='image "/cluster/home/n/w/nwhite01/storage/ocr_20150623/36/hvd.32044096580584/110.png"; bbox 0 0 3988 6188; ppageno 0'>
   <div class='ocr_carea' id='block_1_1' title="bbox 284 398 2432 458">
    <p class='ocr_par' dir='ltr' id='par_1_1' title="bbox 284 398 2432 458">
     <span class='ocr_line' id='line_1_1' title="bbox 284 398 2432 458; baseline 0.003 -7"><span class='ocrx_word' id='word_1_1' title='bbox 284 401 384 452; x_wconf 57' lang='grc' dir='ltr'>9υῆ</span> <span class='ocrx_word' id='word_1_2' title='bbox 1363 398 1752 456; x_wconf 73' lang='lat' dir='ltr'><strong>ENARRATIO</strong></span> <span class='ocrx_word' id='word_1_3' title='bbox 1788 399 1852 455; x_wconf 73' lang='lat' dir='ltr'><strong>IN</strong></span> <span class='ocrx_word' id='word_1_4' title='bbox 1894 398 2206 458; x_wconf 63' lang='lat' dir='ltr'><strong>PSALMUM</strong></span> <span class='ocrx_word' id='word_1_5' title='bbox 2248 401 2432 458; x_wconf 77' lang='lat' dir='ltr'><strong>XXVI.</strong></span> 
     </span>
    </p>
   </div>
   <div class='ocr_carea' id='block_1_2' title="bbox 285 513 1850 584">
    <p class='ocr_par' dir='ltr' id='par_1_2' title="bbox 285 513 1850 584">
     <span class='ocr_line' id='line_1_2' title="bbox 285 513 1850 584; baseline -0.001 -16"><span class='ocrx_word' id='word_1_6' title='bbox 285 531 390 568; x_wconf 68' lang='lat' dir='ltr'><strong>rtus</strong></span> <span class='ocrx_word' id='word_1_7' title='bbox 423 513 603 582; x_wconf 87' lang='lat' dir='ltr'><strong>templi</strong></span> <span class='ocrx_word' id='word_1_8' title='bbox 630 515 668 567; x_wconf 81' lang='lat'><strong>‘.</strong></span> <span class='ocrx_word' id='word_1_9' title='bbox 694 513 758 568; x_wconf 88' lang='lat' dir='ltr'><strong>Et</strong></span> <span class='ocrx_word' id='word_1_10' title='bbox 787 513 909 584; x_wconf 86' lang='lat' dir='ltr'><strong>quid</strong></span> <span class='ocrx_word' id='word_1_11' title='bbox 951 525 1030 570; x_wconf 90' lang='lat' dir='ltr'><strong>est</strong></span> <span class='ocrx_word' id='word_1_12' title='bbox 1069 513 1205 569; x_wconf 89' lang='lat' dir='ltr'><strong>ltoc?</strong></span> <span class='ocrx_word' id='word_1_13' title='bbox 1238 513 1374 584; x_wconf 92' lang='lat' dir='ltr'><strong>quod</strong></span> <span class='ocrx_word' id='word_1_14' title='bbox 1417 516 1563 569; x_wconf 89' lang='lat' dir='ltr'><strong>solus</strong></span> <span class='ocrx_word' id='word_1_15' title='bbox 1603 515 1850 568; x_wconf 85' lang='lat' dir='ltr'><strong>sacerdos</strong></span> 
     </span>
    </p>
   </div>
   <div class='ocr_carea' id='block_1_3' title="bbox 287 605 1849 674">
    <p class='ocr_par' dir='ltr' id='par_1_3' title="bbox 287 605 1849 674">
     <span class='ocr_line' id='line_1_3' title="bbox 287 605 1849 674; baseline -0.001 -15"><span class='ocrx_word' id='word_1_16' title='bbox 287 608 528 659; x_wconf 64' lang='grc' dir='ltr'><strong>ἱιιιιτιιιιιι.</strong></span> <span class='ocrx_word' id='word_1_17' title='bbox 566 605 631 659; x_wconf 82' lang='lat' dir='ltr'><strong>Et</strong></span> <span class='ocrx_word' id='word_1_18' title='bbox 672 606 806 660; x_wconf 81' lang='lat' dir='ltr'><strong>forte</strong></span> <span class='ocrx_word' id='word_1_19' title='bbox 849 609 958 674; x_wconf 84' lang='lat' dir='ltr'><strong>ipse</strong></span> <span class='ocrx_word' id='word_1_20' title='bbox 995 607 1241 661; x_wconf 85' lang='lat' dir='ltr'><strong>sacerdos</strong></span> <span class='ocrx_word' id='word_1_21' title='bbox 1267 614 1351 662; x_wconf 73' lang='lat' dir='ltr'><strong>est</strong></span> <span class='ocrx_word' id='word_1_22' title='bbox 1379 606 1739 660; x_wconf 88' lang='lat' dir='ltr'><strong>absconditum</strong></span> <span class='ocrx_word' id='word_1_23' title='bbox 1771 616 1849 659; x_wconf 87' lang='lat' dir='ltr'><strong>ta-</strong></span> 
     </span>
    </p>
   </div>
   <div class='ocr_carea' id='block_1_4' title="bbox 287 697 1855 764">
    <p class='ocr_par' dir='ltr' id='par_1_4' title="bbox 287 697 1855 764">
     <span class='ocr_line' id='line_1_4' title="bbox 287 697 1855 764; baseline 0.001 -14"><span class='ocrx_word' id='word_1_24' title='bbox 287 697 559 750; x_wconf 82' lang='lat' dir='ltr'><strong>bernaculi</strong></span> <span class='ocrx_word' id='word_1_25' title='bbox 595 697 705 750; x_wconf 86' lang='lat' dir='ltr'><strong>Dei.</strong></span> <span class='ocrx_word' id='word_1_26' title='bbox 737 699 949 764; x_wconf 83' lang='lat' dir='ltr'><strong>Accepit</strong></span> <span class='ocrx_word' id='word_1_27' title='bbox 977 698 1115 752; x_wconf 91' lang='lat' dir='ltr'><strong>enim</strong></span> <span class='ocrx_word' id='word_1_28' title='bbox 1146 697 1213 752; x_wconf 88' lang='lat' dir='ltr'><strong>de</strong></span> <span class='ocrx_word' id='word_1_29' title='bbox 1243 698 1343 752; x_wconf 89' lang='lat' dir='ltr'><strong>isto</strong></span> <span class='ocrx_word' id='word_1_30' title='bbox 1374 698 1711 752; x_wconf 88' lang='lat' dir='ltr'><strong>tabernaculo</strong></span> <span class='ocrx_word' id='word_1_31' title='bbox 1738 712 1855 752; x_wconf 84' lang='lat' dir='ltr'><strong>car-</strong></span> 
     </span>
    </p>
   </div>
   <div class='ocr_carea' id='block_1_5' title="bbox 285 789 1852 851">
    <p class='ocr_par' dir='ltr' id='par_1_5' title="bbox 285 789 1852 851">
     <span class='ocr_line' id='line_1_5' title="bbox 285 789 1852 851; baseline 0.001 -8"><span class='ocrx_word' id='word_1_32' title='bbox 285 805 438 851; x_wconf 84' lang='lat' dir='ltr'><strong>nem,</strong></span> <span class='ocrx_word' id='word_1_33' title='bbox 470 797 525 843; x_wconf 90' lang='lat' dir='ltr'><strong>et</strong></span> <span class='ocrx_word' id='word_1_34' title='bbox 553 789 676 842; x_wconf 77' lang='lat' dir='ltr'><strong>fecit</strong></span> <span class='ocrx_word' id='word_1_35' title='bbox 706 790 852 843; x_wconf 87' lang='lat' dir='ltr'><strong>nobis</strong></span> <span class='ocrx_word' id='word_1_36' title='bbox 881 790 1241 845; x_wconf 88' lang='lat' dir='ltr'><strong>absconditum</strong></span> <span class='ocrx_word' id='word_1_37' title='bbox 1275 791 1593 846; x_wconf 92' lang='lat' dir='ltr'><strong>tabernaculi</strong></span> <span class='ocrx_word' id='word_1_38' title='bbox 1615 793 1634 824; x_wconf 80' lang='grc'><em>³</em></span> <span class='ocrx_word' id='word_1_39' title='bbox 1656 809 1669 846; x_wconf 87' lang='lat'><strong>:</strong></span> <span class='ocrx_word' id='word_1_40' title='bbox 1693 801 1743 846; x_wconf 90' lang='lat' dir='ltr'><strong>ut</strong></span> <span class='ocrx_word' id='word_1_41' title='bbox 1773 799 1852 846; x_wconf 89' lang='lat' dir='ltr'><strong>ta-</strong></span> 
     </span>
    </p>
   </div>
   <div class='ocr_carea' id='block_1_6' title="bbox 284 879 1905 951">
    <p class='ocr_par' dir='ltr' id='par_1_6' title="bbox 284 879 1905 951">
     <span class='ocr_line' id='line_1_6' title="bbox 284 879 1905 951; baseline -0.002 -13"><span class='ocrx_word' id='word_1_42' title='bbox 284 879 624 938; x_wconf 80' lang='lat' dir='ltr'><strong>bernaeulmn</strong></span> <span class='ocrx_word' id='word_1_43' title='bbox 649 880 765 944; x_wconf 88' lang='lat' dir='ltr'><strong>ejus</strong></span> <span class='ocrx_word' id='word_1_44' title='bbox 786 880 888 936; x_wconf 86' lang='lat' dir='ltr'><strong>alia</strong></span> <span class='ocrx_word' id='word_1_45' title='bbox 914 880 1149 940; x_wconf 83' lang='lat' dir='ltr'><strong>membra</strong></span> <span class='ocrx_word' id='word_1_46' title='bbox 1173 883 1335 951; x_wconf 90' lang='lat' dir='ltr'><strong>ipsius</strong></span> <span class='ocrx_word' id='word_1_47' title='bbox 1356 882 1632 937; x_wconf 88' lang='lat' dir='ltr'><strong>credentes</strong></span> <span class='ocrx_word' id='word_1_48' title='bbox 1657 883 1707 935; x_wconf 92' lang='lat' dir='ltr'><strong>in</strong></span> <span class='ocrx_word' id='word_1_49' title='bbox 1733 899 1852 936; x_wconf 87' lang='lat' dir='ltr'><strong>eum</strong></span> <span class='ocrx_word' id='word_1_50' title='bbox 1897 893 1905 903; x_wconf 90' lang='grc'><strong>·</strong></span> 
     </span>
    </p>
   </div>
   <div class='ocr_carea' id='block_1_7' title="bbox 282 971 1856 1047">
    <p class='ocr_par' dir='ltr' id='par_1_7' title="bbox 282 971 1856 1047">
     <span class='ocr_line' id='line_1_7' title="bbox 282 971 1856 1047; baseline 0.001 -21"><span class='ocrx_word' id='word_1_51' title='bbox 282 975 412 1038; x_wconf 80' lang='lat' dir='ltr'><strong>sint,</strong></span> <span class='ocrx_word' id='word_1_52' title='bbox 441 971 806 1026; x_wconf 80' lang='lat' dir='ltr'><strong>absconditum</strong></span> <span class='ocrx_word' id='word_1_53' title='bbox 843 983 1014 1026; x_wconf 87' lang='lat' dir='ltr'><strong>autem</strong></span> <span class='ocrx_word' id='word_1_54' title='bbox 1054 975 1369 1030; x_wconf 87' lang='lat' dir='ltr'><strong>tabernaculi</strong></span> <span class='ocrx_word' id='word_1_55' title='bbox 1403 976 1512 1047; x_wconf 74' lang='lat' dir='ltr'><strong>ipse</strong></span> <span class='ocrx_word' id='word_1_56' title='bbox 1552 974 1638 1028; x_wconf 88' lang='lat' dir='ltr'><strong>sit.</strong></span> <span class='ocrx_word' id='word_1_57' title='bbox 1667 973 1856 1027; x_wconf 64' lang='grc' dir='ltr'><em>Μογιιή</em></span> 
     </span>
    </p>
   </div>
   <div class='ocr_carea' id='block_1_8' title="bbox 220 1065 1855 1134">
    <p class='ocr_par' dir='ltr' id='par_1_8' title="bbox 220 1065 1855 1134">
     <span class='ocr_line' id='line_1_8' title="bbox 220 1065 1855 1134; baseline 0.002 -17"><span class='ocrx_word' id='word_1_58' title='bbox 220 1080 222 1082; x_wconf 91' lang='grc'>·</span> <span class='ocrx_word' id='word_1_59' title='bbox 284 1066 419 1118; x_wconf 80' lang='lat' dir='ltr'><strong>enim</strong></span> <span class='ocrx_word' id='word_1_60' title='bbox 458 1065 596 1130; x_wconf 84' lang='lat' dir='ltr'><strong>estis,</strong></span> <span class='ocrx_word' id='word_1_61' title='bbox 627 1065 697 1118; x_wconf 89' lang='lat' dir='ltr'><strong>ait</strong></span> <span class='ocrx_word' id='word_1_62' title='bbox 726 1067 1028 1134; x_wconf 74' lang='lat' dir='ltr'><strong>Apostolus,</strong></span> <span class='ocrx_word' id='word_1_63' title='bbox 1056 1077 1102 1120; x_wconf 88' lang='lat' dir='ltr'><strong>et</strong></span> <span class='ocrx_word' id='word_1_64' title='bbox 1128 1068 1226 1120; x_wconf 85' lang='lat' dir='ltr'><strong>vita</strong></span> <span class='ocrx_word' id='word_1_65' title='bbox 1256 1081 1409 1123; x_wconf 84' lang='lat' dir='ltr'><strong>vestra</strong></span> <span class='ocrx_word' id='word_1_66' title='bbox 1449 1067 1742 1124; x_wconf 80' lang='lat' dir='ltr'><strong>abscondita</strong></span> <span class='ocrx_word' id='word_1_67' title='bbox 1783 1077 1855 1123; x_wconf 82' lang='lat' dir='ltr'><strong>cst</strong></span> 
     </span>
    </p>
   </div>
   <div class='ocr_carea' id='block_1_9' title="bbox 281 1153 1277 1228">
    <p class='ocr_par' dir='ltr' id='par_1_9' title="bbox 281 1153 1277 1228">
     <span class='ocr_line' id='line_1_9' title="bbox 281 1153 1277 1228; baseline 0 -20"><span class='ocrx_word' id='word_1_68' title='bbox 281 1172 397 1208; x_wconf 83' lang='lat' dir='ltr'><strong>cum</strong></span> <span class='ocrx_word' id='word_1_69' title='bbox 422 1153 618 1208; x_wconf 80' lang='lat' dir='ltr'><strong>Christo</strong></span> <span class='ocrx_word' id='word_1_70' title='bbox 649 1156 698 1208; x_wconf 87' lang='lat' dir='ltr'><strong>in</strong></span> <span class='ocrx_word' id='word_1_71' title='bbox 729 1154 833 1208; x_wconf 91' lang='lat' dir='ltr'><strong>Deo</strong></span> <span class='ocrx_word' id='word_1_72' title='bbox 859 1156 1071 1227; x_wconf 68' lang='lat' dir='ltr'><strong>((Joloss.</strong></span> <span class='ocrx_word' id='word_1_73' title='bbox 1101 1174 1177 1222; x_wconf 90' lang='lat' dir='ltr'><strong>ttt,</strong></span> <span class='ocrx_word' id='word_1_74' title='bbox 1202 1157 1277 1228; x_wconf 77' lang='grc' dir='ltr'><strong>ὃ).</strong></span> 
     </span>
    </p>
   </div>
   <div class='ocr_carea' id='block_1_10' title="bbox 359 1241 1854 1317">
    <p class='ocr_par' dir='ltr' id='par_1_10' title="bbox 359 1241 1854 1317">
     <span class='ocr_line' id='line_1_10' title="bbox 359 1241 1854 1317; baseline 0.003 -18"><span class='ocrx_word' id='word_1_75' title='bbox 359 1245 444 1299; x_wconf 79' lang='lat' dir='ltr'><strong>ll.</strong></span> <span class='ocrx_word' id='word_1_76' title='bbox 486 1241 635 1317; x_wconf 85' lang='lat' dir='ltr'><strong>[vers.</strong></span> <span class='ocrx_word' id='word_1_77' title='bbox 668 1243 745 1316; x_wconf 86' lang='lat'><strong>6.]</strong></span> <span class='ocrx_word' id='word_1_78' title='bbox 776 1246 853 1298; x_wconf 78' lang='lat' dir='ltr'><strong>An</strong></span> <span class='ocrx_word' id='word_1_79' title='bbox 895 1246 972 1298; x_wconf 85' lang='lat' dir='ltr'><strong>vis</strong></span> <span class='ocrx_word' id='word_1_80' title='bbox 1009 1261 1164 1300; x_wconf 85' lang='lat' dir='ltr'><strong>nosse</strong></span> <span class='ocrx_word' id='word_1_81' title='bbox 1202 1248 1321 1317; x_wconf 87' lang='lat' dir='ltr'><strong>quia</strong></span> <span class='ocrx_word' id='word_1_82' title='bbox 1365 1247 1483 1302; x_wconf 87' lang='lat' dir='ltr'><strong>inde</strong></span> <span class='ocrx_word' id='word_1_83' title='bbox 1508 1248 1671 1303; x_wconf 82' lang='lat' dir='ltr'><strong>dicit?</strong></span> <span class='ocrx_word' id='word_1_84' title='bbox 1702 1250 1854 1304; x_wconf 84' lang='lat' dir='ltr'><strong>Petra</strong></span> 
     </span>
    </p>
   </div>
   <div class='ocr_carea' id='block_1_11' title="bbox 283 1334 1851 1409">
    <p class='ocr_par' dir='ltr' id='par_1_11' title="bbox 283 1334 1851 1409">
     <span class='ocr_line' id='line_1_11' title="bbox 283 1334 1851 1409; baseline 0.002 -21"><span class='ocrx_word' id='word_1_85' title='bbox 283 1349 476 1404; x_wconf 84' lang='lat' dir='ltr'><strong>nempe</strong></span> <span class='ocrx_word' id='word_1_86' title='bbox 497 1344 577 1388; x_wconf 91' lang='lat' dir='ltr'><strong>cst</strong></span> <span class='ocrx_word' id='word_1_87' title='bbox 596 1334 832 1388; x_wconf 80' lang='lat' dir='ltr'><strong>Christus</strong></span> <span class='ocrx_word' id='word_1_88' title='bbox 851 1334 892 1404; x_wconf 90' lang='lat' dir='ltr'><strong>(l</strong></span> <span class='ocrx_word' id='word_1_89' title='bbox 910 1335 1023 1389; x_wconf 81' lang='lat' dir='ltr'><strong>Cor.</strong></span> <span class='ocrx_word' id='word_1_90' title='bbox 1053 1353 1104 1400; x_wconf 86' lang='lat' dir='ltr'><strong>x,</strong></span> <span class='ocrx_word' id='word_1_91' title='bbox 1127 1338 1204 1407; x_wconf 69' lang='grc'><strong>4).</strong></span> <span class='ocrx_word' id='word_1_92' title='bbox 1226 1338 1414 1392; x_wconf 77' lang='lat' dir='ltr'><strong>Audite</strong></span> <span class='ocrx_word' id='word_1_93' title='bbox 1434 1338 1557 1408; x_wconf 89' lang='lat' dir='ltr'><strong>qttid</strong></span> <span class='ocrx_word' id='word_1_94' title='bbox 1585 1334 1851 1409; x_wconf 84' lang='lat' dir='ltr'><strong>sequitur:</strong></span> 
     </span>
    </p>
   </div>
   <div class='ocr_carea' id='block_1_12' title="bbox 287 1427 1856 1493">
    <p class='ocr_par' dir='ltr' id='par_1_12' title="bbox 287 1427 1856 1493">
     <span class='ocr_line' id='line_1_12' title="bbox 287 1427 1856 1493; baseline 0.001 -12"><span class='ocrx_word' id='word_1_95' title='bbox 287 1427 534 1493; x_wconf 82' lang='lat' dir='ltr'><strong>Quoniam</strong></span> <span class='ocrx_word' id='word_1_96' title='bbox 560 1427 819 1480; x_wconf 81' lang='lat' dir='ltr'><strong>abscondit</strong></span> <span class='ocrx_word' id='word_1_97' title='bbox 849 1445 925 1480; x_wconf 89' lang='lat' dir='ltr'><strong>me</strong></span> <span class='ocrx_word' id='word_1_98' title='bbox 951 1429 1003 1481; x_wconf 86' lang='lat' dir='ltr'><strong>in</strong></span> <span class='ocrx_word' id='word_1_99' title='bbox 1031 1429 1357 1486; x_wconf 87' lang='lat' dir='ltr'><strong>tabernaculo,</strong></span> <span class='ocrx_word' id='word_1_100' title='bbox 1376 1447 1486 1493; x_wconf 84' lang='lat' dir='ltr'><strong>suo,</strong></span> <span class='ocrx_word' id='word_1_101' title='bbox 1511 1431 1564 1483; x_wconf 87' lang='lat' dir='ltr'><strong>in</strong></span> <span class='ocrx_word' id='word_1_102' title='bbox 1588 1431 1668 1482; x_wconf 86' lang='lat' dir='ltr'><strong>die</strong></span> <span class='ocrx_word' id='word_1_103' title='bbox 1698 1431 1856 1484; x_wconf 90' lang='lat' dir='ltr'><strong>malo-</strong></span> 
     </span>
    </p>
   </div>
   <div class='ocr_carea' id='block_1_13' title="bbox 284 1519 1852 1586">
    <p class='ocr_par' dir='ltr' id='par_1_13' title="bbox 284 1519 1852 1586">
     <span class='ocr_line' id='line_1_13' title="bbox 284 1519 1852 1586; baseline 0.003 -15"><span class='ocrx_word' id='word_1_104' title='bbox 284 1535 398 1572; x_wconf 87' lang='lat' dir='ltr'><strong>rum</strong></span> <span class='ocrx_word' id='word_1_105' title='bbox 418 1534 640 1571; x_wconf 88' lang='lat' dir='ltr'><strong>meorum</strong></span> <span class='ocrx_word' id='word_1_106' title='bbox 665 1533 682 1570; x_wconf 92' lang='lat'><strong><em>:</em></strong></span> <span class='ocrx_word' id='word_1_107' title='bbox 703 1519 918 1586; x_wconf 74' lang='lat' dir='ltr'><strong>prole-xit</strong></span> <span class='ocrx_word' id='word_1_108' title='bbox 943 1536 1019 1572; x_wconf 89' lang='lat' dir='ltr'><strong>me</strong></span> <span class='ocrx_word' id='word_1_109' title='bbox 1040 1519 1091 1572; x_wconf 88' lang='lat' dir='ltr'><strong>in</strong></span> <span class='ocrx_word' id='word_1_110' title='bbox 1115 1519 1402 1574; x_wconf 81' lang='lat' dir='ltr'><strong>abscondito</strong></span> <span class='ocrx_word' id='word_1_111' title='bbox 1429 1521 1730 1575; x_wconf 85' lang='lat' dir='ltr'><strong>tabernaculi</strong></span> <span class='ocrx_word' id='word_1_112' title='bbox 1755 1523 1852 1576; x_wconf 84' lang='lat' dir='ltr'><strong>sui.</strong></span> 
     </span>
    </p>
   </div>
   <div class='ocr_carea' id='block_1_14' title="bbox 285 1606 1854 1681">
    <p class='ocr_par' dir='ltr' id='par_1_14' title="bbox 285 1606 1854 1681">
     <span class='ocr_line' id='line_1_14' title="bbox 285 1606 1854 1681; baseline 0.004 -20"><span class='ocrx_word' id='word_1_113' title='bbox 285 1608 576 1676; x_wconf 72' lang='lat' dir='ltr'><strong>Qtuerebas</strong></span> <span class='ocrx_word' id='word_1_114' title='bbox 595 1606 717 1675; x_wconf 87' lang='lat' dir='ltr'><strong>quid</strong></span> <span class='ocrx_word' id='word_1_115' title='bbox 740 1607 808 1662; x_wconf 85' lang='lat' dir='ltr'><strong>sit</strong></span> <span class='ocrx_word' id='word_1_116' title='bbox 826 1607 1187 1664; x_wconf 82' lang='lat' dir='ltr'><strong>abSConditum</strong></span> <span class='ocrx_word' id='word_1_117' title='bbox 1210 1610 1552 1677; x_wconf 86' lang='lat' dir='ltr'><strong>tabernaculi,</strong></span> <span class='ocrx_word' id='word_1_118' title='bbox 1575 1612 1694 1666; x_wconf 88' lang='lat' dir='ltr'><strong>audi</strong></span> <span class='ocrx_word' id='word_1_119' title='bbox 1717 1612 1854 1681; x_wconf 91' lang='lat' dir='ltr'><strong>quod</strong></span> 
     </span>
    </p>
   </div>
   <div class='ocr_carea' id='block_1_15' title="bbox 285 1689 1856 1772">
    <p class='ocr_par' dir='ltr' id='par_1_15' title="bbox 285 1689 1856 1772">
     <span class='ocr_line' id='line_1_15' title="bbox 285 1689 1856 1772; baseline 0.002 -20"><span class='ocrx_word' id='word_1_120' title='bbox 285 1699 526 1768; x_wconf 83' lang='lat' dir='ltr'><strong>sequitur</strong></span> <span class='ocrx_word' id='word_1_121' title='bbox 551 1716 564 1752; x_wconf 87' lang='lat'>:</span> <span class='ocrx_word' id='word_1_122' title='bbox 592 1697 658 1752; x_wconf 86' lang='lat' dir='ltr'><strong>In</strong></span> <span class='ocrx_word' id='word_1_123' title='bbox 688 1689 830 1768; x_wconf 82' lang='lat' dir='ltr'><strong>petra</strong></span> <span class='ocrx_word' id='word_1_124' title='bbox 855 1700 1088 1754; x_wconf 71' lang='lat' dir='ltr'><strong>excitavit</strong></span> <span class='ocrx_word' id='word_1_125' title='bbox 1116 1717 1212 1757; x_wconf 89' lang='lat' dir='ltr'><strong>me.</strong></span> <span class='ocrx_word' id='word_1_126' title='bbox 1239 1702 1374 1772; x_wconf 80' lang='lat' dir='ltr'><strong>Ergo</strong></span> <span class='ocrx_word' id='word_1_127' title='bbox 1400 1702 1451 1756; x_wconf 91' lang='lat' dir='ltr'><strong>in</strong></span> <span class='ocrx_word' id='word_1_128' title='bbox 1478 1700 1688 1757; x_wconf 87' lang='lat' dir='ltr'><strong>Christo</strong></span> <span class='ocrx_word' id='word_1_129' title='bbox 1712 1703 1856 1757; x_wconf 82' lang='lat' dir='ltr'><strong>exal-</strong></span> 
     </span>
    </p>
   </div>
   <div class='ocr_carea' id='block_1_16' title="bbox 287 1791 1853 1864">
    <p class='ocr_par' dir='ltr' id='par_1_16' title="bbox 287 1791 1853 1864">
     <span class='ocr_line' id='line_1_16' title="bbox 287 1791 1853 1864; baseline 0.003 -20"><span class='ocrx_word' id='word_1_130' title='bbox 287 1793 413 1847; x_wconf 84' lang='lat' dir='ltr'><strong>tavit</strong></span> <span class='ocrx_word' id='word_1_131' title='bbox 435 1791 702 1858; x_wconf 74' lang='lat' dir='ltr'><strong>me.&#39;Quia</strong></span> <span class='ocrx_word' id='word_1_132' title='bbox 734 1792 785 1846; x_wconf 91' lang='lat' dir='ltr'><strong>in</strong></span> <span class='ocrx_word' id='word_1_133' title='bbox 814 1791 1025 1862; x_wconf 79' lang='lat' dir='ltr'><strong>pulvere</strong></span> <span class='ocrx_word' id='word_1_134' title='bbox 1047 1793 1331 1848; x_wconf 83' lang='lat' dir='ltr'><strong>humiliasti</strong></span> <span class='ocrx_word' id='word_1_135' title='bbox 1361 1803 1429 1861; x_wconf 89' lang='lat' dir='ltr'><strong>te,</strong></span> <span class='ocrx_word' id='word_1_136' title='bbox 1456 1795 1506 1849; x_wconf 91' lang='lat' dir='ltr'><strong>in</strong></span> <span class='ocrx_word' id='word_1_137' title='bbox 1534 1803 1680 1864; x_wconf 80' lang='lat' dir='ltr'><strong>petra</strong></span> <span class='ocrx_word' id='word_1_138' title='bbox 1708 1796 1853 1850; x_wconf 78' lang='lat' dir='ltr'><strong>exal-</strong></span> 
     </span>
    </p>
   </div>
   <div class='ocr_carea' id='block_1_17' title="bbox 288 1883 1856 1954">
    <p class='ocr_par' dir='ltr' id='par_1_17' title="bbox 288 1883 1856 1954">
     <span class='ocr_line' id='line_1_17' title="bbox 288 1883 1856 1954; baseline 0.003 -16"><span class='ocrx_word' id='word_1_139' title='bbox 288 1885 414 1938; x_wconf 79' lang='lat' dir='ltr'><strong>tavit</strong></span> <span class='ocrx_word' id='word_1_140' title='bbox 460 1892 532 1938; x_wconf 91' lang='lat' dir='ltr'><strong>te.</strong></span> <span class='ocrx_word' id='word_1_141' title='bbox 576 1883 680 1940; x_wconf 85' lang='lat' dir='ltr'><strong>Sed</strong></span> <span class='ocrx_word' id='word_1_142' title='bbox 724 1883 967 1939; x_wconf 84' lang='lat' dir='ltr'><strong>Christus</strong></span> <span class='ocrx_word' id='word_1_143' title='bbox 1009 1900 1218 1940; x_wconf 90' lang='lat' dir='ltr'><strong>sursum</strong></span> <span class='ocrx_word' id='word_1_144' title='bbox 1249 1895 1349 1954; x_wconf 76' lang='lat' dir='ltr'><strong>est,</strong></span> <span class='ocrx_word' id='word_1_145' title='bbox 1383 1896 1437 1941; x_wconf 91' lang='lat' dir='ltr'><strong>tu</strong></span> <span class='ocrx_word' id='word_1_146' title='bbox 1475 1895 1648 1941; x_wconf 88' lang='lat' dir='ltr'><strong>autem</strong></span> <span class='ocrx_word' id='word_1_147' title='bbox 1686 1887 1856 1942; x_wconf 87' lang='lat' dir='ltr'><strong>adlmc</strong></span> 
     </span>
    </p>
   </div>
   <div class='ocr_carea' id='block_1_18' title="bbox 287 1975 1873 2052">
    <p class='ocr_par' dir='ltr' id='par_1_18' title="bbox 287 1975 1873 2052">
     <span class='ocr_line' id='line_1_18' title="bbox 287 1975 1873 2052; baseline 0.003 -22"><span class='ocrx_word' id='word_1_148' title='bbox 287 1976 556 2030; x_wconf 79' lang='lat' dir='ltr'><strong>deorsum.</strong></span> <span class='ocrx_word' id='word_1_149' title='bbox 598 1975 734 2030; x_wconf 81' lang='lat' dir='ltr'><strong>Audi</strong></span> <span class='ocrx_word' id='word_1_150' title='bbox 781 1977 1053 2046; x_wconf 88' lang='lat' dir='ltr'><strong>sequentia</strong></span> <span class='ocrx_word' id='word_1_151' title='bbox 1086 1997 1099 2032; x_wconf 87' lang='lat'><strong>:</strong></span> <span class='ocrx_word' id='word_1_152' title='bbox 1130 1975 1194 2031; x_wconf 89' lang='lat' dir='ltr'><strong>Et</strong></span> <span class='ocrx_word' id='word_1_153' title='bbox 1247 1995 1380 2033; x_wconf 87' lang='lat' dir='ltr'><strong>nunc</strong></span> <span class='ocrx_word' id='word_1_154' title='bbox 1428 1980 1662 2034; x_wconf 74' lang='lat' dir='ltr'><strong>exultavit</strong></span> <span class='ocrx_word' id='word_1_155' title='bbox 1706 1991 1873 2052; x_wconf 79' lang='lat' dir='ltr'><strong>caput</strong></span> 
     </span>
    </p>
   </div>
   <div class='ocr_carea' id='block_1_19' title="bbox 288 2069 1854 2142">
    <p class='ocr_par' dir='ltr' id='par_1_19' title="bbox 288 2069 1854 2142">
     <span class='ocr_line' id='line_1_19' title="bbox 288 2069 1854 2142; baseline 0.004 -21"><span class='ocrx_word' id='word_1_156' title='bbox 288 2084 452 2122; x_wconf 83' lang='lat' dir='ltr'><strong>meum</strong></span> <span class='ocrx_word' id='word_1_157' title='bbox 473 2085 624 2136; x_wconf 84' lang='lat' dir='ltr'><strong>super</strong></span> <span class='ocrx_word' id='word_1_158' title='bbox 651 2069 881 2123; x_wconf 83' lang='lat' dir='ltr'><strong>inimicos</strong></span> <span class='ocrx_word' id='word_1_159' title='bbox 909 2087 1060 2123; x_wconf 86' lang='lat' dir='ltr'><strong>meos.</strong></span> <span class='ocrx_word' id='word_1_160' title='bbox 1089 2069 1153 2123; x_wconf 87' lang='lat' dir='ltr'><strong>Et</strong></span> <span class='ocrx_word' id='word_1_161' title='bbox 1176 2088 1325 2136; x_wconf 87' lang='lat' dir='ltr'><strong>nunc,</strong></span> <span class='ocrx_word' id='word_1_162' title='bbox 1349 2080 1626 2142; x_wconf 86' lang='lat' dir='ltr'><strong>antequam</strong></span> <span class='ocrx_word' id='word_1_163' title='bbox 1648 2073 1854 2127; x_wconf 89' lang='lat' dir='ltr'><strong>veniam</strong></span> 
     </span>
    </p>
   </div>
   <div class='ocr_carea' id='block_1_20' title="bbox 285 2148 1855 2233">
    <p class='ocr_par' dir='ltr' id='par_1_20' title="bbox 285 2148 1855 2233">
     <span class='ocr_line' id='line_1_20' title="bbox 285 2148 1855 2233; baseline 0.006 -23"><span class='ocrx_word' id='word_1_164' title='bbox 285 2157 353 2211; x_wconf 81' lang='lat' dir='ltr'><strong>ad</strong></span> <span class='ocrx_word' id='word_1_165' title='bbox 392 2157 534 2212; x_wconf 86' lang='lat' dir='ltr'><strong>illam</strong></span> <span class='ocrx_word' id='word_1_166' title='bbox 580 2158 817 2225; x_wconf 90' lang='lat' dir='ltr'><strong>domum,</strong></span> <span class='ocrx_word' id='word_1_167' title='bbox 855 2160 943 2213; x_wconf 86' lang='lat' dir='ltr'><strong>ubi</strong></span> <span class='ocrx_word' id='word_1_168' title='bbox 975 2148 1094 2215; x_wconf 82' lang='lat' dir='ltr'><strong>volo</strong></span> <span class='ocrx_word' id='word_1_169' title='bbox 1133 2159 1369 2217; x_wconf 82' lang='lat' dir='ltr'><strong>habitare</strong></span> <span class='ocrx_word' id='word_1_170' title='bbox 1405 2178 1497 2233; x_wconf 88' lang='lat' dir='ltr'><strong>per</strong></span> <span class='ocrx_word' id='word_1_171' title='bbox 1531 2179 1715 2218; x_wconf 91' lang='lat' dir='ltr'><strong>omnes</strong></span> <span class='ocrx_word' id='word_1_172' title='bbox 1743 2164 1855 2220; x_wconf 88' lang='lat' dir='ltr'><strong>dies</strong></span> 
     </span>
    </p>
   </div>
   <div class='ocr_carea' id='block_1_21' title="bbox 288 2249 1855 2326">
    <p class='ocr_par' dir='ltr' id='par_1_21' title="bbox 288 2249 1855 2326">
     <span class='ocr_line' id='line_1_21' title="bbox 288 2249 1855 2326; baseline 0.005 -24"><span class='ocrx_word' id='word_1_173' title='bbox 288 2249 408 2304; x_wconf 77' lang='lat' dir='ltr'><strong>vita:</strong></span> <span class='ocrx_word' id='word_1_174' title='bbox 437 2264 591 2315; x_wconf 72' lang='lat' dir='ltr'><strong>meae,</strong></span> <span class='ocrx_word' id='word_1_175' title='bbox 619 2259 900 2320; x_wconf 87' lang='lat' dir='ltr'><strong>antequam</strong></span> <span class='ocrx_word' id='word_1_176' title='bbox 927 2253 1133 2307; x_wconf 85' lang='lat' dir='ltr'><strong>veniam</strong></span> <span class='ocrx_word' id='word_1_177' title='bbox 1175 2253 1240 2308; x_wconf 89' lang='lat' dir='ltr'><strong>ad</strong></span> <span class='ocrx_word' id='word_1_178' title='bbox 1280 2254 1422 2308; x_wconf 89' lang='lat' dir='ltr'><strong>illam</strong></span> <span class='ocrx_word' id='word_1_179' title='bbox 1453 2255 1855 2326; x_wconf 86' lang='lat' dir='ltr'><strong>contemplatio-</strong></span> 
     </span>
    </p>
   </div>
   <div class='ocr_carea' id='block_1_22' title="bbox 285 2339 1854 2416">
    <p class='ocr_par' dir='ltr' id='par_1_22' title="bbox 285 2339 1854 2416">
     <span class='ocr_line' id='line_1_22' title="bbox 285 2339 1854 2416; baseline 0.004 -22"><span class='ocrx_word' id='word_1_180' title='bbox 285 2355 407 2395; x_wconf 83' lang='lat' dir='ltr'><strong>nem</strong></span> <span class='ocrx_word' id='word_1_181' title='bbox 438 2339 672 2406; x_wconf 89' lang='lat' dir='ltr'><strong>Domini,</strong></span> <span class='ocrx_word' id='word_1_182' title='bbox 696 2339 762 2394; x_wconf 85' lang='lat' dir='ltr'><strong>Et</strong></span> <span class='ocrx_word' id='word_1_183' title='bbox 793 2359 926 2396; x_wconf 87' lang='lat' dir='ltr'><strong>nunc</strong></span> <span class='ocrx_word' id='word_1_184' title='bbox 953 2344 1188 2396; x_wconf 75' lang='lat' dir='ltr'><strong>exallavit</strong></span> <span class='ocrx_word' id='word_1_185' title='bbox 1217 2354 1366 2413; x_wconf 86' lang='lat' dir='ltr'><strong>caput</strong></span> <span class='ocrx_word' id='word_1_186' title='bbox 1395 2362 1558 2399; x_wconf 89' lang='lat' dir='ltr'><strong>meum</strong></span> <span class='ocrx_word' id='word_1_187' title='bbox 1577 2363 1727 2416; x_wconf 82' lang='lat' dir='ltr'><strong>super</strong></span> <span class='ocrx_word' id='word_1_188' title='bbox 1755 2349 1854 2401; x_wconf 87' lang='lat' dir='ltr'><strong>ini-</strong></span> 
     </span>
    </p>
   </div>
   <div class='ocr_carea' id='block_1_23' title="bbox 285 2432 1851 2508">
    <p class='ocr_par' dir='ltr' id='par_1_23' title="bbox 285 2432 1851 2508">
     <span class='ocr_line' id='line_1_23' title="bbox 285 2432 1851 2508; baseline 0.008 -26"><span class='ocrx_word' id='word_1_189' title='bbox 285 2432 440 2486; x_wconf 77' lang='lat' dir='ltr'><strong>micos</strong></span> <span class='ocrx_word' id='word_1_190' title='bbox 475 2448 628 2486; x_wconf 84' lang='lat' dir='ltr'><strong>meos.</strong></span> <span class='ocrx_word' id='word_1_191' title='bbox 659 2432 847 2488; x_wconf 85' lang='lat' dir='ltr'><strong>Adhuc</strong></span> <span class='ocrx_word' id='word_1_192' title='bbox 884 2435 1054 2503; x_wconf 86' lang='lat' dir='ltr'><strong>patior</strong></span> <span class='ocrx_word' id='word_1_193' title='bbox 1096 2437 1332 2492; x_wconf 90' lang='lat' dir='ltr'><strong>inimicos</strong></span> <span class='ocrx_word' id='word_1_194' title='bbox 1366 2439 1603 2508; x_wconf 90' lang='lat' dir='ltr'><strong>corporis</strong></span> <span class='ocrx_word' id='word_1_195' title='bbox 1635 2439 1851 2508; x_wconf 89' lang='lat' dir='ltr'><strong>Christi,</strong></span> 
     </span>
    </p>
   </div>
   <div class='ocr_carea' id='block_1_24' title="bbox 282 2520 1855 2602">
    <p class='ocr_par' dir='ltr' id='par_1_24' title="bbox 282 2520 1855 2602">
     <span class='ocr_line' id='line_1_24' title="bbox 282 2520 1855 2602; baseline 0.008 -28"><span class='ocrx_word' id='word_1_196' title='bbox 282 2520 458 2577; x_wconf 90' lang='lat' dir='ltr'><strong>adhuc</strong></span> <span class='ocrx_word' id='word_1_197' title='bbox 482 2537 589 2577; x_wconf 90' lang='lat' dir='ltr'><strong>non</strong></span> <span class='ocrx_word' id='word_1_198' title='bbox 627 2538 742 2578; x_wconf 89' lang='lat' dir='ltr'><strong>sum</strong></span> <span class='ocrx_word' id='word_1_199' title='bbox 773 2526 1033 2580; x_wconf 80' lang='lat' dir='ltr'><strong>exaltatus</strong></span> <span class='ocrx_word' id='word_1_200' title='bbox 1069 2543 1230 2596; x_wconf 86' lang='lat' dir='ltr'><strong>super</strong></span> <span class='ocrx_word' id='word_1_201' title='bbox 1269 2529 1542 2596; x_wconf 90' lang='lat' dir='ltr'><strong>inimicos;</strong></span> <span class='ocrx_word' id='word_1_202' title='bbox 1575 2531 1666 2587; x_wconf 87' lang='lat' dir='ltr'><strong>sed</strong></span> <span class='ocrx_word' id='word_1_203' title='bbox 1704 2541 1855 2602; x_wconf 85' lang='lat' dir='ltr'><strong>caput</strong></span> 
     </span>
    </p>
   </div>
   <div class='ocr_carea' id='block_1_25' title="bbox 284 2614 1852 2692">
    <p class='ocr_par' dir='ltr' id='par_1_25' title="bbox 284 2614 1852 2692">
     <span class='ocr_line' id='line_1_25' title="bbox 284 2614 1852 2692; baseline 0.008 -27"><span class='ocrx_word' id='word_1_204' title='bbox 284 2628 453 2666; x_wconf 86' lang='lat' dir='ltr'><strong>meum</strong></span> <span class='ocrx_word' id='word_1_205' title='bbox 486 2614 724 2669; x_wconf 68' lang='lat' dir='ltr'><strong>exultavit</strong></span> <span class='ocrx_word' id='word_1_206' title='bbox 760 2633 909 2687; x_wconf 82' lang='lat' dir='ltr'><strong>super</strong></span> <span class='ocrx_word' id='word_1_207' title='bbox 949 2618 1176 2673; x_wconf 87' lang='lat' dir='ltr'><strong>inimicos</strong></span> <span class='ocrx_word' id='word_1_208' title='bbox 1214 2636 1367 2674; x_wconf 88' lang='lat' dir='ltr'><strong>meos.</strong></span> <span class='ocrx_word' id='word_1_209' title='bbox 1396 2620 1511 2674; x_wconf 84' lang='lat' dir='ltr'><strong>Jam</strong></span> <span class='ocrx_word' id='word_1_210' title='bbox 1558 2632 1715 2692; x_wconf 88' lang='lat' dir='ltr'><strong>caput</strong></span> <span class='ocrx_word' id='word_1_211' title='bbox 1757 2639 1852 2677; x_wconf 88' lang='lat' dir='ltr'><strong>no-</strong></span> 
     </span>
    </p>
   </div>
   <div class='ocr_carea' id='block_1_26' title="bbox 280 2691 1848 2782">
    <p class='ocr_par' dir='ltr' id='par_1_26' title="bbox 280 2691 1848 2782">
     <span class='ocr_line' id='line_1_26' title="bbox 280 2691 1848 2782; baseline 0.006 -26"><span class='ocrx_word' id='word_1_212' title='bbox 280 2711 452 2757; x_wconf 89' lang='lat' dir='ltr'><strong>strum</strong></span> <span class='ocrx_word' id='word_1_213' title='bbox 474 2691 719 2759; x_wconf 90' lang='lat' dir='ltr'><strong>Christus</strong></span> <span class='ocrx_word' id='word_1_214' title='bbox 749 2705 799 2758; x_wconf 91' lang='lat' dir='ltr'><strong>in</strong></span> <span class='ocrx_word' id='word_1_215' title='bbox 830 2707 965 2760; x_wconf 86' lang='lat' dir='ltr'><strong>coelo</strong></span> <span class='ocrx_word' id='word_1_216' title='bbox 989 2717 1090 2773; x_wconf 91' lang='lat' dir='ltr'><strong>est,</strong></span> <span class='ocrx_word' id='word_1_217' title='bbox 1115 2707 1288 2763; x_wconf 89' lang='lat' dir='ltr'><strong>adhuc</strong></span> <span class='ocrx_word' id='word_1_218' title='bbox 1314 2710 1510 2764; x_wconf 88' lang='lat' dir='ltr'><strong>inimici</strong></span> <span class='ocrx_word' id='word_1_219' title='bbox 1539 2712 1703 2765; x_wconf 90' lang='lat' dir='ltr'><strong>nostri</strong></span> <span class='ocrx_word' id='word_1_220' title='bbox 1728 2727 1848 2782; x_wconf 86' lang='lat' dir='ltr'><strong>pos-</strong></span> 
     </span>
    </p>
   </div>
   <div class='ocr_carea' id='block_1_27' title="bbox 284 2794 1850 2872">
    <p class='ocr_par' dir='ltr' id='par_1_27' title="bbox 284 2794 1850 2872">
     <span class='ocr_line' id='line_1_27' title="bbox 284 2794 1850 2872; baseline 0.006 -25"><span class='ocrx_word' id='word_1_221' title='bbox 284 2801 410 2847; x_wconf 83' lang='lat' dir='ltr'><strong>sunt</strong></span> <span class='ocrx_word' id='word_1_222' title='bbox 434 2794 486 2848; x_wconf 90' lang='lat' dir='ltr'><strong>in</strong></span> <span class='ocrx_word' id='word_1_223' title='bbox 515 2810 614 2850; x_wconf 86' lang='lat' dir='ltr'><strong>nos</strong></span> <span class='ocrx_word' id='word_1_224' title='bbox 635 2796 822 2849; x_wconf 72' lang='lat' dir='ltr'><strong>szevire</strong></span> <span class='ocrx_word' id='word_1_225' title='bbox 847 2815 859 2848; x_wconf 95' lang='lat'>:</span> <span class='ocrx_word' id='word_1_226' title='bbox 886 2798 1116 2851; x_wconf 88' lang='lat' dir='ltr'><strong>nondum</strong></span> <span class='ocrx_word' id='word_1_227' title='bbox 1145 2814 1326 2854; x_wconf 90' lang='lat' dir='ltr'><strong>sumus</strong></span> <span class='ocrx_word' id='word_1_228' title='bbox 1355 2800 1565 2855; x_wconf 83' lang='lat' dir='ltr'><strong>exaltati</strong></span> <span class='ocrx_word' id='word_1_229' title='bbox 1606 2817 1765 2872; x_wconf 89' lang='lat' dir='ltr'><strong>super</strong></span> <span class='ocrx_word' id='word_1_230' title='bbox 1790 2804 1850 2856; x_wconf 65' lang='lat' dir='ltr'><strong>ilo</strong></span> 
     </span>
    </p>
   </div>
   <div class='ocr_carea' id='block_1_28' title="bbox 268 2867 1848 2957">
    <p class='ocr_par' dir='ltr' id='par_1_28' title="bbox 268 2867 1848 2957">
     <span class='ocr_line' id='line_1_28' title="bbox 268 2867 1848 2957; baseline 0.009 -21"><span class='ocrx_word' id='word_1_231' title='bbox 268 2867 397 2948; x_wconf 33' lang='lat' dir='ltr'><strong>ilus;</strong></span> <span class='ocrx_word' id='word_1_232' title='bbox 428 2884 524 2940; x_wconf 86' lang='lat' dir='ltr'><strong>sed</strong></span> <span class='ocrx_word' id='word_1_233' title='bbox 558 2895 714 2954; x_wconf 82' lang='lat' dir='ltr'><strong>eaput</strong></span> <span class='ocrx_word' id='word_1_234' title='bbox 755 2896 991 2941; x_wconf 78' lang='lat' dir='ltr'><strong>nostrum</strong></span> <span class='ocrx_word' id='word_1_235' title='bbox 1018 2889 1124 2957; x_wconf 89' lang='lat' dir='ltr'><strong>jam</strong></span> <span class='ocrx_word' id='word_1_236' title='bbox 1156 2889 1224 2945; x_wconf 89' lang='lat' dir='ltr'><strong>ibi</strong></span> <span class='ocrx_word' id='word_1_237' title='bbox 1256 2901 1354 2945; x_wconf 90' lang='lat' dir='ltr'><strong>est.</strong></span> <span class='ocrx_word' id='word_1_238' title='bbox 1380 2891 1530 2948; x_wconf 86' lang='lat' dir='ltr'><strong>Unde</strong></span> <span class='ocrx_word' id='word_1_239' title='bbox 1558 2894 1656 2948; x_wconf 91' lang='lat' dir='ltr'><strong>hoc</strong></span> <span class='ocrx_word' id='word_1_240' title='bbox 1673 2867 1848 2950; x_wconf 70' lang='lat' dir='ltr'><strong>dixit:</strong></span> 
     </span>
    </p>
   </div>
   <div class='ocr_carea' id='block_1_29' title="bbox 279 2973 1853 3054">
    <p class='ocr_par' dir='ltr' id='par_1_29' title="bbox 279 2973 1853 3054">
     <span class='ocr_line' id='line_1_29' title="bbox 279 2973 1853 3054; baseline 0.006 -24"><span class='ocrx_word' id='word_1_241' title='bbox 279 2973 458 3042; x_wconf 83' lang='lat' dir='ltr'><strong>Saule,</strong></span> <span class='ocrx_word' id='word_1_242' title='bbox 490 2976 671 3043; x_wconf 87' lang='lat' dir='ltr'><strong>Saule,</strong></span> <span class='ocrx_word' id='word_1_243' title='bbox 694 2978 815 3048; x_wconf 84' lang='lat' dir='ltr'><strong>quid</strong></span> <span class='ocrx_word' id='word_1_244' title='bbox 838 2996 914 3031; x_wconf 90' lang='lat' dir='ltr'><strong>me</strong></span> <span class='ocrx_word' id='word_1_245' title='bbox 938 2983 1241 3051; x_wconf 80' lang='lat' dir='ltr'><strong>persequeris</strong></span> <span class='ocrx_word' id='word_1_246' title='bbox 1267 2981 1398 3054; x_wconf 84' lang='lat' dir='ltr'><strong>(Act.</strong></span> <span class='ocrx_word' id='word_1_247' title='bbox 1419 2999 1492 3048; x_wconf 81' lang='lat' dir='ltr'><strong>lx,</strong></span> <span class='ocrx_word' id='word_1_248' title='bbox 1515 2984 1608 3054; x_wconf 71' lang='lat'><strong>4)?</strong></span> <span class='ocrx_word' id='word_1_249' title='bbox 1628 2983 1698 3040; x_wconf 89' lang='lat' dir='ltr'><strong>Se</strong></span> <span class='ocrx_word' id='word_1_250' title='bbox 1721 2985 1853 3040; x_wconf 80' lang='lat' dir='ltr'><strong>dixit</strong></span> 
     </span>
    </p>
   </div>
   <div class='ocr_carea' id='block_1_30' title="bbox 287 3068 1853 3143">
    <p class='ocr_par' dir='ltr' id='par_1_30' title="bbox 287 3068 1853 3143">
     <span class='ocr_line' id='line_1_30' title="bbox 287 3068 1853 3143; baseline 0.009 -23"><span class='ocrx_word' id='word_1_251' title='bbox 287 3068 338 3120; x_wconf 92' lang='lat' dir='ltr'><strong>in</strong></span> <span class='ocrx_word' id='word_1_252' title='bbox 365 3069 520 3123; x_wconf 88' lang='lat' dir='ltr'><strong>nobis</strong></span> <span class='ocrx_word' id='word_1_253' title='bbox 549 3084 667 3124; x_wconf 86' lang='lat' dir='ltr'><strong>esse</strong></span> <span class='ocrx_word' id='word_1_254' title='bbox 699 3070 780 3124; x_wconf 91' lang='lat' dir='ltr'><strong>hic</strong></span> <span class='ocrx_word' id='word_1_255' title='bbox 807 3071 1056 3130; x_wconf 86' lang='lat' dir='ltr'><strong>deorsum</strong></span> <span class='ocrx_word' id='word_1_256' title='bbox 1079 3090 1090 3126; x_wconf 95' lang='lat'><strong>:</strong></span> <span class='ocrx_word' id='word_1_257' title='bbox 1113 3089 1238 3143; x_wconf 74' lang='lat' dir='ltr'><strong>ergo</strong></span> <span class='ocrx_word' id='word_1_258' title='bbox 1266 3084 1318 3129; x_wconf 88' lang='lat' dir='ltr'><strong>et</strong></span> <span class='ocrx_word' id='word_1_259' title='bbox 1341 3091 1434 3130; x_wconf 90' lang='lat' dir='ltr'><strong>nos</strong></span> <span class='ocrx_word' id='word_1_260' title='bbox 1471 3075 1523 3130; x_wconf 90' lang='lat' dir='ltr'><strong>in</strong></span> <span class='ocrx_word' id='word_1_261' title='bbox 1554 3077 1644 3132; x_wconf 90' lang='lat' dir='ltr'><strong>illo</strong></span> <span class='ocrx_word' id='word_1_262' title='bbox 1669 3093 1853 3134; x_wconf 91' lang='lat' dir='ltr'><strong>sumus</strong></span> 
     </span>
    </p>
   </div>
   <div class='ocr_carea' id='block_1_31' title="bbox 277 3157 1852 3238">
    <p class='ocr_par' dir='ltr' id='par_1_31' title="bbox 277 3157 1852 3238">
     <span class='ocr_line' id='line_1_31' title="bbox 277 3157 1852 3238; baseline 0.007 -27"><span class='ocrx_word' id='word_1_263' title='bbox 277 3157 348 3211; x_wconf 86' lang='lat' dir='ltr'><strong>ibi</strong></span> <span class='ocrx_word' id='word_1_264' title='bbox 367 3171 602 3225; x_wconf 86' lang='lat' dir='ltr'><strong>sursum,</strong></span> <span class='ocrx_word' id='word_1_265' title='bbox 622 3159 742 3228; x_wconf 82' lang='lat' dir='ltr'><strong>quia</strong></span> <span class='ocrx_word' id='word_1_266' title='bbox 767 3170 810 3214; x_wconf 89' lang='lat' dir='ltr'><strong>et</strong></span> <span class='ocrx_word' id='word_1_267' title='bbox 837 3179 970 3214; x_wconf 87' lang='lat' dir='ltr'><strong>nunc</strong></span> <span class='ocrx_word' id='word_1_268' title='bbox 988 3164 1219 3216; x_wconf 75' lang='lat' dir='ltr'><strong>exultavit</strong></span> <span class='ocrx_word' id='word_1_269' title='bbox 1240 3176 1388 3236; x_wconf 83' lang='lat' dir='ltr'><strong>caput</strong></span> <span class='ocrx_word' id='word_1_270' title='bbox 1409 3183 1572 3220; x_wconf 86' lang='lat' dir='ltr'><strong>meum</strong></span> <span class='ocrx_word' id='word_1_271' title='bbox 1587 3183 1737 3238; x_wconf 81' lang='lat' dir='ltr'><strong>super</strong></span> <span class='ocrx_word' id='word_1_272' title='bbox 1755 3169 1852 3222; x_wconf 84' lang='lat' dir='ltr'><strong>ini-</strong></span> 
     </span>
    </p>
   </div>
   <div class='ocr_carea' id='block_1_32' title="bbox 275 3249 1850 3324">
    <p class='ocr_par' dir='ltr' id='par_1_32' title="bbox 275 3249 1850 3324">
     <span class='ocr_line' id='line_1_32' title="bbox 275 3249 1850 3324; baseline 0.009 -24"><span class='ocrx_word' id='word_1_273' title='bbox 275 3249 430 3303; x_wconf 81' lang='lat' dir='ltr'><strong>micos</strong></span> <span class='ocrx_word' id='word_1_274' title='bbox 458 3265 616 3304; x_wconf 82' lang='lat' dir='ltr'><strong>meos.</strong></span> <span class='ocrx_word' id='word_1_275' title='bbox 642 3251 777 3305; x_wconf 87' lang='lat' dir='ltr'><strong>Ecce</strong></span> <span class='ocrx_word' id='word_1_276' title='bbox 805 3252 962 3322; x_wconf 32' lang='lat' dir='ltr'><strong>quale.</strong></span> <span class='ocrx_word' id='word_1_277' title='bbox 985 3253 1172 3324; x_wconf 79' lang='lat' dir='ltr'><strong>pignus</strong></span> <span class='ocrx_word' id='word_1_278' title='bbox 1203 3255 1477 3323; x_wconf 86' lang='lat' dir='ltr'><strong>habemus,</strong></span> <span class='ocrx_word' id='word_1_279' title='bbox 1505 3257 1644 3312; x_wconf 90' lang='lat' dir='ltr'><strong>unde</strong></span> <span class='ocrx_word' id='word_1_280' title='bbox 1672 3266 1726 3312; x_wconf 91' lang='lat' dir='ltr'><strong>et</strong></span> <span class='ocrx_word' id='word_1_281' title='bbox 1753 3274 1850 3314; x_wconf 91' lang='lat' dir='ltr'><strong>nos</strong></span> 
     </span>
    </p>
   </div>
   <div class='ocr_carea' id='block_1_33' title="bbox 277 3338 1846 3415">
    <p class='ocr_par' dir='ltr' id='par_1_33' title="bbox 277 3338 1846 3415">
     <span class='ocr_line' id='line_1_33' title="bbox 277 3338 1846 3415; baseline 0.009 -23"><span class='ocrx_word' id='word_1_282' title='bbox 277 3338 378 3394; x_wconf 89' lang='lat' dir='ltr'><strong>de</strong></span> <span class='ocrx_word' id='word_1_283' title='bbox 417 3348 472 3395; x_wconf 88' lang='lat' dir='ltr'><strong>et</strong></span> <span class='ocrx_word' id='word_1_284' title='bbox 516 3354 611 3410; x_wconf 86' lang='lat' dir='ltr'><strong>spe</strong></span> <span class='ocrx_word' id='word_1_285' title='bbox 641 3349 695 3396; x_wconf 89' lang='lat' dir='ltr'><strong>et</strong></span> <span class='ocrx_word' id='word_1_286' title='bbox 721 3340 977 3398; x_wconf 89' lang='lat' dir='ltr'><strong>charitate</strong></span> <span class='ocrx_word' id='word_1_287' title='bbox 1005 3360 1124 3398; x_wconf 91' lang='lat' dir='ltr'><strong>cum</strong></span> <span class='ocrx_word' id='word_1_288' title='bbox 1153 3346 1324 3415; x_wconf 89' lang='lat' dir='ltr'><strong>capite</strong></span> <span class='ocrx_word' id='word_1_289' title='bbox 1357 3357 1538 3402; x_wconf 91' lang='lat' dir='ltr'><strong>nostro</strong></span> <span class='ocrx_word' id='word_1_290' title='bbox 1571 3363 1755 3406; x_wconf 89' lang='lat' dir='ltr'><strong>sumus</strong></span> <span class='ocrx_word' id='word_1_291' title='bbox 1794 3352 1846 3406; x_wconf 91' lang='lat' dir='ltr'><strong>in</strong></span> 
     </span>
    </p>
   </div>
   <div class='ocr_carea' id='block_1_34' title="bbox 177 3431 1846 3507">
    <p class='ocr_par' dir='ltr' id='par_1_34' title="bbox 177 3431 1846 3507">
     <span class='ocr_line' id='line_1_34' title="bbox 177 3431 1846 3507; baseline 0.008 -22"><span class='ocrx_word' id='word_1_292' title='bbox 177 3457 180 3468; x_wconf 91' lang='lat'><strong><em>-</em></strong></span> <span class='ocrx_word' id='word_1_293' title='bbox 272 3431 410 3486; x_wconf 69' lang='lat' dir='ltr'><strong>cmlo</strong></span> <span class='ocrx_word' id='word_1_294' title='bbox 438 3432 492 3486; x_wconf 90' lang='lat' dir='ltr'><strong>in</strong></span> <span class='ocrx_word' id='word_1_295' title='bbox 524 3442 783 3487; x_wconf 59' lang='lat' dir='ltr'><strong>aeternum</strong></span> <span class='ocrx_word' id='word_1_296' title='bbox 810 3452 822 3488; x_wconf 91' lang='lat'><strong>:</strong></span> <span class='ocrx_word' id='word_1_297' title='bbox 851 3436 968 3505; x_wconf 88' lang='lat' dir='ltr'><strong>quia</strong></span> <span class='ocrx_word' id='word_1_298' title='bbox 998 3446 1050 3490; x_wconf 90' lang='lat' dir='ltr'><strong>ct</strong></span> <span class='ocrx_word' id='word_1_299' title='bbox 1075 3437 1244 3507; x_wconf 89' lang='lat' dir='ltr'><strong>ipsum</strong></span> <span class='ocrx_word' id='word_1_300' title='bbox 1275 3439 1563 3507; x_wconf 86' lang='lat' dir='ltr'><strong>divinitate,</strong></span> <span class='ocrx_word' id='word_1_301' title='bbox 1593 3442 1846 3507; x_wconf 87' lang='lat' dir='ltr'><strong>bonitate,</strong></span> 
     </span>
    </p>
   </div>
   <div class='ocr_carea' id='block_1_35' title="bbox 273 3507 1847 3600">
    <p class='ocr_par' dir='ltr' id='par_1_35' title="bbox 273 3507 1847 3600">
     <span class='ocr_line' id='line_1_35' title="bbox 273 3507 1847 3600; baseline 0.01 -28"><span class='ocrx_word' id='word_1_302' title='bbox 273 3507 479 3577; x_wconf 84' lang='lat' dir='ltr'><strong>unitate</strong></span> <span class='ocrx_word' id='word_1_303' title='bbox 505 3522 780 3579; x_wconf 90' lang='lat' dir='ltr'><strong>nobiscum</strong></span> <span class='ocrx_word' id='word_1_304' title='bbox 807 3535 886 3579; x_wconf 90' lang='lat' dir='ltr'><strong>est</strong></span> <span class='ocrx_word' id='word_1_305' title='bbox 917 3526 967 3580; x_wconf 91' lang='lat' dir='ltr'><strong>in</strong></span> <span class='ocrx_word' id='word_1_306' title='bbox 996 3535 1132 3582; x_wconf 90' lang='lat' dir='ltr'><strong>terra</strong></span> <span class='ocrx_word' id='word_1_307' title='bbox 1161 3544 1323 3600; x_wconf 89' lang='lat' dir='ltr'><strong>usque</strong></span> <span class='ocrx_word' id='word_1_308' title='bbox 1352 3531 1402 3584; x_wconf 91' lang='lat' dir='ltr'><strong>in</strong></span> <span class='ocrx_word' id='word_1_309' title='bbox 1434 3533 1847 3588; x_wconf 87' lang='lat' dir='ltr'><strong>consummatio-</strong></span> 
     </span>
    </p>
   </div>
   <div class='ocr_carea' id='block_1_36' title="bbox 274 3613 1346 3688">
    <p class='ocr_par' dir='ltr' id='par_1_36' title="bbox 274 3613 1346 3688">
     <span class='ocr_line' id='line_1_36' title="bbox 274 3613 1346 3688; baseline 0.006 -20"><span class='ocrx_word' id='word_1_310' title='bbox 274 3626 394 3668; x_wconf 83' lang='lat' dir='ltr'><strong>nem</strong></span> <span class='ocrx_word' id='word_1_311' title='bbox 419 3613 605 3667; x_wconf 77' lang='lat' dir='ltr'><strong>saeculi</strong></span> <span class='ocrx_word' id='word_1_312' title='bbox 637 3613 844 3682; x_wconf 74' lang='lat' dir='ltr'><strong>(Matth.</strong></span> <span class='ocrx_word' id='word_1_313' title='bbox 871 3633 1056 3684; x_wconf 76' lang='lat' dir='ltr'><strong>xxvm,</strong></span> <span class='ocrx_word' id='word_1_314' title='bbox 1081 3619 1194 3688; x_wconf 69' lang='lat'><strong>20).</strong></span> <span class='ocrx_word' id='word_1_315' title='bbox 1341 3628 1346 3633; x_wconf 78' lang='lat'><em>‘</em></span> 
     </span>
    </p>
   </div>
   <div class='ocr_carea' id='block_1_37' title="bbox 345 3703 1846 3788">
    <p class='ocr_par' dir='ltr' id='par_1_37' title="bbox 345 3703 1846 3788">
     <span class='ocr_line' id='line_1_37' title="bbox 345 3703 1846 3788; baseline 0.01 -30"><span class='ocrx_word' id='word_1_316' title='bbox 345 3705 431 3759; x_wconf 73' lang='grc'><strong>12.</strong></span> <span class='ocrx_word' id='word_1_317' title='bbox 466 3703 759 3770; x_wconf 83' lang='lat' dir='ltr'><strong>Circumivi,</strong></span> <span class='ocrx_word' id='word_1_318' title='bbox 799 3717 847 3762; x_wconf 89' lang='lat' dir='ltr'><strong>et</strong></span> <span class='ocrx_word' id='word_1_319' title='bbox 881 3710 1132 3765; x_wconf 85' lang='lat' dir='ltr'><strong>immolavi</strong></span> <span class='ocrx_word' id='word_1_320' title='bbox 1170 3712 1222 3765; x_wconf 87' lang='lat' dir='ltr'><strong>in</strong></span> <span class='ocrx_word' id='word_1_321' title='bbox 1259 3714 1578 3770; x_wconf 85' lang='lat' dir='ltr'><strong>tabernaculo</strong></span> <span class='ocrx_word' id='word_1_322' title='bbox 1617 3718 1725 3788; x_wconf 84' lang='lat' dir='ltr'><strong>ejus</strong></span> <span class='ocrx_word' id='word_1_323' title='bbox 1751 3719 1846 3773; x_wconf 81' lang='lat' dir='ltr'><strong>ho-</strong></span> 
     </span>
    </p>
   </div>
   <div class='ocr_carea' id='block_1_38' title="bbox 273 3795 1844 3877">
    <p class='ocr_par' dir='ltr' id='par_1_38' title="bbox 273 3795 1844 3877">
     <span class='ocr_line' id='line_1_38' title="bbox 273 3795 1844 3877; baseline 0.01 -27"><span class='ocrx_word' id='word_1_324' title='bbox 273 3797 421 3851; x_wconf 73' lang='lat' dir='ltr'><strong>etiam</strong></span> <span class='ocrx_word' id='word_1_325' title='bbox 441 3795 765 3869; x_wconf 86' lang='lat' dir='ltr'><strong>jubilationis</strong></span> <span class='ocrx_word' id='word_1_326' title='bbox 798 3816 817 3854; x_wconf 90' lang='lat'><strong><em>:</em></strong></span> <span class='ocrx_word' id='word_1_327' title='bbox 867 3801 1199 3858; x_wconf 83' lang='lat' dir='ltr'><strong>immolamus</strong></span> <span class='ocrx_word' id='word_1_328' title='bbox 1230 3804 1455 3860; x_wconf 89' lang='lat' dir='ltr'><strong>hostiam</strong></span> <span class='ocrx_word' id='word_1_329' title='bbox 1496 3807 1844 3877; x_wconf 88' lang='lat' dir='ltr'><strong>jubilationis,</strong></span> 
     </span>
    </p>
   </div>
   <div class='ocr_carea' id='block_1_39' title="bbox 279 3891 1844 3972">
    <p class='ocr_par' dir='ltr' id='par_1_39' title="bbox 279 3891 1844 3972">
     <span class='ocr_line' id='line_1_39' title="bbox 279 3891 1844 3972; baseline 0.008 -28"><span class='ocrx_word' id='word_1_330' title='bbox 279 3891 614 3947; x_wconf 88' lang='lat' dir='ltr'><strong>immolamus</strong></span> <span class='ocrx_word' id='word_1_331' title='bbox 664 3894 886 3948; x_wconf 88' lang='lat' dir='ltr'><strong>hostiam</strong></span> <span class='ocrx_word' id='word_1_332' title='bbox 926 3895 1147 3963; x_wconf 72' lang='lat' dir='ltr'><strong>ltetitite,</strong></span> <span class='ocrx_word' id='word_1_333' title='bbox 1193 3895 1414 3952; x_wconf 89' lang='lat' dir='ltr'><strong>hostiam</strong></span> <span class='ocrx_word' id='word_1_334' title='bbox 1461 3901 1844 3972; x_wconf 78' lang='lat' dir='ltr'><strong>gratulatiOois,</strong></span> 
     </span>
    </p>
   </div>
   <div class='ocr_carea' id='block_1_40' title="bbox 275 3983 1845 4060">
    <p class='ocr_par' dir='ltr' id='par_1_40' title="bbox 275 3983 1845 4060">
     <span class='ocr_line' id='line_1_40' title="bbox 275 3983 1845 4060; baseline 0.008 -25"><span class='ocrx_word' id='word_1_335' title='bbox 275 3983 503 4037; x_wconf 80' lang='lat' dir='ltr'><strong>hostiam</strong></span> <span class='ocrx_word' id='word_1_336' title='bbox 523 3983 807 4053; x_wconf 74' lang='lat' dir='ltr'><strong>gratiarum</strong></span> <span class='ocrx_word' id='word_1_337' title='bbox 836 3986 1080 4052; x_wconf 86' lang='lat' dir='ltr'><strong>actionis,</strong></span> <span class='ocrx_word' id='word_1_338' title='bbox 1115 4002 1232 4056; x_wconf 78' lang='lat' dir='ltr'><strong>qua:</strong></span> <span class='ocrx_word' id='word_1_339' title='bbox 1261 3989 1436 4044; x_wconf 85' lang='lat' dir='ltr'><strong>verbis</strong></span> <span class='ocrx_word' id='word_1_340' title='bbox 1463 3991 1719 4060; x_wconf 84' lang='lat' dir='ltr'><strong>explicari</strong></span> <span class='ocrx_word' id='word_1_341' title='bbox 1741 4008 1845 4047; x_wconf 93' lang='lat' dir='ltr'><strong>non</strong></span> 
     </span>
    </p>
   </div>
   <div class='ocr_carea' id='block_1_41' title="bbox 283 4075 1847 4150">
    <p class='ocr_par' dir='ltr' id='par_1_41' title="bbox 283 4075 1847 4150">
     <span class='ocr_line' id='line_1_41' title="bbox 283 4075 1847 4150; baseline 0.008 -22"><span class='ocrx_word' id='word_1_342' title='bbox 283 4085 477 4143; x_wconf 87' lang='lat' dir='ltr'><strong>potest.</strong></span> <span class='ocrx_word' id='word_1_343' title='bbox 513 4075 852 4130; x_wconf 88' lang='lat' dir='ltr'><strong>lmmolamus</strong></span> <span class='ocrx_word' id='word_1_344' title='bbox 880 4087 1074 4144; x_wconf 90' lang='lat' dir='ltr'><strong>autem,</strong></span> <span class='ocrx_word' id='word_1_345' title='bbox 1109 4079 1232 4134; x_wconf 90' lang='lat' dir='ltr'><strong>ubi?</strong></span> <span class='ocrx_word' id='word_1_346' title='bbox 1273 4080 1326 4134; x_wconf 90' lang='lat' dir='ltr'><strong>ln</strong></span> <span class='ocrx_word' id='word_1_347' title='bbox 1367 4081 1483 4150; x_wconf 89' lang='lat' dir='ltr'><strong>ipso</strong></span> <span class='ocrx_word' id='word_1_348' title='bbox 1514 4081 1847 4140; x_wconf 88' lang='lat' dir='ltr'><strong>tabernaculo</strong></span> 
     </span>
    </p>
   </div>
   <div class='ocr_carea' id='block_1_42' title="bbox 271 4163 1846 4239">
    <p class='ocr_par' dir='ltr' id='par_1_42' title="bbox 271 4163 1846 4239">
     <span class='ocr_line' id='line_1_42' title="bbox 271 4163 1846 4239; baseline 0.008 -21"><span class='ocrx_word' id='word_1_349' title='bbox 271 4163 413 4234; x_wconf 84' lang='lat' dir='ltr'><strong>ejus,</strong></span> <span class='ocrx_word' id='word_1_350' title='bbox 481 4164 532 4220; x_wconf 92' lang='lat' dir='ltr'><strong>iu</strong></span> <span class='ocrx_word' id='word_1_351' title='bbox 582 4176 758 4220; x_wconf 82' lang='lat' dir='ltr'><strong>sancta</strong></span> <span class='ocrx_word' id='word_1_352' title='bbox 811 4167 1063 4222; x_wconf 87' lang='lat' dir='ltr'><strong>Ecclesia.</strong></span> <span class='ocrx_word' id='word_1_353' title='bbox 1122 4169 1253 4236; x_wconf 87' lang='lat' dir='ltr'><strong>Quid</strong></span> <span class='ocrx_word' id='word_1_354' title='bbox 1305 4186 1431 4239; x_wconf 80' lang='lat' dir='ltr'><strong>ergo</strong></span> <span class='ocrx_word' id='word_1_355' title='bbox 1481 4173 1846 4230; x_wconf 82' lang='lat' dir='ltr'><strong>immolamus?</strong></span> 
     </span>
    </p>
   </div>
   <div class='ocr_carea' id='block_1_43' title="bbox 274 4255 1847 4332">
    <p class='ocr_par' dir='ltr' id='par_1_43' title="bbox 274 4255 1847 4332">
     <span class='ocr_line' id='line_1_43' title="bbox 274 4255 1847 4332; baseline 0.008 -22"><span class='ocrx_word' id='word_1_356' title='bbox 274 4255 803 4313; x_wconf 81' lang='lat' dir='ltr'><strong>Abundantissimum</strong></span> <span class='ocrx_word' id='word_1_357' title='bbox 825 4270 877 4314; x_wconf 92' lang='lat' dir='ltr'><strong>et</strong></span> <span class='ocrx_word' id='word_1_358' title='bbox 895 4261 1240 4315; x_wconf 84' lang='lat' dir='ltr'><strong>inenarrabile</strong></span> <span class='ocrx_word' id='word_1_359' title='bbox 1260 4264 1524 4332; x_wconf 79' lang='lat' dir='ltr'><strong>gaudium,</strong></span> <span class='ocrx_word' id='word_1_360' title='bbox 1554 4267 1708 4322; x_wconf 91' lang='lat' dir='ltr'><strong>nullis</strong></span> <span class='ocrx_word' id='word_1_361' title='bbox 1728 4284 1847 4329; x_wconf 76' lang='lat' dir='ltr'><strong>ver-</strong></span> 
     </span>
    </p>
   </div>
   <div class='ocr_carea' id='block_1_44' title="bbox 274 4349 1841 4426">
    <p class='ocr_par' dir='ltr' id='par_1_44' title="bbox 274 4349 1841 4426">
     <span class='ocr_line' id='line_1_44' title="bbox 274 4349 1841 4426; baseline 0.007 -23"><span class='ocrx_word' id='word_1_362' title='bbox 274 4349 380 4415; x_wconf 87' lang='lat' dir='ltr'><strong>bis,</strong></span> <span class='ocrx_word' id='word_1_363' title='bbox 439 4365 572 4406; x_wconf 78' lang='lat' dir='ltr'><strong>voce</strong></span> <span class='ocrx_word' id='word_1_364' title='bbox 622 4351 927 4406; x_wconf 69' lang='lat' dir='ltr'><strong>ineliabili’.</strong></span> <span class='ocrx_word' id='word_1_365' title='bbox 978 4352 1100 4408; x_wconf 50' lang='lat' dir='ltr'><strong>Haec</strong></span> <span class='ocrx_word' id='word_1_366' title='bbox 1151 4365 1232 4410; x_wconf 89' lang='lat' dir='ltr'><strong>est</strong></span> <span class='ocrx_word' id='word_1_367' title='bbox 1284 4355 1452 4411; x_wconf 89' lang='lat' dir='ltr'><strong>hostia</strong></span> <span class='ocrx_word' id='word_1_368' title='bbox 1495 4359 1841 4426; x_wconf 86' lang='lat' dir='ltr'><strong>jubilationis.</strong></span> 
     </span>
    </p>
   </div>
   <div class='ocr_carea' id='block_1_45' title="bbox 273 4440 1842 4514">
    <p class='ocr_par' dir='ltr' id='par_1_45' title="bbox 273 4440 1842 4514">
     <span class='ocr_line' id='line_1_45' title="bbox 273 4440 1842 4514; baseline 0.007 -18"><span class='ocrx_word' id='word_1_369' title='bbox 273 4440 430 4496; x_wconf 74' lang='lat' dir='ltr'><strong>[inde</strong></span> <span class='ocrx_word' id='word_1_370' title='bbox 449 4442 686 4510; x_wconf 53' lang='lat' dir='ltr'><strong>quesita,</strong></span> <span class='ocrx_word' id='word_1_371' title='bbox 730 4443 868 4498; x_wconf 89' lang='lat' dir='ltr'><strong>unde</strong></span> <span class='ocrx_word' id='word_1_372' title='bbox 900 4444 1107 4498; x_wconf 90' lang='lat' dir='ltr'><strong>inventa</strong></span> <span class='ocrx_word' id='word_1_373' title='bbox 1139 4447 1255 4500; x_wconf 75' lang='lat' dir='ltr'><strong>est?</strong></span> <span class='ocrx_word' id='word_1_374' title='bbox 1290 4448 1697 4514; x_wconf 74' lang='lat' dir='ltr'><strong>(Zircutneundo,</strong></span> <span class='ocrx_word' id='word_1_375' title='bbox 1727 4451 1842 4507; x_wconf 87' lang='lat' dir='ltr'><strong>Cir-</strong></span> 
     </span>
    </p>
   </div>
   <div class='ocr_carea' id='block_1_46' title="bbox 273 4521 1843 4613">
    <p class='ocr_par' dir='ltr' id='par_1_46' title="bbox 273 4521 1843 4613">
     <span class='ocr_line' id='line_1_46' title="bbox 273 4521 1843 4613; baseline 0.009 -27"><span class='ocrx_word' id='word_1_376' title='bbox 273 4534 475 4600; x_wconf 80' lang='lat' dir='ltr'><strong>cumivi,</strong></span> <span class='ocrx_word' id='word_1_377' title='bbox 507 4521 692 4604; x_wconf 79' lang='lat' dir='ltr'><strong>inquit,</strong></span> <span class='ocrx_word' id='word_1_378' title='bbox 718 4545 763 4590; x_wconf 87' lang='lat' dir='ltr'><strong>et</strong></span> <span class='ocrx_word' id='word_1_379' title='bbox 792 4537 1044 4590; x_wconf 83' lang='lat' dir='ltr'><strong>immolavi</strong></span> <span class='ocrx_word' id='word_1_380' title='bbox 1072 4539 1123 4591; x_wconf 88' lang='lat' dir='ltr'><strong>in</strong></span> <span class='ocrx_word' id='word_1_381' title='bbox 1151 4529 1468 4596; x_wconf 78' lang='lat' dir='ltr'><strong>tabernaculo</strong></span> <span class='ocrx_word' id='word_1_382' title='bbox 1493 4543 1601 4613; x_wconf 83' lang='lat' dir='ltr'><strong>ejus</strong></span> <span class='ocrx_word' id='word_1_383' title='bbox 1630 4544 1843 4600; x_wconf 84' lang='lat' dir='ltr'><strong>hostium</strong></span> 
     </span>
    </p>
   </div>
   <div class='ocr_carea' id='block_1_47' title="bbox 277 4623 1841 4701">
    <p class='ocr_par' dir='ltr' id='par_1_47' title="bbox 277 4623 1841 4701">
     <span class='ocr_line' id='line_1_47' title="bbox 277 4623 1841 4701; baseline 0.011 -26"><span class='ocrx_word' id='word_1_384' title='bbox 277 4623 603 4686; x_wconf 75' lang='lat' dir='ltr'><strong>iubilationis.</strong></span> <span class='ocrx_word' id='word_1_385' title='bbox 653 4625 950 4681; x_wconf 86' lang='lat' dir='ltr'><strong>Circumcat</strong></span> <span class='ocrx_word' id='word_1_386' title='bbox 999 4629 1204 4682; x_wconf 88' lang='lat' dir='ltr'><strong>animus</strong></span> <span class='ocrx_word' id='word_1_387' title='bbox 1251 4637 1369 4684; x_wconf 91' lang='lat' dir='ltr'><strong>tuus</strong></span> <span class='ocrx_word' id='word_1_388' title='bbox 1419 4649 1510 4701; x_wconf 85' lang='lat' dir='ltr'><strong>per</strong></span> <span class='ocrx_word' id='word_1_389' title='bbox 1545 4635 1841 4691; x_wconf 87' lang='lat' dir='ltr'><strong>universam</strong></span> 
     </span>
    </p>
   </div>
   <div class='ocr_carea' id='block_1_48' title="bbox 274 4717 1844 4786">
    <p class='ocr_par' dir='ltr' id='par_1_48' title="bbox 274 4717 1844 4786">
     <span class='ocr_line' id='line_1_48' title="bbox 274 4717 1844 4786; baseline 0.011 -20"><span class='ocrx_word' id='word_1_390' title='bbox 274 4724 571 4769; x_wconf 80' lang='lat' dir='ltr'><strong>creaturam</strong></span> <span class='ocrx_word' id='word_1_391' title='bbox 601 4733 614 4770; x_wconf 92' lang='lat'>:</span> <span class='ocrx_word' id='word_1_392' title='bbox 647 4717 873 4786; x_wconf 86' lang='lat' dir='ltr'><strong>undique</strong></span> <span class='ocrx_word' id='word_1_393' title='bbox 900 4717 988 4771; x_wconf 91' lang='lat' dir='ltr'><strong>tibi</strong></span> <span class='ocrx_word' id='word_1_394' title='bbox 1017 4719 1261 4774; x_wconf 91' lang='lat' dir='ltr'><strong>clamabit</strong></span> <span class='ocrx_word' id='word_1_395' title='bbox 1289 4731 1524 4776; x_wconf 80' lang='lat' dir='ltr'><strong>creatura</strong></span> <span class='ocrx_word' id='word_1_396' title='bbox 1555 4743 1568 4779; x_wconf 89' lang='lat'><strong>:</strong></span> <span class='ocrx_word' id='word_1_397' title='bbox 1602 4726 1738 4780; x_wconf 90' lang='lat' dir='ltr'><strong>Deus</strong></span> <span class='ocrx_word' id='word_1_398' title='bbox 1761 4744 1844 4783; x_wconf 88' lang='lat' dir='ltr'><strong>me</strong></span> 
     </span>
    </p>
   </div>
   <div class='ocr_carea' id='block_1_49' title="bbox 277 4803 1839 4878">
    <p class='ocr_par' dir='ltr' id='par_1_49' title="bbox 277 4803 1839 4878">
     <span class='ocr_line' id='line_1_49' title="bbox 277 4803 1839 4878; baseline 0.01 -20"><span class='ocrx_word' id='word_1_399' title='bbox 277 4803 420 4859; x_wconf 78' lang='lat' dir='ltr'><strong>fecit.</strong></span> <span class='ocrx_word' id='word_1_400' title='bbox 448 4806 707 4878; x_wconf 86' lang='lat' dir='ltr'><strong>Quidquid</strong></span> <span class='ocrx_word' id='word_1_401' title='bbox 735 4817 786 4863; x_wconf 93' lang='lat' dir='ltr'><strong>te</strong></span> <span class='ocrx_word' id='word_1_402' title='bbox 815 4809 1084 4864; x_wconf 88' lang='lat' dir='ltr'><strong>delectarit</strong></span> <span class='ocrx_word' id='word_1_403' title='bbox 1113 4812 1162 4864; x_wconf 93' lang='lat' dir='ltr'><strong>in</strong></span> <span class='ocrx_word' id='word_1_404' title='bbox 1194 4821 1305 4866; x_wconf 88' lang='lat' dir='ltr'><strong>arte</strong></span> <span class='ocrx_word' id='word_1_405' title='bbox 1323 4812 1364 4874; x_wconf 72' lang='grc'>⁸,</span> <span class='ocrx_word' id='word_1_406' title='bbox 1404 4815 1661 4871; x_wconf 72' lang='lat' dir='ltr'><strong>artificem</strong></span> <span class='ocrx_word' id='word_1_407' title='bbox 1693 4832 1839 4872; x_wconf 90' lang='lat' dir='ltr'><strong>com-</strong></span> 
     </span>
    </p>
   </div>
   <div class='ocr_carea' id='block_1_50' title="bbox 275 4896 1843 4968">
    <p class='ocr_par' dir='ltr' id='par_1_50' title="bbox 275 4896 1843 4968">
     <span class='ocr_line' id='line_1_50' title="bbox 275 4896 1843 4968; baseline 0.009 -19"><span class='ocrx_word' id='word_1_408' title='bbox 275 4896 522 4962; x_wconf 78' lang='lat' dir='ltr'><strong>mendat;</strong></span> <span class='ocrx_word' id='word_1_409' title='bbox 547 4899 816 4968; x_wconf 80' lang='lat' dir='ltr'><strong>magisque</strong></span> <span class='ocrx_word' id='word_1_410' title='bbox 842 4900 887 4953; x_wconf 84' lang='lat' dir='ltr'><strong>si</strong></span> <span class='ocrx_word' id='word_1_411' title='bbox 915 4900 1204 4956; x_wconf 86' lang='lat' dir='ltr'><strong>circumeas</strong></span> <span class='ocrx_word' id='word_1_412' title='bbox 1237 4904 1500 4968; x_wconf 88' lang='lat' dir='ltr'><strong>universa,</strong></span> <span class='ocrx_word' id='word_1_413' title='bbox 1534 4907 1843 4963; x_wconf 86' lang='lat' dir='ltr'><strong>considera-</strong></span> 
     </span>
    </p>
   </div>
   <div class='ocr_carea' id='block_1_51' title="bbox 279 4985 1842 5068">
    <p class='ocr_par' dir='ltr' id='par_1_51' title="bbox 279 4985 1842 5068">
     <span class='ocr_line' id='line_1_51' title="bbox 279 4985 1842 5068; baseline 0.011 -31"><span class='ocrx_word' id='word_1_414' title='bbox 279 4985 353 5039; x_wconf 83' lang='lat' dir='ltr'><strong>tio</strong></span> <span class='ocrx_word' id='word_1_415' title='bbox 396 4988 622 5058; x_wconf 86' lang='lat' dir='ltr'><strong>concipit</strong></span> <span class='ocrx_word' id='word_1_416' title='bbox 676 4990 888 5044; x_wconf 80' lang='lat' dir='ltr'><strong>artiﬁcis</strong></span> <span class='ocrx_word' id='word_1_417' title='bbox 939 4990 1168 5046; x_wconf 87' lang='lat' dir='ltr'><strong>laudem.</strong></span> <span class='ocrx_word' id='word_1_418' title='bbox 1223 4993 1376 5048; x_wconf 74' lang='lat' dir='ltr'><strong>Vides</strong></span> <span class='ocrx_word' id='word_1_419' title='bbox 1422 4995 1607 5062; x_wconf 61' lang='lat' dir='ltr'><strong>caelos,</strong></span> <span class='ocrx_word' id='word_1_420' title='bbox 1654 5015 1842 5068; x_wconf 81' lang='lat' dir='ltr'><strong>magna</strong></span> 
     </span>
    </p>
   </div>
   <div class='ocr_carea' id='block_1_52' title="bbox 273 5079 1842 5148">
    <p class='ocr_par' dir='ltr' id='par_1_52' title="bbox 273 5079 1842 5148">
     <span class='ocr_line' id='line_1_52' title="bbox 273 5079 1842 5148; baseline 0.011 -20"><span class='ocrx_word' id='word_1_421' title='bbox 273 5092 436 5144; x_wconf 85' lang='lat' dir='ltr'><strong>opera</strong></span> <span class='ocrx_word' id='word_1_422' title='bbox 483 5079 574 5135; x_wconf 87' lang='lat' dir='ltr'><strong>Dei</strong></span> <span class='ocrx_word' id='word_1_423' title='bbox 623 5089 763 5135; x_wconf 90' lang='lat' dir='ltr'><strong>sunt.</strong></span> <span class='ocrx_word' id='word_1_424' title='bbox 796 5080 952 5136; x_wconf 77' lang='lat' dir='ltr'><strong>Vides</strong></span> <span class='ocrx_word' id='word_1_425' title='bbox 999 5091 1215 5148; x_wconf 87' lang='lat' dir='ltr'><strong>terram,</strong></span> <span class='ocrx_word' id='word_1_426' title='bbox 1269 5084 1406 5141; x_wconf 86' lang='lat' dir='ltr'><strong>Deus</strong></span> <span class='ocrx_word' id='word_1_427' title='bbox 1435 5087 1556 5142; x_wconf 79' lang='lat' dir='ltr'><strong>fecit</strong></span> <span class='ocrx_word' id='word_1_428' title='bbox 1581 5091 1842 5146; x_wconf 89' lang='lat' dir='ltr'><strong>seminum</strong></span> 
     </span>
    </p>
   </div>
   <div class='ocr_carea' id='block_1_53' title="bbox 277 5170 1842 5241">
    <p class='ocr_par' dir='ltr' id='par_1_53' title="bbox 277 5170 1842 5241">
     <span class='ocr_line' id='line_1_53' title="bbox 277 5170 1842 5241; baseline 0.01 -20"><span class='ocrx_word' id='word_1_429' title='bbox 277 5183 541 5235; x_wconf 75' lang='lat' dir='ltr'><strong>muneras,</strong></span> <span class='ocrx_word' id='word_1_430' title='bbox 589 5170 915 5225; x_wconf 85' lang='lat' dir='ltr'><strong>diversitates</strong></span> <span class='ocrx_word' id='word_1_431' title='bbox 955 5174 1269 5241; x_wconf 83' lang='lat' dir='ltr'><strong>germinum,</strong></span> <span class='ocrx_word' id='word_1_432' title='bbox 1311 5177 1698 5235; x_wconf 87' lang='lat' dir='ltr'><strong>multitudinem</strong></span> <span class='ocrx_word' id='word_1_433' title='bbox 1725 5183 1842 5236; x_wconf 80' lang='lat' dir='ltr'><strong>ani-</strong></span> 
     </span>
    </p>
   </div>
   <div class='ocr_carea' id='block_1_54' title="bbox 339 5374 1842 5448">
    <p class='ocr_par' dir='ltr' id='par_1_54' title="bbox 339 5374 1842 5448">
     <span class='ocr_line' id='line_1_54' title="bbox 339 5374 1842 5448; baseline 0.021 -39"><span class='ocrx_word' id='word_1_434' title='bbox 339 5379 354 5409; x_wconf 83' lang='grc' dir='ltr'>ι</span> <span class='ocrx_word' id='word_1_435' title='bbox 386 5377 512 5448; x_wconf 52' lang='grc' dir='ltr'><strong>φάη</strong></span> <span class='ocrx_word' id='word_1_436' title='bbox 545 5374 786 5428; x_wconf 75' lang='lat' dir='ltr'><strong>interioris</strong></span> <span class='ocrx_word' id='word_1_437' title='bbox 816 5375 993 5438; x_wconf 86' lang='lat' dir='ltr'><strong>templi.</strong></span> <span class='ocrx_word' id='word_1_438' title='bbox 1032 5376 1252 5443; x_wconf 81' lang='lat' dir='ltr'><strong>Plerique</strong></span> <span class='ocrx_word' id='word_1_439' title='bbox 1280 5389 1442 5432; x_wconf 86' lang='lat' dir='ltr'><strong>autem</strong></span> <span class='ocrx_word' id='word_1_440' title='bbox 1477 5391 1600 5447; x_wconf 68' lang='lat' dir='ltr'><strong>Mss,</strong></span> <span class='ocrx_word' id='word_1_441' title='bbox 1645 5383 1842 5441; x_wconf 79' lang='lat' dir='ltr'><strong>interius</strong></span> 
     </span>
    </p>
   </div>
   <div class='ocr_carea' id='block_1_55' title="bbox 270 5438 1840 5570">
    <p class='ocr_par' dir='ltr' id='par_1_55' title="bbox 270 5438 1840 5570">
     <span class='ocr_line' id='line_1_55' title="bbox 270 5438 1840 5570; baseline 0.013 -29"><span class='ocrx_word' id='word_1_442' title='bbox 270 5438 453 5570; x_wconf 56' lang='lat' dir='ltr'><strong>Iw&quot;</strong></span> <span class='ocrx_word' id='word_1_443' title='bbox 469 5497 680 5570; x_wconf 82' lang='lat' dir='ltr'><strong>nonnulli</strong></span> <span class='ocrx_word' id='word_1_444' title='bbox 695 5476 807 5570; x_wconf 65' lang='lat' dir='ltr'><strong>Mss.</strong></span> <span class='ocrx_word' id='word_1_445' title='bbox 818 5504 999 5570; x_wconf 38' lang='lat' dir='ltr'><strong>_At._F.r.,</strong></span> <span class='ocrx_word' id='word_1_446' title='bbox 1019 5505 1067 5570; x_wconf 62' lang='lat' dir='ltr'><strong>et</strong></span> <span class='ocrx_word' id='word_1_447' title='bbox 1089 5500 1198 5570; x_wconf 74' lang='lat' dir='ltr'><strong>fecit</strong></span> <span class='ocrx_word' id='word_1_448' title='bbox 1221 5516 1304 5554; x_wconf 88' lang='lat' dir='ltr'><strong>nos</strong></span> <span class='ocrx_word' id='word_1_449' title='bbox 1319 5505 1661 5570; x_wconf 66' lang='lat' dir='ltr'><strong>absconditam:</strong></span> <span class='ocrx_word' id='word_1_450' title='bbox 1685 5510 1840 5561; x_wconf 82' lang='lat' dir='ltr'><strong>taber-</strong></span> 
     </span>
    </p>
   </div>
   <div class='ocr_carea' id='block_1_56' title="bbox 269 5559 1844 5631">
    <p class='ocr_par' dir='ltr' id='par_1_56' title="bbox 269 5559 1844 5631">
     <span class='ocr_line' id='line_1_56' title="bbox 269 5559 1844 5631; baseline 0.01 -24"><span class='ocrx_word' id='word_1_451' title='bbox 269 5559 511 5609; x_wconf 80' lang='lat' dir='ltr'><strong>nacultan.</strong></span> <span class='ocrx_word' id='word_1_452' title='bbox 557 5567 685 5631; x_wconf 82' lang='lat' dir='ltr'><strong>Lov_.,</strong></span> <span class='ocrx_word' id='word_1_453' title='bbox 728 5567 774 5609; x_wconf 89' lang='lat' dir='ltr'><strong>et</strong></span> <span class='ocrx_word' id='word_1_454' title='bbox 807 5560 916 5622; x_wconf 79' lang='lat' dir='ltr'><strong>fecit</strong></span> <span class='ocrx_word' id='word_1_455' title='bbox 952 5559 1097 5612; x_wconf 74' lang='lat' dir='ltr'><strong>nobis</strong></span> <span class='ocrx_word' id='word_1_456' title='bbox 1121 5563 1446 5619; x_wconf 67' lang='lat' dir='ltr'><strong>absconditur:</strong></span> <span class='ocrx_word' id='word_1_457' title='bbox 1487 5559 1844 5624; x_wconf 76' lang='lat' dir='ltr'><strong>tabernaculum</strong></span> 
     </span>
    </p>
   </div>
   <div class='ocr_carea' id='block_1_57' title="bbox 267 5635 1470 5753">
    <p class='ocr_par' dir='ltr' id='par_1_57' title="bbox 267 5635 1470 5753">
     <span class='ocr_line' id='line_1_57' title="bbox 267 5635 1470 5753; baseline 0.012 -28"><span class='ocrx_word' id='word_1_458' title='bbox 267 5635 452 5753; x_wconf 46' lang='lat' dir='ltr'><strong>ej&#39;fixsic</strong></span> <span class='ocrx_word' id='word_1_459' title='bbox 473 5689 546 5753; x_wconf 59' lang='lat' dir='ltr'><strong>Er.</strong></span> <span class='ocrx_word' id='word_1_460' title='bbox 568 5689 619 5732; x_wconf 87' lang='lat' dir='ltr'><strong>et</strong></span> <span class='ocrx_word' id='word_1_461' title='bbox 641 5689 743 5753; x_wconf 69' lang='lat' dir='ltr'><strong>Mss.</strong></span> <span class='ocrx_word' id='word_1_462' title='bbox 771 5690 822 5753; x_wconf 56' lang='lat' dir='ltr'><strong>at</strong></span> <span class='ocrx_word' id='word_1_463' title='bbox 845 5689 972 5753; x_wconf 74' lang='lat' dir='ltr'><strong>tov_.,</strong></span> <span class='ocrx_word' id='word_1_464' title='bbox 991 5682 1121 5734; x_wconf 83' lang='lat' dir='ltr'><strong>nulla</strong></span> <span class='ocrx_word' id='word_1_465' title='bbox 1145 5697 1250 5753; x_wconf 80' lang='lat' dir='ltr'><strong>voce</strong></span> <span class='ocrx_word' id='word_1_466' title='bbox 1271 5685 1470 5751; x_wconf 71' lang='lat' dir='ltr'><strong>eﬁ‘abile.</strong></span> 
     </span>
    </p>
   </div>
   <div class='ocr_carea' id='block_1_58' title="bbox 334 5742 1841 5820">
    <p class='ocr_par' dir='ltr' id='par_1_58' title="bbox 334 5742 1841 5820">
     <span class='ocr_line' id='line_1_58' title="bbox 334 5742 1841 5820; baseline 0.013 -30"><span class='ocrx_word' id='word_1_467' title='bbox 334 5743 358 5774; x_wconf 69' lang='grc' dir='ltr'>δ</span> <span class='ocrx_word' id='word_1_468' title='bbox 383 5742 600 5815; x_wconf 73' lang='lat' dir='ltr'><strong>Plerique</strong></span> <span class='ocrx_word' id='word_1_469' title='bbox 618 5752 744 5816; x_wconf 65' lang='lat' dir='ltr'><strong>Mss.</strong></span> <span class='ocrx_word' id='word_1_470' title='bbox 766 5743 815 5794; x_wconf 86' lang='lat' dir='ltr'><strong>in</strong></span> <span class='ocrx_word' id='word_1_471' title='bbox 830 5751 963 5820; x_wconf 71' lang='lat' dir='ltr'><strong>parte</strong></span> <span class='ocrx_word' id='word_1_472' title='bbox 979 5754 1068 5820; x_wconf 56' lang='lat' dir='ltr'><strong>{et</strong></span> <span class='ocrx_word' id='word_1_473' title='bbox 1093 5749 1230 5820; x_wconf 78' lang='lat' dir='ltr'><strong>paulo</strong></span> <span class='ocrx_word' id='word_1_474' title='bbox 1255 5742 1386 5811; x_wconf 64' lang='grc' dir='ltr'><strong>ιόὲιε</strong></span> <span class='ocrx_word' id='word_1_475' title='bbox 1414 5753 1655 5820; x_wconf 84' lang='lat' dir='ltr'><strong>magisque</strong></span> <span class='ocrx_word' id='word_1_476' title='bbox 1677 5756 1719 5806; x_wconf 84' lang='lat' dir='ltr'><strong>si</strong></span> <span class='ocrx_word' id='word_1_477' title='bbox 1747 5757 1841 5808; x_wconf 81' lang='lat' dir='ltr'><strong>cir-</strong></span> 
     </span>
    </p>
   </div>
   <div class='ocr_carea' id='block_1_59' title="bbox 265 5805 1178 5867">
    <p class='ocr_par' dir='ltr' id='par_1_59' title="bbox 265 5805 1178 5867">
     <span class='ocr_line' id='line_1_59' title="bbox 265 5805 1178 5867; baseline 0.002 -12"><span class='ocrx_word' id='word_1_478' title='bbox 265 5817 484 5865; x_wconf 67' lang='lat' dir='ltr'><strong>cumeat,</strong></span> <span class='ocrx_word' id='word_1_479' title='bbox 507 5805 707 5856; x_wconf 70' lang='lat' dir='ltr'><strong>tutith</strong></span> <span class='ocrx_word' id='word_1_480' title='bbox 730 5805 1058 5867; x_wconf 72' lang='lat' dir='ltr'><strong>consideratio,</strong></span> <span class='ocrx_word' id='word_1_481' title='bbox 1085 5805 1178 5858; x_wconf 76' lang='lat' dir='ltr'><strong>etc.</strong></span> 
     </span>
    </p>
   </div>
   <div class='ocr_carea' id='block_1_60' title="bbox 3419 394 3518 471">
    <p class='ocr_par' dir='ltr' id='par_1_60' title="bbox 3419 394 3518 471">
     <span class='ocr_line' id='line_1_60' title="bbox 3419 394 3518 471; baseline 0.01 -1"><span class='ocrx_word' id='word_1_482' title='bbox 3419 394 3518 471; x_wconf 54' lang='lat' dir='ltr'><strong>Sinti</strong></span> 
     </span>
    </p>
   </div>
   <div class='ocr_carea' id='block_1_61' title="bbox 1961 514 3523 596">
    <p class='ocr_par' dir='ltr' id='par_1_61' title="bbox 1961 514 3523 596">
     <span class='ocr_line' id='line_1_61' title="bbox 1961 514 3523 596; baseline 0.013 -31"><span class='ocrx_word' id='word_1_483' title='bbox 1961 514 2198 566; x_wconf 89' lang='lat' dir='ltr'><strong>malimn.</strong></span> <span class='ocrx_word' id='word_1_484' title='bbox 2226 514 2456 570; x_wconf 84' lang='lat' dir='ltr'><strong>Cireumi</strong></span> <span class='ocrx_word' id='word_1_485' title='bbox 2487 517 2656 573; x_wconf 88' lang='lat' dir='ltr'><strong>adlmc</strong></span> <span class='ocrx_word' id='word_1_486' title='bbox 2687 523 2851 578; x_wconf 74' lang='lat' dir='ltr'><strong>cmlos</strong></span> <span class='ocrx_word' id='word_1_487' title='bbox 2876 540 3038 596; x_wconf 90' lang='lat' dir='ltr'><strong>usque</strong></span> <span class='ocrx_word' id='word_1_488' title='bbox 3064 528 3128 580; x_wconf 90' lang='lat' dir='ltr'><strong>ad</strong></span> <span class='ocrx_word' id='word_1_489' title='bbox 3152 536 3366 596; x_wconf 89' lang='lat' dir='ltr'><strong>terram,</strong></span> <span class='ocrx_word' id='word_1_490' title='bbox 3397 532 3523 586; x_wconf 75' lang='lat' dir='ltr'><strong>nihil</strong></span> 
     </span>
    </p>
   </div>
   <div class='ocr_carea' id='block_1_62' title="bbox 1959 597 3523 690">
    <p class='ocr_par' dir='ltr' id='par_1_62' title="bbox 1959 597 3523 690">
     <span class='ocr_line' id='line_1_62' title="bbox 1959 597 3523 690; baseline 0.012 -33"><span class='ocrx_word' id='word_1_491' title='bbox 1959 604 2256 674; x_wconf 86' lang='lat' dir='ltr'><strong>relinquas:</strong></span> <span class='ocrx_word' id='word_1_492' title='bbox 2288 607 2517 677; x_wconf 85' lang='lat' dir='ltr'><strong>undique</strong></span> <span class='ocrx_word' id='word_1_493' title='bbox 2549 597 2638 664; x_wconf 90' lang='lat' dir='ltr'><strong>tibi</strong></span> <span class='ocrx_word' id='word_1_494' title='bbox 2665 614 2838 669; x_wconf 89' lang='lat' dir='ltr'><strong>omnia</strong></span> <span class='ocrx_word' id='word_1_495' title='bbox 2884 629 3131 673; x_wconf 87' lang='lat' dir='ltr'><strong>resonant</strong></span> <span class='ocrx_word' id='word_1_496' title='bbox 3159 621 3523 690; x_wconf 84' lang='lat' dir='ltr'><strong>conditorem;</strong></span> 
     </span>
    </p>
   </div>
   <div class='ocr_carea' id='block_1_63' title="bbox 1958 698 3524 782">
    <p class='ocr_par' dir='ltr' id='par_1_63' title="bbox 1958 698 3524 782">
     <span class='ocr_line' id='line_1_63' title="bbox 1958 698 3524 782; baseline 0.011 -32"><span class='ocrx_word' id='word_1_497' title='bbox 1958 706 2012 750; x_wconf 89' lang='lat' dir='ltr'><strong>et</strong></span> <span class='ocrx_word' id='word_1_498' title='bbox 2058 698 2184 766; x_wconf 74' lang='lat' dir='ltr'><strong>ipse</strong></span> <span class='ocrx_word' id='word_1_499' title='bbox 2227 700 2430 768; x_wconf 89' lang='lat' dir='ltr'><strong>species</strong></span> <span class='ocrx_word' id='word_1_500' title='bbox 2477 713 2856 768; x_wconf 87' lang='lat' dir='ltr'><strong>creaturarum,</strong></span> <span class='ocrx_word' id='word_1_501' title='bbox 2919 724 3076 766; x_wconf 87' lang='lat' dir='ltr'><strong>voces</strong></span> <span class='ocrx_word' id='word_1_502' title='bbox 3113 720 3236 766; x_wconf 83' lang='lat' dir='ltr'><strong>sunt</strong></span> <span class='ocrx_word' id='word_1_503' title='bbox 3285 715 3524 782; x_wconf 70' lang='lat' dir='ltr'><strong>qumdam</strong></span> 
     </span>
    </p>
   </div>
   <div class='ocr_carea' id='block_1_64' title="bbox 1957 790 3524 870">
    <p class='ocr_par' dir='ltr' id='par_1_64' title="bbox 1957 790 3524 870">
     <span class='ocr_line' id='line_1_64' title="bbox 1957 790 3524 870; baseline 0.011 -28"><span class='ocrx_word' id='word_1_504' title='bbox 1957 797 2247 842; x_wconf 88' lang='lat' dir='ltr'><strong>creatorem</strong></span> <span class='ocrx_word' id='word_1_505' title='bbox 2272 790 2615 847; x_wconf 85' lang='lat' dir='ltr'><strong>laudantium.</strong></span> <span class='ocrx_word' id='word_1_506' title='bbox 2636 794 2764 863; x_wconf 89' lang='lat' dir='ltr'><strong>Quis</strong></span> <span class='ocrx_word' id='word_1_507' title='bbox 2785 807 2956 852; x_wconf 87' lang='lat' dir='ltr'><strong>autem</strong></span> <span class='ocrx_word' id='word_1_508' title='bbox 2979 803 3207 870; x_wconf 78' lang='lat' dir='ltr'><strong>explicet</strong></span> <span class='ocrx_word' id='word_1_509' title='bbox 3230 805 3524 859; x_wconf 78' lang='lat' dir='ltr'><strong>universam</strong></span> 
     </span>
    </p>
   </div>
   <div class='ocr_carea' id='block_1_65' title="bbox 1958 882 3529 967">
    <p class='ocr_par' dir='ltr' id='par_1_65' title="bbox 1958 882 3529 967">
     <span class='ocr_line' id='line_1_65' title="bbox 1958 882 3529 967; baseline 0.011 -36"><span class='ocrx_word' id='word_1_510' title='bbox 1958 890 2252 934; x_wconf 81' lang='lat' dir='ltr'><strong>creaturam</strong></span> <span class='ocrx_word' id='word_1_511' title='bbox 2279 882 2301 934; x_wconf 89' lang='lat'><strong>?</strong></span> <span class='ocrx_word' id='word_1_512' title='bbox 2344 885 2458 954; x_wconf 87' lang='lat' dir='ltr'><strong>quis</strong></span> <span class='ocrx_word' id='word_1_513' title='bbox 2495 886 2632 940; x_wconf 90' lang='lat' dir='ltr'><strong>illam</strong></span> <span class='ocrx_word' id='word_1_514' title='bbox 2668 890 2890 956; x_wconf 70' lang='lat' dir='ltr'><strong>esplicet</strong></span> <span class='ocrx_word' id='word_1_515' title='bbox 2919 891 3202 948; x_wconf 86' lang='lat' dir='ltr'><strong>laudibus?</strong></span> <span class='ocrx_word' id='word_1_516' title='bbox 3231 898 3346 966; x_wconf 88' lang='lat' dir='ltr'><strong>quis</strong></span> <span class='ocrx_word' id='word_1_517' title='bbox 3372 899 3529 967; x_wconf 78' lang='lat' dir='ltr'><strong>digne.</strong></span> 
     </span>
    </p>
   </div>
   <div class='ocr_carea' id='block_1_66' title="bbox 1960 968 3529 1055">
    <p class='ocr_par' dir='ltr' id='par_1_66' title="bbox 1960 968 3529 1055">
     <span class='ocr_line' id='line_1_66' title="bbox 1960 968 3529 1055; baseline 0.014 -35"><span class='ocrx_word' id='word_1_518' title='bbox 1960 968 2135 1023; x_wconf 63' lang='lat' dir='ltr'><strong>laudet</strong></span> <span class='ocrx_word' id='word_1_519' title='bbox 2164 974 2354 1027; x_wconf 68' lang='lat' dir='ltr'><strong>omium</strong></span> <span class='ocrx_word' id='word_1_520' title='bbox 2382 985 2434 1029; x_wconf 88' lang='lat' dir='ltr'><strong>et</strong></span> <span class='ocrx_word' id='word_1_521' title='bbox 2465 985 2677 1044; x_wconf 88' lang='lat' dir='ltr'><strong>terram,</strong></span> <span class='ocrx_word' id='word_1_522' title='bbox 2721 974 2885 1046; x_wconf 87' lang='lat' dir='ltr'><strong>mare,</strong></span> <span class='ocrx_word' id='word_1_523' title='bbox 2921 993 2974 1037; x_wconf 89' lang='lat' dir='ltr'><strong>et</strong></span> <span class='ocrx_word' id='word_1_524' title='bbox 2998 986 3170 1038; x_wconf 89' lang='lat' dir='ltr'><strong>omnia</strong></span> <span class='ocrx_word' id='word_1_525' title='bbox 3200 1003 3316 1055; x_wconf 68' lang='lat' dir='ltr'><strong>qua:</strong></span> <span class='ocrx_word' id='word_1_526' title='bbox 3362 989 3411 1042; x_wconf 92' lang='lat' dir='ltr'><strong>in</strong></span> <span class='ocrx_word' id='word_1_527' title='bbox 3453 991 3529 1042; x_wconf 81' lang='lat' dir='ltr'><strong>eis</strong></span> 
     </span>
    </p>
   </div>
   <div class='ocr_carea' id='block_1_67' title="bbox 1958 1061 3512 1146">
    <p class='ocr_par' dir='ltr' id='par_1_67' title="bbox 1958 1061 3512 1146">
     <span class='ocr_line' id='line_1_67' title="bbox 1958 1061 3512 1146; baseline 0.014 -35"><span class='ocrx_word' id='word_1_528' title='bbox 1958 1061 2120 1113; x_wconf 90' lang='lat' dir='ltr'><strong>sunt?</strong></span> <span class='ocrx_word' id='word_1_529' title='bbox 2149 1061 2211 1115; x_wconf 86' lang='lat' dir='ltr'><strong>Et</strong></span> <span class='ocrx_word' id='word_1_530' title='bbox 2239 1063 2335 1116; x_wconf 80' lang='lat' dir='ltr'><strong>ista</strong></span> <span class='ocrx_word' id='word_1_531' title='bbox 2362 1067 2570 1133; x_wconf 87' lang='lat' dir='ltr'><strong>quidem</strong></span> <span class='ocrx_word' id='word_1_532' title='bbox 2604 1068 2851 1146; x_wconf 74' lang='lat' dir='ltr'><strong>visibilia.</strong></span> <span class='ocrx_word' id='word_1_533' title='bbox 2887 1071 3014 1138; x_wconf 83' lang='lat' dir='ltr'><strong>Quis</strong></span> <span class='ocrx_word' id='word_1_534' title='bbox 3035 1074 3190 1144; x_wconf 82' lang='lat' dir='ltr'><strong>digne</strong></span> <span class='ocrx_word' id='word_1_535' title='bbox 3214 1076 3388 1132; x_wconf 88' lang='lat' dir='ltr'><strong>laudet</strong></span> <span class='ocrx_word' id='word_1_536' title='bbox 3417 1081 3512 1132; x_wconf 80' lang='lat' dir='ltr'><strong>An-</strong></span> 
     </span>
    </p>
   </div>
   <div class='ocr_carea' id='block_1_68' title="bbox 1955 1151 3518 1233">
    <p class='ocr_par' dir='ltr' id='par_1_68' title="bbox 1955 1151 3518 1233">
     <span class='ocr_line' id='line_1_68' title="bbox 1955 1151 3518 1233; baseline 0.015 -32"><span class='ocrx_word' id='word_1_537' title='bbox 1955 1151 2122 1222; x_wconf 70' lang='lat' dir='ltr'><strong>gelos,</strong></span> <span class='ocrx_word' id='word_1_538' title='bbox 2153 1153 2336 1218; x_wconf 87' lang='lat' dir='ltr'><strong>Sedes,</strong></span> <span class='ocrx_word' id='word_1_539' title='bbox 2369 1154 2780 1224; x_wconf 89' lang='lat' dir='ltr'><strong>Dominationes,</strong></span> <span class='ocrx_word' id='word_1_540' title='bbox 2827 1163 3173 1233; x_wconf 83' lang='lat' dir='ltr'><strong>Principatus,</strong></span> <span class='ocrx_word' id='word_1_541' title='bbox 3204 1175 3259 1221; x_wconf 89' lang='lat' dir='ltr'><strong>et</strong></span> <span class='ocrx_word' id='word_1_542' title='bbox 3288 1168 3518 1223; x_wconf 84' lang='lat' dir='ltr'><strong>Potesta-</strong></span> 
     </span>
    </p>
   </div>
   <div class='ocr_carea' id='block_1_69' title="bbox 1961 1244 3522 1324">
    <p class='ocr_par' dir='ltr' id='par_1_69' title="bbox 1961 1244 3522 1324">
     <span class='ocr_line' id='line_1_69' title="bbox 1961 1244 3522 1324; baseline 0.01 -28"><span class='ocrx_word' id='word_1_543' title='bbox 1961 1244 2082 1298; x_wconf 90' lang='lat' dir='ltr'><strong>tes?</strong></span> <span class='ocrx_word' id='word_1_544' title='bbox 2127 1245 2255 1312; x_wconf 74' lang='lat' dir='ltr'><strong>Quis</strong></span> <span class='ocrx_word' id='word_1_545' title='bbox 2281 1245 2434 1314; x_wconf 84' lang='lat' dir='ltr'><strong>digne</strong></span> <span class='ocrx_word' id='word_1_546' title='bbox 2465 1247 2641 1302; x_wconf 87' lang='lat' dir='ltr'><strong>laudet</strong></span> <span class='ocrx_word' id='word_1_547' title='bbox 2672 1249 2770 1304; x_wconf 89' lang='lat' dir='ltr'><strong>hoc</strong></span> <span class='ocrx_word' id='word_1_548' title='bbox 2809 1253 2975 1321; x_wconf 88' lang='lat' dir='ltr'><strong>ipsum</strong></span> <span class='ocrx_word' id='word_1_549' title='bbox 3006 1256 3143 1324; x_wconf 90' lang='lat' dir='ltr'><strong>quod</strong></span> <span class='ocrx_word' id='word_1_550' title='bbox 3188 1259 3238 1310; x_wconf 90' lang='lat' dir='ltr'><strong>in</strong></span> <span class='ocrx_word' id='word_1_551' title='bbox 3270 1259 3420 1314; x_wconf 84' lang='lat' dir='ltr'><strong>nobis</strong></span> <span class='ocrx_word' id='word_1_552' title='bbox 3449 1261 3522 1312; x_wconf 83' lang='lat' dir='ltr'><strong>vi-</strong></span> 
     </span>
    </p>
   </div>
   <div class='ocr_carea' id='block_1_70' title="bbox 1957 1347 3527 1412">
    <p class='ocr_par' dir='ltr' id='par_1_70' title="bbox 1957 1347 3527 1412">
     <span class='ocr_line' id='line_1_70' title="bbox 1957 1347 3527 1412; baseline 0.012 -24"><span class='ocrx_word' id='word_1_553' title='bbox 1957 1347 2064 1404; x_wconf 82' lang='lat' dir='ltr'><strong>get,</strong></span> <span class='ocrx_word' id='word_1_554' title='bbox 2095 1347 2344 1408; x_wconf 79' lang='lat' dir='ltr'><strong>vegetans</strong></span> <span class='ocrx_word' id='word_1_555' title='bbox 2373 1355 2584 1410; x_wconf 84' lang='lat' dir='ltr'><strong>corpus,</strong></span> <span class='ocrx_word' id='word_1_556' title='bbox 2624 1358 2840 1399; x_wconf 83' lang='lat' dir='ltr'><strong>movens</strong></span> <span class='ocrx_word' id='word_1_557' title='bbox 2871 1348 3126 1412; x_wconf 85' lang='lat' dir='ltr'><strong>membra,</strong></span> <span class='ocrx_word' id='word_1_558' title='bbox 3160 1366 3347 1406; x_wconf 80' lang='lat' dir='ltr'><strong>sensus</strong></span> <span class='ocrx_word' id='word_1_559' title='bbox 3375 1370 3527 1407; x_wconf 80' lang='lat' dir='ltr'><strong>exse-</strong></span> 
     </span>
    </p>
   </div>
   <div class='ocr_carea' id='block_1_71' title="bbox 1961 1430 3530 1507">
    <p class='ocr_par' dir='ltr' id='par_1_71' title="bbox 1961 1430 3530 1507">
     <span class='ocr_line' id='line_1_71' title="bbox 1961 1430 3530 1507; baseline 0.013 -27"><span class='ocrx_word' id='word_1_560' title='bbox 1961 1430 2142 1494; x_wconf 80' lang='lat' dir='ltr'><strong>rens‘,</strong></span> <span class='ocrx_word' id='word_1_561' title='bbox 2183 1438 2236 1483; x_wconf 88' lang='lat' dir='ltr'><strong>et</strong></span> <span class='ocrx_word' id='word_1_562' title='bbox 2263 1435 2510 1487; x_wconf 87' lang='lat' dir='ltr'><strong>memoria</strong></span> <span class='ocrx_word' id='word_1_563' title='bbox 2537 1444 2640 1490; x_wconf 91' lang='lat' dir='ltr'><strong>tam</strong></span> <span class='ocrx_word' id='word_1_564' title='bbox 2671 1436 2832 1490; x_wconf 87' lang='lat' dir='ltr'><strong>multa</strong></span> <span class='ocrx_word' id='word_1_565' title='bbox 2861 1441 3236 1507; x_wconf 85' lang='lat' dir='ltr'><strong>complectens,</strong></span> <span class='ocrx_word' id='word_1_566' title='bbox 3265 1444 3530 1501; x_wconf 79' lang='lat' dir='ltr'><strong>intellectu</strong></span> 
     </span>
    </p>
   </div>
   <div class='ocr_carea' id='block_1_72' title="bbox 1961 1520 3528 1600">
    <p class='ocr_par' dir='ltr' id='par_1_72' title="bbox 1961 1520 3528 1600">
     <span class='ocr_line' id='line_1_72' title="bbox 1961 1520 3528 1600; baseline 0.013 -32"><span class='ocrx_word' id='word_1_567' title='bbox 1961 1525 2065 1569; x_wconf 91' lang='lat' dir='ltr'><strong>tam</strong></span> <span class='ocrx_word' id='word_1_568' title='bbox 2111 1520 2271 1572; x_wconf 89' lang='lat' dir='ltr'><strong>multa</strong></span> <span class='ocrx_word' id='word_1_569' title='bbox 2318 1521 2646 1591; x_wconf 88' lang='lat' dir='ltr'><strong>discernens,</strong></span> <span class='ocrx_word' id='word_1_570' title='bbox 2695 1525 2811 1596; x_wconf 87' lang='lat' dir='ltr'><strong>quis</strong></span> <span class='ocrx_word' id='word_1_571' title='bbox 2852 1527 3010 1600; x_wconf 81' lang='lat' dir='ltr'><strong>digne</strong></span> <span class='ocrx_word' id='word_1_572' title='bbox 3043 1529 3260 1586; x_wconf 87' lang='lat' dir='ltr'><strong>laudet?</strong></span> <span class='ocrx_word' id='word_1_573' title='bbox 3295 1533 3364 1587; x_wconf 79' lang='lat' dir='ltr'><strong>At</strong></span> <span class='ocrx_word' id='word_1_574' title='bbox 3398 1536 3443 1588; x_wconf 90' lang='lat' dir='ltr'><strong>si</strong></span> <span class='ocrx_word' id='word_1_575' title='bbox 3479 1536 3528 1588; x_wconf 92' lang='lat' dir='ltr'><strong>in</strong></span> 
     </span>
    </p>
   </div>
   <div class='ocr_carea' id='block_1_73' title="bbox 1960 1607 3530 1691">
    <p class='ocr_par' dir='ltr' id='par_1_73' title="bbox 1960 1607 3530 1691">
     <span class='ocr_line' id='line_1_73' title="bbox 1960 1607 3530 1691; baseline 0.014 -31"><span class='ocrx_word' id='word_1_576' title='bbox 1960 1607 2074 1662; x_wconf 89' lang='lat' dir='ltr'><strong>istis</strong></span> <span class='ocrx_word' id='word_1_577' title='bbox 2120 1613 2373 1668; x_wconf 88' lang='lat' dir='ltr'><strong>creaturis</strong></span> <span class='ocrx_word' id='word_1_578' title='bbox 2426 1615 2516 1669; x_wconf 90' lang='lat' dir='ltr'><strong>Dei</strong></span> <span class='ocrx_word' id='word_1_579' title='bbox 2566 1618 2642 1671; x_wconf 89' lang='lat' dir='ltr'><strong>sic</strong></span> <span class='ocrx_word' id='word_1_580' title='bbox 2694 1618 2896 1675; x_wconf 79' lang='lat' dir='ltr'><strong>laborat</strong></span> <span class='ocrx_word' id='word_1_581' title='bbox 2939 1624 3200 1682; x_wconf 86' lang='lat' dir='ltr'><strong>humanus</strong></span> <span class='ocrx_word' id='word_1_582' title='bbox 3235 1631 3431 1691; x_wconf 86' lang='lat' dir='ltr'><strong>sermo,</strong></span> <span class='ocrx_word' id='word_1_583' title='bbox 3479 1627 3530 1682; x_wconf 90' lang='lat' dir='ltr'><strong>in</strong></span> 
     </span>
    </p>
   </div>
   <div class='ocr_carea' id='block_1_74' title="bbox 1958 1705 3534 1778">
    <p class='ocr_par' dir='ltr' id='par_1_74' title="bbox 1958 1705 3534 1778">
     <span class='ocr_line' id='line_1_74' title="bbox 1958 1705 3534 1778; baseline 0.016 -25"><span class='ocrx_word' id='word_1_584' title='bbox 1958 1712 2198 1756; x_wconf 87' lang='lat' dir='ltr'><strong>creatore</strong></span> <span class='ocrx_word' id='word_1_585' title='bbox 2226 1705 2348 1773; x_wconf 91' lang='lat' dir='ltr'><strong>quid</strong></span> <span class='ocrx_word' id='word_1_586' title='bbox 2376 1707 2500 1776; x_wconf 80' lang='lat' dir='ltr'><strong>agit,</strong></span> <span class='ocrx_word' id='word_1_587' title='bbox 2533 1710 2630 1762; x_wconf 91' lang='lat' dir='ltr'><strong>nisi</strong></span> <span class='ocrx_word' id='word_1_588' title='bbox 2656 1712 2766 1766; x_wconf 83' lang='lat' dir='ltr'><strong>sola</strong></span> <span class='ocrx_word' id='word_1_589' title='bbox 2793 1724 2955 1770; x_wconf 85' lang='lat' dir='ltr'><strong>restet</strong></span> <span class='ocrx_word' id='word_1_590' title='bbox 2979 1730 3224 1773; x_wconf 88' lang='lat' dir='ltr'><strong>sermone</strong></span> <span class='ocrx_word' id='word_1_591' title='bbox 3250 1717 3534 1778; x_wconf 79' lang='lat' dir='ltr'><strong>deficiente</strong></span> 
     </span>
    </p>
   </div>
   <div class='ocr_carea' id='block_1_75' title="bbox 1954 1794 3534 1885">
    <p class='ocr_par' dir='ltr' id='par_1_75' title="bbox 1954 1794 3534 1885">
     <span class='ocr_line' id='line_1_75' title="bbox 1954 1794 3534 1885; baseline 0.016 -39"><span class='ocrx_word' id='word_1_592' title='bbox 1954 1794 2233 1863; x_wconf 88' lang='lat' dir='ltr'><strong>jubilatio?</strong></span> <span class='ocrx_word' id='word_1_593' title='bbox 2279 1799 2565 1869; x_wconf 84' lang='lat' dir='ltr'><strong>Circuntivi,</strong></span> <span class='ocrx_word' id='word_1_594' title='bbox 2606 1815 2652 1858; x_wconf 88' lang='lat' dir='ltr'><strong>et</strong></span> <span class='ocrx_word' id='word_1_595' title='bbox 2691 1806 2944 1862; x_wconf 82' lang='lat' dir='ltr'><strong>immolari</strong></span> <span class='ocrx_word' id='word_1_596' title='bbox 2985 1811 3036 1864; x_wconf 88' lang='lat' dir='ltr'><strong>in</strong></span> <span class='ocrx_word' id='word_1_597' title='bbox 3072 1814 3395 1870; x_wconf 84' lang='lat' dir='ltr'><strong>tabernaculo</strong></span> <span class='ocrx_word' id='word_1_598' title='bbox 3418 1818 3534 1885; x_wconf 78' lang='lat' dir='ltr'><strong>ejus</strong></span> 
     </span>
    </p>
   </div>
   <div class='ocr_carea' id='block_1_76' title="bbox 1960 1888 2527 1960">
    <p class='ocr_par' dir='ltr' id='par_1_76' title="bbox 1960 1888 2527 1960">
     <span class='ocr_line' id='line_1_76' title="bbox 1960 1888 2527 1960; baseline 0.014 -20"><span class='ocrx_word' id='word_1_599' title='bbox 1960 1888 2171 1943; x_wconf 85' lang='lat' dir='ltr'><strong>hostiam</strong></span> <span class='ocrx_word' id='word_1_600' title='bbox 2187 1891 2527 1960; x_wconf 83' lang='lat' dir='ltr'><strong>jubilationis.</strong></span> 
     </span>
    </p>
   </div>
   <div class='ocr_carea' id='block_1_77' title="bbox 1965 1980 3533 2058">
    <p class='ocr_par' dir='ltr' id='par_1_77' title="bbox 1965 1980 3533 2058">
     <span class='ocr_line' id='line_1_77' title="bbox 1965 1980 3533 2058; baseline 0.01 -26"><span class='ocrx_word' id='word_1_601' title='bbox 1965 2037 1977 2057; x_wconf 44' lang='grc' dir='ltr'><strong>ε</strong></span> <span class='ocrx_word' id='word_1_602' title='bbox 2033 1980 2119 2034; x_wconf 81' lang='lat' dir='ltr'><strong>l5.</strong></span> <span class='ocrx_word' id='word_1_603' title='bbox 2162 1981 2255 2036; x_wconf 88' lang='lat' dir='ltr'><strong>Est</strong></span> <span class='ocrx_word' id='word_1_604' title='bbox 2297 1993 2348 2038; x_wconf 89' lang='lat' dir='ltr'><strong>et</strong></span> <span class='ocrx_word' id='word_1_605' title='bbox 2389 1984 2524 2040; x_wconf 87' lang='lat' dir='ltr'><strong>alius</strong></span> <span class='ocrx_word' id='word_1_606' title='bbox 2549 2001 2756 2052; x_wconf 89' lang='lat' dir='ltr'><strong>sensus,</strong></span> <span class='ocrx_word' id='word_1_607' title='bbox 2801 1989 2888 2058; x_wconf 88' lang='lat' dir='ltr'><strong>qui</strong></span> <span class='ocrx_word' id='word_1_608' title='bbox 2915 1991 3040 2044; x_wconf 89' lang='lat' dir='ltr'><strong>mihi</strong></span> <span class='ocrx_word' id='word_1_609' title='bbox 3071 1992 3278 2046; x_wconf 85' lang='lat' dir='ltr'><strong>videtur</strong></span> <span class='ocrx_word' id='word_1_610' title='bbox 3303 1995 3365 2046; x_wconf 90' lang='lat' dir='ltr'><strong>ad</strong></span> <span class='ocrx_word' id='word_1_611' title='bbox 3406 2010 3533 2048; x_wconf 79' lang='lat' dir='ltr'><strong>eon-</strong></span> 
     </span>
    </p>
   </div>
   <div class='ocr_carea' id='block_1_78' title="bbox 1962 2071 3534 2148">
    <p class='ocr_par' dir='ltr' id='par_1_78' title="bbox 1962 2071 3534 2148">
     <span class='ocr_line' id='line_1_78' title="bbox 1962 2071 3534 2148; baseline 0.011 -26"><span class='ocrx_word' id='word_1_612' title='bbox 1962 2071 2244 2125; x_wconf 84' lang='lat' dir='ltr'><strong>textionem</strong></span> <span class='ocrx_word' id='word_1_613' title='bbox 2267 2073 2656 2146; x_wconf 78' lang='lat' dir='ltr'><strong>Psalmimagis</strong></span> <span class='ocrx_word' id='word_1_614' title='bbox 2677 2081 2962 2148; x_wconf 84' lang='lat' dir='ltr'><strong>pertinere.</strong></span> <span class='ocrx_word' id='word_1_615' title='bbox 2994 2081 3124 2148; x_wconf 84' lang='lat' dir='ltr'><strong>Quia</strong></span> <span class='ocrx_word' id='word_1_616' title='bbox 3157 2085 3297 2136; x_wconf 90' lang='lat' dir='ltr'><strong>enim</strong></span> <span class='ocrx_word' id='word_1_617' title='bbox 3328 2085 3534 2139; x_wconf 79' lang='lat' dir='ltr'><strong>dixerat</strong></span> 
     </span>
    </p>
   </div>
   <div class='ocr_carea' id='block_1_79' title="bbox 1961 2159 3534 2244">
    <p class='ocr_par' dir='ltr' id='par_1_79' title="bbox 1961 2159 3534 2244">
     <span class='ocr_line' id='line_1_79' title="bbox 1961 2159 3534 2244; baseline 0.01 -32"><span class='ocrx_word' id='word_1_618' title='bbox 1961 2159 2010 2212; x_wconf 87' lang='lat' dir='ltr'><strong>in</strong></span> <span class='ocrx_word' id='word_1_619' title='bbox 2042 2170 2188 2231; x_wconf 89' lang='lat' dir='ltr'><strong>petra</strong></span> <span class='ocrx_word' id='word_1_620' title='bbox 2230 2178 2289 2218; x_wconf 88' lang='lat' dir='ltr'><strong>se</strong></span> <span class='ocrx_word' id='word_1_621' title='bbox 2331 2166 2638 2233; x_wconf 79' lang='lat' dir='ltr'><strong>exaltatum,</strong></span> <span class='ocrx_word' id='word_1_622' title='bbox 2688 2169 2826 2238; x_wconf 90' lang='lat' dir='ltr'><strong>quod</strong></span> <span class='ocrx_word' id='word_1_623' title='bbox 2860 2184 2941 2225; x_wconf 70' lang='lat' dir='ltr'><strong>est</strong></span> <span class='ocrx_word' id='word_1_624' title='bbox 2967 2169 3239 2236; x_wconf 89' lang='lat' dir='ltr'><strong>Christus;</strong></span> <span class='ocrx_word' id='word_1_625' title='bbox 3279 2186 3333 2228; x_wconf 90' lang='lat' dir='ltr'><strong>et</strong></span> <span class='ocrx_word' id='word_1_626' title='bbox 3379 2186 3534 2244; x_wconf 88' lang='lat' dir='ltr'><strong>caput</strong></span> 
     </span>
    </p>
   </div>
   <div class='ocr_carea' id='block_1_80' title="bbox 1959 2254 3534 2333">
    <p class='ocr_par' dir='ltr' id='par_1_80' title="bbox 1959 2254 3534 2333">
     <span class='ocr_line' id='line_1_80' title="bbox 1959 2254 3534 2333; baseline 0.01 -29"><span class='ocrx_word' id='word_1_627' title='bbox 1959 2264 2109 2305; x_wconf 91' lang='lat' dir='ltr'><strong>suum</strong></span> <span class='ocrx_word' id='word_1_628' title='bbox 2139 2254 2427 2310; x_wconf 83' lang='lat' dir='ltr'><strong>exaltatum</strong></span> <span class='ocrx_word' id='word_1_629' title='bbox 2453 2272 2615 2329; x_wconf 88' lang='lat' dir='ltr'><strong>super</strong></span> <span class='ocrx_word' id='word_1_630' title='bbox 2639 2259 2882 2316; x_wconf 84' lang='lat' dir='ltr'><strong>inimicos</strong></span> <span class='ocrx_word' id='word_1_631' title='bbox 2908 2276 3054 2328; x_wconf 87' lang='lat' dir='ltr'><strong>suos,</strong></span> <span class='ocrx_word' id='word_1_632' title='bbox 3105 2265 3245 2333; x_wconf 87' lang='lat' dir='ltr'><strong>quod</strong></span> <span class='ocrx_word' id='word_1_633' title='bbox 3273 2275 3354 2320; x_wconf 87' lang='lat' dir='ltr'><strong>est</strong></span> <span class='ocrx_word' id='word_1_634' title='bbox 3378 2266 3534 2321; x_wconf 82' lang='lat' dir='ltr'><strong>Chri-</strong></span> 
     </span>
    </p>
   </div>
   <div class='ocr_carea' id='block_1_81' title="bbox 1959 2344 3532 2422">
    <p class='ocr_par' dir='ltr' id='par_1_81' title="bbox 1959 2344 3532 2422">
     <span class='ocr_line' id='line_1_81' title="bbox 1959 2344 3532 2422; baseline 0.012 -26"><span class='ocrx_word' id='word_1_635' title='bbox 1959 2353 2072 2397; x_wconf 90' lang='lat' dir='ltr'><strong>stus</strong></span> <span class='ocrx_word' id='word_1_636' title='bbox 2101 2359 2114 2396; x_wconf 91' lang='lat'>:</span> <span class='ocrx_word' id='word_1_637' title='bbox 2144 2344 2302 2400; x_wconf 89' lang='lat' dir='ltr'><strong>etiam</strong></span> <span class='ocrx_word' id='word_1_638' title='bbox 2329 2360 2407 2415; x_wconf 86' lang='lat' dir='ltr'><strong>se,</strong></span> <span class='ocrx_word' id='word_1_639' title='bbox 2452 2350 2538 2419; x_wconf 91' lang='lat' dir='ltr'><strong>qui</strong></span> <span class='ocrx_word' id='word_1_640' title='bbox 2571 2351 2621 2404; x_wconf 90' lang='lat' dir='ltr'><strong>in</strong></span> <span class='ocrx_word' id='word_1_641' title='bbox 2652 2359 2798 2420; x_wconf 89' lang='lat' dir='ltr'><strong>petra</strong></span> <span class='ocrx_word' id='word_1_642' title='bbox 2828 2354 3088 2410; x_wconf 81' lang='lat' dir='ltr'><strong>exaltatus</strong></span> <span class='ocrx_word' id='word_1_643' title='bbox 3122 2367 3221 2422; x_wconf 87' lang='lat' dir='ltr'><strong>est,</strong></span> <span class='ocrx_word' id='word_1_644' title='bbox 3269 2359 3320 2412; x_wconf 91' lang='lat' dir='ltr'><strong>in</strong></span> <span class='ocrx_word' id='word_1_645' title='bbox 3345 2358 3532 2415; x_wconf 88' lang='lat' dir='ltr'><strong>eodem</strong></span> 
     </span>
    </p>
   </div>
   <div class='ocr_carea' id='block_1_82' title="bbox 1957 2432 3534 2516">
    <p class='ocr_par' dir='ltr' id='par_1_82' title="bbox 1957 2432 3534 2516">
     <span class='ocr_line' id='line_1_82' title="bbox 1957 2432 3534 2516; baseline 0.013 -32"><span class='ocrx_word' id='word_1_646' title='bbox 1957 2432 2130 2501; x_wconf 83' lang='lat' dir='ltr'><strong>capite</strong></span> <span class='ocrx_word' id='word_1_647' title='bbox 2174 2452 2269 2488; x_wconf 88' lang='lat' dir='ltr'><strong>suo</strong></span> <span class='ocrx_word' id='word_1_648' title='bbox 2304 2437 2590 2493; x_wconf 85' lang='lat' dir='ltr'><strong>exaltatum</strong></span> <span class='ocrx_word' id='word_1_649' title='bbox 2635 2441 2853 2512; x_wconf 80' lang='lat' dir='ltr'><strong>intelligi</strong></span> <span class='ocrx_word' id='word_1_650' title='bbox 2887 2444 3053 2498; x_wconf 86' lang='lat' dir='ltr'><strong>voluit</strong></span> <span class='ocrx_word' id='word_1_651' title='bbox 3091 2460 3251 2516; x_wconf 86' lang='lat' dir='ltr'><strong>super</strong></span> <span class='ocrx_word' id='word_1_652' title='bbox 3295 2448 3534 2504; x_wconf 86' lang='lat' dir='ltr'><strong>inimicos</strong></span> 
     </span>
    </p>
   </div>
   <div class='ocr_carea' id='block_1_83' title="bbox 1957 2521 3535 2602">
    <p class='ocr_par' dir='ltr' id='par_1_83' title="bbox 1957 2521 3535 2602">
     <span class='ocr_line' id='line_1_83' title="bbox 1957 2521 3535 2602; baseline 0.013 -29"><span class='ocrx_word' id='word_1_653' title='bbox 1957 2534 2102 2587; x_wconf 89' lang='lat' dir='ltr'><strong>suos,</strong></span> <span class='ocrx_word' id='word_1_654' title='bbox 2145 2524 2380 2581; x_wconf 74' lang='lat' dir='ltr'><strong>referens</strong></span> <span class='ocrx_word' id='word_1_655' title='bbox 2411 2528 2510 2584; x_wconf 91' lang='lat' dir='ltr'><strong>hoc</strong></span> <span class='ocrx_word' id='word_1_656' title='bbox 2551 2530 2616 2584; x_wconf 88' lang='lat' dir='ltr'><strong>ad</strong></span> <span class='ocrx_word' id='word_1_657' title='bbox 2658 2531 2914 2586; x_wconf 90' lang='lat' dir='ltr'><strong>honorem</strong></span> <span class='ocrx_word' id='word_1_658' title='bbox 2959 2521 3227 2602; x_wconf 68' lang='lat' dir='ltr'><strong>Ecclesim,</strong></span> <span class='ocrx_word' id='word_1_659' title='bbox 3266 2540 3347 2592; x_wconf 88' lang='lat' dir='ltr'><strong>eui</strong></span> <span class='ocrx_word' id='word_1_660' title='bbox 3375 2541 3535 2594; x_wconf 78' lang='lat' dir='ltr'><strong>cessit</strong></span> 
     </span>
    </p>
   </div>
   <div class='ocr_carea' id='block_1_84' title="bbox 1959 2609 3535 2693">
    <p class='ocr_par' dir='ltr' id='par_1_84' title="bbox 1959 2609 3535 2693">
     <span class='ocr_line' id='line_1_84' title="bbox 1959 2609 3535 2693; baseline 0.013 -30"><span class='ocrx_word' id='word_1_661' title='bbox 1959 2609 2288 2670; x_wconf 91' lang='lat' dir='ltr'><strong>inimicorum</strong></span> <span class='ocrx_word' id='word_1_662' title='bbox 2321 2621 2616 2686; x_wconf 88' lang='lat' dir='ltr'><strong>persecutio</strong></span> <span class='ocrx_word' id='word_1_663' title='bbox 2645 2638 2658 2674; x_wconf 91' lang='lat'><strong>:</strong></span> <span class='ocrx_word' id='word_1_664' title='bbox 2691 2631 2742 2676; x_wconf 85' lang='lat' dir='ltr'><strong>et</strong></span> <span class='ocrx_word' id='word_1_665' title='bbox 2772 2624 2891 2692; x_wconf 87' lang='lat' dir='ltr'><strong>quia</strong></span> <span class='ocrx_word' id='word_1_666' title='bbox 2925 2624 3024 2678; x_wconf 89' lang='lat' dir='ltr'><strong>hoc</strong></span> <span class='ocrx_word' id='word_1_667' title='bbox 3061 2640 3156 2693; x_wconf 88' lang='lat' dir='ltr'><strong>per</strong></span> <span class='ocrx_word' id='word_1_668' title='bbox 3196 2615 3350 2682; x_wconf 83' lang='lat' dir='ltr'><strong>tidem</strong></span> <span class='ocrx_word' id='word_1_669' title='bbox 3390 2629 3535 2684; x_wconf 88' lang='lat' dir='ltr'><strong>orbis</strong></span> 
     </span>
    </p>
   </div>
   <div class='ocr_carea' id='block_1_85' title="bbox 1959 2706 3532 2786">
    <p class='ocr_par' dir='ltr' id='par_1_85' title="bbox 1959 2706 3532 2786">
     <span class='ocr_line' id='line_1_85' title="bbox 1959 2706 3532 2786; baseline 0.013 -31"><span class='ocrx_word' id='word_1_670' title='bbox 1959 2712 2215 2758; x_wconf 87' lang='lat' dir='ltr'><strong>terrarum</strong></span> <span class='ocrx_word' id='word_1_671' title='bbox 2245 2706 2439 2763; x_wconf 86' lang='lat' dir='ltr'><strong>factum</strong></span> <span class='ocrx_word' id='word_1_672' title='bbox 2468 2720 2569 2776; x_wconf 89' lang='lat' dir='ltr'><strong>est,</strong></span> <span class='ocrx_word' id='word_1_673' title='bbox 2603 2711 2886 2781; x_wconf 86' lang='lat' dir='ltr'><strong>Circumivi,</strong></span> <span class='ocrx_word' id='word_1_674' title='bbox 2923 2716 3110 2786; x_wconf 85' lang='lat' dir='ltr'><strong>inquit,</strong></span> <span class='ocrx_word' id='word_1_675' title='bbox 3143 2727 3188 2772; x_wconf 90' lang='lat' dir='ltr'><strong>et</strong></span> <span class='ocrx_word' id='word_1_676' title='bbox 3209 2720 3462 2776; x_wconf 80' lang='lat' dir='ltr'><strong>inmtolavi</strong></span> <span class='ocrx_word' id='word_1_677' title='bbox 3481 2723 3532 2778; x_wconf 87' lang='lat' dir='ltr'><strong>in</strong></span> 
     </span>
    </p>
   </div>
   <div class='ocr_carea' id='block_1_86' title="bbox 1956 2793 3532 2874">
    <p class='ocr_par' dir='ltr' id='par_1_86' title="bbox 1956 2793 3532 2874">
     <span class='ocr_line' id='line_1_86' title="bbox 1956 2793 3532 2874; baseline 0.016 -30"><span class='ocrx_word' id='word_1_678' title='bbox 1956 2793 2274 2848; x_wconf 86' lang='lat' dir='ltr'><strong>tabernaculo</strong></span> <span class='ocrx_word' id='word_1_679' title='bbox 2296 2798 2407 2867; x_wconf 81' lang='lat' dir='ltr'><strong>ejus</strong></span> <span class='ocrx_word' id='word_1_680' title='bbox 2440 2800 2654 2854; x_wconf 81' lang='lat' dir='ltr'><strong>hostiam</strong></span> <span class='ocrx_word' id='word_1_681' title='bbox 2677 2804 2998 2873; x_wconf 83' lang='lat' dir='ltr'><strong>jubilatiom&#39;s</strong></span> <span class='ocrx_word' id='word_1_682' title='bbox 3022 2823 3042 2861; x_wconf 86' lang='lat'><strong><em>:</em></strong></span> <span class='ocrx_word' id='word_1_683' title='bbox 3076 2807 3124 2861; x_wconf 93' lang='lat' dir='ltr'><strong>id</strong></span> <span class='ocrx_word' id='word_1_684' title='bbox 3155 2819 3254 2874; x_wconf 88' lang='lat' dir='ltr'><strong>est,</strong></span> <span class='ocrx_word' id='word_1_685' title='bbox 3285 2812 3532 2868; x_wconf 84' lang='lat' dir='ltr'><strong>conside-</strong></span> 
     </span>
    </p>
   </div>
   <div class='ocr_carea' id='block_1_87' title="bbox 1957 2885 3534 2978">
    <p class='ocr_par' dir='ltr' id='par_1_87' title="bbox 1957 2885 3534 2978">
     <span class='ocr_line' id='line_1_87' title="bbox 1957 2885 3534 2978; baseline 0.015 -41"><span class='ocrx_word' id='word_1_686' title='bbox 1957 2886 2067 2938; x_wconf 83' lang='lat' dir='ltr'><strong>ravi</strong></span> <span class='ocrx_word' id='word_1_687' title='bbox 2099 2885 2252 2940; x_wconf 84' lang='lat' dir='ltr'><strong>tidem</strong></span> <span class='ocrx_word' id='word_1_688' title='bbox 2280 2889 2427 2944; x_wconf 89' lang='lat' dir='ltr'><strong>orbis</strong></span> <span class='ocrx_word' id='word_1_689' title='bbox 2473 2901 2754 2978; x_wconf 69' lang='lat' dir='ltr'><strong>terrarttm,</strong></span> <span class='ocrx_word' id='word_1_690' title='bbox 2796 2896 2848 2950; x_wconf 93' lang='lat' dir='ltr'><strong>in</strong></span> <span class='ocrx_word' id='word_1_691' title='bbox 2879 2909 2978 2966; x_wconf 86' lang='lat' dir='ltr'><strong>qua</strong></span> <span class='ocrx_word' id='word_1_692' title='bbox 3013 2900 3297 2956; x_wconf 78' lang='lat' dir='ltr'><strong>exaltatum</strong></span> <span class='ocrx_word' id='word_1_693' title='bbox 3329 2915 3409 2958; x_wconf 92' lang='lat' dir='ltr'><strong>est</strong></span> <span class='ocrx_word' id='word_1_694' title='bbox 3445 2921 3534 2960; x_wconf 79' lang='lat' dir='ltr'><strong>ca-</strong></span> 
     </span>
    </p>
   </div>
   <div class='ocr_carea' id='block_1_88' title="bbox 1957 2985 3530 3060">
    <p class='ocr_par' dir='ltr' id='par_1_88' title="bbox 1957 2985 3530 3060">
     <span class='ocr_line' id='line_1_88' title="bbox 1957 2985 3530 3060; baseline 0.016 -34"><span class='ocrx_word' id='word_1_695' title='bbox 1957 2985 2049 3043; x_wconf 91' lang='lat' dir='ltr'><strong>put</strong></span> <span class='ocrx_word' id='word_1_696' title='bbox 2076 2993 2270 3040; x_wconf 87' lang='lat' dir='ltr'><strong>meum,</strong></span> <span class='ocrx_word' id='word_1_697' title='bbox 2312 2995 2474 3049; x_wconf 83' lang='lat' dir='ltr'><strong>super</strong></span> <span class='ocrx_word' id='word_1_698' title='bbox 2516 2998 2609 3038; x_wconf 92' lang='lat' dir='ltr'><strong>eos</strong></span> <span class='ocrx_word' id='word_1_699' title='bbox 2638 2986 2726 3054; x_wconf 91' lang='lat' dir='ltr'><strong>qui</strong></span> <span class='ocrx_word' id='word_1_700' title='bbox 2756 3002 2842 3042; x_wconf 87' lang='lat' dir='ltr'><strong>me</strong></span> <span class='ocrx_word' id='word_1_701' title='bbox 2877 2993 3365 3060; x_wconf 86' lang='lat' dir='ltr'><strong>persequebantur;</strong></span> <span class='ocrx_word' id='word_1_702' title='bbox 3397 3004 3448 3050; x_wconf 89' lang='lat' dir='ltr'><strong>et</strong></span> <span class='ocrx_word' id='word_1_703' title='bbox 3480 2998 3530 3050; x_wconf 93' lang='lat' dir='ltr'><strong>in</strong></span> 
     </span>
    </p>
   </div>
   <div class='ocr_carea' id='block_1_89' title="bbox 1957 3063 3533 3142">
    <p class='ocr_par' dir='ltr' id='par_1_89' title="bbox 1957 3063 3533 3142">
     <span class='ocr_line' id='line_1_89' title="bbox 1957 3063 3533 3142; baseline 0.016 -25"><span class='ocrx_word' id='word_1_704' title='bbox 1957 3063 2070 3134; x_wconf 89' lang='lat' dir='ltr'><strong>ipso</strong></span> <span class='ocrx_word' id='word_1_705' title='bbox 2094 3069 2428 3125; x_wconf 89' lang='lat' dir='ltr'><strong>tabernaculo</strong></span> <span class='ocrx_word' id='word_1_706' title='bbox 2451 3073 2584 3142; x_wconf 86' lang='lat' dir='ltr'><strong>ejus,</strong></span> <span class='ocrx_word' id='word_1_707' title='bbox 2612 3075 2662 3130; x_wconf 90' lang='lat' dir='ltr'><strong>id</strong></span> <span class='ocrx_word' id='word_1_708' title='bbox 2692 3086 2773 3131; x_wconf 89' lang='lat' dir='ltr'><strong>est</strong></span> <span class='ocrx_word' id='word_1_709' title='bbox 2799 3078 2849 3131; x_wconf 89' lang='lat' dir='ltr'><strong>in</strong></span> <span class='ocrx_word' id='word_1_710' title='bbox 2885 3079 3116 3136; x_wconf 88' lang='lat' dir='ltr'><strong>Ecclesia</strong></span> <span class='ocrx_word' id='word_1_711' title='bbox 3147 3092 3256 3138; x_wconf 91' lang='lat' dir='ltr'><strong>toto</strong></span> <span class='ocrx_word' id='word_1_712' title='bbox 3276 3087 3405 3141; x_wconf 86' lang='lat' dir='ltr'><strong>orbe</strong></span> <span class='ocrx_word' id='word_1_713' title='bbox 3432 3087 3533 3142; x_wconf 80' lang='lat' dir='ltr'><strong>dil-</strong></span> 
     </span>
    </p>
   </div>
   <div class='ocr_carea' id='block_1_90' title="bbox 1955 3155 3016 3226">
    <p class='ocr_par' dir='ltr' id='par_1_90' title="bbox 1955 3155 3016 3226">
     <span class='ocr_line' id='line_1_90' title="bbox 1955 3155 3016 3226; baseline 0.015 -18"><span class='ocrx_word' id='word_1_714' title='bbox 1955 3155 2089 3221; x_wconf 87' lang='lat' dir='ltr'><strong>lusa,</strong></span> <span class='ocrx_word' id='word_1_715' title='bbox 2119 3159 2455 3219; x_wconf 78' lang='lat' dir='ltr'><strong>ineffabiliter</strong></span> <span class='ocrx_word' id='word_1_716' title='bbox 2483 3165 2688 3222; x_wconf 84' lang='lat' dir='ltr'><strong>laudavi</strong></span> <span class='ocrx_word' id='word_1_717' title='bbox 2718 3171 3016 3226; x_wconf 90' lang='lat' dir='ltr'><strong>Dominum.</strong></span> 
     </span>
    </p>
   </div>
   <div class='ocr_carea' id='block_1_91' title="bbox 2027 3249 3531 3330">
    <p class='ocr_par' dir='ltr' id='par_1_91' title="bbox 2027 3249 3531 3330">
     <span class='ocr_line' id='line_1_91' title="bbox 2027 3249 3531 3330; baseline 0.016 -27"><span class='ocrx_word' id='word_1_718' title='bbox 2027 3249 2113 3304; x_wconf 67' lang='grc'><strong>14.</strong></span> <span class='ocrx_word' id='word_1_719' title='bbox 2157 3250 2305 3324; x_wconf 85' lang='lat' dir='ltr'><strong>[vers.</strong></span> <span class='ocrx_word' id='word_1_720' title='bbox 2338 3254 2414 3328; x_wconf 89' lang='lat'><strong>7.]</strong></span> <span class='ocrx_word' id='word_1_721' title='bbox 2447 3255 2668 3312; x_wconf 80' lang='lat' dir='ltr'><strong>Cantubo</strong></span> <span class='ocrx_word' id='word_1_722' title='bbox 2707 3272 2751 3314; x_wconf 89' lang='lat' dir='ltr'><strong>et</strong></span> <span class='ocrx_word' id='word_1_723' title='bbox 2777 3263 2993 3330; x_wconf 86' lang='lat' dir='ltr'><strong>psallam</strong></span> <span class='ocrx_word' id='word_1_724' title='bbox 3038 3264 3252 3322; x_wconf 88' lang='lat' dir='ltr'><strong>Domino</strong></span> <span class='ocrx_word' id='word_1_725' title='bbox 3294 3287 3307 3322; x_wconf 92' lang='lat'><strong>:</strong></span> <span class='ocrx_word' id='word_1_726' title='bbox 3358 3273 3531 3328; x_wconf 86' lang='lat' dir='ltr'><strong>securi</strong></span> 
     </span>
    </p>
   </div>
   <div class='ocr_carea' id='block_1_92' title="bbox 1953 3340 3530 3431">
    <p class='ocr_par' dir='ltr' id='par_1_92' title="bbox 1953 3340 3530 3431">
     <span class='ocr_line' id='line_1_92' title="bbox 1953 3340 3530 3431; baseline 0.015 -37"><span class='ocrx_word' id='word_1_727' title='bbox 1953 3340 2168 3407; x_wconf 84' lang='lat' dir='ltr'><strong>erimus,</strong></span> <span class='ocrx_word' id='word_1_728' title='bbox 2216 3354 2270 3400; x_wconf 88' lang='lat' dir='ltr'><strong>et</strong></span> <span class='ocrx_word' id='word_1_729' title='bbox 2315 3349 2485 3402; x_wconf 89' lang='lat' dir='ltr'><strong>securi</strong></span> <span class='ocrx_word' id='word_1_730' title='bbox 2528 3351 2877 3420; x_wconf 87' lang='lat' dir='ltr'><strong>cantabimus,</strong></span> <span class='ocrx_word' id='word_1_731' title='bbox 2933 3359 2986 3410; x_wconf 87' lang='lat' dir='ltr'><strong>ct</strong></span> <span class='ocrx_word' id='word_1_732' title='bbox 3025 3361 3194 3413; x_wconf 85' lang='lat' dir='ltr'><strong>securi</strong></span> <span class='ocrx_word' id='word_1_733' title='bbox 3226 3362 3530 3431; x_wconf 90' lang='lat' dir='ltr'><strong>psallemus,</strong></span> 
     </span>
    </p>
   </div>
   <div class='ocr_carea' id='block_1_93' title="bbox 1953 3436 3530 3521">
    <p class='ocr_par' dir='ltr' id='par_1_93' title="bbox 1953 3436 3530 3521">
     <span class='ocr_line' id='line_1_93' title="bbox 1953 3436 3530 3521; baseline 0.016 -38"><span class='ocrx_word' id='word_1_734' title='bbox 1953 3445 2070 3484; x_wconf 89' lang='lat' dir='ltr'><strong>cum</strong></span> <span class='ocrx_word' id='word_1_735' title='bbox 2092 3436 2566 3504; x_wconf 62' lang='lat' dir='ltr'><strong>c‘ontemplabimur</strong></span> <span class='ocrx_word' id='word_1_736' title='bbox 2581 3439 2984 3500; x_wconf 81' lang='lat' dir='ltr'><strong>delectationem</strong></span> <span class='ocrx_word' id='word_1_737' title='bbox 3015 3448 3241 3512; x_wconf 86' lang='lat' dir='ltr'><strong>Domini,</strong></span> <span class='ocrx_word' id='word_1_738' title='bbox 3273 3460 3325 3505; x_wconf 88' lang='lat' dir='ltr'><strong>et</strong></span> <span class='ocrx_word' id='word_1_739' title='bbox 3354 3464 3530 3521; x_wconf 81' lang='lat' dir='ltr'><strong>prote-</strong></span> 
     </span>
    </p>
   </div>
   <div class='ocr_carea' id='block_1_94' title="bbox 1950 3525 3532 3614">
    <p class='ocr_par' dir='ltr' id='par_1_94' title="bbox 1950 3525 3532 3614">
     <span class='ocr_line' id='line_1_94' title="bbox 1950 3525 3532 3614; baseline 0.015 -38"><span class='ocrx_word' id='word_1_740' title='bbox 1950 3537 2137 3592; x_wconf 83' lang='lat' dir='ltr'><strong>gemur</strong></span> <span class='ocrx_word' id='word_1_741' title='bbox 2166 3525 2418 3597; x_wconf 65' lang='lat' dir='ltr'><strong>templum</strong></span> <span class='ocrx_word' id='word_1_742' title='bbox 2451 3531 2587 3600; x_wconf 82' lang='lat' dir='ltr'><strong>ejus,</strong></span> <span class='ocrx_word' id='word_1_743' title='bbox 2645 3533 2694 3587; x_wconf 92' lang='lat' dir='ltr'><strong>in</strong></span> <span class='ocrx_word' id='word_1_744' title='bbox 2743 3536 2825 3589; x_wconf 92' lang='lat' dir='ltr'><strong>illa</strong></span> <span class='ocrx_word' id='word_1_745' title='bbox 2865 3537 3278 3609; x_wconf 73' lang='lat' dir='ltr'><strong>iucorruptihne,</strong></span> <span class='ocrx_word' id='word_1_746' title='bbox 3321 3547 3532 3614; x_wconf 85' lang='lat' dir='ltr'><strong>quando</strong></span> 
     </span>
    </p>
   </div>
   <div class='ocr_carea' id='block_1_95' title="bbox 1951 3613 3528 3702">
    <p class='ocr_par' dir='ltr' id='par_1_95' title="bbox 1951 3613 3528 3702">
     <span class='ocr_line' id='line_1_95' title="bbox 1951 3613 3528 3702; baseline 0.014 -35"><span class='ocrx_word' id='word_1_747' title='bbox 1951 3613 2317 3672; x_wconf 87' lang='lat' dir='ltr'><strong>absorbebitur</strong></span> <span class='ocrx_word' id='word_1_748' title='bbox 2341 3636 2483 3675; x_wconf 89' lang='lat' dir='ltr'><strong>mors</strong></span> <span class='ocrx_word' id='word_1_749' title='bbox 2509 3623 2560 3677; x_wconf 91' lang='lat' dir='ltr'><strong>iu</strong></span> <span class='ocrx_word' id='word_1_750' title='bbox 2586 3624 2860 3680; x_wconf 87' lang='lat' dir='ltr'><strong>victoriam</strong></span> <span class='ocrx_word' id='word_1_751' title='bbox 2891 3628 2937 3698; x_wconf 89' lang='grc' dir='ltr'><strong>(Ι</strong></span> <span class='ocrx_word' id='word_1_752' title='bbox 2973 3629 3088 3684; x_wconf 88' lang='lat' dir='ltr'><strong>Cor.</strong></span> <span class='ocrx_word' id='word_1_753' title='bbox 3119 3647 3209 3697; x_wconf 81' lang='lat' dir='ltr'><strong>xv,</strong></span> <span class='ocrx_word' id='word_1_754' title='bbox 3241 3613 3353 3702; x_wconf 69' lang='lat'><strong>54).</strong></span> <span class='ocrx_word' id='word_1_755' title='bbox 3374 3633 3528 3689; x_wconf 82' lang='lat' dir='ltr'><strong>Modo</strong></span> 
     </span>
    </p>
   </div>
   <div class='ocr_carea' id='block_1_96' title="bbox 1952 3707 3526 3792">
    <p class='ocr_par' dir='ltr' id='par_1_96' title="bbox 1952 3707 3526 3792">
     <span class='ocr_line' id='line_1_96' title="bbox 1952 3707 3526 3792; baseline 0.013 -33"><span class='ocrx_word' id='word_1_756' title='bbox 1952 3707 2113 3775; x_wconf 86' lang='lat' dir='ltr'><strong>quid?</strong></span> <span class='ocrx_word' id='word_1_757' title='bbox 2139 3709 2264 3777; x_wconf 88' lang='lat' dir='ltr'><strong>Quia</strong></span> <span class='ocrx_word' id='word_1_758' title='bbox 2285 3711 2392 3779; x_wconf 90' lang='lat' dir='ltr'><strong>jam</strong></span> <span class='ocrx_word' id='word_1_759' title='bbox 2416 3712 2551 3767; x_wconf 91' lang='lat' dir='ltr'><strong>dicta</strong></span> <span class='ocrx_word' id='word_1_760' title='bbox 2575 3717 2899 3785; x_wconf 81' lang='lat' dir='ltr'><strong>suntgaudia</strong></span> <span class='ocrx_word' id='word_1_761' title='bbox 2927 3720 3033 3778; x_wconf 87' lang='lat' dir='ltr'><strong>illa.</strong></span> <span class='ocrx_word' id='word_1_762' title='bbox 3061 3738 3177 3789; x_wconf 64' lang='lat' dir='ltr'><strong>qum</strong></span> <span class='ocrx_word' id='word_1_763' title='bbox 3197 3723 3526 3792; x_wconf 87' lang='lat' dir='ltr'><strong>habebimus,</strong></span> 
     </span>
    </p>
   </div>
   <div class='ocr_carea' id='block_1_97' title="bbox 1951 3801 3531 3885">
    <p class='ocr_par' dir='ltr' id='par_1_97' title="bbox 1951 3801 3531 3885">
     <span class='ocr_line' id='line_1_97' title="bbox 1951 3801 3531 3885; baseline 0.015 -35"><span class='ocrx_word' id='word_1_764' title='bbox 1951 3811 2070 3850; x_wconf 89' lang='lat' dir='ltr'><strong>cum</strong></span> <span class='ocrx_word' id='word_1_765' title='bbox 2101 3801 2458 3867; x_wconf 84' lang='lat' dir='ltr'><strong>acceperimus</strong></span> <span class='ocrx_word' id='word_1_766' title='bbox 2488 3803 2628 3858; x_wconf 83' lang='lat' dir='ltr'><strong>illam</strong></span> <span class='ocrx_word' id='word_1_767' title='bbox 2646 3815 2802 3860; x_wconf 86' lang='lat' dir='ltr'><strong>unam</strong></span> <span class='ocrx_word' id='word_1_768' title='bbox 2833 3809 3160 3876; x_wconf 85' lang='lat' dir='ltr'><strong>petitionem.</strong></span> <span class='ocrx_word' id='word_1_769' title='bbox 3186 3813 3340 3868; x_wconf 85' lang='lat' dir='ltr'><strong>Modo</strong></span> <span class='ocrx_word' id='word_1_770' title='bbox 3365 3816 3489 3885; x_wconf 86' lang='lat' dir='ltr'><strong>quid</strong></span> <span class='ocrx_word' id='word_1_771' title='bbox 3507 3821 3531 3873; x_wconf 92' lang='lat'><strong>?</strong></span> 
     </span>
    </p>
   </div>
   <div class='ocr_carea' id='block_1_98' title="bbox 1955 3886 3526 3975">
    <p class='ocr_par' dir='ltr' id='par_1_98' title="bbox 1955 3886 3526 3975">
     <span class='ocr_line' id='line_1_98' title="bbox 1955 3886 3526 3975; baseline 0.013 -35"><span class='ocrx_word' id='word_1_772' title='bbox 1955 3886 2174 3953; x_wconf 74' lang='lat' dir='ltr'><strong>Exaudi,</strong></span> <span class='ocrx_word' id='word_1_773' title='bbox 2204 3890 2434 3959; x_wconf 85' lang='lat' dir='ltr'><strong>Domine,</strong></span> <span class='ocrx_word' id='word_1_774' title='bbox 2467 3910 2630 3949; x_wconf 77' lang='lat' dir='ltr'><strong>vorem</strong></span> <span class='ocrx_word' id='word_1_775' title='bbox 2653 3915 2810 3952; x_wconf 86' lang='lat' dir='ltr'><strong>meam</strong></span> <span class='ocrx_word' id='word_1_776' title='bbox 2838 3915 2858 3952; x_wconf 89' lang='lat'><strong><em>:</em></strong></span> <span class='ocrx_word' id='word_1_777' title='bbox 2888 3916 3164 3970; x_wconf 84' lang='lat' dir='ltr'><strong>gemamtts</strong></span> <span class='ocrx_word' id='word_1_778' title='bbox 3193 3906 3368 3975; x_wconf 87' lang='lat' dir='ltr'><strong>modo,</strong></span> <span class='ocrx_word' id='word_1_779' title='bbox 3403 3927 3526 3964; x_wconf 76' lang='lat' dir='ltr'><strong>ore.-</strong></span> 
     </span>
    </p>
   </div>
   <div class='ocr_carea' id='block_1_99' title="bbox 1951 3979 3528 4063">
    <p class='ocr_par' dir='ltr' id='par_1_99' title="bbox 1951 3979 3528 4063">
     <span class='ocr_line' id='line_1_99' title="bbox 1951 3979 3528 4063; baseline 0.018 -34"><span class='ocrx_word' id='word_1_780' title='bbox 1951 3991 2068 4031; x_wconf 90' lang='lat' dir='ltr'><strong>mus</strong></span> <span class='ocrx_word' id='word_1_781' title='bbox 2094 3979 2268 4036; x_wconf 89' lang='lat' dir='ltr'><strong>modo.</strong></span> <span class='ocrx_word' id='word_1_782' title='bbox 2307 3980 2545 4040; x_wconf 82' lang='lat' dir='ltr'><strong>Gemitus</strong></span> <span class='ocrx_word' id='word_1_783' title='bbox 2585 4002 2687 4040; x_wconf 91' lang='lat' dir='ltr'><strong>non</strong></span> <span class='ocrx_word' id='word_1_784' title='bbox 2729 3998 2810 4042; x_wconf 89' lang='lat' dir='ltr'><strong>est</strong></span> <span class='ocrx_word' id='word_1_785' title='bbox 2852 3991 2951 4044; x_wconf 80' lang='lat' dir='ltr'><strong>nisi</strong></span> <span class='ocrx_word' id='word_1_786' title='bbox 2996 3993 3330 4063; x_wconf 88' lang='lat' dir='ltr'><strong>miserorum,</strong></span> <span class='ocrx_word' id='word_1_787' title='bbox 3358 4004 3528 4058; x_wconf 91' lang='lat' dir='ltr'><strong>oratio</strong></span> 
     </span>
    </p>
   </div>
   <div class='ocr_carea' id='block_1_100' title="bbox 1951 4067 3527 4153">
    <p class='ocr_par' dir='ltr' id='par_1_100' title="bbox 1951 4067 3527 4153">
     <span class='ocr_line' id='line_1_100' title="bbox 1951 4067 3527 4153; baseline 0.018 -32"><span class='ocrx_word' id='word_1_788' title='bbox 1951 4083 2056 4123; x_wconf 92' lang='lat' dir='ltr'><strong>non</strong></span> <span class='ocrx_word' id='word_1_789' title='bbox 2088 4080 2168 4125; x_wconf 87' lang='lat' dir='ltr'><strong>est</strong></span> <span class='ocrx_word' id='word_1_790' title='bbox 2212 4071 2308 4126; x_wconf 89' lang='lat' dir='ltr'><strong>nisi</strong></span> <span class='ocrx_word' id='word_1_791' title='bbox 2342 4067 2703 4146; x_wconf 83' lang='lat' dir='ltr'><strong>indigentium.</strong></span> <span class='ocrx_word' id='word_1_792' title='bbox 2751 4081 2995 4138; x_wconf 88' lang='lat' dir='ltr'><strong>Transiet</strong></span> <span class='ocrx_word' id='word_1_793' title='bbox 3036 4089 3235 4153; x_wconf 86' lang='lat' dir='ltr'><strong>oratio,</strong></span> <span class='ocrx_word' id='word_1_794' title='bbox 3279 4095 3527 4152; x_wconf 88' lang='lat' dir='ltr'><strong>succedet</strong></span> 
     </span>
    </p>
   </div>
   <div class='ocr_carea' id='block_1_101' title="bbox 1951 4159 3525 4246">
    <p class='ocr_par' dir='ltr' id='par_1_101' title="bbox 1951 4159 3525 4246">
     <span class='ocr_line' id='line_1_101' title="bbox 1951 4159 3525 4246; baseline 0.017 -32"><span class='ocrx_word' id='word_1_795' title='bbox 1951 4159 2216 4226; x_wconf 84' lang='lat' dir='ltr'><strong>laudatio;</strong></span> <span class='ocrx_word' id='word_1_796' title='bbox 2259 4167 2476 4222; x_wconf 90' lang='lat' dir='ltr'><strong>transiet</strong></span> <span class='ocrx_word' id='word_1_797' title='bbox 2505 4168 2678 4234; x_wconf 86' lang='lat' dir='ltr'><strong>ﬂetus,</strong></span> <span class='ocrx_word' id='word_1_798' title='bbox 2723 4173 2970 4230; x_wconf 85' lang='lat' dir='ltr'><strong>succedet</strong></span> <span class='ocrx_word' id='word_1_799' title='bbox 2993 4179 3262 4246; x_wconf 82' lang='lat' dir='ltr'><strong>gaudium.</strong></span> <span class='ocrx_word' id='word_1_800' title='bbox 3312 4181 3525 4240; x_wconf 86' lang='lat' dir='ltr'><strong>Interim</strong></span> 
     </span>
    </p>
   </div>
   <div class='ocr_carea' id='block_1_102' title="bbox 1952 4252 3524 4342">
    <p class='ocr_par' dir='ltr' id='par_1_102' title="bbox 1952 4252 3524 4342">
     <span class='ocr_line' id='line_1_102' title="bbox 1952 4252 3524 4342; baseline 0.016 -37"><span class='ocrx_word' id='word_1_801' title='bbox 1952 4252 2127 4320; x_wconf 89' lang='lat' dir='ltr'><strong>modo,</strong></span> <span class='ocrx_word' id='word_1_802' title='bbox 2161 4257 2371 4326; x_wconf 88' lang='lat' dir='ltr'><strong>quando</strong></span> <span class='ocrx_word' id='word_1_803' title='bbox 2399 4259 2450 4313; x_wconf 90' lang='lat' dir='ltr'><strong>in</strong></span> <span class='ocrx_word' id='word_1_804' title='bbox 2478 4259 2663 4316; x_wconf 80' lang='lat' dir='ltr'><strong>diebus</strong></span> <span class='ocrx_word' id='word_1_805' title='bbox 2692 4265 2949 4319; x_wconf 90' lang='lat' dir='ltr'><strong>malorum</strong></span> <span class='ocrx_word' id='word_1_806' title='bbox 2987 4280 3288 4342; x_wconf 86' lang='lat' dir='ltr'><strong>nostrorum</strong></span> <span class='ocrx_word' id='word_1_807' title='bbox 3320 4289 3524 4340; x_wconf 87' lang='lat' dir='ltr'><strong>smnus,</strong></span> 
     </span>
    </p>
   </div>
   <div class='ocr_carea' id='block_1_103' title="bbox 1952 4350 3524 4430">
    <p class='ocr_par' dir='ltr' id='par_1_103' title="bbox 1952 4350 3524 4430">
     <span class='ocr_line' id='line_1_103' title="bbox 1952 4350 3524 4430; baseline 0.015 -33"><span class='ocrx_word' id='word_1_808' title='bbox 1952 4350 2055 4399; x_wconf 93' lang='lat' dir='ltr'><strong>non</strong></span> <span class='ocrx_word' id='word_1_809' title='bbox 2083 4355 2255 4401; x_wconf 91' lang='lat' dir='ltr'><strong>cesset</strong></span> <span class='ocrx_word' id='word_1_810' title='bbox 2283 4350 2450 4403; x_wconf 88' lang='lat' dir='ltr'><strong>oratio</strong></span> <span class='ocrx_word' id='word_1_811' title='bbox 2474 4362 2653 4406; x_wconf 89' lang='lat' dir='ltr'><strong>nostra</strong></span> <span class='ocrx_word' id='word_1_812' title='bbox 2693 4355 2758 4409; x_wconf 92' lang='lat' dir='ltr'><strong>ad</strong></span> <span class='ocrx_word' id='word_1_813' title='bbox 2789 4356 2970 4420; x_wconf 91' lang='lat' dir='ltr'><strong>Deum,</strong></span> <span class='ocrx_word' id='word_1_814' title='bbox 3003 4374 3032 4413; x_wconf 90' lang='lat' dir='ltr'><strong>a</strong></span> <span class='ocrx_word' id='word_1_815' title='bbox 3063 4377 3167 4430; x_wconf 90' lang='lat' dir='ltr'><strong>quo</strong></span> <span class='ocrx_word' id='word_1_816' title='bbox 3196 4378 3352 4416; x_wconf 89' lang='lat' dir='ltr'><strong>unatn</strong></span> <span class='ocrx_word' id='word_1_817' title='bbox 3381 4364 3524 4420; x_wconf 81' lang='lat' dir='ltr'><strong>illam</strong></span> 
     </span>
    </p>
   </div>
   <div class='ocr_carea' id='block_1_104' title="bbox 1951 4441 3526 4519">
    <p class='ocr_par' dir='ltr' id='par_1_104' title="bbox 1951 4441 3526 4519">
     <span class='ocr_line' id='line_1_104' title="bbox 1951 4441 3526 4519; baseline 0.017 -30"><span class='ocrx_word' id='word_1_818' title='bbox 1951 4445 2217 4504; x_wconf 87' lang='lat' dir='ltr'><strong>petamus;</strong></span> <span class='ocrx_word' id='word_1_819' title='bbox 2270 4451 2324 4494; x_wconf 87' lang='lat' dir='ltr'><strong>et</strong></span> <span class='ocrx_word' id='word_1_820' title='bbox 2347 4441 2415 4496; x_wconf 89' lang='lat' dir='ltr'><strong>ab</strong></span> <span class='ocrx_word' id='word_1_821' title='bbox 2441 4443 2549 4513; x_wconf 88' lang='lat' dir='ltr'><strong>ipsa</strong></span> <span class='ocrx_word' id='word_1_822' title='bbox 2576 4447 2828 4514; x_wconf 88' lang='lat' dir='ltr'><strong>petitione</strong></span> <span class='ocrx_word' id='word_1_823' title='bbox 2859 4464 2963 4504; x_wconf 91' lang='lat' dir='ltr'><strong>non</strong></span> <span class='ocrx_word' id='word_1_824' title='bbox 3003 4451 3324 4519; x_wconf 88' lang='lat' dir='ltr'><strong>desinamus,</strong></span> <span class='ocrx_word' id='word_1_825' title='bbox 3355 4455 3526 4514; x_wconf 89' lang='lat' dir='ltr'><strong>donec</strong></span> 
     </span>
    </p>
   </div>
   <div class='ocr_carea' id='block_1_105' title="bbox 1949 4527 3524 4612">
    <p class='ocr_par' dir='ltr' id='par_1_105' title="bbox 1949 4527 3524 4612">
     <span class='ocr_line' id='line_1_105' title="bbox 1949 4527 3524 4612; baseline 0.015 -34"><span class='ocrx_word' id='word_1_826' title='bbox 1949 4527 2016 4580; x_wconf 86' lang='lat' dir='ltr'><strong>ad</strong></span> <span class='ocrx_word' id='word_1_827' title='bbox 2070 4544 2185 4583; x_wconf 90' lang='lat' dir='ltr'><strong>eam</strong></span> <span class='ocrx_word' id='word_1_828' title='bbox 2237 4530 2326 4584; x_wconf 90' lang='lat' dir='ltr'><strong>illo</strong></span> <span class='ocrx_word' id='word_1_829' title='bbox 2380 4532 2608 4606; x_wconf 87' lang='lat' dir='ltr'><strong>donante</strong></span> <span class='ocrx_word' id='word_1_830' title='bbox 2651 4552 2714 4592; x_wconf 88' lang='lat' dir='ltr'><strong>ac</strong></span> <span class='ocrx_word' id='word_1_831' title='bbox 2765 4540 3086 4610; x_wconf 90' lang='lat' dir='ltr'><strong>perducente</strong></span> <span class='ocrx_word' id='word_1_832' title='bbox 3133 4547 3524 4612; x_wconf 86' lang='lat' dir='ltr'><strong>perveniamus.</strong></span> 
     </span>
    </p>
   </div>
   <div class='ocr_carea' id='block_1_106' title="bbox 1951 4616 3522 4705">
    <p class='ocr_par' dir='ltr' id='par_1_106' title="bbox 1951 4616 3522 4705">
     <span class='ocr_line' id='line_1_106' title="bbox 1951 4616 3522 4705; baseline 0.017 -36"><span class='ocrx_word' id='word_1_833' title='bbox 1951 4616 2173 4684; x_wconf 74' lang='lat' dir='ltr'><strong>Exaudi,</strong></span> <span class='ocrx_word' id='word_1_834' title='bbox 2207 4619 2436 4691; x_wconf 84' lang='lat' dir='ltr'><strong>Domine,</strong></span> <span class='ocrx_word' id='word_1_835' title='bbox 2469 4641 2635 4681; x_wconf 81' lang='lat' dir='ltr'><strong>vocem</strong></span> <span class='ocrx_word' id='word_1_836' title='bbox 2664 4645 2845 4696; x_wconf 79' lang='lat' dir='ltr'><strong>nteant,</strong></span> <span class='ocrx_word' id='word_1_837' title='bbox 2874 4648 2973 4701; x_wconf 87' lang='lat' dir='ltr'><strong>qua</strong></span> <span class='ocrx_word' id='word_1_838' title='bbox 2997 4633 3212 4688; x_wconf 81' lang='lat' dir='ltr'><strong>clamavi</strong></span> <span class='ocrx_word' id='word_1_839' title='bbox 3236 4637 3303 4689; x_wconf 86' lang='lat' dir='ltr'><strong>ad</strong></span> <span class='ocrx_word' id='word_1_840' title='bbox 3322 4647 3398 4705; x_wconf 85' lang='lat' dir='ltr'><strong>te;</strong></span> <span class='ocrx_word' id='word_1_841' title='bbox 3428 4642 3522 4694; x_wconf 79' lang='lat' dir='ltr'><strong>mi-</strong></span> 
     </span>
    </p>
   </div>
   <div class='ocr_carea' id='block_1_107' title="bbox 1947 4711 3521 4793">
    <p class='ocr_par' dir='ltr' id='par_1_107' title="bbox 1947 4711 3521 4793">
     <span class='ocr_line' id='line_1_107' title="bbox 1947 4711 3521 4793; baseline 0.018 -32"><span class='ocrx_word' id='word_1_842' title='bbox 1947 4724 2108 4762; x_wconf 84' lang='lat' dir='ltr'><strong>serere</strong></span> <span class='ocrx_word' id='word_1_843' title='bbox 2129 4711 2242 4778; x_wconf 86' lang='lat' dir='ltr'><strong>mei,</strong></span> <span class='ocrx_word' id='word_1_844' title='bbox 2269 4722 2314 4766; x_wconf 90' lang='lat' dir='ltr'><strong>et</strong></span> <span class='ocrx_word' id='word_1_845' title='bbox 2340 4716 2526 4770; x_wconf 74' lang='lat' dir='ltr'><strong>exaudi</strong></span> <span class='ocrx_word' id='word_1_846' title='bbox 2549 4734 2625 4772; x_wconf 90' lang='lat' dir='ltr'><strong>me</strong></span> <span class='ocrx_word' id='word_1_847' title='bbox 2649 4734 2669 4772; x_wconf 91' lang='lat'><strong><em>:</em></strong></span> <span class='ocrx_word' id='word_1_848' title='bbox 2719 4736 2877 4775; x_wconf 91' lang='lat' dir='ltr'><strong>unam</strong></span> <span class='ocrx_word' id='word_1_849' title='bbox 2918 4723 3060 4777; x_wconf 89' lang='lat' dir='ltr'><strong>illam</strong></span> <span class='ocrx_word' id='word_1_850' title='bbox 3093 4727 3240 4793; x_wconf 87' lang='lat' dir='ltr'><strong>petit,</strong></span> <span class='ocrx_word' id='word_1_851' title='bbox 3286 4738 3390 4785; x_wconf 85' lang='lat' dir='ltr'><strong>tam</strong></span> <span class='ocrx_word' id='word_1_852' title='bbox 3430 4733 3521 4789; x_wconf 89' lang='lat' dir='ltr'><strong>diu</strong></span> 
     </span>
    </p>
   </div>
   <div class='ocr_carea' id='block_1_108' title="bbox 1949 4803 3525 4881">
    <p class='ocr_par' dir='ltr' id='par_1_108' title="bbox 1949 4803 3525 4881">
     <span class='ocr_line' id='line_1_108' title="bbox 1949 4803 3525 4881; baseline 0.018 -28"><span class='ocrx_word' id='word_1_853' title='bbox 1949 4815 2161 4870; x_wconf 83' lang='lat' dir='ltr'><strong>rogans,</strong></span> <span class='ocrx_word' id='word_1_854' title='bbox 2202 4803 2356 4871; x_wconf 81' lang='lat' dir='ltr'><strong>licus,</strong></span> <span class='ocrx_word' id='word_1_855' title='bbox 2395 4821 2636 4876; x_wconf 81' lang='lat' dir='ltr'><strong>gemens,</strong></span> <span class='ocrx_word' id='word_1_856' title='bbox 2685 4826 2790 4865; x_wconf 91' lang='lat' dir='ltr'><strong>non</strong></span> <span class='ocrx_word' id='word_1_857' title='bbox 2825 4813 2952 4880; x_wconf 91' lang='lat' dir='ltr'><strong>petit</strong></span> <span class='ocrx_word' id='word_1_858' title='bbox 2977 4815 3074 4869; x_wconf 92' lang='lat' dir='ltr'><strong>nisi</strong></span> <span class='ocrx_word' id='word_1_859' title='bbox 3105 4834 3279 4873; x_wconf 87' lang='lat' dir='ltr'><strong>unam.</strong></span> <span class='ocrx_word' id='word_1_860' title='bbox 3325 4822 3525 4881; x_wconf 80' lang='lat' dir='ltr'><strong>Finivit</strong></span> 
     </span>
    </p>
   </div>
   <div class='ocr_carea' id='block_1_109' title="bbox 1949 4895 3379 4980">
    <p class='ocr_par' dir='ltr' id='par_1_109' title="bbox 1949 4895 3379 4980">
     <span class='ocr_line' id='line_1_109' title="bbox 1949 4895 3379 4980; baseline 0.017 -38"><span class='ocrx_word' id='word_1_861' title='bbox 1949 4905 2132 4946; x_wconf 87' lang='lat' dir='ltr'><strong>omnes</strong></span> <span class='ocrx_word' id='word_1_862' title='bbox 2157 4895 2490 4964; x_wconf 88' lang='lat' dir='ltr'><strong>cupiditates,</strong></span> <span class='ocrx_word' id='word_1_863' title='bbox 2519 4901 2776 4955; x_wconf 90' lang='lat' dir='ltr'><strong>remansit</strong></span> <span class='ocrx_word' id='word_1_864' title='bbox 2803 4902 2890 4957; x_wconf 86' lang='lat' dir='ltr'><strong>illa</strong></span> <span class='ocrx_word' id='word_1_865' title='bbox 2921 4921 3020 4958; x_wconf 90' lang='lat' dir='ltr'><strong>una</strong></span> <span class='ocrx_word' id='word_1_866' title='bbox 3047 4923 3203 4978; x_wconf 87' lang='lat' dir='ltr'><strong>quam</strong></span> <span class='ocrx_word' id='word_1_867' title='bbox 3235 4915 3379 4980; x_wconf 91' lang='lat' dir='ltr'><strong>petit.</strong></span> 
     </span>
    </p>
   </div>
   <div class='ocr_carea' id='block_1_110' title="bbox 2021 4979 3525 5079">
    <p class='ocr_par' dir='ltr' id='par_1_110' title="bbox 2021 4979 3525 5079">
     <span class='ocr_line' id='line_1_110' title="bbox 2021 4979 3525 5079; baseline 0.017 -45"><span class='ocrx_word' id='word_1_868' title='bbox 2021 4979 2105 5036; x_wconf 74' lang='lat'><strong>15.</strong></span> <span class='ocrx_word' id='word_1_869' title='bbox 2150 4981 2296 5055; x_wconf 88' lang='lat' dir='ltr'><strong>[vers.</strong></span> <span class='ocrx_word' id='word_1_870' title='bbox 2323 4983 2400 5058; x_wconf 83' lang='grc'><strong>8.]</strong></span> <span class='ocrx_word' id='word_1_871' title='bbox 2443 4987 2576 5041; x_wconf 85' lang='lat' dir='ltr'><strong>Audi</strong></span> <span class='ocrx_word' id='word_1_872' title='bbox 2603 4990 2720 5056; x_wconf 85' lang='lat' dir='ltr'><strong>quia</strong></span> <span class='ocrx_word' id='word_1_873' title='bbox 2767 4991 2901 5048; x_wconf 89' lang='lat' dir='ltr'><strong>hanc</strong></span> <span class='ocrx_word' id='word_1_874' title='bbox 2931 4998 3061 5064; x_wconf 89' lang='lat' dir='ltr'><strong>petit</strong></span> <span class='ocrx_word' id='word_1_875' title='bbox 3089 5015 3101 5051; x_wconf 91' lang='lat'><strong>:</strong></span> <span class='ocrx_word' id='word_1_876' title='bbox 3150 4999 3260 5079; x_wconf 74' lang='lat' dir='ltr'><strong>_Tibi</strong></span> <span class='ocrx_word' id='word_1_877' title='bbox 3285 5005 3411 5057; x_wconf 69' lang='lat' dir='ltr'><strong>dixit</strong></span> <span class='ocrx_word' id='word_1_878' title='bbox 3438 5023 3525 5059; x_wconf 76' lang='lat' dir='ltr'><strong>cor</strong></span> 
     </span>
    </p>
   </div>
   <div class='ocr_carea' id='block_1_111' title="bbox 1949 5073 3520 5165">
    <p class='ocr_par' dir='ltr' id='par_1_111' title="bbox 1949 5073 3520 5165">
     <span class='ocr_line' id='line_1_111' title="bbox 1949 5073 3520 5165; baseline 0.018 -42"><span class='ocrx_word' id='word_1_879' title='bbox 1949 5087 2130 5138; x_wconf 85' lang='lat' dir='ltr'><strong>meum,</strong></span> <span class='ocrx_word' id='word_1_880' title='bbox 2165 5073 2381 5141; x_wconf 64' lang='lat' dir='ltr'><strong>Quaesivi</strong></span> <span class='ocrx_word' id='word_1_881' title='bbox 2400 5078 2587 5164; x_wconf 80' lang='lat' dir='ltr'><strong>vultum</strong></span> <span class='ocrx_word' id='word_1_882' title='bbox 2609 5089 2767 5135; x_wconf 88' lang='lat' dir='ltr'><strong>tuum.</strong></span> <span class='ocrx_word' id='word_1_883' title='bbox 2802 5083 2911 5140; x_wconf 84' lang='lat' dir='ltr'><strong>lloc</strong></span> <span class='ocrx_word' id='word_1_884' title='bbox 2933 5096 3016 5142; x_wconf 90' lang='lat' dir='ltr'><strong>cst</strong></span> <span class='ocrx_word' id='word_1_885' title='bbox 3044 5073 3170 5160; x_wconf 82' lang='lat' dir='ltr'><strong>ergo</strong></span> <span class='ocrx_word' id='word_1_886' title='bbox 3194 5094 3334 5162; x_wconf 91' lang='lat' dir='ltr'><strong>quod</strong></span> <span class='ocrx_word' id='word_1_887' title='bbox 3363 5102 3520 5165; x_wconf 89' lang='lat' dir='ltr'><strong>paulo</strong></span> 
     </span>
    </p>
   </div>
   <div class='ocr_carea' id='block_1_112' title="bbox 1947 5154 3522 5244">
    <p class='ocr_par' dir='ltr' id='par_1_112' title="bbox 1947 5154 3522 5244">
     <span class='ocr_line' id='line_1_112' title="bbox 1947 5154 3522 5244; baseline 0.017 -29"><span class='ocrx_word' id='word_1_888' title='bbox 1947 5173 2068 5218; x_wconf 90' lang='lat' dir='ltr'><strong>ante</strong></span> <span class='ocrx_word' id='word_1_889' title='bbox 2088 5165 2254 5220; x_wconf 82' lang='lat' dir='ltr'><strong>dixit:</strong></span> <span class='ocrx_word' id='word_1_890' title='bbox 2300 5166 2367 5222; x_wconf 90' lang='lat' dir='ltr'><strong>Ut</strong></span> <span class='ocrx_word' id='word_1_891' title='bbox 2406 5154 2711 5242; x_wconf 75' lang='lat' dir='ltr'><strong>contempler</strong></span> <span class='ocrx_word' id='word_1_892' title='bbox 2745 5154 3128 5235; x_wconf 48' lang='lat' dir='ltr'><strong>delectationem-</strong></span> <span class='ocrx_word' id='word_1_893' title='bbox 3145 5154 3375 5239; x_wconf 49' lang='lat' dir='ltr'><strong>Domini:</strong></span> <span class='ocrx_word' id='word_1_894' title='bbox 3409 5186 3522 5244; x_wconf 85' lang='lat' dir='ltr'><strong>Tibi</strong></span> 
     </span>
    </p>
   </div>
   <div class='ocr_carea' id='block_1_113' title="bbox 1948 5252 3520 5343">
    <p class='ocr_par' dir='ltr' id='par_1_113' title="bbox 1948 5252 3520 5343">
     <span class='ocr_line' id='line_1_113' title="bbox 1948 5252 3520 5343; baseline 0.018 -38"><span class='ocrx_word' id='word_1_895' title='bbox 1948 5252 2073 5307; x_wconf 74' lang='lat' dir='ltr'><strong>dixit</strong></span> <span class='ocrx_word' id='word_1_896' title='bbox 2093 5271 2179 5308; x_wconf 87' lang='lat' dir='ltr'><strong>cor</strong></span> <span class='ocrx_word' id='word_1_897' title='bbox 2203 5273 2385 5325; x_wconf 89' lang='lat' dir='ltr'><strong>meum,</strong></span> <span class='ocrx_word' id='word_1_898' title='bbox 2419 5259 2638 5324; x_wconf 77' lang='lat' dir='ltr'><strong>Quwsivi</strong></span> <span class='ocrx_word' id='word_1_899' title='bbox 2663 5263 2852 5320; x_wconf 83' lang='lat' dir='ltr'><strong>vultum</strong></span> <span class='ocrx_word' id='word_1_900' title='bbox 2882 5278 3042 5324; x_wconf 86' lang='lat' dir='ltr'><strong>tuum.</strong></span> <span class='ocrx_word' id='word_1_901' title='bbox 3074 5270 3128 5328; x_wconf 89' lang='lat' dir='ltr'><strong>Si</strong></span> <span class='ocrx_word' id='word_1_902' title='bbox 3153 5277 3397 5343; x_wconf 80' lang='lat' dir='ltr'><strong>gaudium</strong></span> <span class='ocrx_word' id='word_1_903' title='bbox 3427 5295 3520 5333; x_wconf 90' lang='lat' dir='ltr'><strong>no-</strong></span> 
     </span>
    </p>
   </div>
   <div class='ocr_carea' id='block_1_114' title="bbox 1945 5344 3515 5434">
    <p class='ocr_par' dir='ltr' id='par_1_114' title="bbox 1945 5344 3515 5434">
     <span class='ocr_line' id='line_1_114' title="bbox 1945 5344 3515 5434; baseline 0.015 -36"><span class='ocrx_word' id='word_1_904' title='bbox 1945 5354 2112 5398; x_wconf 89' lang='lat' dir='ltr'><strong>strum</strong></span> <span class='ocrx_word' id='word_1_905' title='bbox 2162 5344 2214 5399; x_wconf 93' lang='lat' dir='ltr'><strong>in</strong></span> <span class='ocrx_word' id='word_1_906' title='bbox 2259 5346 2356 5400; x_wconf 89' lang='lat' dir='ltr'><strong>isto</strong></span> <span class='ocrx_word' id='word_1_907' title='bbox 2397 5349 2510 5404; x_wconf 86' lang='lat' dir='ltr'><strong>sole</strong></span> <span class='ocrx_word' id='word_1_908' title='bbox 2552 5361 2712 5416; x_wconf 86' lang='lat' dir='ltr'><strong>esset,</strong></span> <span class='ocrx_word' id='word_1_909' title='bbox 2763 5371 2867 5410; x_wconf 94' lang='lat' dir='ltr'><strong>non</strong></span> <span class='ocrx_word' id='word_1_910' title='bbox 2907 5373 3002 5413; x_wconf 91' lang='lat' dir='ltr'><strong>cor</strong></span> <span class='ocrx_word' id='word_1_911' title='bbox 3029 5373 3265 5418; x_wconf 85' lang='lat' dir='ltr'><strong>nostrum</strong></span> <span class='ocrx_word' id='word_1_912' title='bbox 3295 5365 3515 5434; x_wconf 90' lang='lat' dir='ltr'><strong>diceret,</strong></span> 
     </span>
    </p>
   </div>
   <div class='ocr_carea' id='block_1_115' title="bbox 1949 5425 3518 5522">
    <p class='ocr_par' dir='ltr' id='par_1_115' title="bbox 1949 5425 3518 5522">
     <span class='ocr_line' id='line_1_115' title="bbox 1949 5425 3518 5522; baseline 0.017 -35"><span class='ocrx_word' id='word_1_913' title='bbox 1949 5425 2166 5503; x_wconf 74' lang='lat' dir='ltr'><strong>Qttwsivi</strong></span> <span class='ocrx_word' id='word_1_914' title='bbox 2203 5438 2390 5494; x_wconf 83' lang='lat' dir='ltr'><strong>vultum</strong></span> <span class='ocrx_word' id='word_1_915' title='bbox 2419 5451 2557 5496; x_wconf 86' lang='lat' dir='ltr'><strong>tuum</strong></span> <span class='ocrx_word' id='word_1_916' title='bbox 2575 5460 2595 5508; x_wconf 85' lang='lat'><strong><em>;</em></strong></span> <span class='ocrx_word' id='word_1_917' title='bbox 2623 5446 2714 5500; x_wconf 89' lang='lat' dir='ltr'><strong>sed</strong></span> <span class='ocrx_word' id='word_1_918' title='bbox 2754 5451 2889 5503; x_wconf 91' lang='lat' dir='ltr'><strong>oculi</strong></span> <span class='ocrx_word' id='word_1_919' title='bbox 2920 5456 3157 5522; x_wconf 89' lang='lat' dir='ltr'><strong>corporis</strong></span> <span class='ocrx_word' id='word_1_920' title='bbox 3198 5458 3383 5518; x_wconf 79' lang='lat' dir='ltr'><strong>nostri.</strong></span> <span class='ocrx_word' id='word_1_921' title='bbox 3415 5459 3518 5513; x_wconf 89' lang='lat' dir='ltr'><strong>Cor</strong></span> 
     </span>
    </p>
   </div>
   <div class='ocr_carea' id='block_1_116' title="bbox 1946 5531 3514 5617">
    <p class='ocr_par' dir='ltr' id='par_1_116' title="bbox 1946 5531 3514 5617">
     <span class='ocr_line' id='line_1_116' title="bbox 1946 5531 3514 5617; baseline 0.013 -35"><span class='ocrx_word' id='word_1_922' title='bbox 1946 5537 2182 5584; x_wconf 89' lang='lat' dir='ltr'><strong>nostrum</strong></span> <span class='ocrx_word' id='word_1_923' title='bbox 2230 5532 2310 5584; x_wconf 89' lang='lat' dir='ltr'><strong>cui</strong></span> <span class='ocrx_word' id='word_1_924' title='bbox 2339 5531 2498 5594; x_wconf 88' lang='lat' dir='ltr'><strong>dicit:</strong></span> <span class='ocrx_word' id='word_1_925' title='bbox 2539 5535 2758 5601; x_wconf 76' lang='lat' dir='ltr'><strong>Quazsivi</strong></span> <span class='ocrx_word' id='word_1_926' title='bbox 2786 5541 2974 5595; x_wconf 85' lang='lat' dir='ltr'><strong>vultum</strong></span> <span class='ocrx_word' id='word_1_927' title='bbox 3021 5554 3177 5608; x_wconf 86' lang='lat' dir='ltr'><strong>tuum,</strong></span> <span class='ocrx_word' id='word_1_928' title='bbox 3230 5547 3328 5600; x_wconf 89' lang='lat' dir='ltr'><strong>nisi</strong></span> <span class='ocrx_word' id='word_1_929' title='bbox 3355 5549 3400 5602; x_wconf 87' lang='lat' dir='ltr'><strong>ei</strong></span> <span class='ocrx_word' id='word_1_930' title='bbox 3428 5551 3514 5617; x_wconf 83' lang='lat' dir='ltr'><strong>qui</strong></span> 
     </span>
    </p>
   </div>
   <div class='ocr_carea' id='block_1_117' title="bbox 1947 5620 3516 5706">
    <p class='ocr_par' dir='ltr' id='par_1_117' title="bbox 1947 5620 3516 5706">
     <span class='ocr_line' id='line_1_117' title="bbox 1947 5620 3516 5706; baseline 0.015 -33"><span class='ocrx_word' id='word_1_931' title='bbox 1947 5622 2174 5688; x_wconf 86' lang='lat' dir='ltr'><strong>pertinet</strong></span> <span class='ocrx_word' id='word_1_932' title='bbox 2207 5620 2271 5675; x_wconf 90' lang='lat' dir='ltr'><strong>ad</strong></span> <span class='ocrx_word' id='word_1_933' title='bbox 2318 5625 2526 5678; x_wconf 88' lang='lat' dir='ltr'><strong>oculum</strong></span> <span class='ocrx_word' id='word_1_934' title='bbox 2580 5629 2793 5683; x_wconf 86' lang='lat' dir='ltr'><strong>cordis?</strong></span> <span class='ocrx_word' id='word_1_935' title='bbox 2843 5631 3034 5688; x_wconf 84' lang='lat' dir='ltr'><strong>Lucem</strong></span> <span class='ocrx_word' id='word_1_936' title='bbox 3085 5636 3234 5690; x_wconf 89' lang='lat' dir='ltr'><strong>istam</strong></span> <span class='ocrx_word' id='word_1_937' title='bbox 3275 5650 3516 5706; x_wconf 61' lang='lat' dir='ltr'><strong>quaerunt</strong></span> 
     </span>
    </p>
   </div>
   <div class='ocr_carea' id='block_1_118' title="bbox 1944 5715 3515 5792">
    <p class='ocr_par' dir='ltr' id='par_1_118' title="bbox 1944 5715 3515 5792">
     <span class='ocr_line' id='line_1_118' title="bbox 1944 5715 3515 5792; baseline 0.011 -24"><span class='ocrx_word' id='word_1_938' title='bbox 1944 5715 2079 5768; x_wconf 88' lang='lat' dir='ltr'><strong>oculi</strong></span> <span class='ocrx_word' id='word_1_939' title='bbox 2120 5716 2315 5779; x_wconf 91' lang='lat' dir='ltr'><strong>carnis,</strong></span> <span class='ocrx_word' id='word_1_940' title='bbox 2362 5716 2530 5772; x_wconf 90' lang='lat' dir='ltr'><strong>lucem</strong></span> <span class='ocrx_word' id='word_1_941' title='bbox 2558 5717 2697 5775; x_wconf 89' lang='lat' dir='ltr'><strong>illam</strong></span> <span class='ocrx_word' id='word_1_942' title='bbox 2724 5736 2969 5792; x_wconf 63' lang='lat' dir='ltr'><strong>quaerunt</strong></span> <span class='ocrx_word' id='word_1_943' title='bbox 2995 5726 3130 5780; x_wconf 90' lang='lat' dir='ltr'><strong>oculi</strong></span> <span class='ocrx_word' id='word_1_944' title='bbox 3169 5728 3362 5783; x_wconf 87' lang='lat' dir='ltr'><strong>cordis.</strong></span> <span class='ocrx_word' id='word_1_945' title='bbox 3411 5730 3515 5788; x_wconf 79' lang='lat' dir='ltr'><strong>Sed</strong></span> 
     </span>
    </p>
   </div>
   <div class='ocr_carea' id='block_1_119' title="bbox 2009 5824 3021 5892">
    <p class='ocr_par' dir='ltr' id='par_1_119' title="bbox 2009 5824 3021 5892">
     <span class='ocr_line' id='line_1_119' title="bbox 2009 5824 3021 5892; baseline 0.011 -21"><span class='ocrx_word' id='word_1_946' title='bbox 2009 5825 2024 5855; x_wconf 74' lang='grc'><strong><em>³</em></strong></span> <span class='ocrx_word' id='word_1_947' title='bbox 2049 5832 2119 5872; x_wconf 75' lang='grc' dir='ltr'><strong>διο</strong></span> <span class='ocrx_word' id='word_1_948' title='bbox 2139 5824 2185 5872; x_wconf 88' lang='lat' dir='ltr'><strong>in</strong></span> <span class='ocrx_word' id='word_1_949' title='bbox 2209 5831 2312 5874; x_wconf 70' lang='lat' dir='ltr'><strong>Mss.</strong></span> <span class='ocrx_word' id='word_1_950' title='bbox 2341 5835 2392 5877; x_wconf 73' lang='lat' dir='ltr'><strong>At</strong></span> <span class='ocrx_word' id='word_1_951' title='bbox 2407 5828 2452 5876; x_wconf 84' lang='lat' dir='ltr'><strong>in</strong></span> <span class='ocrx_word' id='word_1_952' title='bbox 2470 5828 2600 5892; x_wconf 55' lang='lat' dir='ltr'><strong>Md,</strong></span> <span class='ocrx_word' id='word_1_953' title='bbox 2623 5841 2763 5882; x_wconf 77' lang='lat' dir='ltr'><strong>sema</strong></span> <span class='ocrx_word' id='word_1_954' title='bbox 2778 5845 3021 5884; x_wconf 62' lang='lat' dir='ltr'><strong>exercear.</strong></span> 
     </span>
    </p>
   </div>
  </div>
