3988 6188
403 353 506 409 9οῗ

404 470 484 520 vis
510 466 649 519 illam
694 464 884 525 lucem,
932 473 1047 529 qua:
1075 456 1281 511 videtur
1308 452 1473 509 oculis
1501 451 1695 515 cordis,
1746 450 1923 504 videre
1956 467 1970 501 :

413 557 530 625 quia
548 558 658 624 ipsa
682 555 766 608 lux
787 554 924 607 Deus
953 559 1052 604 cst.
1076 548 1213 602 Deus
1233 548 1363 600 enim
1389 546 1476 598 lux
1500 555 1592 607 est,
1622 543 1692 596 ait
1718 541 1967 605 Joannes,

418 657 454 704 et
470 646 679 701 tcnebra:
698 645 747 697 in
770 660 827 696 eo
850 658 949 695 non
970 650 1083 694 sunt
1106 637 1276 711 ulla:(l
1301 635 1454 691 Joan.
1476 651 1518 701 1,
1544 635 1619 705 5).
1638 632 1729 687 Vis
1749 648 1874 702 ergo
1892 632 1970 685 vi-

412 738 533 794 dere
555 738 694 792 illam
719 734 923 790 lucem?
947 732 1138 787 Munda
1156 730 1388 793 oculum,
1416 728 1555 782 unde
1577 726 1782 780 videtur
1801 743 1811 777 :
1833 724 1973 778 Beati

406 830 544 881 enim
561 828 745 881 mundo
760 826 926 887 corde,
946 824 1061 891 quia
1084 822 1180 890 ipsi
1193 819 1353 873 Deum
1364 818 1590 872 uidebunt
1606 816 1686 885 (Μ
1692 815 1817 867 attlt.
1837 812 1968 884 v.8).

478 919 560 972 ιϐ.
594 915 852 990 μαργ-ενα]
888 914 997 968 Tibi
1028 914 1153 966 dixit
1185 928 1272 965 cor
1314 927 1496 974 meum,
1533 908 1749 975 Quaesivi
1782 907 1985 959 uultum

404 1022 561 1072 tuum,
577 1010 767 1063 vultum
788 1019 943 1069 tuum,
962 1005 1191 1068 Domine,
1216 1004 1462 1073 requiram
1477 1018 1494 1053 :
1510 1015 1668 1054 unam
1690 998 1808 1068 petii
1828 1013 1855 1049 a
1881 997 1973 1049 lio-

403 1102 563 1162 lltlllO,
583 1100 714 1153 hanc
726 1098 1008 1169 requiram,
1055 1096 1258 1151 vultum
1276 1105 1439 1159 tuum,
1461 1090 1577 1144 Non
1594 1099 1783 1143 avertas
1795 1089 1971 1160 facient

402 1201 538 1243 tuam
565 1207 595 1243 a
626 1207 721 1244 me.
746 1187 1019 1256 Quomodo
1049 1201 1108 1242 se
1137 1184 1248 1240 ﬁxit
1267 1186 1317 1239 in
1336 1186 1436 1238 ista
1452 1198 1550 1236 una
1571 1182 1820 1252 petitione
1844 1180 1857 1234 !
1885 1170 1973 1233 Vis

400 1282 721 1350 impetrare?
759 1279 913 1334 Aliud
941 1279 1048 1334 noli
1084 1289 1262 1348 petere
1297 1296 1309 1331 :
1341 1277 1430 1330 uni
1465 1274 1668 1339 suffice,
1718 1274 1836 1343 quia
1872 1287 1973 1327 una

400 1374 491 1428 tibi
509 1375 751 1429 sufficiet.
776 1373 884 1427 Tibi
901 1374 1024 1427 dixit
1039 1388 1127 1425 cor
1144 1373 1325 1433 meum,
1352 1368 1569 1433 Quazsivi
1589 1366 1779 1421 vultum
1801 1376 1937 1417 tuum
1952 1380 1971 1427 ;

399 1466 589 1518 vultmn
642 1475 812 1527 tuum,
856 1462 1086 1526 Domine,
1128 1461 1374 1531 requiram
1428 1456 1509 1510 Ne
1548 1464 1740 1509 avertas
1796 1454 1973 1522 {aciem

398 1566 538 1608 tuam
589 1572 622 1608 a
673 1570 779 1609 me.
840 1568 901 1606 ne
926 1553 1145 1606 declines
1184 1552 1236 1604 in
1273 1552 1350 1603 ira
1391 1567 1423 1603 a
1448 1565 1587 1602 servo
1626 1558 1731 1601 tuo.
1775 1545 1973 1615 Magni-

399 1645 518 1710 fice,
548 1645 674 1698 nihil
718 1644 819 1698 dici
858 1643 1086 1697 divinius
1114 1650 1302 1711 potest.
1335 1630 1582 1696 Sentiuni
1608 1638 1709 1693 hoc
1736 1637 1825 1708 qui
1851 1651 1973 1692 vere

400 1748 599 1790 amant.
633 1737 780 1790 Alius
811 1736 970 1790 vellet
1003 1736 1186 1788 beatus
1221 1742 1275 1789 et
1300 1731 1609 1786 immortalis
1638 1744 1757 1785 esse
1784 1728 1836 1782 in
1866 1726 1969 1793 his,

396 1842 527 1897 quas
557 1828 748 1896 diligit,
797 1836 1124 1881 terrenarum
1150 1820 1701 1893 concupiscentiarum
1731 1819 1974 1888 volupta-

398 1919 539 1972 tibus
569 1935 581 1970 :
615 1928 667 1971 et
693 1915 831 1971 forte
860 1914 1335 1986 propterea‘Denm
1363 1912 1582 1974 coleret,
1611 1919 1667 1964 et
1695 1916 1974 1974 oraret,.ut

400 2009 488 2062 diu
519 2009 604 2061 hic
631 2009 831 2062 viveret
876 2008 927 2060 in
955 2006 1159 2061 deliciis
1202 2006 1333 2067 suis,
1363 2013 1415 2057 et
1458 2017 1561 2063 non
1596 2001 1662 2055 ab
1687 2016 1752 2055 eo
1776 1999 1971 2071 aliquid

399 2101 596 2171 periret
617 2099 756 2169 quod
782 2109 989 2153 terrena
1018 2096 1255 2169 possidet
1288 2093 1570 2165 cupiditas,
1625 2107 1722 2147 nee
1761 2106 1969 2155 aurum,

401 2204 497 2243 nec
522 2196 822 2255 argentum,
852 2202 948 2240 nec
971 2187 1015 2240 si
1037 2184 1164 2256 quid
1188 2184 1503 2254 praediorum
1534 2182 1824 2238 oblectaret
1849 2196 1975 2235 ocu-

397 2280 477 2334 lus
504 2279 638 2347 ejus,
672 2293 769 2332 nec
796 2278 951 2330 amici
984 2284 1334 2340 morerentur,
1365 2289 1464 2329 nec
1487 2274 1604 2342 filii,
1631 2288 1730 2327 nec
1754 2272 1968 2342 conjux,

397 2385 495 2423 nec
516 2370 733 2424 clientes
763 2385 777 2432 ;
810 2369 861 2421 in
890 2366 974 2420 bis
1000 2366 1201 2421 deliciis
1232 2366 1396 2420 vellet
1420 2356 1629 2434 semper
1648 2364 1844 2417 vivere.
1867 2362 1970 2417 Sed

397 2464 518 2531 quia
574 2474 677 2517 non
720 2466 896 2528 potest
921 2472 1153 2536 semper,
1200 2457 1349 2510 novit
1394 2457 1534 2511 enim
1578 2471 1636 2509 se
1663 2455 1967 2519 mortalem;

394 2551 530 2607 forte
570 2551 634 2605 ad
663 2551 763 2605 hoc
789 2550 915 2605 colit
943 2549 1128 2614 Deum,
1160 2556 1214 2602 et
1240 2548 1304 2602 ad
1334 2547 1434 2602 hoc
1458 2546 1779 2611 oratDeum,
1816 2555 1869 2599 et
1905 2543 1969 2598 ad

396 2641 497 2696 hoc
537 2640 700 2711 gemit
728 2641 856 2703 Deo,
911 2649 971 2693 ut
1009 2639 1108 2693 ista
1135 2638 1206 2692 illi
1233 2620 1409 2692 omnia
1453 2652 1617 2706 usque
1644 2636 1695 2689 in
1717 2646 1968 2689 senectu-

388 2728 506 2785 tem
530 2732 544 2761 ¹
575 2737 875 2799 suppetant.
925 2728 991 2783 Et
1016 2730 1059 2782 si
1086 2727 1288 2783 diceret
1315 2727 1361 2781 ei
1404 2727 1564 2795 Deus,
1593 2726 1729 2780 Ecce
1760 2724 1893 2779 facio
1921 2734 1971 2780 te

394 2821 447 2874 in
493 2819 574 2874 bis
604 2818 994 2884 immortalem;
1044 2834 1139 2888 pro
1182 2832 1372 2887 magno
1400 2816 1538 2872 bono
1584 2817 1867 2887 acciperet,
1918 2825 1969 2872 et

394 2910 745 2965 exsultatione
794 2909 1102 2979 gaudiorum
1148 2909 1437 2978 gratulatus
1483 2923 1586 2962 non
1632 2923 1691 2963 se
1735 2917 1965 2977 caperet.

395 3000 513 3056 Non
530 3001 641 3054 vult
669 3000 768 3053 hoc
790 2999 910 3064 iste,
931 2999 1017 3068 qui
1041 3013 1196 3052 unam
1221 2999 1370 3068 petiit
1395 3013 1424 3051 a
1451 2997 1695 3052 Domino.
1719 2998 1822 3052 Sed
1843 2998 1967 3067 quid
2012 2994 2013 2997 “

397 3092 551 3146 vult?
593 3090 951 3159 Contemplari
982 3089 1390 3144 delectationem
1420 3088 1624 3142 Domini
1659 3103 1754 3159 per
1781 3102 1967 3143 omnes

394 3182 511 3238 dies
536 3181 657 3235 vita:
686 3195 817 3235 sum.
859 3179 1166 3249 Rursusque
1195 3178 1331 3232 alius
1364 3178 1452 3249 qui
1481 3177 1581 3232 hoc
1607 3178 1765 3232 modo
1791 3188 1845 3233 et
1869 3178 1969 3233 hac

396 3287 555 3327 causa
585 3272 784 3326 coleret
814 3269 1005 3334 Deum,
1054 3271 1098 3324 si
1128 3269 1215 3324 illa
1241 3269 1340 3323 sibi
1364 3269 1672 3338 temporalia
1696 3268 1964 3334 adessent,

394 3364 585 3418 iratum
616 3362 778 3417 Deum
810 3375 916 3437 non
946 3361 1177 3427 timeret,
1203 3360 1303 3414 nisi
1333 3375 1401 3415 ne
1429 3359 1557 3414 illud
1584 3358 1833 3415 auferret.
1862 3359 1966 3416 iste

394 3471 500 3511 non
528 3464 744 3527 propter
768 3454 874 3531 hoc
901 3454 1051 3509 timet
1094 3455 1314 3520 iratum;
1354 3452 1774 3523 quandoquidem
1809 3462 1863 3508 et
1897 3452 1966 3509 de

392 3547 621 3603 inimicis
646 3546 756 3602 suis
781 3546 931 3610 dixit,
954 3544 1024 3601 Ut
1049 3543 1206 3600 edant
1235 3558 1423 3599 carnes
1448 3559 1614 3619 meas.
1645 3542 1797 3599 Unde
1816 3545 1967 3598 timet

392 3640 580 3694 iratum
604 3639 627 3692 Ἰ
657 3635 733 3692 Ne
768 3635 974 3691 auferat
995 3635 1135 3706 quod
1162 3635 1377 3690 amavit.
1408 3633 1544 3702 Quid
1570 3633 1805 3688 amavit?
1833 3632 1960 3687 Vul-

394 3744 502 3786 tum
532 3740 696 3784 tnum.
751 3727 873 3782 Ideo
901 3728 1038 3782 hanc
1062 3734 1208 3797 putat
1235 3726 1368 3781 iram
1399 3725 1627 3792 Domini,
1677 3726 1720 3779 si
1760 3733 1964 3778 avertat

280 3804 299 3827 ’
390 3822 574 3877 abillo
615 3820 817 3874 vultum
855 3833 1028 3873 suum.
1069 3816 1312 3884 Domine,
1362 3832 1425 3870 ne
1468 3815 1681 3870 declines
1724 3815 1778 3869 in
1822 3815 1899 3868 ira
1932 3831 1965 3868 a

390 3928 530 3966 servo
577 3922 680 3965 tuo.
735 3912 920 3966 Posset
968 3910 1041 3964 illi
1085 3908 1220 3964 forte
1266 3906 1575 3978 responderi
1621 3907 1721 3961 hoc
1756 3895 1957 3961 modo:

390 4003 527 4071 Quid
558 4003 730 4067 times,
764 4018 832 4057 ne
857 4003 1086 4058 declinet
1110 4018 1138 4055 a
1168 4010 1218 4056 te
1248 4002 1299 4055 in
1331 4000 1445 4055 ira?
1476 3999 1638 4070 Magis
1663 3999 1706 4053 si
1735 4014 1765 4053 a
1791 4008 1841 4053 te
1867 3998 1959 4053 de-

391 4092 666 4148 clinaverit
692 4092 742 4145 in
771 4093 867 4154 ira,
902 4109 1006 4146 non
1038 4094 1089 4144 in
1118 4100 1169 4144 te
1197 4090 1482 4145 vindicabit
1516 4109 1530 4145 :
1572 4090 1616 4144 si
1643 4090 1880 4143 incurras
1905 4089 1959 4143 in

393 4182 539 4237 illum
588 4180 813 4235 iratum.
866 4180 1147 4233 vindicabit
1189 4181 1239 4234 in
1282 4189 1352 4235 te.
1383 4179 1515 4249 Opta
1544 4190 1670 4249 ergo
1706 4179 1878 4248 potius
1904 4188 1962 4233 ut

392 4267 622 4325 declinet
649 4285 676 4322 a
703 4279 752 4323 te
783 4270 833 4321 in
866 4269 940 4323 ira
992 4268 1128 4333 Non,
1154 4269 1335 4339 inquit.
1363 4269 1519 4323 Novit
1541 4270 1681 4324 enim
1712 4268 1837 4338 quid
1866 4266 1962 4323 de-

396 4347 656 4403 siderat'.
707 4345 787 4399 lra
814 4346 928 4414 ejus
963 4359 1067 4398 non
1110 4354 1192 4399 est
1241 4346 1341 4399 nisi
1384 4348 1590 4400 aversio
1630 4347 1800 4400 vultus
1822 4350 1958 4416 ejus.

398 4439 536 4509 Quid
562 4440 604 4493 si
631 4448 680 4493 te
717 4436 873 4491 faciet
916 4436 968 4490 in
1011 4435 1214 4489 deliciis
1241 4437 1354 4491 istis
1380 4445 1434 4491 et
1459 4438 1722 4508 voluptate
1744 4436 1963 4509 gaudio-

398 4546 516 4586 rum
545 4541 877 4585 terreuorutn
904 4527 1251 4582 immortalem
1267 4528 1292 4579 ?
1336 4527 1640 4598 Respondet
1659 4539 1863 4585 amator
1882 4540 1962 4586 ta-

399 4623 465 4678 lis
547 4622 711 4689 Nolo;
741 4621 991 4693 quidquid
1023 4619 1150 4675 mihi
1177 4621 1526 4691 prmlerillum
1547 4633 1648 4690 est,
1677 4624 1833 4682 dulce
1856 4643 1961 4682 non

397 4723 481 4771 est
512 4733 525 4767 ε
557 4716 808 4787 quidquid
838 4715 965 4769 mibi
986 4711 1095 4768 vult
1118 4714 1245 4769 dare
1276 4714 1525 4768 Dominus
1566 4730 1734 4784 meus,
1762 4719 1964 4774 auferat

403 4813 588 4871 totum,
619 4814 674 4859 et
720 4820 779 4859 se
804 4805 931 4859 mibi
958 4804 1075 4883 det._
1099 4802 1184 4859 Ne
1207 4804 1422 4858 declines
1447 4804 1498 4857 in
1522 4805 1600 4857 ira
1623 4822 1654 4858 a
1687 4822 1826 4861 servo
1855 4817 1959 4864 tuo.

400 4894 561 4953 Forte
591 4897 660 4952 ab
700 4896 959 4967 aliquibus
989 4896 1237 4961 declinat,
1279 4909 1385 4950 non
1421 4894 1474 4949 in
1501 4894 1612 4963 ira;
1641 4898 1905 4966 quomodo
1932 4915 1962 4954 a

398 4987 712 5060 quibusdam
739 4988 829 5057 qui
853 4988 926 5042 illi
957 4988 1171 5043 dicunt:
1204 4992 1379 5042 Auerte
1406 4989 1586 5058 faciem
1615 4999 1752 5043 tuam
1788 5007 1819 5044 a
1844 5009 1960 5063 pec-

398 5088 524 5132 catts
537 5080 657 5131 iuris
678 5075 843 5146 (Psat.
861 5075 1037 5149 1.,ll).
1051 5077 1272 5145 Quando
1290 5093 1318 5131 a
1334 5078 1561 5148 peccatis
1575 5079 1674 5134 tuis
1687 5083 1874 5136 avertit
1887 5082 1962 5138 fa-

396 5169 534 5225 ciem
552 5181 722 5229 suam,
743 5165 916 5220 nonin
935 5167 1009 5219 ira
1026 5182 1056 5221 a
1073 5175 1123 5222 te
1137 5166 1383 5222 declinat.
1404 5170 1619 5224 Avertat
1631 5184 1757 5242 ergo
1775 5169 1959 5227 faciem

397 5274 548 5318 suam
575 5274 603 5314 a
620 5258 847 5330 peccatis
858 5256 989 5313 tuis:
1008 5257 1101 5312 sed
1119 5273 1222 5312 non
1242 5268 1445 5314 avertat
1468 5259 1655 5316 faciem
1675 5276 1820 5317 suam
1837 5277 1867 5318 a
1887 5273 1957 5320 te.

470 5353 558 5408 Π.
605 5348 820 5420 Adjutor
856 5363 995 5403 meus
1042 5360 1165 5415 esto,
1216 5364 1278 5402 ne
1321 5349 1633 5420 derelinquas
1672 5368 1770 5406 me.
1824 5352 1962 5409 Ecce

458 5485 477 5551 ξ
503 5482 795 5551 Edd.,usque
815 5477 869 5551 in
887 5476 1265 5551 W1._Al.dl8§.,
1285 5478 1335 5532 in
1356 5487 1654 5551 senectutem.

456 5547 480 5579 ί
501 5539 632 5605 ων.;
654 5539 727 5605 ut"
744 5539 946 5605 declinet
978 5547 1090 5605 ante
1119 5539 1293 5605 inira,
1334 5552 1425 5605 non
1454 5543 1672 5592 accedat.
1698 5541 1962 5605 Quidum“:

395 5576 587 5658 seu?
599 5576 721 5672 ’ἇᾳῒά
744 5576 1009 5672 ᾌῒᾲῗιὶἕὶαῖ
1017 5576 1231 5672 iii-1'.in
1239 5576 1604 5672 Ὴεέἱὲῗιὲἴΐςέ
1607 5576 1672 5654 "iii
1690 5576 1961 5672 ίῖἓζᾝῖἶᾶ

396 5681 488 5736 non
509 5663 721 5736 accedat.
746 5663 866 5726 Quid
887 5663 1012 5735 nouit
1032 5663 1155 5734 enim
1352 5676 1469 5736 vero
1489 5666 1792 5736 quidgmjﬂl.
1809 5665 1959 5718 decli-

395 5734 473 5778 net
494 5742 522 5778 ο
544 5736 589 5779 te
623 5724 794 5786 inira,
830 5738 921 5775 non
954 5725 1007 5775 in
1027 5724 1119 5774 ira.
1158 5724 1280 5785 quid
1315 5724 1439 5775 nouit
1460 5724 1620 5775 enim?
1644 5725 1728 5776 Alii
1763 5726 1959 5779 demum

397 5802 505 5839 eam
528 5786 1055 5850 lwioneni‘exltibeut,
1079 5800 1223 5851 quam
1244 5789 1293 5838 in
1315 5795 1455 5839 textu
1475 5788 1658 5837 damus.

1641 338 1696 392 S.
1738 334 2101 391 AUGUSTINI
2150 333 2448 390 El’lSCOPl

3546 336 3649 391 9.08

2086 446 2225 501 enim
2253 447 2303 501 in
2334 446 2414 502 via
2443 462 2593 514 sum;
2625 449 2781 520 petivi
2803 466 2832 504 a
2865 458 2913 506 te
2935 465 3113 519 unam,
3142 447 3378 507 habitare
3408 453 3460 506 in
3485 451 3651 506 domo

2088 548 2179 605 tua
2196 553 2290 610 per
2309 553 2493 594 omnes
2517 539 2631 595 dies
2655 542 2776 596 vita:
2804 558 2953 608 mea),
2978 544 3319 613 contemplari
3343 544 3654 600 delectatio-

2081 644 2203 684 nem
2254 639 2417 697 tnam,
2474 634 2676 703 protegi
2725 634 2977 704 templum
3033 635 3259 701 tuum‘;
3312 637 3444 691 hanc
3490 637 3655 707 petivi

2080 734 2238 773 unam
2269 707 2407 775 :‘sed
2433 732 2490 775 ut
2515 722 2580 782 ad
2605 721 2748 777 illam
2775 712 3098 794 perveniam,
3134 726 3185 779 in
3213 726 3294 779 via
3332 742 3467 780 sum.
3494 727 3655 782 Forte

2081 811 2226 867 dices
2278 813 2450 868 mibi:
2507 814 2685 870 Nitere
2703 818 2745 881 ⁸,
2800 818 3059 884 ambula;
3107 817 3330 872 liberum
3376 819 3653 873 arbitrium

2081 905 2170 959 tibi
2201 905 2343 973 dedi,
2374 906 2658 963 voluntatis
2686 917 2786 962 tum
2814 923 2870 962 cs
2891 924 2905 973 ;
2929 923 3252 978 prosequere
3282 909 3440 973 viam,
3467 924 3656 979 (ωερε-θ

2079 1012 2263 1066 pacem
2295 1006 2348 1052 et
2384 1013 2606 1069 sequere
2634 1014 2749 1055 eam
2773 998 2939 1069 (Psal.
2975 1016 3165 1065 xxxnt,
3207 1000 3336 1071 l5);
3369 1001 3473 1054 noli
3504 1015 3533 1052 a
3569 1001 3656 1057 via

2078 1088 2366 1156 declinare,
2381 1090 2488 1145 noli
2513 1091 2580 1145 ibi
2602 1104 2899 1154 remanere,
2919 1089 3027 1145 noli
3046 1100 3188 1145 retro
3205 1090 3501 1159 respicere;
3529 1106 3653 1160 per-

2078 1195 2262 1236 severa
2309 1181 2360 1235 in
2402 1182 2738 1245 ambulando,
2793 1183 3039 1252 quoniam
3089 1183 3176 1253 qui
3226 1184 3656 1252 perseveraverit

2080 1287 2243 1340 usque
2280 1272 2331 1325 in
2357 1271 2534 1339 finem,
2566 1272 2650 1327 llic
2673 1274 2851 1328 salvus
2878 1274 2979 1327 erit
3005 1272 3213 1342 (Matth.
3240 1290 3289 1338 χ,
3314 1273 3404 1339 22,
3433 1283 3478 1327 et
3502 1290 3653 1341 xxuv,

2079 1364 2191 1433 15).
2217 1363 2332 1418 lam
2363 1374 2416 1418 tu
2457 1375 2673 1434 accepto
2715 1365 2881 1419 libero
2911 1365 3148 1427 arbitrio,
3204 1367 3348 1435 quasi
3375 1367 3657 1435 prtesumis

2077 1454 2215 1508 unde
2242 1455 2478 1509 ambules
2505 1456 2583 1527 (μ)
2626 1474 2639 1511 :
2672 1455 2777 1509 noli
2804 1455 2871 1511 de
2900 1465 2950 1510 te
2970 1470 3288 1525 prmsumere
3310 1472 3324 1520 ;
3348 1456 3391 1510 si
3424 1464 3474 1509 te
3499 1454 3659 1510 dere-

2078 1544 2308 1614 liquerit,
2331 1546 2380 1599 in
2405 1547 2511 1614 ipsa
2531 1547 2612 1599 via
2634 1546 2870 1612 deficies,
2888 1548 3069 1610 cades,
3094 1546 3385 1611 aberrabis,
3410 1562 3657 1600 remane-

2079 1635 2181 1690 bis.
2218 1636 2311 1689 Dic
2342 1652 2467 1706 ergo
2494 1637 2567 1690 illi
2595 1655 2609 1688 :
2654 1635 2989 1692 Voluntatem
3031 1635 3246 1706 quidem
3273 1635 3491 1690 liberam
3520 1637 3654 1691 mibi

2076 1727 2292 1794 dedisti,
2338 1728 2431 1783 sed
2483 1729 2598 1784 sine
2633 1737 2684 1783 te
2739 1728 2866 1782 nihil
2901 1737 2983 1784 est
3023 1729 3150 1782 mibi
3189 1736 3410 1783 conatus
3452 1744 3602 1783 meus
3632 1748 3651 1784 :

2077 1819 2294 1891 Adjutor
2330 1836 2468 1874 meus
2506 1831 2631 1884 esto,
2672 1837 2733 1873 ne
2754 1820 3067 1887 derelinquas
3091 1835 3200 1883 me;
3226 1836 3381 1889 neque
3404 1820 3656 1891 despicias

2078 1927 2178 1977 me,
2210 1908 2344 1963 Deus
2368 1910 2605 1964 salutaris
2636 1927 2793 1964 incus.
2839 1910 2919 1965 Tu
2944 1910 3083 1964 enim
3114 1909 3330 1979 adjuvas
3354 1910 3449 1980 qui
3468 1910 3655 1965 condi-

2076 2000 2225 2065 disti,
2248 2009 2301 2054 tu
2329 2015 2433 2054 non
2458 2000 2659 2054 deseris
2684 2001 2771 2070 qui
2801 2000 3013 2055 creasti.

2147 2091 2234 2146 18.
2285 2089 2433 2163 [vers.
2473 2089 2585 2162 10.]
2627 2091 2876 2156 Quoniam
2917 2101 3058 2161 pater
3089 2106 3227 2145 meus
3272 2100 3318 2145 et
3351 2101 3508 2146 mater
3540 2108 3653 2145 mea

2076 2181 2556 2244 dereliqueruntme.
2590 2181 2735 2236 Fecit
2763 2196 2821 2236 se
2844 2182 3121 2252 parvulum
3146 2182 3254 2236 Deo
3282 2197 3296 2234 :
3325 2181 3499 2251 ipsum
3522 2183 3650 2237 fecit

2076 2281 2300 2340 patrem,
2332 2273 2502 2342 ipsum
2528 2271 2649 2326 fecit
2673 2281 2916 2327 matrem.
2947 2273 3100 2328 Pater
3116 2280 3218 2339 est,
3245 2273 3366 2343 quia
3390 2265 3648 2338 condidit,

2075 2364 2200 2432 quia
2231 2373 2401 2430 vocat,
2433 2364 2553 2437 quia
2577 2363 2747 2432 jubet,
2772 2364 2893 2434 quia
2916 2364 3052 2433 regit
3080 2383 3093 2420 :
3122 2373 3309 2431 mater,
3332 2365 3451 2434 quia
3483 2364 3644 2429 fovet,

2075 2456 2196 2525 quia
2233 2457 2415 2519 nutrit,
2444 2456 2564 2526 quia
2593 2456 2771 2523 lactat,
2812 2458 2939 2527 quia
2960 2457 3218 2512 continet.
3252 2455 3407 2510 Pater
3440 2474 3578 2512 meus
3602 2470 3652 2511 et

2074 2556 2231 2600 uniter
2256 2563 2365 2600 mea
2387 2545 2762 2617 dereliquerunt
2784 2564 2860 2601 me
2873 2562 2892 2612 ;
2917 2544 3164 2601 Dominus
3191 2556 3355 2601 autem
3378 2548 3653 2618 assumpsit

2073 2653 2170 2698 me,
2189 2646 2243 2691 et
2267 2636 2554 2707 regendum
2577 2647 2630 2692 et
2648 2638 3006 2694 nutriendum.
3030 2638 3274 2693 Mortales
3288 2646 3531 2709 parentes
3554 2655 3651 2708 ge-

2074 2738 2320 2793 nuerunt,
2354 2728 2446 2782 lilii
2472 2738 2860 2794 succcsserunt,
2888 2728 3138 2783 mortales
3154 2728 3482 2794 mortalibus,
3505 2736 3558 2782 et
3580 2726 3670 2782 ad‘

2076 2817 2175 2872 hoc
2198 2818 2308 2872 nati
2332 2828 2454 2872 sunt
2487 2820 2574 2889 qui
2608 2819 2973 2885 succederent,
3006 2828 3065 2874 ut
3093 2821 3181 2888 qui
3219 2829 3514 2891 genuerunt
3554 2820 3650 2875 de-

2071 2908 2355 2963 cederent:
2395 2925 2497 2963 non
2544 2909 2766 2964 decedet
2805 2911 2896 2980 qui
2938 2926 3024 2966 me
3066 2912 3285 2974 creavit,
3324 2926 3422 2982 ego
3458 2912 3649 2967 abillo

2072 3013 2177 3053 non
2205 2999 2467 3053 recedam.
2515 2998 2670 3053 Pater
2704 3016 2842 3053 mens
2882 3010 2930 3053 et
2953 3010 3109 3054 mater
3140 3018 3247 3054 mea
3281 3002 3650 3071 dercliquertmt

2070 3103 2150 3141 me
2174 3103 2193 3141 :
2224 3087 2469 3142 Dominus
2488 3098 2653 3141 autem
2681 3090 2951 3159 assumpsit
2980 3107 3076 3145 me.
3108 3090 3365 3160 Exceptis
3392 3092 3549 3146 etiam
3579 3093 3651 3146 il-

2071 3178 2138 3232 lis
2164 3178 2371 3232 duobus
2399 3180 2722 3249 parentibus,
2766 3180 2832 3235 de
2857 3195 3080 3251 quorum
3107 3196 3265 3237 carne
3306 3183 3412 3237 nati
3439 3198 3646 3248 sumus,

2070 3276 2220 3338 patre
2249 3269 2502 3333 masculo,
2556 3278 2611 3325 et
2657 3263 2825 3325 matre
2851 3271 3065 3339 femina,
3119 3282 3366 3342 tanquam
3395 3272 3559 3327 Adam
3591 3282 3650 3329 et

2070 3359 2210 3425 Eva;
2240 3360 2477 3430 exceptis
2504 3361 2604 3416 illis
2632 3360 2837 3417 duobus
2886 3364 3211 3433 parentibus,
3263 3362 3519 3419 habemus
3558 3365 3648 3421 hic

2068 3452 2225 3506 alium
2256 3461 2479 3522 patrem,
2510 3463 2563 3508 ct
2595 3454 2750 3509 aliam
2773 3464 3016 3523 matrem,
3039 3457 3121 3511 vel
3148 3457 3320 3527 potius
3340 3457 3646 3513 habuimus.

2069 3544 2225 3599 l‘ater
2255 3545 2544 3600 secundum
2569 3547 2818 3602 saeculum
2848 3547 3088 3604 diabolus
3114 3557 3214 3615 est,
3263 3557 3317 3604 et
3360 3548 3455 3604 fuit
3483 3549 3644 3605 nobis

2069 3643 2218 3702 pater
2244 3648 2363 3688 cum
2409 3649 2650 3690 essemus
2675 3636 2954 3703 infideles;
3004 3652 3126 3692 nam
3176 3637 3473 3693 infidelibus
3514 3638 3648 3695 dicit

2070 3722 2323 3779 Dominus
2353 3742 2366 3779 :
2407 3722 2502 3779 Vos
2520 3742 2552 3778 a
2572 3734 2713 3796 patre
2733 3727 2930 3782 diabolo
2951 3730 3067 3782 estis
3097 3727 3273 3800 (Joan.
3302 3742 3417 3798 vm,
3444 3729 3557 3802 44).
3582 3730 3643 3787 Si

2068 3816 2156 3871 ille
2203 3826 2353 3888 pater
2395 3818 2631 3873 omnium
2672 3819 2975 3890 impiorum,
3011 3821 3098 3891 qui
3141 3831 3391 3890 operatur
3433 3822 3485 3876 in
3519 3822 3644 3878 tiliis

2066 3907 2371 3965 diffidentiae
2390 3908 2605 3982 (Epltes.
2629 3926 2685 3976 ιι,
2702 3910 2783 3981 2),
2811 3921 2981 3967 mater
3004 3927 3121 3982 qua:
3147 3913 3266 3968 est?
3290 3914 3641 3984 Estquredam

2066 3999 2269 4063 civitas,
2298 4016 2413 4070 quae
2443 4000 2725 4072 Babylonia
2751 4002 2944 4057 dicitur
2970 4020 2985 4056 :
3016 4005 3200 4059 civitas
3243 4005 3362 4070 ista,
3406 4006 3642 4063 societas

2068 4100 2151 4147 est
2174 4094 2407 4147 omnium
2437 4094 2764 4171 perditorum
2790 4096 2856 4150 ab
2884 4095 3086 4151 oriente
3111 4112 3278 4166 usque
3303 4097 3354 4153 in
3393 4098 3644 4154 occiden-

2067 4190 2206 4251 tem;
2250 4185 2361 4254 ipsa
2394 4184 2553 4239 habet
2588 4202 2808 4257 regnum
2839 4195 3130 4243 terrenum.
3172 4188 3472 4254 Secundum
3503 4190 3642 4247 banc

2065 4274 2333 4330 civitatem
2362 4274 2658 4345 respublica
2683 4276 2757 4349 (ὑ)
2786 4277 3025 4348 quaedam
3056 4278 3266 4344 dicitur,
3295 4295 3451 4349 quam
3479 4279 3640 4335 modo

2069 4356 2255 4411 videtis
2293 4371 2569 4413 senescere
2611 4369 2666 4415 et
2702 4362 2865 4416 minui
2896 4380 2910 4417 :
2962 4365 3074 4420 haec
3118 4367 3285 4435 prima
3330 4367 3429 4424 fuit
3467 4382 3638 4427 mater

2067 4456 2266 4513 nostra,
2299 4448 2349 4501 in
2370 4446 2467 4502 hac
2491 4450 2598 4503 nati
2620 4464 2821 4505 sumus.
2852 4451 3206 4524 Cognovimus
3222 4457 3379 4513 alium
3406 4470 3633 4529 patrem,

2068 4535 2267 4602 Deum;
2303 4537 2609 4608 reliquimus
2638 4540 2921 4597 diabolum.
2948 4543 3170 4612 Quando
3191 4548 3333 4603 enim
3365 4550 3524 4605 audet
3544 4567 3637 4607 ac-

2066 4625 2254 4681 cedere
2290 4626 2354 4681 ad
2381 4642 2494 4695 cos,
2522 4644 2655 4700 quos
2692 4631 2780 4688 ille
2804 4635 3036 4705 suscepit
3065 4637 3150 4706 qui
3178 4650 3389 4708 superat
3415 4643 3636 4698 omnia?

2066 4717 2419 4788 Cognovimus
2438 4720 2592 4774 aliam
2614 4734 2854 4791 matrem,
2883 4725 3172 4782 Jerusalem
3199 4731 3486 4797 caelestem,
3513 4714 3634 4805 qua:

2067 4818 2147 4863 est
2166 4819 2344 4863 sancta
2367 4809 2618 4877 Ecclesia,
2637 4814 2785 4884 cujus
2801 4816 2973 4884 portio
2988 4820 3351 4890 peregrinatur
3373 4822 3425 4877 in
3453 4833 3593 4879 terra
3616 4842 3631 4880 :

2068 4899 2372 4969 reliquimus
2412 4900 2771 4973 Babyloniam.
2810 4905 2966 4961 Pater
2990 4925 3124 4963 meus
3161 4920 3207 4964 et
3239 4921 3394 4966 mater
3412 4930 3520 4977 mea
3544 4916 3635 4969 de-

2066 4990 2366 5059 reliquerunt
2402 5006 2513 5045 me:
2533 5006 2633 5046 non
2670 4994 2859 5050 habent
2880 4996 2987 5066 jam
3018 4999 3160 5068 quod
3184 5002 3308 5056 mihi
3346 5004 3630 5075 pras'stent;

2066 5079 2186 5149 quia
2219 5088 2273 5133 et
2311 5080 2521 5148 quando
2541 5081 2667 5136 mibi
2697 5095 2944 5152 praestare
2973 5088 3300 5158 videbantur,
3330 5099 3385 5147 tu
3408 5104 3601 5163 praesta
3622 5120 3646 5135 -

2065 5167 2180 5234 bas,
2211 5179 2266 5224 et
2292 5169 2397 5223 illis
2424 5170 2760 5241 imputabant.

2130 5363 2302 5440 [acida
2326 5365 2510 5440 protegi
2543 5379 2575 5416 α
2594 5368 2786 5440 tempto
2814 5375 2910 5418 tuo.
2935 5377 2993 5420 Αι
3027 5378 3153 5432 uss,
3185 5371 3366 5438 protegi
3401 5373 3632 5438 templmn

2064 5430 2238 5501 tuum:
2254 5428 2531 5501 coccinatus
2627 5428 2891 5501 superiora.

2131 5490 2150 5555 ξ
2173 5488 2245 5555 sic
2264 5493 2485 5555 uestgtss.
2511 5488 2594 5538 Alii
2617 5488 2845 5555 quinque,
2865 5499 3012 5544 utere.
3037 5493 3163 5554 Edd.,
3192 5508 3326 5555 vero,
3352 5500 3401 5545 ut
3423 5494 3563 5546 irem.

2131 5505 2150 5519 -
2173 5505 2245 5536 etc
2265 5505 2485 5536 trevuss.
2511 5505 2594 5538 Alli
2617 5505 2729 5552 quin
2765 5505 2845 5551 ue,
2865 5505 3012 5544 utere.
3037 5505 3163 5554 ωα.,
3192 5508 3326 5555 vero,
3352 5505 3401 5545 υι
3423 5507 3563 5546 trem.

2064 5547 2433 5659 ωῐξιὲηῆθῗξὲοἱι
2456 5550 2578 5600 forte
2601 5557 2658 5600 ad
2683 5505 2857 5616 remigii
2881 5567 3116 5617 errorem,
3154 5557 3395 5606 invectum
3426 5560 3476 5607 in
3507 5560 3629 5608 atri-

2128 5644 2483 5739 (tt)nnomanam
2515 5673 2857 5734 rempublicam
2892 5684 3041 5739 notat,
3090 5688 3435 5729 senescentem
3468 5679 3629 5731 veluti

2064 5731 2445 5844 ﬁggﬁaﬁﬁtﬁm
2467 5745 2495 5781 a
2518 5731 2737 5801 tempore
2769 5744 2965 5790 vastatio
3004 5731 3147 5790 lt'alite
3168 5752 3248 5791 an.
3288 5741 3382 5792 406
3403 5749 3454 5791 et
3471 5750 3626 5805 capue
