3988 6188
286 303 388 360 209

354 420 442 476 l9.
483 420 524 474 A
557 433 659 484 two
685 419 828 474 enim
869 417 1029 474 etiam
1055 412 1340 470 secundum
1386 411 1636 466 mundum
1697 411 1852 464 istum

284 519 562 583 prrstatttr
588 511 819 573 homini,
851 509 949 562 nisi
977 523 1004 560 a
1034 505 1182 560 Deo?
1209 506 1311 558 Aut
1339 503 1462 573 quid
1491 504 1728 557 aufertur
1761 501 1854 554 ho-

286 603 408 658 mini
438 644 453 665 ,
485 603 586 655 nisi
617 602 702 655 ille
728 600 980 669 jusserit,
1009 608 1097 651 aut
1123 596 1456 666 permiserit,
1488 594 1575 663 qui
1598 591 1854 647 donavit?

283 694 382 750 Sed
404 693 593 764 putant
613 693 733 744 vani
754 691 1012 753 homines,
1031 688 1167 758 quod
1181 687 1282 741 hoc
1296 686 1566 741 dannones
1583 692 1851 756 praestent,

278 800 412 856 quos
434 783 676 847 adorant;
697 790 749 836 et
773 780 1052 848 aliquando
1072 779 1252 832 dicttnt
1280 777 1378 830 sibi
1401 793 1412 828 :
1437 776 1575 829 Detts
1603 774 1668 828 ad
1695 773 1853 826 vitam

279 885 532 931 :eternam
554 871 884 934 necessarius
908 881 989 926 est
1008 911 1022 935 ,
1052 869 1117 923 ad
1145 869 1287 922 illam
1317 868 1474 920 vitam
1503 864 1850 935 spiritualem;

281 973 574 1036 potestates
611 972 785 1016 autem
816 962 931 1015 ista:
969 960 1167 1015 debent
1209 973 1238 1012 a
1284 957 1436 1010 nobis
1470 956 1612 1021 coli,
1643 965 1856 1024 propter

279 1057 374 1112 ista
399 1053 728 1123 temporalia.
751 1053 794 1107 0
811 1052 1035 1105 inanitas
1060 1049 1270 1120 generis
1292 1047 1536 1101 humani!
1560 1046 1682 1099 Plus
1708 1059 1854 1097 amas

277 1166 366 1204 eas
395 1164 484 1202 res
509 1156 743 1217 propter
779 1161 908 1214 quas
955 1144 1082 1197 istos
1105 1142 1182 1195 vis
1227 1141 1403 1194 colere
1433 1159 1445 1192 :
1479 1137 1711 1208 profecto
1740 1138 1854 1204 plus

257 1235 444 1294 'habcs
492 1239 620 1292 istos
648 1237 856 1301 colere,
894 1245 950 1290 ut
1011 1250 1113 1287 non
1166 1233 1336 1286 dicam
1386 1232 1543 1301 plus,
1575 1239 1718 1283 certe
1771 1228 1854 1280 Vel

281 1341 503 1386 tantum.
550 1328 664 1382 Non
707 1328 816 1380 vult
865 1336 1038 1380 autem
1087 1325 1224 1378 Deus
1270 1322 1370 1376 coli
1417 1336 1536 1374 cmn
1583 1320 1683 1372 illis
1713 1361 1726 1382 ,
1758 1332 1856 1372 nec

279 1423 322 1478 si
356 1421 473 1491 ipse
509 1420 715 1474 colatur
743 1418 906 1471 multo
944 1415 1202 1486 amplius,
1244 1422 1297 1468 et
1343 1413 1415 1465 illi
1463 1410 1626 1464 multo
1660 1411 1851 1463 minus.

279 1511 416 1579 Quid
445 1525 597 1580 ergo,
617 1509 842 1577 inquies,
862 1516 915 1561 et
939 1507 1022 1560 isti
1045 1520 1146 1559 non
1174 1512 1295 1558 sunt
1315 1503 1594 1558 necessarii
1619 1502 1682 1555 ad
1707 1501 1856 1554 hzcc?

280 1601 414 1658 Non.
434 1599 842 1680 Sedtimendum
865 1606 946 1652 est
969 1613 1034 1652 ne
1057 1597 1172 1650 irati
1191 1605 1432 1650 noceant.
1457 1595 1567 1648 Non
1595 1594 1854 1647 nocebunt

284 1686 381 1750 nisi
409 1695 501 1750 ille
528 1692 818 1763 permittat.
842 1690 930 1744 Isti
957 1705 1168 1759 semper
1190 1689 1389 1742 habent
1412 1688 1730 1741 voluntatem
1761 1701 1854 1739 no-

283 1785 456 1852 cendi,
479 1799 580 1839 nec
603 1782 647 1837 si
673 1784 961 1853 placentur,
985 1797 1082 1836 nec
1108 1781 1154 1835 si
1185 1790 1454 1849 rogentur,
1486 1779 1734 1833 desinunt
1757 1793 1854 1830 uo-

283 1891 404 1932 cere
423 1875 565 1930 velle
592 1892 606 1926 :
638 1873 738 1927 hoc
765 1873 903 1926 enim
937 1871 1322 1926 malevolentia:
1353 1871 1560 1924 illorum
1588 1869 1852 1937 proprium

285 1977 383 2024 est.
411 1967 555 2036 Ergo
579 1965 705 2035 quid
729 1964 887 2020 facies
916 1979 1008 2018 eos
1037 1962 1278 2023 colendo,
1303 1961 1404 2014 nisi
1433 1965 1488 2013 ut
1519 1962 1663 2012 illtun
1691 1959 1856 2012 offen-

285 2059 377 2116 das
399 2101 414 2125 ,
444 2072 551 2129 quo
583 2056 788 2110 Offenso
816 2055 867 2108 in
898 2056 1116 2108 istorum
1145 2061 1454 2122 potestatem
1486 2050 1697 2128 dabgris
1721 2050 1734 2080 ยน
1763 2067 1776 2100 :
1802 2057 1857 2101 ut.

285 2152 373 2222 qui
403 2150 498 2206 tibi
524 2149 654 2204 nihil
679 2157 894 2217 possent
921 2146 1092 2201 facere
1122 2146 1211 2200 illo
1237 2145 1460 2214 placato,
1495 2143 1684 2196 faciant
1704 2139 1858 2210 quid-

286 2243 410 2315 quid
430 2242 617 2296 volnnt
635 2241 728 2294 illo
751 2241 905 2293 irato.
931 2240 995 2292 Et
1018 2247 1072 2292 ut
1103 2237 1310 2291 noveris
1329 2252 1484 2306 quam
1519 2235 1706 2289 frustra
1730 2235 1856 2287 istos

287 2334 452 2400 colas,
473 2332 626 2403 quasi
653 2340 866 2400 promer
887 2329 1188 2398 temporalia
1215 2328 1450 2397 quisquis
1483 2327 1593 2380 hme
1619 2327 1816 2396 cogitas
1840 2341 1853 2383 :

289 2439 477 2481 omnes
511 2423 601 2493 qui
637 2422 816 2477 colunt
858 2421 1150 2488 Neptunum
1177 2460 1192 2483 ,
1223 2434 1326 2472 non
1370 2417 1852 2487 natifragaverunt;

289 2525 380 2571 aut
413 2529 598 2570 omnes
639 2514 728 2583 qui
770 2512 1136 2580 blasphemant
1178 2510 1512 2579 Neptunum,
1541 2509 1606 2562 ad
1651 2519 1856 2577 portum

291 2621 396 2660 non
425 2604 810 2675 pervenerunt?
838 2616 1022 2655 omnes
1050 2600 1298 2654 mulieres
1318 2600 1555 2654 colentes
1574 2598 1855 2663 Jttuoncm,

289 2696 424 2752 bene
439 2701 783 2767 pepererunt;
806 2703 894 2746 aut
920 2707 1104 2745 omnes
1130 2684 1551 2759 blasphetnanles
1575 2691 1856 2754 Junoncm,

288 2787 426 2843 male
472 2785 834 2856 pepererunt?
876 2783 1007 2837 Hinc
1051 2780 1306 2849 intelligat
1345 2777 1584 2832 Charitas
1641 2778 1855 2841 Vestra,

289 2879 612 2935 inanes'esse
641 2875 901 2941 homines,
930 2875 1017 2944 qtti
1047 2875 1174 2927 istos
1205 2872 1388 2926 volunt
1417 2870 1592 2923 colere
1621 2869 1701 2921 vel
1735 2884 1857 2937 pro-

247 3025 254 3036 ,
281 2979 402 3040 pter
426 2970 530 3024 ista
559 2976 792 3022 terrena.
822 2964 949 3019 Nam
980 2964 1024 3017 si
1051 2972 1266 3033 propter
1293 2962 1386 3018 ista
1418 2969 1623 3015 terrena
1650 2958 1852 3013 colendi

290 3069 465 3116 essent
486 3099 504 3124 ,
534 3058 633 3112 soli
669 3056 899 3112 cultores
929 3055 1138 3108 illorum
1167 3050 1388 3106 terrenis
1415 3049 1659 3103 omnibus
1685 3049 1854 3103 abun-

288 3149 494 3205 darent.
517 3145 667 3216 Quod
693 3144 902 3216 quidem
931 3147 972 3196 si
997 3151 1159 3205 esset,
1181 3141 1359 3211 fugere
1383 3155 1480 3194 nos
1503 3139 1621 3193 talia
1645 3138 1780 3193 dena
1808 3147 1863 3193 et

289 3259 440 3298 unam
472 3251 658 3312 petere
676 3257 704 3294 a
725 3239 957 3293 Domino
983 3237 1317 3291 deberemus.
1353 3234 1464 3288 lluc
1488 3233 1708 3299 accedit,
1741 3232 1861 3301 quia

292 3345 344 3390 et
367 3335 464 3389 ista
493 3332 582 3388 ille
610 3332 727 3396 dat,
762 3330 850 3398 qui
880 3326 1162 3400 offenditur
1183 3340 1302 3379 cum
1331 3324 1412 3378 isti
1438 3323 1696 3377 coluntur.
1726 3322 1862 3390 Ergo

291 3427 553 3495 relinquat
579 3439 678 3478 nos
699 3431 845 3490 pater
863 3429 1064 3484 noster,
1087 3429 1143 3472 et
1169 3425 1335 3469 mater
1358 3423 1537 3474 nostra
1564 3432 1576 3467 :
1602 3414 1864 3482 relinquat

289 3516 553 3580 diabolus,
571 3514 831 3581 relinquat
853 3511 1084 3580 Babylon
1108 3507 1290 3561 civitas
1317 3496 1332 3558 แผ
1354 3505 1608 3558 Dominus
1627 3519 1722 3558 nos
1747 3519 1864 3558 sus-

289 3609 444 3679 cipiat
467 3604 820 3662 consolandos
845 3594 1860 3670 temporalibus,beati๏ฌcandosmternis.

293 3699 540 3764 Quoniam
567 3704 710 3766 Pater
741 3709 879 3748 meus
906 3701 952 3745 et
996 3700 1152 3743 mater
1187 3705 1293 3743 mea
1340 3688 1701 3757 dereliquerunt
1744 3701 1821 3738 me
1845 3699 1864 3738 :

289 3789 538 3844 Dominus
566 3797 730 3841 autem
755 3782 1139 3856 assumpsitme.

357 3882 446 3938 20.
490 3879 663 3955 [ฯฮตฮท.
715 3877 854 3949 ll.)
901 3857 1032 3929 Jam'
1060 3889 1188 3944 ergo
1232 3879 1533 3939 assumptus
1567 3878 1647 3922 est
1691 3883 1718 3920 a
1759 3867 1865 3920 Doโ

289 3973 696 4040 mino,deserta
737 3970 826 4022 illa
864 3969 1075 4022 civitate
1117 3975 1169 4020 et
1216 3973 1420 4018 rectore
1463 3961 1578 4030 ejus
1619 3958 1861 4020 diabolo,

289 4067 410 4138 quia
429 4074 606 4121 rector
631 4063 908 4132 impiorum
935 4059 1175 4113 diabolus
1197 4065 1301 4119 est,
1323 4061 1497 4109 rector
1518 4051 1696 4106 mundi
1720 4060 1866 4104 tene-

295 4155 512 4211 brarum
557 4153 764 4207 harum.
807 4151 1035 4218 Quarum
1079 4145 1453 4200 tenebrarum?
1487 4143 1858 4204 Peccatorum,

291 4246 610 4302 in๏ฌdelium.
656 4241 808 4298 Unde
841 4241 948 4310 jam
989 4237 1325 4292 credentibus
1365 4233 1492 4289 dicit
1538 4232 1861 4300 Apostolus:

289 4337 486 4394 Fuisti:
511 4335 784 4406 aliquando
814 4335 1024 4386 tenebrw
1043 4374 1056 4397 ,
1083 4346 1215 4384 nunc
1253 4337 1418 4381 autem
1456 4327 1544 4379 lux
1570 4326 1621 4377 in
1650 4323 1865 4376 Domino

291 4431 514 4504 (Epiros.
538 4445 594 4483 v.
613 4427 688 4498 8).
709 4426 964 4496 Ergojam
987 4421 1213 4491 suscopti
1237 4421 1302 4474 ab
1323 4419 1434 4483 illo,
1453 4417 1574 4485 qttid
1597 4415 1876 4470 dicamus?-

287 4521 480 4593 Lrgem
516 4519 645 4586 ,ฮทฮนแฟฮฮนแฝถ
675 4517 915 4570 constitue
937 4557 951 4578 ,
980 4513 1192 4567 Domine
1214 4553 1228 4573 ,
1250 4512 1300 4562 in
1347 4510 1424 4562 via
1455 4518 1556 4561 tua.
1605 4509 1776 4560 Ausus
1809 4521 1866 4558 cs

286 4621 478 4684 petere
509 4609 714 4680 legem?
742 4607 874 4674 Quid
905 4605 947 4660 si
981 4604 1071 4657 tibi
1093 4603 1228 4655 dicat
1265 4617 1277 4651 :
1315 4597 1559 4666 lmplehis
1589 4593 1796 4664 legem?
1823 4593 1864 4646 si

285 4701 496 4760 dedero
521 4701 715 4770 legem,
739 4696 977 4766 implebis
1004 4709 1142 4747 eam.
1167 4691 1279 4745 Non
1311 4688 1528 4742 auderet
1549 4695 1744 4754 petere,
1769 4684 1866 4736 nisi

287 4793 469 4865 primo
480 4789 683 4845 diceret
702 4805 713 4839 :
737 4786 978 4839 Dominus
995 4793 1158 4837 autem
1172 4780 1383 4848 suscepit
1406 4795 1500 4831 me.
1519 4775 1632 4830 Non
1653 4773 1869 4828 auderet

288 4893 501 4956 petere,
519 4880 617 4936 nisi
637 4879 806 4949 primo
821 4877 1050 4930 diceret:
1071 4873 1282 4942 Adjutor
1296 4886 1430 4922 meus
1455 4877 1576 4921 esto.
1599 4866 1732 4933 Ergo
1751 4865 1792 4917 si
1816 4875 1867 4917 tu

288 4977 539 5047 adiuvas,
568 4973 611 5026 si
642 4982 696 5027 ttt
723 4969 962 5038 suscipis,
991 4966 1054 5020 da
1083 4966 1249 5034 legem
1284 4981 1297 5016 :
1328 4960 1509 5047 Legem
1536 4957 1658 5010 mihi
1682 4957 1867 5009 consti-

287 5039 407 5135 tue,
434 5066 667 5130 Domine,
694 5067 747 5117 in
774 5064 852 5118 via
870 5072 974 5115 tua.
1009 5060 1148 5128 Ergo
1179 5059 1346 5126 legem
1377 5039 1504 5107 mihi
1527 5052 1788 5108 constitue
1817 5049 1868 5101 in

286 5161 512 5219 Christo
544 5169 650 5212 tuo.
673 5155 786 5226 Ipsa
815 5153 955 5209 enim
985 5151 1064 5204 via
1095 5151 1266 5203 locuta
1292 5156 1374 5202 est
1400 5145 1550 5198 nobis
1571 5185 1584 5210 ,
1615 5151 1668 5195 et
1691 5141 1823 5195 dixit
1854 5156 1866 5192 :

291 5251 418 5323 Ego
458 5265 570 5302 sum
610 5247 723 5308 via,
757 5245 936 5297 veritas
977 5249 1025 5293 et
1065 5240 1162 5291 vita
1191 5237 1365 5309 (Joan.
1405 5249 1492 5288 xw
1522 5275 1536 5299 ,
1566 5231 1641 5300 6).
1672 5232 1778 5285 Lex
1819 5231 1870 5284 in

286 5337 535 5403 Christo,
565 5337 646 5391 lex
677 5349 796 5389 cum
829 5329 1183 5385 misericordia
1209 5338 1308 5382 est.
1339 5327 1452 5396 lpsa
1482 5333 1563 5379 est
1588 5323 1870 5393 sapientia,

285 5431 364 5488 de
395 5443 500 5499 qua
528 5427 781 5495 scriptum
809 5430 890 5477 est
922 5439 935 5475 :
971 5418 1152 5488 Legem
1190 5427 1350 5472 autem
1395 5426 1439 5472 et
1482 5412 1874 5469 misericordiam

361 5670 384 5704 ยณ
410 5664 693 5726 Theoderic.
718 5661 891 5714 codex.
911 5657 959 5708 in
976 5657 1172 5726 istorum
1195 5661 1464 5726 potestatem
1503 5655 1692 5708 laberis.
1709 5655 1877 5706 plures

283 5754 312 5788 a
323 5732 383 5784 ฯ
398 5736 526 5791 ยฃ55.,
548 5725 816 5802 in't'storum
827 5728 1052 5787 potestate
1075 5718 1278 5768 Itaberis.

1361 295 1750 354 ENARRATIO
1788 293 1849 348 ฮฮ
1891 295 2209 352 PSALMUM
2249 296 2436 381 XXVI.

3421 297 3524 354 210

1961 411 2010 464 in
2037 411 2210 482 lingua
2239 421 2401 481 portat
2429 410 2605 482 (Prov.
2637 428 2783 482 XXXI,
2818 411 2928 480 26).
2959 411 3027 467 Et
3046 413 3089 467 si
3113 408 3398 467 offenderis
3425 416 3520 466 alio

1960 502 2082 571 quid
2119 503 2170 556 itt
2212 503 2324 572 lege
2349 545 2364 568 ,
2397 503 2487 557 ille
2513 503 2602 572 qui
2635 520 2727 573 pro
2759 513 2809 560 te
2848 504 2980 558 fudit
3011 507 3317 574 sanguinem
3346 521 3520 567 Stnnn,

1959 591 2226 647 con๏ฌtenti
2275 594 2496 662 ignoscit
2526 594 2617 647 tibi
2647 612 2660 646 :
2693 602 2748 648 tu
2780 603 2978 649 tantum
3018 596 3154 648 viam
3185 597 3289 650 noli
3314 597 3530 650 desere-

1962 699 2050 747 re;
2077 683 2164 739 dic
2215 684 2632 754 illi,Susceptor
2683 702 2830 740 meus
2881 698 2994 740 esto
3019 687 3132 752 ,Et
3169 688 3330 758 dinโge
3355 704 3434 740 me
3475 688 3526 741 in

1960 777 2134 830 semita
2156 785 2290 830 recta
2317 787 2520 846 prapter
2555 777 2781 830 inimicos
2808 794 2958 831 meos.
2985 779 3176 848 Legem
3205 779 3270 834 da
3298 820 3310 841 ,
3342 779 3433 833 sed
3457 795 3528 834 ne

1959 867 2165 922 auferas
2185 868 2620 933 misericordiam;
2651 870 2736 938 qui
2765 870 2898 923 dixit
2925 871 2974 922 in
3006 872 3110 923 alio
3137 872 3368 939 psalmo:
3394 867 3528 922 Nam

1961 968 2006 1011 et
2029 960 2417 1012 misericordiam
2441 961 2610 1024 dabit,
2636 962 2722 1027 qui
2752 962 2905 1030 legem
2933 962 3068 1016 dedit
3091 961 3255 1033 (Psal.
3284 979 3484 1016 LXXXIII
3511 1006 3524 1023 ,
3549 997 3552 999 -

1960 1049 2045 1121 8).
2075 1052 2240 1120 Ergo,
2276 1051 2454 1122 Legem
2483 1053 2604 1105 mihi
2629 1055 2908 1128 constitue,
2945 1054 3155 1108 Domine
3179 1098 3191 1118 ,
3216 1056 3267 1107 in
3296 1058 3375 1108 via
3404 1067 3488 1107 tua
3508 1098 3521 1113 .

1962 1141 2062 1195 hoc
2099 1142 2162 1195 ad
2203 1152 2519 1211 prmceptum
2549 1144 2816 1212 pertinet:
2846 1146 2910 1198 ad
2949 1146 3360 1200 miseriCordiatn
3401 1148 3520 1216 quin

1961 1234 2218 1302 pertinet?
2248 1234 2312 1287 Et
2337 1236 2496 1306 dirige
2524 1253 2616 1300 me,
2651 1237 2836 1305 inquit,
2866 1239 2918 1290 in
2947 1240 3119 1290 semita
3147 1253 3294 1298 recta,
3326 1249 3528 1307 promer

1959 1326 2188 1379 inimicos
2212 1342 2364 1380 meos.
3529 1329 3540 1379 l

2029 1416 2118 1469 2i.
2161 1415 2305 1487 [eers.
2341 1416 2451 1489 19ฮท]
2482 1417 2560 1470 Ne
2583 1419 2848 1472 tradideris
2873 1436 2950 1471 me
2988 1421 3039 1472 in
3065 1419 3255 1472 animos
3283 1422 3548 1474 tributim--

1962 1509 2082 1560 tium
2110 1525 2187 1561 me
2215 1525 2234 1560 :
2265 1507 2315 1562 id
2344 1519 2420 1562 est
2439 1549 2454 1572 ,
2487 1525 2552 1564 ne
2581 1510 2905 1564 consentiam
2937 1509 3307 1563 tribulantihus
3337 1526 3439 1564 me.
3473 1507 3526 1564 Si

1961 1600 2098 1652 enim
2129 1601 2462 1654 consenseris
2486 1601 2749 1656 tribulanti
2779 1610 2828 1656 te
2855 1603 2905 1655 in
2933 1601 3160 1655 animam
3191 1603 3372 1671 ipsius,
3400 1619 3532 1671 quo-

1961 1689 2243 1744 dammodo
2271 1707 2372 1745 non
2400 1691 2675 1745 devorabit
2699 1708 2909 1746 carnem
2935 1734 2949 1758 ,
2983 1693 3075 1748 sed
3103 1695 3368 1759 voluntate
3413 1708 3531 1761 perโ

1962 1799 2111 1836 versa
2153 1783 2382 1836 animam
2415 1793 2556 1838 luam
2597 1784 2948 1837 manducahit.
2981 1783 3062 1835 Ne
3086 1785 3350 1837 tradideris
3379 1802 3450 1836 tm.
3479 1781 3532 1831 in

1960 1874 2154 1926 animas
2175 1873 2520 1926 tribulantium
2543 1890 2635 1926 me.
2661 1874 2850 1935 Trade,
2878 1874 2919 1927 si
2941 1874 3038 1928 hoc
3055 1875 3245 1944 placet,
3267 1878 3317 1928 in
3347 1891 3530 1928 manus

1963 1963 2344 2018 tribulantium.
2369 1965 2612 2019 Dixerunt
2646 1965 2784 2018 enim
2816 1966 2915 2018 hoc
2943 1965 3015 2018 illi
3047 1977 3326 2036 martyres,
3348 1975 3403 2021 et
3429 1975 3531 2019 tra-

1960 2055 2094 2108 didit
2119 2070 2244 2109 suos
2279 2057 2328 2109 in
2361 2071 2544 2108 manus
2569 2056 2953 2109 trihttlantium.
2985 2056 3088 2109 Sed
3119 2056 3241 2123 quid
3281 2056 3532 2110 tradidit?

1961 2144 2206 2200 Carnem.
2234 2146 2384 2212 Quod
2411 2145 2602 2200 dicitur
2631 2147 2680 2199 in
2712 2147 2845 2199 libro
2868 2147 3000 2212 Job,
3035 2145 3192 2199 Terra
3227 2147 3414 2199 tradita
3462 2158 3531 2198 est

1961 2236 2012 2289 in
2040 2252 2217 2290 manus
2240 2237 2380 2306 impii
2413 2235 2531 2308 (Job
2582 2252 2654 2301 ฮนฯ,
2681 2235 2772 2306 24)
2806 2254 2819 2287 :
2846 2251 2971 2290 caro
2997 2235 3182 2289 tradita
3229 2244 3311 2290 est
3341 2237 3392 2288 in
3421 2251 3533 2288 ma-

1964 2342 2062 2381 nus
2077 2327 2452 2396 persecutoris.
2475 2311 2839 2379 Netrodiderir.
2863 2343 2960 2391 me,
2981 2342 3085 2380 non
3107 2342 3319 2380 carnem
3340 2341 3532 2387 meam,

1963 2418 2056 2473 sed
2086 2434 2191 2473 me.
2226 2419 2411 2472 Anima
2457 2417 2547 2470 tibi
2597 2419 2988 2483 loquor,mens
3033 2417 3124 2471 tibi
3174 2419 3397 2486 loquor;
3429 2433 3535 2470 non

1963 2511 2082 2564 dico
2106 2552 2120 2576 ,
2151 2507 2269 2563 Noli
2300 2509 2506 2563 tradere
2534 2525 2744 2562 carnem
2777 2523 2946 2563 meam
2976 2510 3025 2562 in
3055 2524 3241 2562 manus
3275 2508 3529 2561 tribulan-

1965 2601 2093 2653 tinm
2116 2615 2233 2663 me;
2265 2599 2354 2652 sed
2376 2638 2391 2662 ,
2422 2598 2543 2651 Noli
2565 2614 2641 2650 me
2667 2599 2864 2651 tradere
2884 2599 2936 2650 in
2965 2600 3158 2650 animus
3188 2599 3532 2651 tribulantium

1963 2707 2058 2743 me.
2093 2691 2154 2743 Et
2181 2688 2443 2759 quomodo
2471 2689 2746 2741 traduntur
2779 2689 3020 2742 homines
3060 2691 3110 2741 in
3140 2689 3341 2743 animas
3373 2689 3531 2741 tribu-

1968 2783 2184 2836 lantium
2210 2781 2305 2835 se?
2337 2780 2586 2846 Quoniam
2609 2780 2984 2834 insurrexerunt
3013 2781 3064 2834 in
3090 2797 3167 2833 me
3197 2790 3338 2834 testes
3359 2780 3531 2848 iniqui.

1965 2879 2080 2932 .lam
2111 2876 2229 2946 quia
2260 2883 2418 2930 testes
2447 2874 2605 2942 iniqui
2634 2882 2785 2937 sunt,
2815 2882 2867 2926 et
2894 2874 3053 2927 multa
3083 2874 3216 2927 mala
3251 2873 3301 2926 in
3333 2888 3418 2927 me
3453 2872 3536 2925 di-

1967 2976 2112 3033 cunt,
2140 2979 2193 3023 et
2221 2969 2270 3021 in
2301 2967 2478 3021 multis
2506 2967 2631 3019 mihi
2654 2965 2958 3030 detrahunt;
2989 2967 3034 3025 si
3065 2966 3283 3018 traditus
3311 2966 3458 3019 fuero
3485 2965 3533 3018 แผฐฮท

1967 3059 2169 3112 animas
2198 3073 2400 3118 eorum,
2430 3057 2654 3111 mentiar
2681 3066 2731 3111 et
2757 3071 2854 3126 ego
2875 3098 2887 3118 ,
2912 3066 2964 3110 et
2990 3071 3083 3110 ero
3110 3057 3284 3109 socius
3313 3071 3493 3109 eorum
3520 3100 3532 3120 ,

1967 3165 2070 3203 non
2104 3149 2363 3218 particeps
2387 3147 2620 3201 veritatis
2648 3156 2768 3211 tuac,
2793 3146 2885 3200 sed
2912 3147 3298 3216 comparticeps
3325 3146 3538 3201 menda-

1970 3247 2038 3301 cii
2068 3245 2325 3299 advcrsus
2354 3253 2403 3298 te
2437 3259 2449 3295 :
2481 3241 2884 3296 Exsurrexerunt
2925 3241 3046 3293 mihi
3090 3250 3233 3294 testes
3277 3241 3467 3308 iniqui;
3494 3251 3538 3291 et

1970 3335 2173 3388 mentita
2197 3341 2265 3386 est
2294 3332 2529 3399 iniquitas
2558 3330 2670 3385 sibi.
2703 3331 2812 3385 Sibi
2841 3373 2855 3396 ,
2883 3345 2986 3384 non
3014 3330 3141 3384 mihi
3168 3348 3180 3383 :
3205 3331 3301 3385 sibi
3330 3346 3539 3399 semper

1970 3425 2272 3487 mentiatur,
2293 3422 2418 3477 mihi
2439 3431 2612 3476 autem
2633 3438 2734 3476 non
2761 3423 3063 3476 mentiatur.
3082 3422 3136 3477 Si
3161 3422 3435 3476 tradideris
3456 3440 3537 3474 nte

1971 3519 2034 3571 in'
2070 3517 2273 3570 animas
2321 3515 2679 3569 tribulantium
2721 3529 2806 3568 me
2824 3536 2848 3577 ฮ,
2879 3513 2928 3566 id
2978 3521 3100 3580 est,
3129 3514 3172 3567 si
3220 3528 3538 3567 consensere

1969 3608 2325 3663 voluntatibus
2375 3623 2597 3668 eorum;
2647 3607 2755 3675 jam
2821 3622 2926 3659 non
2994 3606 3093 3660 sibi
3160 3606 3378 3659 mentita
3439 3609 3538 3658 erit

1970 3698 2216 3766 iniquitas
2245 3737 2259 3759 ,
2288 3696 2380 3751 sed
2425 3706 2477 3751 et
2521 3695 2646 3750 mihi
2681 3715 2694 3750 :
2725 3696 2768 3750 si
2807 3704 2984 3748 autem
3023 3695 3242 3747 saaviaut
3283 3705 3535 3762 quantum

1968 3791 2250 3851 voluerint,
2281 3798 2336 3842 et
2380 3798 2639 3842 conentur
2687 3787 2943 3854 impedire
2981 3800 3166 3839 cursus
3218 3801 3364 3838 meos
3387 3827 3403 3849 ,
3436 3801 3536 3839 noa

1972 3890 2144 3933 tamen
2179 3889 2230 3932 tu
2259 3894 2343 3931 me
2369 3877 2462 3932 des
2486 3878 2536 3930 in
2564 3878 2765 3930 animas
2786 3889 2994 3940 eorum;
3025 3889 3128 3927 non
3155 3875 3537 3948 conscnticndo
3604 3869 3608 3878 โ

1971 3970 2322 4023 voluntatibus
2349 3983 2528 4022 eorum
2548 4008 2561 4033 ,
2592 3967 2876 4020 remanebo
2902 3981 3032 4036 ego,
3062 3975 3115 4019 et
3139 3966 3458 4035 permanebo
3486 3968 3534 4019 iu

1970 4062 2188 4115 veritate
2207 4073 2313 4124 tua,
2345 4070 2396 4112 et
2415 4059 2692 4111 mentietur
2710 4057 2975 4126 iniquitas,
2995 4056 3266 4119 nonmihi,
3297 4055 3388 4110 sed
3415 4056 3533 4108 sibi.

2037 4153 2126 4206 ฮตแผฐ.
2157 4149 2323 4224 [rers.
2358 4148 2480 4221 13.]
2511 4149 2663 4203 Redit
2701 4148 2765 4201 ad
2817 4147 2956 4200 illam
2987 4163 3142 4201 uuam
3169 4156 3290 4217 post
3319 4147 3413 4200 ista
3445 4162 3537 4215 pc-

1971 4245 2129 4299 ricula
2155 4288 2168 4310 ,
2204 4252 2321 4314 post
2356 4243 2564 4296 labores
2584 4283 2597 4305 ,
2628 4250 2747 4309 post
2785 4240 3121 4294 diffidultates
3141 4283 3155 4306 ,
3184 4242 3320 4294 inter
3355 4257 3540 4295 manus

1972 4335 2397 4406 persequentium
2449 4342 2502 4387 et
2545 4333 2901 4386 tribulantium
2953 4343 3209 4398 aestuans,
3256 4333 3538 4396 anhelans,

1972 4428 2218 4481 laborans
2243 4467 2256 4487 ,
2287 4433 2342 4480 et
2390 4425 2572 4478 firmus
2613 4433 2666 4478 et
2702 4433 2879 4478 certus
2927 4412 3016 4477 illo
3062 4424 3378 4492 suscipiente
3407 4465 3420 4486 ,
3455 4424 3543 4477 illo

1967 4519 2203 4585 juvante,
2239 4515 2328 4568 illo
2354 4514 2600 4579 ducente,
2633 4515 2725 4567 illo
2755 4523 2989 4584 regente.
3019 4513 3217 4567 Tamen
3246 4522 3367 4582 post
3390 4513 3536 4566 illum

1971 4609 2242 4664 Cirtโtlillllli
2265 4616 2316 4662 et
2331 4607 2718 4678 jubilationem,
2737 4607 3007 4662 exsultans
3023 4605 3233 4676 gaudio,
3252 4615 3304 4661 et
3321 4621 3542 4677 gemens

1973 4703 2022 4755 in
2064 4689 2328 4756 laboribus
2348 4741 2362 4764 ,
2391 4700 2674 4768 suspiravit
2713 4699 2780 4752 ad
2807 4707 3121 4761 extremum,
3155 4709 3208 4753 ct
3240 4699 3312 4752 ait
3341 4719 3354 4753 :
3383 4699 3542 4753 Credo

1975 4793 2135 4846 videre
2157 4792 2286 4845 bona
2315 4791 2517 4844 Domini
2544 4791 2595 4843 in
2626 4800 2758 4842 terra
2788 4788 3074 4841 viventium.
3104 4787 3147 4843 ฮ
3174 4788 3306 4842 bona
3335 4789 3543 4844 Domini

1973 4883 2140 4937 dulcia
2168 4925 2182 4947 ,
2208 4881 2518 4935 immortalia
2539 4923 2553 4941 ,
2585 4879 3012 4946 incomparabilia
3035 4919 3047 4940 ,
3081 4879 3397 4948 sempiterna
3419 4921 3432 4944 ,
3459 4882 3542 4934 in-

1974 4972 2397 5027 commutabilia!
2431 4971 2496 5023 Et
2521 4968 2732 5039 quando
2757 4985 2849 5022 vos
2880 4968 3072 5022 videbo
3092 5011 3105 5033 ,
3135 4970 3266 5022 bona
3299 4971 3546 5024 Domini?

1973 5065 2146 5119 Credo
2189 5064 2401 5129 videre,
2431 5061 2523 5114 sed
2570 5077 2673 5114 non
2719 5061 2768 5114 in
2820 5047 2955 5115 terra
2996 5061 3354 5115 morientium.
3385 5060 3544 5116 Credo

1975 5156 2138 5210 videre
2163 5155 2291 5208 bona
2329 5152 2535 5206 Domini
2558 5153 2610 5204 in
2645 5163 2778 5206 terra
2806 5152 3090 5207 viventium.
3115 5152 3278 5206 Eruet
3316 5169 3402 5207 me
3445 5153 3543 5206 Do-

1978 5250 2150 5302 minus
2187 5262 2215 5299 a
2263 5255 2398 5299 terra
2431 5246 2803 5309 morientium,
2831 5245 2919 5316 qui
2951 5255 3163 5315 propter
3193 5261 3277 5300 me
3304 5247 3544 5315 dignatus

1977 5348 2059 5396 est
2083 5339 2349 5406 suscipere
2369 5347 2562 5391 terram
2581 5326 2914 5391 morientium
2936 5378 2950 5402 ,
2973 5345 3026 5391 et
3050 5338 3181 5390 mori
3206 5338 3340 5391 inter
3360 5348 3545 5388 manus

1979 5431 2335 5494 nmrientinm;
2359 5440 2508 5484 eruet
2530 5445 2612 5483 me
2637 5429 2886 5483 Dominus
2909 5429 2979 5483 de
3003 5439 3140 5483 terra
3168 5428 3500 5481 morientium
3528 5443 3541 5478 :

1979 5522 2138 5578 Credo
2168 5520 2330 5574 videre
2365 5519 2492 5572 bona
2535 5519 2740 5573 Domini
2781 5521 2831 5573 in
2871 5529 3002 5573 terra
3043 5519 3325 5572 viventium.
3367 5513 3547 5581 Suspi-

1981 5627 2104 5669 rans
2128 5613 2278 5675 dixit,
2308 5609 2551 5663 laborans
2576 5609 2706 5663 dixit
2727 5652 2740 5675 ,
2777 5609 3077 5679 periclitans
3107 5609 3236 5660 divit
3265 5607 3402 5659 inter
3435 5617 3548 5658 ma-

1984 5721 2137 5777 gnam
2172 5703 2374 5758 turbam
2399 5702 2745 5759 tentationum
2778 5719 2791 5756 :
2819 5701 2910 5755 sed
2936 5709 3108 5754 tamen
3136 5706 3552 5767 speranstuttun
