3988 6188
440 405 508 461 de
530 400 887 461 misericordia
914 397 1048 468 eius,
1078 390 1323 461 cnidixit
1347 410 1360 447 :
1388 391 1570 463 Legem
1595 389 1716 455 mihi
1738 388 2000 455 constitue,

438 493 670 550 Domine.

509 586 598 643 25.
640 582 805 654 [rem
838 579 922 635 li.
951 576 973 650 ]
1006 576 1075 633 Et
1109 575 1235 647 quid
1273 574 1359 635 ille
1397 574 1557 640 dicit,
1586 572 1676 643 qui
1715 572 1883 642 legem
1925 570 2002 626 illi

437 674 708 731 constituit
722 671 746 724 ‘l
760 671 1046 731 Audiamus
1067 678 1122 724 et
1134 682 1319 723 vocem
1339 665 1542 725 Domini
1566 664 1797 733 desuper
1812 662 2004 717 exhor-

439 765 597 821 tautis
623 777 740 827 nos,
768 759 1091 817 consolantis
1119 771 1235 822 nos;
1265 756 1405 811 illius
1431 770 1635 820 vocem,
1653 768 1810 824 quem
1835 752 1999 807 habe-

437 872 554 911 mus
579 870 675 924 pro
704 863 851 924 patre
875 862 931 907 et
957 861 1126 905 matre
1153 850 1239 920 qui
1267 864 1365 904 nos
1400 847 1830 917 doreliquerunt,
1860 845 2001 901 illius

435 960 617 1000 vocem
641 943 932 999 audiamus.
959 941 1170 996 Audivit
1188 940 1326 995 enim
1356 938 1583 1008 gemitus
1616 946 1844 999 nostros,
1873 935 2002 990 vidit

436 1037 657 1107 suspiria
686 1044 863 1091 nostra
884 1075 899 1100 ,
930 1024 1254 1107 intuituscst
1285 1029 1603 1085 desiderium
1635 1036 1872 1099 nostrum
1904 1067 1918 1090 ,
1949 1035 2004 1080 et

436 1106 595 1185 unam
628 1127 932 1203 petitionem
976 1106 1250 1189 nostram,
1276 1137 1432 1185 uuam
1473 1120 1876 1190 postulationem
1910 1134 2004 1189 per

433 1219 742 1274 advocatum
791 1203 1054 1272 Chiislum
1086 1214 1307 1269 libenter
1331 1211 1640 1281 accepit;et
1665 1211 1834 1265 donec
1880 1225 2002 1280 pcr-

434 1304 652 1381 agamus
676 1310 828 1365 istam
849 1306 1341 1379 peregrinationem,
1357 1318 1456 1374 qua
1475 1303 1732 1358 dilaturus
1756 1309 1837 1359 est
1857 1342 1872 1365 ,
1898 1315 2001 1355 non

435 1402 707 1456 ablaturus
731 1399 869 1470 quod
898 1397 1174 1469 promisit,
1204 1395 1337 1457 dixit
1359 1394 1511 1461 nobis
1543 1411 1556 1448 :
1592 1393 1797 1463 Sustine
1819 1390 2001 1445 Domi-

434 1508 576 1545 num.
602 1492 715 1549 Non
742 1490 1026 1545 sustinebis
1054 1489 1359 1553 mendacem
1377 1528 1393 1553 ,
1419 1500 1524 1549 non
1555 1485 1787 1556 eumqui
1810 1483 2003 1554 poterit

431 1579 565 1647 falli,
593 1595 697 1635 non
717 1594 836 1634 eum
864 1579 950 1649 qui
975 1593 1077 1644 non
1103 1588 1183 1632 est
1205 1577 1512 1644 inventurus
1533 1573 1670 1647 quod
1690 1574 1798 1630 det.
1823 1572 2005 1627 Omni-

434 1679 624 1743 potens
663 1671 937 1738 promisit,
984 1679 1159 1739 certus
1202 1660 1443 1736 promisit
1469 1707 1484 1729 ,
1520 1680 1677 1720 verax
1720 1663 2000 1735 promisit,

435 1760 642 1821 Sustine
671 1759 942 1825 Dominum
962 1799 978 1827 ,
1009 1759 1215 1813 viriliter
1243 1774 1353 1828 age.
1389 1756 1506 1813 Noli
1536 1755 1751 1810 dissolvi
1784 1772 1798 1808 :
1827 1769 1891 1819 ne
1929 1753 2003 1811 sis

436 1849 574 1906 inter
621 1865 714 1917 eos
766 1850 954 1920 quibus
1002 1849 1225 1910 dicitur.
1284 1845 1372 1902 Va:
1423 1847 1501 1902 his
1548 1847 1632 1915 qui
1682 1844 2003 1915 perdiderunt

434 1941 778 1995 sustinentium
794 1938 974 2013 (Eccli.
994 1955 1049 2004 ιι,
1069 1939 1186 2008 l6)!
1214 1938 1421 1994 Sustine
1445 1936 1737 1999 Dominum,
1761 1934 2003 1995 omuibus

436 2034 588 2088 nobis
612 2033 836 2098 dicitur,
868 2042 922 2087 et
950 2032 1037 2086 uni
1064 2031 1266 2085 homini
1292 2030 1504 2085 dicitur.
1539 2027 1685 2093 Unus
1720 2043 1903 2084 sumus
1948 2026 2001 2082 iu

434 2125 665 2189 Christo,
696 2139 890 2193 corpus
915 2124 1110 2193 Christi
1138 2138 1320 2178 sumus
1342 2163 1360 2188 ,
1386 2122 1475 2191 qui
1504 2135 1662 2176 unam
1687 2120 1826 2174 illam
1859 2118 2002 2174 desi-

435 2215 714 2281 deramus,
738 2216 827 2284 qui
849 2214 1172 2273 unaiu'illam
1203 2214 1449 2284 petimus,
1474 2212 1562 2282 qui
1589 2213 1639 2265 in
1680 2210 1782 2282 illis
1819 2209 2004 2280 diebus

435 2305 695 2363 malorum
723 2313 1024 2367 nostrorum
1045 2303 1437 2375 ingemiscimus
1455 2344 1470 2369 ,
1500 2301 1591 2372 qui
1611 2300 1877 2357 credimus
1904 2314 2004 2367 nos

435 2396 617 2465 videre
642 2396 777 2459 bona
809 2396 1015 2459 Domini
1045 2396 1098 2452 in
1129 2403 1269 2450 terra
1297 2395 1616 2460 viventium;
1646 2393 1797 2461 nobis
1831 2392 2005 2459 omni-

433 2486 660 2558 bus,qui
684 2503 818 2547 unus
839 2487 891 2542 in
913 2502 1017 2543 uno
1040 2500 1242 2551 sumus,
1260 2484 1469 2553 dicitur,
1489 2484 1695 2539 Sustine
1711 2482 2002 2553 Dominum,

434 2578 645 2637 viriliter
667 2594 791 2649 age;
809 2587 857 2633 et
877 2577 1185 2646 confortatur
1215 2593 1300 2633 cor
1325 2586 1495 2643 tuum,
1517 2586 1565 2630 et
1609 2575 1797 2644 sustine
1826 2573 2005 2629 Domi-

435 2687 578 2731 num.
608 2669 742 2741 Quid
767 2668 905 2727 aliud
929 2669 1021 2725 tibi
1046 2668 1207 2735 dicat,
1236 2683 1392 2739 quam
1427 2678 1485 2722 ut
1510 2666 1612 2723 hoc
1636 2674 1841 2738 repetat
1864 2665 2003 2736 quod

435 2759 886 2817 audistt?Sustine
913 2759 1206 2824 Dominum,
1233 2758 1439 2813 viriliter
1461 2774 1579 2829 age.
1601 2757 1738 2827 Ergo
1763 2756 1851 2827 qui
1883 2772 2005 2827 per-

436 2850 571 2915 didit
592 2850 981 2915 sustiueutiam,
1009 2848 1341 2917 ell‘eminatus
1368 2856 1469 2914 est,
1495 2845 1723 2918 perdidit
1744 2846 2001 2917 vigorem.

434 2938 550 2997 Hoc
578 2938 695 3005 viri,
729 2938 829 2994 hoc
853 2938 1065 2994 femina:
1089 2938 1325 3001 audiant,
1351 2937 1472 3007 quia
1499 2937 1551 2990 in
1578 2951 1685 2991 uno
1705 2935 1819 2990 viro
1844 2935 1925 2989 vir
1949 2944 2004 2990 et

436 3026 672 3099 femina.-
690 3027 835 3083 Talis
877 3028 931 3083 in
977 3027 1186 3083 Christo
1228 3042 1323 3082 nec
1365 3026 1631 3081 masculus
1672 3040 1769 3080 nec
1809 3024 2003 3081 femina

436 3125 519 3172 est
549 3114 738 3188 (Galat.
761 3132 816 3171 tu
836 3158 853 3185 ,
882 3115 997 3189 28).
1026 3116 1232 3172 Sustine
1256 3115 1545 3181 Dominum,
1568 3116 1776 3169 viriliter
1797 3130 1931 3187 age;
1957 3125 2002 3169 et

435 3210 742 3279 confortetur
768 3223 854 3261 cor
881 3216 1022 3265 tuum
1042 3248 1057 3272 ,
1085 3217 1131 3261 et
1156 3207 1343 3263 sustine
1368 3205 1655 3261 Dominum.
1682 3204 2003 3263 Sustineudo

443 3297 721 3355 Dominum
768 3296 984 3371 habebis
1033 3312 1153 3377 etim
1181 3337 1197 3363 ,
1228 3295 1447 3369 habebis
1492 3310 1648 3366 quem
1697 3295 2000 3351 sustinebis.

439 3388 595 3444 Aliud
622 3388 862 3463 desidera
887 3431 903 3458 ,
930 3388 979 3446 si
1004 3388 1196 3461 majus,
1225 3387 1270 3442 si
1300 3387 1509 3461 melius.
1537 3386 1580 3442 si
1609 3386 1821 3443 suavius
1848 3387 2001 3442 inve-

435 3496 598 3541 neris.

814 3638 897 3751 tu
941 3685 1316 3750 PSALMUM
1356 3684 1599 3747 xxvn

922 3794 929 3801 ’
1018 3800 1437 3862 ENARRATlO.

994 3915 1165 3989 Ipsius
1193 3917 1208 3949 '
1234 3916 1416 3970 David.

510 4053 564 4109 I.
593 4050 762 4124 Iners.
809 4052 864 4114 1.
890 4048 971 4124 2.]
1001 4050 1168 4122 Ipsius
1206 4051 1514 4107 mediatoris
1550 4066 1653 4106 vox
1694 4060 1811 4117 est,
1843 4066 2000 4106 manu

438 4141 591 4201 fortis
626 4140 678 4195 in
721 4139 967 4199 conﬂictu
998 4141 1275 4211 passionis.
1308 4143 1437 4210 Qum
1470 4151 1643 4197 autem
1668 4141 1875 4195 videtur
1903 4159 2001 4211 op-

437 4245 550 4294 tare
577 4233 823 4297 inimicis,
845 4247 949 4287 non
968 4233 1347 4290 malevolentiae
1363 4244 1539 4289 votum
1563 4245 1643 4290 est
1666 4276 1682 4301 ,
1713 4233 1804 4290 sed
1833 4248 2002 4288 enun-

438 4327 585 4384 tiatio
612 4340 784 4398 pinna:
807 4323 1021 4378 illorum
1047 4339 1062 4380 :
1091 4324 1226 4379 sicut
1246 4326 1299 4379 iu
1319 4325 1605 4396 Evangelio
1624 4324 1921 4381 civitatibus
1947 4325 1999 4379 iu

432 4418 625 4489 quibus
662 4415 914 4474 miracula
944 4430 1064 4470 cum
1093 4413 1324 4480 fecisset,
1357 4431 1527 4486 neque
1557 4415 1905 4473 credidissent
1930 4414 1999 4480 ei,

435 4524 542 4567 non
568 4506 937 4567 malevolentia
966 4512 1112 4576 optat
1141 4520 1258 4574 quae
1283 4504 1428 4569 dicit,
1458 4504 1552 4561 sed
1572 4505 1696 4576 quid
1727 4506 1803 4561 eis
1828 4505 2000 4563 itumi-

435 4606 561 4656 ueat
580 4598 817 4667 praedicit
839 4595 1051 4668 (Matth.
1082 4611 1158 4659 ιι,
1184 4592 1301 4668 20).

503 4689 560 4747 2.
599 4689 680 4747 Ad
712 4699 791 4757 te,
831 4688 1047 4751 Domine
1064 4729 1079 4754 ,
1105 4686 1316 4742 clamaui
1341 4727 1358 4753 ,
1385 4684 1524 4740 Deus
1552 4702 1688 4741 mcus
1718 4703 1779 4741 ne
1799 4685 1948 4743 sileas
1970 4702 2003 4741 a

435 4797 514 4838 me
535 4796 556 4839 :
575 4780 641 4839 ad
672 4791 723 4836 te
740 4822 756 4847 ,
789 4782 1007 4839 Domine
1031 4821 1046 4847 ,
1071 4778 1293 4834 clamavi
1312 4816 1330 4843 ,
1360 4778 1498 4835 Deus
1522 4791 1670 4833 meus
1695 4793 1762 4832 ne
1784 4792 2003 4848 separes

436 4871 689 4928 unitatem
722 4872 878 4927 Verbi
909 4873 982 4926 tui
1017 4871 1086 4926 ab
1112 4886 1178 4925 eo
1205 4868 1347 4941 quod
1371 4868 1531 4925 homo
1553 4883 1692 4924 sum.
1721 4868 2002 4940 Nequando

435 4960 585 5023 sileas
624 4978 656 5015 a
690 4978 768 5017 me
800 4976 821 5017 :
852 4970 898 5016 et
940 4978 1024 5017 ero
1058 4962 1237 5017 similis
1275 4959 1682 5017 descendentibus
1710 4960 1763 5015 in
1794 4959 1958 5017 lacum
1982 4974 2002 5014 :

433 5067 502 5109 ex
544 5067 611 5111 eo
646 5053 787 5109 enim
816 5052 955 5124 quod
984 5053 1253 5110 aeternitas
1281 5052 1440 5109 Verbi
1471 5050 1546 5107 tui
1573 5067 1675 5107 non
1704 5053 2003 5109 intermittit

434 5143 589 5202 uuire
622 5158 680 5200 se
707 5142 876 5210 mihi,
905 5144 964 5199 lit
990 5152 1047 5199 ut
1075 5159 1182 5199 non
1207 5144 1305 5199 sim
1335 5144 1454 5201 talis
1481 5141 1643 5199 homo
1671 5144 1857 5215 quales
1880 5152 2004 5201 sunt

433 5234 612 5294 austeri
635 5268 652 5303 ο
678 5234 770 5307 qui
796 5243 1084 5291 nascuntur
1106 5234 1160 5289 in
1183 5232 1496 5303 profundam
1528 5234 1793 5291 miseriam
1823 5233 2002 5290 saeculi

434 5326 613 5399 liuius,
654 5326 742 5384 ubi
770 5336 1031 5395 tauquam
1065 5322 1242 5391 sileas,
1279 5338 1386 5380 non
1414 5325 1744 5395 cognoscitur
1775 5323 2001 5383 Verbum

434 5428 603 5480 tuum.
633 5416 837 5475 Exaudi
860 5419 881 5450 ³
905 5432 1071 5471 uocent
1108 5416 1472 5484 deprecationis
1507 5433 1649 5483 mete,
1677 5418 1797 5472 dum
1823 5417 2004 5472 oraod

499 5575 614 5645 ssc
634 5579 741 5645 uss.
758 5573 1043 5645 iuxtuxx-
1070 5578 1121 5644 At
1137 5577 1268 5631 ιον-ν
1307 5568 1521 5645 eum
1539 5572 1637 5645 ipsi
1661 5571 1826 5645 ηαυίιιι
1911 5633 1923 5644 .

495 5639 519 5677 ι
649 5636 863 5703 πιοῦσι-εδ
1027 5636 1215 5703 omisso]
1240 5639 1348 5703 post
1379 5636 1570 5703 taxandi
1600 5636 1749 5687 verbo
1786 5636 2001 5699 Domine,

431 5701 559 5767 quod
575 5694 717 5757 abest
734 5709 764 5752 ι
784 5702 909 5749 txx.
934 5694 1165 5760 [mltis
1183 5694 1418 5762 nemine].

1651 276 1708 335 S.
1749 274 2110 341 AUGUSTI!“
2150 275 2444 346 EPZSCOPI

3564 278 3665 333 ili!

2108 399 2191 463 te];
2211 390 2329 447 dum
2350 389 2532 445 extollo
2552 405 2728 455 manus
2749 406 2883 445 meas
2900 392 2967 445 ad
2986 392 3220 470 templum
3241 402 3465 457 sanctam
3486 404 3629 448 tuum
3651 412 3669 450 :

2107 481 2233 546 dum
2254 482 2560 551 crucitigor;
2574 481 2638 534 ad
2659 497 2840 536 eorum
2862 482 3104 551 salutem,
3125 482 3212 555 qui
3234 485 3508 542 credentes
3532 487 3668 542 (inut

2108 571 2361 642 templum
2393 582 2631 627 sanctum
2663 581 2826 627 tuum.
3502 644 3503 647 η

2175 663 2229 718 5.
2270 660 2416 747 [verm
2449 660 2528 735 5.]
2561 662 2641 718 Ne
2656 664 2807 731 simul
2826 667 2996 719 trahas
3024 667 3039 697 ¹
3058 682 3171 720 cum
3196 669 3534 736 peccatoribus
3551 673 3672 724 ani-

2106 769 2239 815 mam
2277 770 2456 818 meam,
2498 763 2543 808 et
2576 770 2688 808 cum
2716 757 3032 826 operantibus
3060 756 3365 826 iniquitatem
3392 777 3453 812 ne
3489 761 3671 830 perdas

2107 862 2185 910 me
2213 860 2233 899 :
2257 861 2371 899 cum
2408 846 2485 900 Itis
2511 847 2595 915 qui
2630 847 2900 917 loquuntur
2927 865 3099 919 pacem
3138 866 3250 919 cum
3289 851 3515 921 premium
3554 871 3668 907 suo.

2104 935 2236 992 Cum
2275 936 2468 1007 bisqui
2499 936 2626 992 mihi
2662 937 2842 992 dicunt
2876 956 2891 993 :
2926 938 3127 995 Scimus
3155 940 3271 1009 quia
3294 960 3326 995 a
3353 940 3460 996 Deo
3495 945 3671 998 venisti

2105 1029 2341 1095 magister
2369 1029 2562 1099 (Joan.
2592 1046 2667 1094 ut,
2694 1029 2729 1085 2
2747 1028 2789 1103 ).
2821 1030 2964 1085 Mala
2992 1041 3156 1089 autem
3183 1034 3236 1086 in
3266 1034 3499 1090 cordibus
3522 1035 3626 1090 suis
3650 1051 3672 1091 :

2106 1119 2244 1174 mala
2272 1128 2447 1175 autem
2474 1121 2759 1191 loquuntur
2785 1119 2837 1185 in
2863 1121 3108 1177 cordibus
3136 1123 3265 1177 suis.

2172 1213 2231 1268 4.
2270 1211 2513 1287 [νεῖαι]
2553 1214 2633 1270 Da
2659 1215 2760 1271 illis
2795 1216 3065 1271 secundum
3102 1233 3252 1286 opera
3280 1219 3505 1289 ipsorum
3549 1234 3568 1272 :
3606 1220 3673 1286 da

2104 1302 2208 1359 illis
2246 1304 2532 1360 secundum
2575 1320 2735 1374 opera
2774 1305 3030 1377 ipsorum,
3058 1307 3177 1376 quia
3208 1306 3309 1367 hoc
3332 1307 3533 1376 justum
3559 1318 3663 1379 est.

2107 1391 2174 1449 Et
2214 1394 2487 1449 secundant
2523 1395 2883 1467 malignitatem
2920 1394 3292 1464 aﬁ'ectationum
3332 1399 3352 1429 ¹
3393 1399 3616 1469 ipsorum
3654 1416 3676 1456 :

2108 1484 2244 1545 mala
2283 1487 2425 1545 cnim
2464 1485 2770 1547 all'eetautes
2793 1528 2808 1552 ,
2841 1488 2975 1549 bona
3018 1489 3255 1559 invenire
3291 1505 3396 1545 non
3425 1501 3672 1575 possunt.

2107 1577 2396 1635 Secundum
2425 1596 2576 1649 opera
2602 1597 2839 1641 manuum
2865 1597 3033 1635 eorum
3055 1579 3123 1634 da
3148 1582 3218 1636 eis
3246 1583 3527 1652 :quamvis
3555 1584 3676 1649 aliis

2105 1667 2171 1723 ad
2197 1669 2418 1724 salutem
2450 1670 2618 1725 valeat
2640 1670 2779 1740 quod
2802 1669 3056 1738 fecerunt,
3082 1671 3372 1739 secundum
3398 1664 3556 1745 opera
3589 1683 3672 1728 ta-

2104 1774 2225 1813 men
2265 1759 2587 1827 voluntatum
2619 1759 2823 1819 illorum
2850 1759 2915 1815 da
2944 1760 3040 1827 eis.
3085 1760 3260 1825 Redde
3296 1763 3672 1821 retributionem

2105 1866 2275 1907 eorum
2301 1851 2422 1919 ipsis
2449 1865 2469 1904 :
2489 1851 2608 1924 quia
2631 1865 2728 1921 pro
2753 1852 2969 1907 veritate
2991 1866 3147 1921 quam
3169 1851 3490 1918 audiebant,
3516 1853 3674 1925 volu-

2104 1950 2260 1996 erunt
2284 1940 2538 1997 fallaciam
2564 1942 2890 2007 retribuere;
2919 1941 3119 1998 fallacia
3143 1942 3373 2013 ipsorum
3400 1944 3543 2017 ipsos
3568 1945 3671 2017 [al-2

2107 2030 2197 2086 lat.

2174 2121 2229 2176 5.
2260 2120 2408 2193 [vers.
2433 2119 2511 2195 5.]
2545 2121 2791 2189 Quoniam
2816 2139 2913 2193 non
2932 2123 3277 2180 intellexerunt
3302 2124 3352 2193 in
3378 2141 3530 2195 opera
3560 2123 3673 2181 Do-

2101 2216 2231 2279 mini
2256 2231 2270 2269 :
2295 2222 2349 2270 et
2371 2214 2512 2280 unde
2534 2214 2868 2287 manifestum
2892 2224 2975 2273 est
3000 2215 3101 2270 hoc
3121 2215 3202 2285 eis
3225 2216 3515 2277 accidisse?
3540 2216 3677 2273 lliuc

2105 2305 2328 2375 scilicet,
2350 2307 2585 2376 quoniam
2598 2323 2696 2360 non
2711 2306 3056 2371 intellexerunt
3072 2307 3125 2361 in
3139 2324 3291 2378 opera
3307 2307 3509 2369 Domini
3525 2324 3543 2363 :
3559 2308 3677 2379 haec

2104 2394 2220 2466 ipsa
2256 2396 2503 2451 nimirum
2527 2396 2635 2466 jam
2671 2396 2946 2452 retributio
2973 2394 3106 2463 fuit,
3139 2408 3197 2452 ut
3224 2413 3380 2468 quem
3406 2398 3670 2455 malevolo

2103 2487 2282 2543 animo
2306 2486 2574 2555 hominem
2596 2496 2951 2553 teutaverunt,
2976 2503 3080 2549 non
3100 2498 3480 2560 cognoscerent
3505 2489 3675 2559 Deum

2104 2593 2211 2649 quo
2230 2577 2252 2610 ³
2271 2578 2492 2641 consilio
2518 2578 2844 2637 iucaruatum
2867 2578 3023 2635 Pater
3040 2579 3206 2649 misit.
3231 2578 3295 2633 Et
3316 2581 3365 2633 in
3386 2597 3539 2649 opera
3562 2596 3677 2636 ma-

2106 2658 2259 2726 nuum’
2284 2672 2392 2741 ejus
2413 2687 2433 2727 :
2457 2686 2555 2729 nec
2576 2680 2911 2731 moverentur
2932 2672 3059 2741 ipsis
3086 2672 3377 2728 visibilibus
3401 2673 3673 2745 operibus,

2105 2778 2224 2834 quae
2264 2772 2505 2835 porrecta
2539 2774 2664 2821 sunt
2695 2778 2863 2834 usque
2899 2764 2965 2819 ad
2994 2764 3175 2831 oculos
3203 2779 3407 2819 eorum.
3438 2763 3676 2835 Destrues

2104 2853 2220 2911 illos
2238 2893 2254 2920 ,
2280 2862 2327 2910 et
2364 2869 2465 2909 non
2494 2853 2763 2923 a'diﬁcabis
2798 2869 2882 2908 eos
2919 2869 2939 2909 :
2977 2853 3105 2909 nihil
3135 2853 3262 2909 mihi
3291 2864 3548 2921 noceant,
3576 2855 3675 2927 sed

2104 2959 2205 3001 nec
2241 2954 2497 3003 conantes
2525 2959 2710 3003 rursus
2744 2943 3001 3009 adversus
3031 2944 3321 3001 Ecclesium
3360 2960 3532 3015 meam
3562 2947 3673 3002 eri-

2103 3051 2233 3107 gere
2253 3037 2521 3093 machinas
2547 3036 2738 3107 aliquid
2766 3037 2991 3095 valeant.

2173 3127 2228 3183 6.
2256 3126 2548 3183 Benedictus
2575 3125 2820 3185 Dominus
2836 3168 2852 3195 ,
2874 3127 3110 3199 quoniam
3128 3127 3377 3183 erattdiuit
3397 3144 3561 3183 uocem
3579 3128 3670 3184 de-

2105 3218 2403 3290 precationis
2431 3234 2570 3275 mete.

2174 3310 2228 3365 7.
2260 3308 2407 3383 [rem
2431 3308 2508 3384 7.]
2531 3309 2773 3369 Dominus
2793 3312 3149 3397 adjutorpteus
3167 3322 3212 3367 et
3230 3323 3480 3382 protector
3498 3330 3635 3369 meus
3653 3331 3673 3369 :

2105 3399 2361 3455 Dominus
2385 3400 2639 3472 adiuvans
2668 3412 2809 3457 tanta
2839 3403 3120 3472 patientem
3145 3445 3161 3471 ,
3198 3414 3252 3459 et
3280 3404 3672 3463 immortalitate

2106 3499 2385 3560 protegens
2420 3503 2805 3567 resurgentem.
2850 3492 2915 3549 In
2955 3496 3065 3566 ipso
3103 3496 3316 3565 speravit
3346 3512 3434 3550 cor
3469 3514 3669 3564 nteant,
3750 3534 3757 3539 ι

2103 3589 2149 3633 et
2176 3579 2378 3649 adiutus
2404 3598 2533 3639 sum.
2561 3580 2626 3636 Et
2649 3583 2873 3651 reﬂoruit
2897 3598 3014 3636 caro
3045 3583 3249 3638 metuid
3269 3594 3367 3651 cst,
3402 3598 3456 3638 et
3482 3601 3670 3643 resur-

2059 3658 2064 3663 ’
2098 3669 2240 3726 rexit
2261 3685 2386 3728 caro
2412 3684 2547 3727 mea.
2579 3671 2640 3725 Et
2660 3688 2722 3728 ea:
2745 3672 2996 3735 volttntate
3016 3676 3412 3745 mea‘eonfitebor
3433 3677 3507 3730 illi
3528 3692 3549 3730 :
3570 3693 3670 3733 uu-

2104 3760 2170 3814 de
2194 3760 2302 3830 jam
2331 3770 2643 3832 consumpto
2667 3764 2853 3823 mortis
2881 3774 3045 3831 metu,
3072 3781 3177 3821 nou
3210 3766 3410 3821 timoris
3436 3768 3671 3823 necessi-

2102 3860 2213 3907 tate
2239 3853 2338 3909 sub
2363 3853 2503 3924 Lege
2526 3895 2541 3923 ,
2572 3854 2666 3910 sed
2695 3855 2857 3911 libera
2897 3857 3165 3913 voluntate
3187 3871 3307 3913 cum
3337 3860 3475 3930 Lege
3501 3862 3672 3917 confi—

2106 3944 2356 4001 tebuntur
2383 3946 2492 4011 illi,
2522 3950 2611 4017 qui
2640 3948 2861 4005 credunt
2889 3948 2937 4003 in
2969 3964 3054 4005 me
3078 3967 3093 4016 ;
3120 3950 3170 4005 in
3201 3951 3391 4021 quibus
3417 3953 3541 4023 quia
3568 3970 3671 4026 ego

2103 4050 2244 4101 sum,
2271 4051 2369 4107 ego
2394 4036 2706 4094 confitebor.

2173 4126 2227 4182 8.
2261 4126 2407 4199 [vers.
2430 4126 2509 4201 8.]
2551 4127 2794 4184 Dominus
2817 4130 3056 4200 fortitudo
3084 4132 3239 4203 plebis
3266 4150 3371 4189 sum
3394 4152 3413 4190 :
3441 4150 3546 4191 non
3577 4137 3687 4201 ξιιμ-

2106 4218 2254 4287 plebs
2291 4220 2818 4291 ignoransijustitiam
2849 4224 2938 4278 Dei
2962 4265 2976 4289 ,
3006 4232 3059 4279 et
3082 4240 3229 4280 suam
3259 4227 3441 4287 volens
3465 4231 3665 4285 constio

2106 4318 2252 4366 tuere
2272 4310 2445 4381 (Rom.
2468 4328 2524 4378 ι,
2546 4311 2625 4385 5).
2652 4312 2767 4368 Non
2788 4314 2929 4370 enim
2954 4332 3047 4386 per
3064 4330 3122 4371 se
3142 4315 3327 4374 fortem
3349 4334 3407 4374 se
3432 4321 3665 4389 putavit;

2103 4402 2221 4472 quia
2251 4402 2503 4459 Dominus
2529 4403 2778 4461 fortitudo
2803 4406 2968 4476 plebis
2997 4423 3126 4473 sum,
3158 4408 3207 4462 in
3238 4408 3392 4478 hujus
3416 4411 3537 4467 vita:
3562 4412 3664 4467 dif-

2104 4494 2421 4550 ﬁcultatibus
2449 4509 2567 4549 cum
2592 4495 2802 4553 diabolo
2825 4496 3141 4554 dimicantis.
3168 4496 3235 4553 Et
3260 4511 3508 4570 protector
3532 4503 3667 4557 salu-

2103 4587 2283 4640 tarium
2305 4584 2489 4640 Christi
2509 4587 2589 4641 sui
2613 4597 2685 4642 est
2707 4604 2726 4643 :
2746 4598 2801 4643 ut
2824 4604 2940 4645 eam
2967 4591 3164 4646 salvam
3192 4586 3380 4646 factam
3404 4602 3497 4664 per
3515 4595 3669 4650 Citri—

2102 4686 2241 4732 stum
2269 4693 2442 4739 suum.
2472 4688 2589 4749 post
2610 4680 2963 4738 fortitudinem
2987 4682 3249 4753 bellicam,
3273 4684 3668 4745 immortalitate

2104 4769 2248 4841 pacis
2274 4770 2338 4825 ad
2368 4770 2608 4827 ultimum
2639 4783 2893 4845 protegat.
3291 4784 3301 4790 ’
3328 4796 3337 4799 -
3440 4826 3444 4833 .

2174 4864 2227 4921 9.
2269 4862 2415 4937 [vers.
2443 4864 2521 4939 9.]
2560 4865 2768 4921 Salvum
2791 4870 2875 4936 [ac
2903 4868 3144 4939 pupulum
3169 4879 3310 4925 tuum
3330 4869 3370 4935 ⁸,
3396 4883 3442 4926 et
3466 4872 3671 4930 benedic

2103 4954 2440 5010 hereditatem
2468 4966 2624 5033 tuam.
2656 4956 2938 5027 lutcrpello
2966 4960 3123 5030 igitur
3144 5004 3160 5025 ,
3202 4972 3477 5033 postquam
3507 4964 3666 5020 rello-

2103 5045 2211 5100 ruit
2232 5060 2358 5100 caro
2386 5031 2535 5111 mea,
2565 5046 2684 5115 quia
2711 5045 2908 5114 dixisti,
2930 5046 3142 5105 Postulo
3166 5068 3196 5104 a
3222 5068 3319 5117 me,
3338 5031 3398 5106 et
3419 5054 3547 5111 dabo
3583 5055 3671 5109 tibi

2102 5148 2269 5207 gentes
2292 5136 2625 5195 [tarditatem
2643 5146 2779 5191 tuam
2799 5136 2969 5208 (Psal.
2988 5156 3044 5205 ιι,
3059 5139 3113 5212 8)
3136 5158 3150 5207 ;
3176 5140 3385 5197 Salvum
3408 5144 3488 5212 [ac
3505 5162 3672 5215 popu-
3736 5200 3741 5207 ,

2104 5227 2208 5283 lum
2234 5237 2376 5283 tuum
2395 5269 2409 5293 ,
2449 5239 2497 5282 et
2526 5228 2725 5284 benedic
2750 5230 3086 5288 Itwreditatem
3111 5243 3247 5291 tuam
3285 5249 3307 5290 :
3342 5235 3461 5305 quia
3490 5237 3673 5295 omnia

2104 5333 2220 5374 mea
2249 5329 2334 5373 tua
2358 5326 2482 5373 sunt
2507 5318 2680 5391 (locu.
2710 5337 2837 5390 xvu,
2866 5322 2976 5395 l0).
3004 5323 3072 5379 Et
3098 5341 3211 5397 rege
3234 5324 3349 5380 illos
3373 5366 3391 5394 ,
3418 5335 3463 5391 et
3487 5326 3675 5382 extollo

2166 5454 2185 5520 ξ
2210 5451 2341 5520 Edd.,
2364 5453 2548 5520 tgadas.
2566 5450 2733 5505 Melius
2753 5454 2933 5520 aliquot
2955 5465 3074 5520 uss,
3099 5456 3278 5508 trahas.

2166 5515 2187 5547 ²
2206 5516 2279 5565 sic
2298 5511 2512 5565 melioris
2526 5524 2650 5566 notae
2670 5522 2775 5567 Mss.
2801 5511 3149 5582 [Medianum]

2166 5576 2188 5639 ξ
2210 5582 2357 5639 Erret
2377 5581 2507 5633 ιον..
2531 5589 2687 5639 quem.
2710 5585 2797 5629 Nos
2820 5594 2882 5629 ex
2907 5587 3029 5638 Mss,
3054 5594 3149 5637 quo

2103 5610 2357 5755 “km:
3193 5643 3333 5697 ...ει
3365 5658 3393 5696 .
3426 5653 3532 5698 ω...
3560 5655 3614 5699 ..
3652 5667 3680 5700 .

2217 5730 2233 5754 ο
