3988 6188
299 248 415 303 215

306 452 436 516 vita,
472 463 526 507 et
551 454 602 506 in
632 466 885 512 mternam
915 458 1034 515 hinc
1059 461 1184 516 tolle
1213 462 1352 518 illos.

483 617 492 630 ’
687 661 772 723 IN
811 664 1186 730 PSALMUM
1227 670 1499 736 xxvm

863 783 1279 845 ENARRATIO.

464 877 469 884 ’
549 884 792 944 Psalmus
818 891 916 961 ipsi
952 893 1119 950 Dauid
1143 940 1157 964 ,
1193 905 1629 968 consummationis

935 984 1258 1056 tabernaculi.

365 1089 420 1143 1.
461 1086 612 1162 [vers.
643 1092 694 1156 1,
723 1092 803 1166 2.]
843 1095 1081 1154 Psalmus
1105 1099 1205 1171 ipsi
1234 1105 1507 1162 mediatori
1537 1125 1692 1166 manu
1722 1113 1863 1179 forti,

288 1181 636 1250 perfectionis
677 1187 929 1246 Ecclesiae
969 1194 1021 1248 in
1066 1196 1167 1251 hoc
1206 1200 1400 1255 sseculo
1425 1242 1440 1267 ,
1483 1203 1569 1258 ubi
1608 1206 1864 1263 adversus

285 1273 560 1330 diabolum
591 1282 948 1348 temporaliter
971 1286 1246 1343 militatur.

355 1366 412 1419 2.
455 1366 717 1437 PrOpheta
745 1370 974 1443 loquitur
999 1393 1014 1429 :
1042 1376 1230 1445 A/ferte
1256 1379 1491 1450 Domino,
1519 1385 1612 1453 ﬁlii
1643 1385 1755 1454 Dei,
1781 1395 1862 1460 af-

285 1456 413 1524 ferte
437 1455 659 1513 Domino
687 1461 816 1529 ﬁlios
845 1466 1056 1519 arietum
1077 1483 1096 1520 :
1117 1469 1297 1525 aﬂ'erte
1326 1473 1551 1531 Domino
1576 1481 1856 1549 vosmetip-

285 1559 395 1611 sos,
425 1563 562 1618 quos
590 1565 683 1618 per
709 1552 1050 1626 Evangelium
1077 1559 1240 1616 duces
1257 1577 1484 1634 gregum
1511 1569 1744 1638 Apostoli
1768 1587 1858 1642 ge-

282 1649 533 1694 nuerunt.
557 1641 745 1708 A/ferte
768 1643 982 1702 Domino
1001 1649 1213 1719 gloriam
1233 1663 1279 1706 et
1295 1654 1528 1711 honerem
1547 1675 1566 1712 :
1585 1676 1676 1729 per
1695 1641 1851 1732 opera

282 1739 460 1782 vestra
498 1730 752 1788 Dominus
783 1737 1100 1806 glorilicetur
1121 1752 1175 1797 et
1201 1744 1503 1816 honoretur.
1533 1730 1852 1818 A/l'erteDo-

278 1819 414 1873 mino
437 1821 653 1891 gloriam
679 1828 867 1882 nomini
895 1831 1001 1899 ejus
1022 1847 1042 1886 .'
1060 1833 1288 1902 gloriose
1317 1853 1411 1907 per
1433 1840 1614 1896 orbem
1644 1844 1848 1901 innote-

277 1920 409 1964 scat.
453 1911 676 1968 Adorate
717 1916 988 1973 Dominum
1017 1923 1068 1976 in
1096 1926 1214 1978 aula
1236 1939 1409 1982 sancta
1432 1933 1540 2000 ejus
1574 1949 1593 1986 :
1633 1935 1849 1994 adorate

276 1998 558 2058 Dominum
589 2005 639 2058 in
665 2007 881 2064 dilatato
904 2020 959 2066 et
981 2017 1310 2073 sanetilicato
1334 1998 1496 2079 corde
1520 2034 1728 2094 vestro;
1755 2045 1848 2084 vos

272 2094 412 2147 enim
443 2096 574 2150 estis
599 2099 798 2169 regium
828 2113 1066 2160 sanctmn
1094 2107 1453 2168 habitaculum
1479 2114 1616 2185 ejus.

340 2185 389 2239 5-
437 2185 588 2258 [vers.
617 2189 694 2262 5.]
744 2191 853 2247 Voa:
879 2195 1087 2251 Domini
1111 2216 1262 2269 super
1287 2220 1443 2277 aquas
1468 2221 1488 2260 :
1515 2223 1614 2262 vox
1651 2209 1842 2267 Christi

266 2287 432 2344 super
463 2280 702 2347 populos.
737 2281 878 2337 Deus
903 2289 1184 2358 majestalis
1214 2292 1428 2349 intonuit
1455 2315 1474 2350 :
1502 2297 1640 2353 Deus
1676 2303 1840 2371 maje—

267 2369 424 2422 statis
462 2370 528 2424 de
558 2373 694 2428 nube
725 2378 897 2432 carnis
929 2381 1230 2439 terribiliter
1256 2389 1615 2455 paenitentiam
1646 2395 1838 2464 praedi-

264 2460 429 2513 cavit.
459 2459 704 2518 Dominus
727 2483 878 2536 super
899 2487 1052 2539 aquas
1077 2476 1258 2530 multas
1284 2493 1303 2532 :
1327 2478 1437 2548 ipse
1469 2459 1721 2540 Domitius
1745 2487 1836 2543 Je-

247 2563 361 2603 .sus
407 2563 580 2622 postea
625 2573 780 2626 quam
824 2577 1007 2618 vocem
1054 2568 1229 2622 emisit
1274 2586 1434 2640 super
1479 2578 1735 2646 populos,
1784 2593 1834 2636 ct

261 2644 550 2708 perterruit
577 2660 690 2710 eos,
720 2655 979 2707 convertit
1007 2654 1057 2708 in
1087 2672 1165 2724 se,
1191 2668 1246 2714 et
1271 2662 1523 2719 habitavit
1549 2644 1601 2721 in
1627 2670 1724 2725 eis.

331 2733 386 2787 4.
420 2731 570 2806 [vers.
592 2738 670 2812 4.]
712 2739 819 2796 Vox
843 2742 1049 2801 Domini
1073 2749 1124 2803 in
1151 2751 1328 2808 uirtute
1349 2770 1368 2809 :
1387 2773 1484 2811 vox
1506 2760 1828 2834 Dominijam

259 2820 314 2875 in
353 2823 499 2892 ipsis,
532 2837 776 2896 potentes
812 2833 1006 2891 faciens
1030 2854 1143 2894 eos.
1177 2839 1289 2897 V0.1:
1324 2845 1528 2903 Domini
1559 2852 1609 2905 in
1638 2858 1831 2926 magni-

256 2914 455 2982 ﬁcentia
480 2934 503 2972 :
534 2935 636 2974 vox
666 2923 871 2979 Domini
899 2943 1086 2998 magna
1115 2931 1312 2990 iaciens
1339 2937 1390 2991 in
1417 2940 1513 2995 eis.

279 3035 284 3040 -
326 3007 378 3061 5.
420 3006 568 3080 [vers.
593 3011 671 3085 5.]
711 3013 817 3070 Vox
840 3016 1046 3074 Domini
1070 3033 1324 3081 conterens
1351 3030 1524 3086 cedros
1553 3050 1571 3087 :
1594 3050 1695 3090 vox
1726 3038 1819 3091 Do-

256 3099 381 3154 mini
420 3106 739 3163 contritione
767 3111 942 3167 cordis
978 3114 1262 3174 humilians
1289 3124 1566 3191 superbos.
1599 3127 1821 3184 Conteret

253 3187 496 3246 Dominus
517 3195 693 3250 cedros
716 3197 894 3254 Libani
917 3217 936 3256 :
956 3214 1192 3262 conteret
1215 3223 1311 3278 per
1331 3187 1687 3280 paenitentiam
1715 3220 1818 3272 Do-

249 3280 425 3336 minus
461 3284 634 3340 elatos
667 3289 836 3346 nitore
875 3302 1099 3351 terrente
1127 3299 1413 3357 nobilitatis
1435 3345 1452 3371 ,
1483 3321 1601 3361 cum
1631 3309 1696 3362 ad
1723 3327 1816 3366 eos

248 3373 650 3434 confundendos
679 3381 922 3451 ignobilia
950 3385 1105 3456 hujus
1129 3393 1309 3448 mundi
1331 3396 1548 3466 elegerit
1568 3401 1611 3470 (Ι
1635 3401 1751 3457 Cor.
1777 3419 1814 3471 ι,

248 3463 336 3536 28)
364 3507 378 3529 ,
409 3469 462 3522 in
493 3472 683 3540 quibus
697 3479 953 3533 .ostendat
981 3481 1306 3542 divinitatem
1335 3463 1506 3545 suam.

315 3558 366 3613 6.
388 3559 539 3632 [vers.
563 3565 642 3636 6.]
669 3566 731 3620 Et
752 3574 1052 3628 comminuet
1075 3594 1158 3631 eas
1185 3587 1420 3651 tanquam
1438 3586 1644 3640 vitulum
1665 3589 1815 3644 Liba-

243 3649 315 3702 ni.
346 3650 413 3705 Et
439 3664 708 3722 amputata
735 3665 958 3730 superba
988 3649 1298 3727 celsitudine
1329 3674 1555 3743 illorum,
1587 3680 1815 3751 deponet

242 3757 334 3796 eos
355 3745 422 3798 ad
451 3747 798 3806 imitationem
829 3754 1132 3815 humilitatis
1159 3777 1268 3818 sure
1292 3807 1304 3830 ,
1335 3769 1422 3837 qui
1451 3778 1697 3841 tanquam
1731 3778 1809 3829 vi-

241 3834 379 3889 tulus
410 3853 507 3906 per
537 3840 702 3908 ipsam
733 3843 885 3914 hujus
907 3852 1083 3904 sa‘culi
1111 3855 1436 3913 nobilitatem
1460 3862 1524 3915 ad
1549 3865 1807 3921 victimam

239 3921 426 3980 ductus
459 3939 543 3982 cst
572 3948 587 3979 :
619 3933 890 3989 Astiterunt
923 3941 1053 3993 enim
1091 3961 1230 4014 reges
1263 3956 1407 4003 terra:
1430 3991 1443 4014 ,
1481 3964 1528 4006 et
1561 3957 1808 4026 principes

236 4029 567 4074 convenerunt
610 4024 662 4076 in
708 4042 861 4080 unum
899 4031 1134 4088 adversus
1175 4036 1444 4095 Dominum
1485 4055 1532 4097 et
1571 4047 1806 4104 adversus

235 4106 486 4164 Christum
516 4115 625 4185 ejus
655 4117 826 4183 (Psai'.
860 4136 916 4188 ll,
943 4124 1020 4192 ἓ).
1055 4125 1118 4178 Et
1147 4128 1352 4184 dilectus
1381 4133 1505 4187 sicut
1531 4137 1666 4204 [ilius
1690 4144 1801 4194 uni-

233 4206 461 4258 carnium
503 4223 523 4260 :
561 4224 682 4262 nam
731 4222 782 4266 et
825 4213 937 4284 ipse
981 4217 1199 4275 dilectus
1242 4233 1399 4294 atque
1437 4229 1621 4284 unicus
1661 4233 1799 4288 Patri

233 4295 520 4352 exinanivit
550 4317 612 4356 se
643 4303 910 4361 nobilitate
936 4324 1062 4373 sua;
1092 4323 1145 4365 et
1171 4312 1334 4371 factus
1363 4329 1442 4372 est
1469 4319 1646 4388 homo,
1667 4325 1800 4380 sicut

230 4383 368 4440 ﬁlius
389 4387 690 4448 Judmorum
715 4394 1062 4462 ignorantium
1080 4401 1334 4469 justitiam
1359 4408 1449 4463 Dei
1473 4411 1642 4480 (Rom.
1666 4431 1717 4476 χ.
1741 4417 1797 4486 5)

228 4488 284 4531 et
319 4483 544 4551 superbe
568 4483 876 4554 jactantium
913 4501 1158 4563 tauquam
1198 4497 1514 4568 singularem
1537 4483 1793 4573 justitiam

225 4583 396 4626 suam.
629 4634 633 4638 ,
1745 4613 1750 4618 “

297 4663 347 4715 7.
389 4663 537 4736 [τετε.
565 4666 642 4740 7.]
681 4667 788 4725 Voa:
807 4671 1013 4728 Domini
1031 4679 1341 4747 pra’cidentls
1359 4685 1617 4752 ﬂammam
1638 4689 1788 4760 ignis.

224 4752 335 4807 Vox
367 4756 570 4812 Domini
599 4776 692 4830 per
713 4763 954 4820 ardorem
976 4771 1445 4830 concitatissiumm
1471 4795 1791 4851 persequen-

220 4845 348 4897 tium
389 4862 448 4901 se
486 4849 602 4905 sine
643 4851 744 4906 ulla
776 4870 868 4909 sua
899 4857 1113 4916 lznsione
1143 4868 1482 4930 transeuntis,
1527 4871 1611 4925 vel
1652 4873 1786 4928 divi—

217 4934 391 4990 dentis
429 4936 690 4996 t'urentcm
733 4945 1052 5004 iracundiam
1097 4968 1488 5020 persecuturum
1531 4977 1782 5032 suorum,

212 5037 270 5077 ut
299 5027 382 5082 alii
409 5029 662 5099 dicerent,
693 5035 951 5107 Numquid
976 5041 1110 5098 forte
1130 5045 1240 5114 ipse
1261 5058 1344 5102 est
1365 5049 1637 5116 Christus;
1663 5058 1779 5122 alii,

209 5115 352 5181 Non,
378 5122 469 5175 sed
496 5124 697 5180 seducit
728 5129 975 5197 populum
1018 5133 1191 5203 (Joan.
1224 5155 1331 5203 vn,
1365 5142 1453 5213 12)
1484 5161 1496 5197 :
1523 5157 1680 5216 atque
1713 5115 1779 5204 ita

209 5212 541 5278 prmcidentis
580 5217 820 5274 insanum
870 5226 1147 5282 tumultum
1189 5247 1372 5286 eorum
1399 5276 1413 5297 ,
1459 5247 1514 5290 ut
1552 5241 1684 5295 alios
1726 5260 1774 5297 m
1808 5283 1816 5298 .

205 5299 514 5360 eharitatem
553 5324 704 5364 suam
746 5311 1008 5382 trajiceret
1038 5359 1051 5382 ,
1092 5319 1222 5375 alios
1261 5321 1311 5376 in
1357 5326 1549 5383 malitia
1590 5348 1774 5387 eorum

203 5393 544 5464 relinqueret.
661 5407 663 5410 ’

272 5487 328 5542 8.
369 5487 516 5562 [uers.
547 5493 628 5566 8.]
676 5491 785 5549 Voa:
814 5496 1018 5552 Domini
1045 5509 1390 5562 commoventis
1414 5512 1732 5570 solitudinem
1756 5533 1775 5570 :

200 5590 303 5630 vox
343 5579 548 5637 Domini
577 5589 960 5642 commoventis
988 5591 1052 5645 ad
1083 5592 1235 5648 fidem
1268 5597 1464 5656 Gentes
1505 5606 1768 5672 quondam

197 5670 312 5726 sine
339 5691 431 5744 spe
457 5686 513 5732 et
539 5678 653 5734 sine
678 5680 788 5736 Deo
820 5681 872 5736 in
905 5681 1000 5740 hoc
1038 5687 1232 5742 mundo
1263 5690 1280 5760 (
1298 5691 1487 5761 Epirus;
1519 5713 1586 5763 η,
1628 5699 1721 5768 l2)
1752 5717 1762 5761 :

1396 246 1786 322 summano
1821 267 1888 324 IN
1927 272 2243 332 Pssuma
2282 279 2470 336 XXIX.

298 363 424 416 illos
451 378 605 432 usque
631 364 682 417 in
717 369 954 422 saxulum
985 386 1003 423 :
1028 379 1081 424 et
1107 387 1228 442 rege
1255 373 1370 429 illos
1399 376 1462 432 in.
1479 378 1577 434 hac
1603 385 1876 452 temporali

3443 319 3546 380 211

1989 389 2262 446 ubinullus
2281 399 2555 466 propinata,
2585 391 2766 463 nullus.
2783 413 2924 468 verbi
2957 418 3045 474 Dei
3077 426 3402 495 prindieator,
3433 438 3544 491 vel-

1987 480 2058 535 uti
2089 484 2262 538 nullos
2313 487 2470 544 homo
2501 491 2839 557 habitaverat.
2870 507 2938 562 Et
2959 521 3274 574 commovebit
3303 523 3547 584 Dominus

1983 582 2230 628 desertum
2253 577 2413 633 Gades
2433 597 2452 635 :
2472 593 2523 638 et
2547 596 2669 642 tunc
2692 595 2944 652 celebrari
2968 603 3120 660 iaciat
3146 609 3398 670 Dominus
3422 634 3544 675 san-

1980 671 2120 716 ctum
2161 668 2377 723 verbum
2418 672 2804 746 Scripturarum
2845 704 3087 761 suarum,
3119 705 3257 769 quod
3291 722 3316 758 a
3346 707 3548 766 Judaris

1980 769 2084 808 non
2113 757 2524 830 intelligenti'bus
2552 770 2911 836 deserebatur.

2047 845 2098 899 9.
2141 846 2287 919 [vers.
2331 852 2408 927 9.]
2457 855 2565 912 Vox
2600 861 2809 921 Domini
2844 876 3142 944 perﬁcientis
3180 901 3346 940 cervos

1976 936 2120 992 enim
2151 940 2358 998 Domini
2387 949 2554 1016 primo
2579 958 2781 1022 perlicit
2805 977 3136 1034 superatores
3159 983 3209 1030 et
3236 983 3538 1047 repulsores

1976 1041 2355 1089 venenosarum
2398 1038 2711 1109 linguarum.
2743 1050 2808 1103 Et
2844 1059 3075 1114 reuelabit
3112 1065 3261 1122 silvas
3289 1085 3305 1124 :
3331 1081 3387 1126 et
3415 1085 3535 1132 tunc

1970 1116 2047 1172 eis
2084 1123 2336 1181 revelabit
2371 1134 2661 1199 opacitatcs
2697 1139 2993 1202 divinorum
3035 1153 3283 1213 librorum
3324 1173 3376 1216 et
3414 1181 3529 1220 tum

1967 1206 2179 1266 bracula
2224 1223 2591 1288 mysteriorum
2615 1269 2628 1291 ,
2673 1231 2756 1285 ubi
2796 1250 2914 1290 cum
2957 1241 3194 1302 libertate
3235 1266 3529 1318 pascantur.

1975 1295 2032 1318 η,
2065 1303 2077 1314 .
2147 1315 2156 1318 _
2282 1310 2292 1318 .
2385 1313 2396 1318 -

1965 1295 2032 1352 Et
2059 1303 2110 1356 in
2138 1310 2321 1378 templo
2348 1313 2456 1382 ejus
2481 1323 2822 1394 unusquisque
2842 1329 2960 1383 dicit
2985 1335 3194 1403 gloriam
3265 1353 3317 1397 et
3345 1346 3392 1399 in
3423 1346 3529 1402 Ec-

1963 1391 2120 1449 clesia
2145 1398 2259 1466 ejus
2284 1406 2454 1459 omnis
2477 1407 2526 1461 in
2550 1424 2694 1481 spem
2717 1428 2966 1477 aeternam
2994 1443 3328 1497 regeneratus
3350 1439 3536 1496 laudat

1962 1479 2125 1538 Deum
2167 1502 2263 1556 pro
2297 1507 2393 1547 suo
2432 1499 2654 1570 quisque
2681 1505 2822 1563 dono
2846 1553 2860 1578 ,
2893 1516 3029 1582 quod
3065 1535 3091 1570 a
3123 1533 3304 1578 sancto
3331 1528 3526 1598 Spiritu

1959 1578 2180 1646 accepit.
2239 1597 2243 1602 '

2028 1667 2114 1721 10.
2172 1668 2318 1742 [vers.
2363 1677 2475 1751 10.]
2527 1681 2772 1743 Dominus
2809 1693 3049 1752 diluvium
3091 1702 3383 1765 inhabitat:
3419 1713 3524 1768 Do-

1957 1755 2129 1812 minus
2156 1775 2282 1832 ergo
2321 1769 2549 1835 primum
2590 1775 2845 1838 inhabitat
2873 1786 3121 1847 diluvium
3170 1797 3322 1866 hujus
3348 1808 3524 1862 saeculi

3170 1843 3322 1866 ....,....
3348 1843 3521 1862 μω...

1955 1843 2009 1898 in
2036 1852 2230 1905 sanctis
2255 1856 2364 1912 suis
2389 1899 2402 1921 ,
2434 1869 2680 1933 tanquam
2709 1870 2760 1924 in
2791 1890 2908 1929 arca
2937 1919 2950 1943 ,
2980 1879 3047 1933 ita
3079 1883 3128 1937 in
3163 1886 3397 1946 Ecclesia
3427 1910 3521 1950 cu-

1951 1938 2178 1999 stoditis.
2209 1943 2276 1998 Et
2299 1949 2482 2006 sedebit
2505 1954 2751 2017 Dominus
2771 1981 2859 2020 rea:
2883 1969 2932 2022 in
2954 1983 3190 2030 internum
3214 1995 3232 2034 :
3253 1992 3306 2035 et
3328 1985 3518 2044 deinde

1950 2029 2150 2086 sedebit
2179 2050 2404 2106 regnans
2433 2044 2586 2102 ineis
2617 2050 2668 2104 in
2697 2064 2973 2115 aeternum.

2027 2122 2111 2220 it.
2155 2122 2302 2225 [vera
2335 2131 2443 2205 11.]
2485 2135 2728 2196 Dominus
2755 2146 2980 2204 virtutem
3010 2161 3196 2225 populo
3223 2178 3314 2216 suo
3338 2166 3519 2224 dabit:

1947 2209 2067 2276 quia
2092 2213 2344 2273 Dominus
2360 2222 2606 2282 virtutem
2630 2235 2822 2302 populo
2841 2252 2938 2293 suo
2955 2253 3135 2300 contra
3156 2248 3312 2320 hujus
3332 2259 3512 2313 mundi

3090 2570 3098 2571 ,
3154 2570 3315 2577 ω---
3348 2570 3507 2595 νυν..-

1939 2570 2046 2626 lum
2065 2590 2238 2641 suum,
2265 2581 2314 2635 in
2336 2585 2510 2656 seipse
2533 2590 2602 2644 illi
2629 2609 2808 2662 pacem
2834 2614 3119 2672 praestans;
3144 2615 3408 2681 quoniam,
3436 2619 3507 2672 in-

1937 2665 2068 2732 quit,
2106 2668 2286 2725 Pacem
2305 2692 2464 2732 meam
2498 2681 2561 2734 do
2579 2684 2730 2745 vobis.
2757 2705 2927 2756 pacem
2951 2706 3110 2750 meam
3125 2702 3347 2772 relinquo
3368 2709 3501 2764 vobis

1939 2755 1954 2772 ι
1971 2752 2016 2772 τί
2287 2763 2370 2772 με

1935 2752 2108 2818 (Joan.
2141 2775 2254 2824 xxv,
2283 2763 2398 2834 9.7).

2325 2971 2407 3031 ΙΝ
2447 2974 2824 3043 PSALMUM
2865 2985 3083 3051 XXIX

2457 3096 2850 3160 ENARRATIU
2891 3109 2929 3161 Ι.

1932 3189 1996 3244 1η
2016 3195 2166 3262 ﬁnem
2192 3197 2425 3260 Psaltnus
2444 3206 2636 3264 Cantici
2651 3213 2975 3274 dedicationis
2992 3224 3168 3282 domus
3187 3231 3286 3300 ipsi
3306 3233 3492 3291 David.

2018 3304 2068 3358 1.
2109 3304 2254 3378 [vers.
2285 3311 2362 3386 1.]
2398 3314 2453 3369 In
2483 3318 2638 3375 linem
2665 3323 2902 3383 Psalmus
2934 3332 3124 3389 Ιειιιίιίςυ
3152 3348 3495 3400 resurrectio-

1946 3393 2027 3446 nis
2055 3405 2210 3466 atque
2237 3401 2288 3455 in
2314 3402 2661 3466 immortalem
2687 3425 2879 3472 statum
2905 3428 3206 3484 mutationis
3231 3442 3387 3501 atque
3413 3438 3493 3489 in-

1923 3488 2216 3544 novationis
2243 3499 2481 3565 corporis
2501 3542 2516 3564 ,
2560 3519 2662 3558 non
2696 3515 2896 3565 tantum
2936 3515 3139 3572 Domini
3167 3563 3179 3585 ,
3213 3525 3304 3576 sed
3333 3529 3490 3581 etiam

1922 3576 2079 3630 totius
2109 3581 2376 3641 Ecclesiae.
2405 3588 2534 3644 Nam
2563 3592 2614 3647 in
2643 3601 2905 3665 superiori
2943 3609 3143 3673 psalmo
3181 3613 3489 3670 tabornacu~

1917 3666 2024 3721 lum
2051 3685 2472 3735 consummatum
2499 3693 2599 3748 est,
2629 3689 2711 3742 ubi
2741 3691 3036 3750 habitamus
3062 3702 3177 3755 belli
3205 3713 3443 3776 tempore
3469 3729 3481 3764 :

1916 3773 2054 3814 nunc
2085 3776 2256 3819 autem
2283 3769 2470 3826 domus
2497 3775 2788 3846 dedicatur,
2821 3800 2936 3854 quze
2965 3789 3015 3840 in
3046 3796 3363 3863 sempiterna
3393 3819 3496 3872 pag

1913 3864 1975 3904 ce
2005 3860 2350 3919 permanebit.

1981 3940 2034 3992 2.
2078 3942 2224 4013 [rem
2256 3949 2335 4022 2.]
2376 3952 2613 4010 Christus
2649 3961 2824 4032 itaque
2857 3976 2994 4024 totus
3023 3973 3252 4046 loquitur
3283 3999 3296 4036 ε
3326 3982 3484 4040 Exul-

1911 4033 2024 4085 tabo
2050 4043 2114 4098 te,
2147 4035 2378 4106 Domine,
2410 4048 2645 4112 quoniam
2668 4059 2926 4125 suscepisti
2962 4078 3039 4115 me
3064 4081 3083 4117 .'
3105 4069 3476 4130 sublimitatem

1911 4129 2048 4175 tuam
2083 4126 2322 4194 laudabo,
2358 4133 2580 4192 Domine
2603 4181 2618 4204 ,
2648 4148 2896 4211 quoniam
2928 4159 3202 4224 suscepisti
3234 4178 3334 4217 me.
3373 4166 3480 4221 Nec

1897 4213 2193 4281 jurundasti
2218 4221 2441 4280 inimicos
2466 4245 2599 4284 meos
2635 4251 2783 4306 super
2824 4259 2903 4295 me
2923 4259 2941 4296 :
2972 4263 3066 4302 nec
3090 4265 3182 4306 eos
3209 4258 3476 4322 qui'toties

1905 4305 2062 4359 variis
2100 4323 2194 4376 per
2229 4314 2408 4368 orbem
2452 4328 2903 4387 perseeutionibus
2933 4351 3016 4390 me
3055 4344 3354 4411 apprimere
3381 4366 3473 4405 co-

1904 4397 2008 4448 nati
2038 4409 2160 4451 sunt
2180 4442 2193 4462 ,
2219 4401 2521 4469 jucundasti
2547 4427 2709 4483 super
2735 4437 2837 4474 me.

1973 4489 2024 4542 5.
2067 4488 2212 4560 [rers.
2243 4495 2321 4566 5.]
2365 4497 2575 4556 Domine
2611 4505 2749 4563 Deus
2783 4529 2947 4581 meus,
2977 4520 3190 4576 clamavi
3213 4529 3280 4578 ad
3318 4537 3364 4582 te
3383 4570 3399 4597 ,
3428 4542 3474 4586 et
3505 4551 3524 4565 ι’

1899 4581 2089 4633 sanasti
2130 4600 2208 4637 me
2233 4601 2250 4638 .·
2277 4587 2493 4655 Domine
2535 4595 2670 4651 Deus
2709 4617 2859 4659 meus
2885 4649 2898 4670 ,
2941 4609 3156 4666 clamavi
3196 4619 3259 4670 ad
3302 4628 3350 4674 te
3376 4663 3389 4682 ,
3419 4633 3473 4678 et

1897 4683 2092 4740 corpus
2118 4679 2435 4735 mortalitate
2463 4689 2697 4743 saucimn
2726 4701 2778 4746 et
2807 4712 3002 4765 :rgrum
3030 4702 3137 4768 j-un
3169 4723 3269 4760 non
3295 4727 3440 4780 gero.

1965 4764 2018 4818 4.
2060 4763 2222 4836 [vers
2247 4773 2295 4826 4.
2380 4775 2597 4832 Domine
2617 4822 2632 4846 ,
2662 4785 2900 4841 reduxisti
2923 4794 2984 4844 ab
3025 4795 3198 4867 inferis
3246 4805 3467 4862 (animant

1893 4872 2087 4925 meam,
2128 4864 2318 4918 salvum
2361 4871 2522 4939 fecisti
2560 4890 2636 4927 me
2673 4894 2704 4928 a
2731 4879 3132 4943 descendentibus
3181 4895 3227 4946 in
3259 4897 3422 4952 locum
3445 4913 3468 4954 :

1892 4945 2093 5001 salvum
2135 4951 2301 5007 iecisti
2342 4973 2481 5012 mea
2529 4963 2833 5022 conditione
2879 4975 3146 5039 ιηύΓιιιιιιςυ
3175 4988 3422 5043 οέιιείιαῐίε

1891 5045 2048 5104 atque
2077 5039 2242 5095 inﬁmi
2271 5044 2376 5098 limi
2403 5054 2760 5119 corruptibilis
2788 5063 2979 5118 carnis.

1957 5127 2010 5182 5.
2053 5125 2073 5200 [
2101 5145 2227 5184 vers.
2255 5134 2308 5187 5.
2335 5132 2354 5205 ]
2399 5135 2609 5195 Psallite
2638 5143 2851 5204 Domino
2898 5160 3059 5209 sancti
3108 5163 3219 5229 ejus
3239 5179 3258 5217 :
3276 5171 3461 5222 exsul-

1889 5226 1960 5272 tat
2011 5219 2273 5289 Propheta
2327 5227 2499 5285 l'utura
2546 5233 2641 5288 ista
2700 5253 2945 5310 cernens,
2991 5259 3042 5303 et
3087 5219 3270 5322 dicit‘,
3311 5258 3460 5315 Psal-

1885 5308 1971 5361 lite
2008 5310 2225 5367 Domino
2260 5320 2420 5372 sancti
2459 5325 2589 5392 ejus.
2622 5326 2689 5382 Et
2717 5327 3026 5401 conﬁtemini
3053 5349 3301 5401 memoriae
3339 5368 3460 5404 sane

1882 5401 2066 5455 ctitatis
2111 5405 2217 5474 ejus
2256 5422 2276 5462 :
2303 5419 2357 5463 ct
2389 5415 2710 5474 confitemini
2739 5425 2787 5478 ei
2823 5431 2961 5494 quod
3007 5437 3316 5504 sanctitatis,
3346 5455 3454 5507 qua

1880 5503 1976 5540 vos
2005 5496 2368 5556 sanctilieavit.
2399 5518 2500 5557 non
2541 5516 2623 5561 est
2648 5511 2861 5583 oblitus,
2885 5535 3002 5575 eum
3030 5532 3193 5580 totum
3216 5525 3320 5582 hoc
3338 5543 3448 5583 me-

1877 5578 2022 5635 dium
2047 5592 2248 5654 tempus
2269 5588 2530 5650 desiderio
2557 5610 2731 5656 vestro
2754 5601 2964 5677 longum
2991 5623 3149 5688 esset.

1942 5717 1956 5746 ι
1985 5722 2085 5765 uss.
2109 5731 2281 5781 magno
2306 5738 2560 5790 consensu,
2578 5732 2844 5786 Exsulta...
2864 5745 2909 5788 ct
2931 5740 3078 5791 dicat.

3387 905 3540 952 :Vox
3605 939 3612 944 .
