3988 6188
519 295 624 352 215

588 411 640 462 6.
682 406 698 481 [
721 424 846 462 vers.
871 407 923 462 ϐ.
947 406 1234 479 ]Quouiam
1258 406 1332 460 ira
1352 408 1402 460 in
1422 406 1765 478 indignatione
1785 410 1894 479 ejus
1917 425 2081 480 :quo-

521 498 659 551 niam
689 497 967 551 vindicavit
997 499 1047 550 in
1066 511 1157 552 vos
1179 498 1402 566 primum
1433 507 1725 567 peccatum,
1749 500 1888 568 quod
1915 512 2084 556 morte

517 587 768 642 solvistis.
797 585 862 638 Et
889 587 988 639 vita
1015 586 1066 640 in
1092 587 1342 641 uoluntate
1368 589 1524 656 ejus:
1543 596 1596 640 et
1625 587 1780 641 vitam
1807 599 2080 656 auernam,

515 679 581 733 ad
609 693 764 748 quam
810 677 982 732 redire
1009 677 1165 733 nullis
1213 677 1403 732 vestris
1441 677 1642 732 viribus
1667 678 1890 748 possetis
1915 719 1930 744 ,
1962 682 2080 750 quia

514 769 677 822 voluit
719 767 881 822 dedit.
923 766 1132 838 Vespere
1159 768 1496 822 demorabitur
1517 770 1666 839 ﬂetus
1711 767 1784 842 (a)
1819 788 1831 823 :
1863 786 2082 841 vespere

511 866 704 935 coepit,
737 865 824 920 ubi
865 865 1136 934 sapientite
1164 865 1339 919 lumen
1377 863 1596 919 recessit
1637 878 1666 916 a
1706 874 1953 933 peccante
1983 865 2079 918 bo-

513 958 672 1022 mine,
704 956 914 1026 quando
955 965 1126 1010 morte
1174 956 1450 1010 damnatus
1479 965 1591 1019 est;
1624 955 1690 1009 ab
1717 955 1830 1024 ipso
1860 971 2080 1024 vespere

510 1062 685 1102 moras
707 1047 917 1101 habebit
947 1045 1098 1100 ﬁctus
1122 1087 1136 1110 ,
1163 1046 1409 1115 quamdiu
1441 1045 1491 1098 in
1520 1044 1787 1099 laboribus
1831 1054 1884 1099 et
1913 1054 2078 1098 tenta-

509 1139 741 1194 tionibus
764 1139 983 1209 populus
1008 1138 1094 1192 Dei
1117 1147 1384 1206 exspectat
1403 1137 1540 1190 diem
1564 1137 1789 1190 Domini.
1817 1135 1879 1189 Et
1897 1137 1948 1189 in
1971 1153 2077 1189 ma-

507 1230 721 1282 tutinum
756 1230 1020 1282 exsultatio
1043 1244 1062 1282 :
1087 1244 1248 1297 uSque
1274 1229 1324 1282 in
1357 1229 1683 1290 matutinum,
1709 1244 1812 1296 quo
1838 1228 2075 1283 exsulta-

507 1321 582 1375 tio
608 1320 1012 1376 resurrecttonis
1041 1318 1212 1373 futura
1235 1331 1334 1383 est,
1368 1336 1482 1389 quae
1506 1319 1555 1372 in
1589 1320 1841 1372 matutina
1872 1319 2073 1372 Domini

507 1414 897 1469 resurrectione
927 1411 1230 1482 pratﬂoruit.

576 1508 628 1559 7.
671 1505 689 1578 [
717 1525 843 1560 vers.
878 1509 928 1560 7.
960 1505 978 1577 ]
1009 1506 1116 1576 Ego
1159 1516 1322 1558 autem
1357 1505 1463 1559 dixi
1498 1507 1550 1558 in
1592 1505 1897 1558 abundantia
1929 1521 2068 1570 mea,

506 1598 627 1652 Non
666 1600 892 1653 movebar
930 1601 983 1652 in
1021 1609 1261 1652 wtcrnum
1287 1615 1307 1652 :
1334 1612 1430 1667 ego
1473 1605 1647 1650 autem
1691 1597 1778 1650 ille
1815 1597 2069 1666 populus,

502 1690 590 1759 qui
621 1690 688 1744 ab
730 1692 877 1745 initio
917 1689 1320 1760 loquebar,dixi
1350 1690 1400 1742 in
1451 1703 1565 1743 mea
1593 1687 1934 1754 abundantia,
1964 1688 2069 1758 jam

500 1781 696 1836 nullam
745 1784 946 1852 patiens
992 1791 1277 1852 egestatem
1339 1801 1351 1835 :
1411 1780 1530 1835 Non
1572 1781 1800 1834 movebar
1836 1782 1889 1834 in
1923 1791 2070 1836 teter-

499 1890 640 1926 num.

567 1965 620 2020 8.
665 1963 683 2037 [
710 1981 834 2017 vers.
860 1964 938 2038 8.]
966 1965 1199 2031 Domine,
1229 1967 1280 2020 in
1309 1967 1559 2020 uoluntate
1578 1974 1663 2018 tua
1689 1965 1962 2035 priestitisti
1983 1965 2070 2019 dc-

498 2058 604 2111 cori
645 2074 754 2111 meo
786 2061 1012 2129 virtutem
1040 2074 1059 2111 :
1087 2058 1180 2112 sed
1225 2058 1360 2112 hanc
1384 2056 1775 2121 abundantiam,
1811 2057 2063 2121 Domine,

408 2211 412 2216 _
501 2164 605 2201 non
633 2165 696 2202 ex
724 2164 806 2203 me
834 2149 961 2203 mihi
991 2165 1128 2216 esse,
1157 2150 1249 2204 scd
1276 2151 1326 2203 in
1357 2150 1624 2204 voluntate
1651 2158 1736 2203 tua
1765 2148 2068 2218 praestitisse

498 2247 552 2292 te
577 2237 751 2293 decori
779 2255 896 2294 meo
924 2241 1168 2294 virtutem
1194 2256 1258 2296 ex
1286 2257 1350 2295 co
1374 2241 1532 2295 didici
1555 2283 1569 2305 ,
1613 2241 1841 2295 Aratisti
1863 2249 2028 2294 autem
2049 2243 2064 2272 ³

496 2331 678 2400 faciem
721 2341 856 2385 tuam
901 2349 932 2384 a
971 2349 1079 2396 me,
1110 2342 1157 2386 et
1203 2333 1364 2402 factus
1392 2349 1500 2386 sum
1537 2331 1894 2395 conturbatus;
1928 2331 2065 2402 quod

495 2422 732 2476 avertisti
760 2421 1040 2492 aliquando
1068 2437 1095 2474 a
1127 2431 1378 2492 peccante
1419 2425 1600 2476 faciem
1629 2432 1789 2483 tuam,
1823 2431 1874 2474 et
1902 2420 2066 2476 factus

493 2529 611 2569 sum
642 2515 1014 2579 conturbatus,
1045 2513 1325 2570 recedente
1356 2529 1385 2567 a
1431 2529 1516 2568 me
1555 2513 1933 2567 illuminatione
1975 2528 2068 2566 no-

493 2605 622 2659 titia:
649 2613 770 2659 tum.
1618 2627 1620 2629 >

563 2698 617 2751 9.
659 2696 823 2770 [vers.
849 2697 901 2752 9.
927 2697 948 2770 ]
975 2697 1052 2750 Ad
1085 2707 1160 2763 te,
1189 2696 1429 2760 Domine,
1458 2695 1684 2748 clamabo
1703 2735 1715 2758 ,
1746 2703 1790 2748 et
1814 2695 1880 2746 ad
1905 2693 2063 2746 Deum

491 2806 653 2844 meum
673 2789 972 2859 deprecabor
998 2806 1018 2844 :
1045 2789 1186 2860 quod
1206 2797 1415 2858 tempus
1451 2787 1864 2842 conturbationis
1891 2797 1942 2840 et
1962 2788 2062 2840 mi-

491 2881 642 2935 seriae
675 2895 805 2932 meae
843 2880 1080 2934 recolens
1104 2921 1117 2943 ,
1147 2890 1199 2933 et
1227 2888 1472 2947 tanquam
1522 2878 1572 2931 in
1619 2893 1685 2931 eo
1712 2877 2026 2931 constitutus
2046 2920 2061 2942 ,

491 2971 648 3024 audio
678 2985 859 3023 vocem
894 2969 1223 3040 primogeniti
1252 2969 1345 3032 tui,
1363 2968 1548 3038 capitis
1577 2968 1678 3022 mei
1707 2982 1802 3037 pro
1834 2983 1918 3021 me
1945 2982 2061 3020 mo-

492 3061 663 3128 rituri,
691 3069 744 3116 et
766 3061 989 3116 dicentis
1013 3079 1025 3114 :
1047 3060 1126 3114 Ad
1143 3071 1207 3128 te,
1229 3059 1458 3123 Domine,
1481 3057 1727 3123 clamabo,
1753 3067 1799 3110 ct
1819 3057 1886 3110 ad
1905 3056 2062 3110 Deum

491 3169 656 3206 meum
685 3153 1005 3222 deprecabor.

563 3244 648 3298 10.
692 3241 857 3316 [uers.
889 3245 974 3298 10.
998 3242 1019 3316 ]
1051 3243 1174 3310 Qua:
1198 3243 1388 3296 utilitas
1421 3243 1473 3294 in
1500 3241 1743 3311 sanguine
1767 3257 1878 3293 meo
1902 3283 1914 3304 ,
1942 3240 2060 3292 dum

491 3335 734 3388 descendo
773 3335 826 3388 in
865 3334 1280 3404 corruptionem?
1325 3348 1442 3403 quae
1471 3333 1668 3386 utilitas
1708 3333 1759 3385 in
1807 3331 2060 3387 eli‘usione

489 3426 758 3495 sanguinis
775 3426 899 3492 mei,
919 3426 1041 3479 dum
1065 3424 1328 3479 descendo
1361 3425 1412 3478 in
1441 3423 1873 3493 corruptionem?
1898 3422 2061 3476 Num-

491 3517 613 3582 quid
632 3517 946 3585 conﬁtebitur
970 3515 1057 3568 tibi
1077 3515 1280 3586 puluis?
1307 3515 1360 3570 Si
1382 3515 1522 3569 enim
1554 3529 1657 3568 non
1687 3515 1862 3568 statim
1882 3529 2062 3568 resur-

494 3623 706 3673 rexero,
739 3617 1154 3676 corruptumque
1183 3606 1335 3660 fuerit
1362 3621 1555 3676 corpus
1586 3621 1789 3668 meum,
1818 3606 2061 3669 numquid

489 3701 808 3769 conﬁtebitur
835 3699 922 3752 tibi
953 3699 1112 3768 puluis
1131 3740 1144 3762 ,
1173 3697 1223 3750 id
1251 3707 1332 3752 est
1375 3696 1524 3750 tttrba
1555 3696 1832 3766 impiorum
1860 3739 1874 3763 ,
1904 3711 2058 3766 quam

491 3808 608 3848 mea
648 3791 1033 3846 resurrectione
1072 3786 1410 3858 justiﬁcabo?
1440 3788 1538 3842 Aut
1571 3786 1886 3842 annuntiabit
1929 3788 2067 3841 reris

489 3895 639 3938 latent
682 3884 860 3936 tuam?
887 3893 977 3938 aut
1017 3882 1348 3937 annuntiabit
1377 3881 1441 3935 ad
1481 3881 1700 3935 salutem
1747 3891 2058 3936 cancrorum

489 3974 762 4029 veritatem
790 3973 964 4026 tuam?

561 4064 649 4117 11.
693 4061 862 4133 [vers.
894 4062 1020 4133 11.]
1049 4062 1250 4115 Audiuit
1289 4059 1536 4114 Dominus
1560 4103 1573 4123 ,
1626 4069 1673 4114 et
1720 4061 1948 4115 misertus
1989 4071 2060 4114 est

491 4155 651 4218 mihi;
697 4153 942 4207 Dominus
977 4154 1136 4221 [actus
1181 4164 1252 4206 est
1291 4153 1493 4222 adjutor
1539 4168 1678 4206 meus
1718 4169 1736 4206 :
1777 4167 1873 4206 nec
1915 4152 2060 4207 dedit

488 4253 726 4300 sanctum
752 4258 903 4298 suutn
931 4243 1112 4297 videre
1136 4244 1526 4310 corruptionem
1557 4245 1574 4311 (
1610 4239 1752 4294 Psal.
1782 4257 1882 4307 xv,
1913 4241 1991 4295 ’10
2016 4241 2056 4312 ).

561 4336 647 4390 12.
688 4334 707 4407 [
732 4351 857 4389 vers.
888 4332 975 4388 12.
1004 4331 1025 4407 ]
1060 4331 1355 4386 Conuertisti
1383 4332 1641 4403 planctum
1669 4348 1831 4386 meum
1853 4333 1905 4386 in
1930 4350 2060 4403 gau-

490 4431 628 4484 dium
655 4428 779 4482 mihi
802 4443 820 4482 :
843 4441 998 4498 quem
1025 4423 1428 4496 primogenitum
1456 4439 1484 4477 a
1517 4424 1738 4478 mortuis
1779 4433 2058 4479 consecuta

491 4518 752 4588 Ecclesia,
781 4535 921 4574 nunc
960 4517 1013 4572 in
1049 4515 1380 4571 dedicatione
1401 4514 1590 4569 domus
1619 4523 1724 4569 tua:
1748 4514 1866 4568 dico
1885 4557 1897 4580 ,
1926 4513 2059 4569 Con-

491 4615 676 4670 uertisti
719 4611 973 4681 planctum
1021 4624 1186 4663 meum
1226 4607 1280 4661 in
1323 4605 1562 4676 gaudium
1596 4606 1737 4659 mihi.
1762 4604 2060 4661 Couscidisti

489 4719 689 4756 saccum
731 4719 926 4769 meum,
973 4711 1018 4756 et
1046 4699 1350 4771 praecinxisti
1389 4713 1467 4750 me
1509 4696 1682 4750 ltetitia
1711 4712 1730 4750 :
1757 4696 2057 4751 conscidisti

490 4793 839 4847 velamentum
867 4802 1202 4863 peccatorum
1227 4803 1463 4844 meorum
1486 4829 1501 4856 ,
1533 4787 1796 4842 tristitiam
1828 4788 2061 4843 mortali-

490 4886 611 4939 tatis
657 4902 819 4948 ntc:e;
848 4898 899 4941 et
945 4884 1151 4940 cinxisti
1199 4897 1284 4938 me
1333 4881 1471 4936 stola
1524 4879 1720 4950 prima,
1773 4879 2056 4933 immortali

495 4976 696 5030 Imtitia.

561 5067 648 5120 15.
691 5063 861 5136 [uersu
908 5065 1035 5139 15.]
1079 5065 1144 5121 Ut
1184 5074 1344 5120 cantet
1383 5065 1471 5118 tibi
1506 5064 1667 5132 gloria
1697 5079 1840 5123 mea,
1882 5073 1927 5115 ct
1959 5079 2057 5115 non

488 5172 798 5227 contpungar
829 5170 848 5208 :
873 5165 928 5208 ut
949 5155 1054 5224 jam
1081 5171 1184 5210 non
1213 5157 1441 5226 plangat,
1470 5155 1560 5209 sed
1588 5163 1762 5207 cantet
1790 5153 1882 5212 tibi
1908 5194 1922 5215 ,
1952 5168 2055 5206 non

493 5249 784 5312 humilitas,
830 5247 921 5301 sed
959 5247 1124 5317 gloria
1171 5263 1322 5312 mea,
1365 5248 1485 5316 quia
1519 5248 1622 5316 jam
1666 5264 1727 5302 ex
1769 5247 2058 5301 humilitate

488 5342 727 5396 rxaltasli
757 5356 868 5404 me;
898 5350 949 5394 et
991 5353 1093 5393 non
1123 5354 1445 5408 compungar
1467 5339 1786 5393 conscientia
1820 5339 2015 5408 peccati
2041 5380 2054 5403 ,

491 5432 680 5488 timore
711 5431 916 5495 mortis,
949 5429 1354 5498 timorejudicii.
1396 5427 1609 5482 Domine
1645 5429 1777 5482 Deus
1804 5445 1940 5481 meus
1960 5470 1974 5495 ,
2005 5429 2056 5480 in

492 5535 732 5581 tetcruum
757 5521 1028 5591 confitebor
1048 5521 1131 5574 tibi
1153 5539 1164 5574 :
1184 5530 1237 5574 et
1254 5520 1366 5574 hrcc
1380 5529 1461 5574 est
1487 5520 1652 5590 gloria
1676 5535 1813 5585 mea,
1839 5519 2058 5575 Domine

552 5681 569 5713 ί
594 5681 665 5728 sic
687 5685 788 5727 Mss.
813 5675 1029 5740 plerique
1050 5677 1187 5740 juxta
1209 5681 1334 5740 t.x_x.
1353 5671 1598 5740 [At'crt‘isti
1620 5669 1825 5740 [aciem].

549 5741 620 5799 (tt)
660 5749 724 5792 De
749 5733 834 5790 hac
847 5733 985 5802 parte
1011 5733 1138 5789 vet‘s.
1162 5739 1194 5788 6
1215 5736 1323 5787 viJe
1346 5733 1479 5784 Luna
1500 5733 1660 5782 21ml.
1687 5733 1812 5787 Lvut.
1836 5747 1884 5784 n.
1913 5733 1969 5784 10

1727 296 1782 353 S.
1827 298 2186 356 AUGUSTINI
2230 297 2528 358 EﬂSCOPl

3635 298 3744 357 916

2194 412 2331 468 Deus
2359 429 2529 481 meus,
2561 423 2616 470 ut
2637 417 2687 470 in
2716 425 2968 472 internum
2993 417 3245 476 conﬁtear
3271 420 3362 475 tibi
3382 463 3398 486 ,
3440 422 3580 492 quod
3612 423 3746 478 nihil

2189 503 2315 558 mihi
2345 519 2412 559 ex
2443 521 2546 570 me,
2565 507 2656 561 sed
2679 508 2852 563 omnia
2872 509 3006 565 bona
3033 525 3098 566 ex
3123 519 3194 576 te,
3216 511 3302 581 qui
3322 527 3382 568 es
3409 512 3548 569 Deus
3567 520 3750 570 omnia

2189 595 2241 650 in
2267 597 2510 654 omnibus
2539 598 2598 670 (l
2627 598 2746 655 Cor.
2775 617 2864 667 xv,
2891 601 2979 657 28.
3003 603 3022 672 )

2713 693 3105 750 ENARRATIO
3145 694 3208 749 ll.

2675 798 2846 840 εειιιιο
2885 779 2950 839 λδ
2988 801 3252 841 poeuwu.

2257 873 2307 927 1.
2355 873 2464 929 Hoc
2503 884 2646 931 certe
2691 877 3013 933 cantavimus
3042 895 3054 931 :
3084 878 3330 932 Exaltabo
3371 889 3450 943 te,
3504 878 3744 942 Domine.

2183 966 2415 1034 quoniam
2456 968 2716 1036 suscepisti
2751 984 2858 1034 me,
2890 985 2977 1022 nec
3015 970 3313 1038 jucundusti
3339 971 3566 1024 inimicos
3613 988 3748 1026 muas

2181 1071 2332 1125 super
2356 1073 2450 1110 me.
2478 1057 2532 1112 Si
2563 1058 2868 1113 noverimus
2908 1058 2976 1114 de
3000 1059 3285 1130 Scripturis
3312 1064 3508 1116 sanctis
3532 1062 3618 1131 qui
3640 1063 3747 1117 sint

2183 1143 2378 1200 inimici
2410 1147 2593 1212 nostri,
2638 1149 3002 1219 cognoscimus
3027 1149 3182 1221 hujus
3209 1152 3396 1207 cantici
3428 1152 3744 1208 veritatem:

2179 1237 2224 1292 si
2250 1247 2422 1292 autem
2450 1255 2546 1294 nos
2571 1239 2716 1296 fallat
2740 1242 2914 1297 carnis
2934 1243 3235 1313 prudentia,
3255 1252 3312 1298 ut
3336 1259 3438 1299 non
3459 1259 3719 1311 cognoscit
3733 1281 3748 1294 ι

2179 1345 2294 1385 mus
2322 1330 2570 1386 adversus
2595 1347 2728 1402 quos
2747 1333 2899 1388 nobis
2919 1327 3322 1401 sitcolluctat’io,
3341 1335 3392 1390 in
3424 1335 3540 1406 ipso
3558 1337 3744 1408 psalmi

2179 1423 2334 1493 hujus
2360 1425 2578 1480 exordio
2598 1426 2892 1481 invenimus
2918 1428 3264 1497 quaestionem
3289 1468 3304 1494 ,
3328 1443 3485 1499 quam
3532 1429 3748 1488 solvero

2179 1531 2279 1570 non
2303 1531 2600 1585 possumus.
2630 1518 2793 1588 Cujus
2817 1520 2956 1574 enim
2986 1529 3226 1589 putamus
3253 1535 3436 1576 vocem
3466 1536 3585 1577 esse
3627 1523 3744 1576 lau-

2178 1608 2352 1661 dantis
2373 1609 2531 1675 Deum
2550 1618 2602 1664 et
2621 1625 2708 1679 gra
2722 1612 2822 1666 tias
2843 1612 3047 1681 agentis
3063 1621 3116 1666 et
3139 1612 3449 1667 exsultantis
3475 1623 3632 1682 atque
3659 1614 3743 1668 di-

2174 1698 2340 1752 centis
2373 1717 2385 1752 :
2415 1691 2660 1753 Exultabo
2689 1710 2756 1766 te,
2785 1699 2995 1754 Domine
3014 1741 3030 1765 ,
3057 1703 3293 1772 quoniam
3335 1704 3591 1773 suscepisti
3626 1720 3741 1770 me,

2174 1803 2264 1843 nec
2283 1791 2580 1861 jucundasti
2606 1791 2833 1846 inimicos
2862 1808 2994 1847 meos
3031 1809 3180 1862 super
3217 1794 3338 1848 me?
3365 1794 3544 1849 Primo
3569 1795 3742 1864 ipsum

2175 1879 2450 1935 Dominum
2481 1882 2896 1949 consideremus,
2917 1884 3005 1954 qui
3029 1884 3315 1940 secundum
3339 1885 3390 1940 id
3417 1886 3556 1956 quod
3579 1885 3742 1942 homo

2172 1984 2292 2025 esse
2305 1971 2549 2042 dignatus
2565 1984 2662 2038 est,
2680 1974 2850 2044 potuit
2866 1975 2964 2028 sibi
2989 1989 3081 2044 per
3101 1976 3484 2045 prtecedentem
3503 1978 3740 2048 prophe-

2175 2061 2297 2114 tiam
2321 2076 2423 2116 non
2452 2063 2736 2134 incongrue
2758 2063 2915 2118 verba
2940 2065 3037 2119 ista
3064 2075 3312 2135 cooptare
3341 2084 3352 2120 :
3383 2081 3449 2121 ex
3472 2083 3577 2137 quo
3596 2068 3740 2122 enim

2173 2149 2333 2204 homo
2359 2192 2374 2216 ,
2407 2166 2470 2206 ex
2499 2152 2600 2207 hoc
2629 2161 2682 2208 et
2709 2152 2978 2218 inﬁrmus;
3010 2171 3075 2210 ex
3104 2171 3208 2224 quo
3235 2156 3475 2212 inﬁrmus
3497 2199 3512 2224 ,
3543 2173 3608 2212 ex
3636 2158 3740 2214 hoc

2171 2249 2224 2294 et
2250 2256 2428 2296 orans.
2459 2242 2588 2298 Nam
2616 2245 2756 2314 quod
2788 2245 2946 2299 modo
2973 2246 3268 2302 audivimus
3291 2287 3306 2312 ,
3341 2262 3460 2302 cum
3496 2248 3740 2320 Evange-

2171 2332 2296 2386 lium
2340 2333 2635 2404 legeretur,
2684 2336 3126 2405 quemadmodum
3174 2339 3330 2393 etiam
3377 2341 3427 2394 in
3469 2339 3738 2397 desertum

2168 2425 2448 2478 secesserit
2474 2440 2503 2478 a
2531 2425 2798 2496 discipulis
2823 2427 2932 2481 suis
2955 2469 2970 2492 ,
2996 2409 3102 2498 quo
3125 2443 3245 2483 eum
3271 2439 3393 2484 sunt
3425 2433 3695 2487 consecuti
3721 2474 3737 2498 ,

2168 2522 2222 2568 et
2267 2513 2580 2570 invenerunt
2629 2531 2748 2570 eum
2797 2535 2810 2570 :
2861 2518 3116 2572 secedens
3155 2527 3326 2573 autem
3356 2520 3423 2573 ibi
3447 2522 3654 2586 orabat,
3683 2535 3738 2579 et

2098 2599 2104 2612 ⁸
2167 2603 2363 2658 dictum
2389 2615 2471 2660 est
2498 2620 2526 2658 a
2549 2605 2821 2677 discipulis
2846 2608 2932 2678 qui
2963 2623 3083 2662 eum
3113 2609 3462 2677 invenerunt,
3495 2611 3740 2678 Querunt

2168 2703 2214 2748 te
2237 2695 2494 2760 homines;
2519 2705 2571 2749 at
2599 2697 2685 2752 ille
2711 2699 3020 2768 respondit:
3049 2699 3239 2753 Eamus
3259 2711 3306 2754 et
3325 2701 3378 2754 in
3406 2702 3508 2754 alia
3524 2703 3635 2756 loca
3658 2715 3739 2757 at-

2167 2801 2260 2854 que
2283 2787 2484 2840 castella
2513 2789 2825 2857 prtcdicare;
2850 2790 2918 2843 ad
2945 2791 3038 2844 hoc
3061 2792 3190 2844 enim
3220 2793 3331 2846 ueni
3358 2791 3376 2865 (
3399 2792 3561 2848 Marci
3588 2796 3733 2868 5‘35,

2165 2876 2254 2942 57,
2289 2875 2421 2948 38).
2470 2878 2526 2932 Si
2569 2879 2894 2934 divinitatem
2927 2881 3130 2936 Domini
3180 2885 3346 2938 nostri
3390 2883 3514 2940 Jesu
3540 2885 3735 2942 Christi

2165 2967 2470 3024 consideres
2493 3010 2508 3035 ,
2540 2971 2657 3040 quis
2701 2971 2854 3024 orat?
2895 2972 2960 3026 ad
3002 2988 3158 3043 quem
3203 2975 3356 3030 orat?
3383 2992 3544 3045 quare
3573 2978 3735 3032 orat?

2164 3058 2294 3112 Orat
2321 3059 2495 3114 Deus?
2523 3068 2638 3115 orat
2661 3061 2726 3116 ad
2764 3064 3062 3134 aequalem?
3089 3063 3314 3121 Causam
3341 3076 3515 3122 autem
3547 3069 3735 3124 orandi

2163 3167 2320 3220 quam
2352 3151 2543 3219 habet,
2595 3167 2805 3223 semper
2853 3155 3066 3222 beatus,
3115 3171 3326 3229 semper
3351 3160 3686 3229 onmipotens
3714 3203 3731 3225 ,

2163 3257 2374 3312 semper
2396 3243 2854 3311 incommutabilis,
2887 3257 3132 3312 auernus,
3155 3259 3207 3304 et
3230 3249 3368 3304 Patri
3398 3254 3736 3307 coaeternus?

2165 3331 2432 3388 lntuentes
2449 3349 2575 3400 ergo
2597 3335 2735 3405 quod
2761 3352 2852 3405 per
2874 3336 3150 3402 Joannem,
3165 3339 3315 3410 quasi
3339 3355 3432 3409 per
3451 3341 3734 3410 quamdam

2164 3423 2356 3478 nubem
2387 3437 2556 3488 suam,
2589 3425 2702 3495 ipse
2731 3425 2975 3494 intonuit,
3003 3427 3186 3483 dicens
3218 3445 3232 3481 :
3261 3428 3329 3482 In
3355 3430 3601 3500 principio
3625 3441 3736 3485 erat

2171 3511 2404 3577 Verbum,
2427 3523 2474 3567 et
2510 3513 2720 3569 Verbum
2748 3525 2853 3570 erat
2876 3519 3013 3588 apud
3039 3517 3218 3585 Deum,
3247 3529 3292 3573 et
3311 3518 3447 3574 Deus
3469 3531 3576 3574 erat
3614 3520 3737 3575 Ver-

2127 3597 2278 3656 ‘bum
2303 3647 2316 3668 ,
2351 3605 2446 3658 hoc
2487 3616 2591 3659 erat
2623 3607 2674 3660 in
2716 3607 2960 3677 principio
3002 3609 3140 3678 apud
3173 3609 3335 3664 Deum
3377 3625 3397 3663 :
3434 3610 3601 3664 omnia
3645 3628 3735 3680 per

2161 3695 2324 3764 ipsum
2345 3696 2479 3765 facta
2501 3707 2636 3763 sunt,
2667 3708 2711 3750 et
2739 3698 2970 3768 siueipso
2997 3703 3186 3769 factum
3211 3709 3282 3753 est
3307 3700 3432 3753 nihil
3455 3714 3478 3756 :
3501 3701 3636 3770 quod
3651 3705 3735 3771 fa-

2163 3797 2294 3840 ctum
2320 3797 2391 3842 est
2420 3788 2472 3841 in
2490 3787 2580 3842 illo
2599 3789 2695 3842 vita
2718 3798 2792 3844 est
2816 3790 2854 3853 ¹,
2875 3799 2920 3843 et
2948 3790 3046 3843 uita
3061 3799 3164 3843 erat
3181 3790 3271 3844 lux
3285 3790 3560 3856 hominum,
3579 3801 3624 3843 et
3643 3791 3736 3845 lua:

2162 3878 2213 3930 in
2242 3879 2450 3932 tenebris
2484 3877 2638 3943 lucet,
2669 3889 2715 3932 et
2751 3878 2963 3934 tenebrte
2985 3896 3095 3933 eam
3122 3897 3220 3934 non
3252 3881 3734 3950 comprehenderunt

2165 3967 2353 4039 (Joan.
2387 3984 2438 4033 ι,
2468 3969 2598 4038 1-5)
2629 3986 2640 4022 :
2677 3969 2777 4023 huc
2811 3984 2977 4040 usque
3002 3968 3270 4036 dicentes,
3297 3985 3399 4024 non
3433 3969 3732 4027 invenimus

2162 4060 2453 4114 orationem
2480 4101 2495 4126 ,
2529 4075 2624 4115 nec
2652 4075 2862 4114 causam
2911 4060 3094 4114 orandi
3119 4101 3134 4126 ,
3162 4076 3259 4116 nec
3288 4061 3460 4116 locum
3501 4061 3686 4116 orandi
3710 4103 3727 4128 ,

2165 4165 2260 4204 nec
2298 4149 2544 4205 allectum
2585 4150 2789 4205 orandi.
2839 4149 2943 4206 Sed
2973 4151 3216 4221 quoniam
3245 4151 3400 4220 paulo
3427 4161 3544 4220 post
3567 4151 3729 4218 dicit,

2165 4241 2229 4295 Et
2259 4241 2472 4296 Verbum
2495 4257 2611 4296 caro
2637 4242 2823 4311 factum
2845 4251 2938 4306 est,
2969 4251 3012 4296 et
3037 4241 3276 4296 habitauit
3299 4243 3350 4295 in
3372 4241 3511 4296 nobis
3538 4241 3726 4314 (Ibid.,

2164 4334 2232 4387 M
2255 4332 2274 4402 )
2298 4349 2312 4398 ;
2341 4332 2503 4387 habes
2523 4333 2850 4402 majestatem
2879 4333 2944 4386 ad
2973 4347 3128 4403 quam
3157 4347 3276 4387 ores
3300 4374 3314 4397 ,
3343 4331 3506 4388 babes
3536 4333 3727 4388 huma-

2162 4425 2377 4490 nitatem
2431 4440 2548 4494 qute
2590 4440 2684 4493 pro
2735 4435 2784 4480 te
2833 4434 2968 4480 oret.
3014 4425 3144 4480 Nam
3184 4425 3285 4480 hoc
3326 4425 3522 4480 dictum
3553 4437 3632 4482 est
3660 4427 3733 4481 ab

2162 4515 2436 4583 Apostolo,
2469 4513 2626 4568 etiam
2666 4522 2784 4584 post
2828 4515 3267 4570 resurrectionem
3314 4515 3516 4570 Domini
3562 4517 3731 4572 nostri

2161 4605 2287 4660 Jesu
2316 4605 2506 4659 Christi
2536 4622 2548 4656 :
2580 4604 2678 4670 Qui
2705 4607 2838 4660 sedet
2856 4649 2870 4671 ,
2895 4606 3094 4676 inquit,
3137 4607 3204 4659 ad
3223 4607 3477 4660 dexteram
3502 4605 3616 4672 Dei,
3645 4609 3736 4677 qui

2161 4697 2310 4750 etiam
2328 4695 2612 4767 interpellat
2639 4714 2729 4767 pro
2755 4697 2893 4750 nobis
2925 4699 2942 4768 (
2973 4696 3118 4751 Rom.
3148 4714 3257 4764 vm,
3290 4699 3417 4769 51).
3444 4699 3616 4766 Quare
3647 4699 3736 4753 in-

2163 4788 2404 4858 terpellat
2430 4803 2524 4857 pro
2567 4787 2753 4843 nobis?
2778 4788 2909 4856 Quia
2937 4787 3194 4843 mediator
3213 4804 3332 4844 esse
3356 4790 3597 4860 dignatus
3625 4801 3732 4846 est.

2162 4879 2297 4945 Quid
2347 4889 2428 4934 est
2475 4879 2814 4934 mediatorem
2849 4863 2982 4935 esse
3013 4881 3148 4935 inter
3178 4881 3344 4936 Deum
3391 4891 3445 4936 et
3488 4882 3736 4940 homines

2163 4974 2181 5040 (
2214 4970 2386 5024 lTitn.
2418 4987 2486 5035 ιι,
2531 4972 2564 5025 5
2595 4970 2648 5040 )?
2680 4970 2794 5025 Non
2823 4972 2958 5024 inter
2983 4971 3190 5026 Patrem
3233 4984 3285 5027 et
3316 4971 3554 5028 homines
3576 5016 3590 5030 .
3636 4974 3737 5028 sed

2163 5064 2302 5118 inter
2319 5065 2482 5119 Deum
2507 5074 2558 5119 et
2579 5063 2839 5118 homines.
2859 5063 2991 5130 Quid
3009 5074 3090 5118 cst
3117 5064 3292 5119 Deus?
3309 5065 3462 5119 Pater
3491 5081 3546 5125 et
3569 5067 3737 5124 Filius

2162 5165 2216 5209 et
2237 5156 2462 5225 Spiritus
2489 5163 2718 5209 sanctus.
2741 5153 2872 5222 Quid
2905 5165 3025 5208 sunt
3065 5153 3343 5209 homines?
3389 5155 3532 5208 l’eec:
3558 5165 3732 5221 tores,

2164 5249 2347 5318 impii,
2381 5246 2650 5301 mortales.
2682 5245 2822 5300 Inter
2848 5246 2986 5300 illam
3015 5245 3324 5301 Trinitatem
3361 5256 3414 5301 et
3459 5246 3738 5302 hominum

2165 5339 2520 5395 inﬁrmitatem
2537 5346 2591 5393 et
2616 5338 2963 5408 iniquitatem,
2985 5338 3242 5393 mediator
3261 5337 3429 5393 lactus
3445 5347 3528 5392 est
3549 5337 3736 5405 homo,

2164 5446 2268 5486 non
2300 5431 2524 5500 iniquus,
2555 5429 2646 5484 sed
2674 5439 2848 5485 tamen
2875 5429 3145 5497 inﬁrmus;
3185 5439 3244 5484 ut
3276 5446 3340 5484 ex
3365 5444 3431 5485 eo
3458 5429 3597 5500 quod
3627 5443 3738 5488 non

2164 5523 2372 5594 iniquus
2396 5563 2411 5587 ,
2439 5522 2685 5591 jungeret
2714 5531 2764 5576 te
2807 5522 2946 5586 Deo;
2969 5537 3033 5577 ex
3059 5536 3125 5578 eo
3151 5520 3290 5591 quod
3316 5521 3577 5588 inﬁrmus,
3607 5534 3741 5591 pro.

2164 5619 2440 5689 pinquaret
2498 5613 2652 5668 tibi‘:
2699 5623 2856 5684 atque
2906 5615 2974 5667 ita
3006 5654 3020 5677 ,
3082 5623 3138 5668 ut
3181 5614 3320 5668 inter
3364 5613 3632 5668 hominem
3683 5622 3745 5667 et

2231 5735 2246 5765 ι
2273 5729 2400 5793 add,
2424 5729 2473 5780 in
2497 5726 2578 5780 illo
2600 5728 2691 5778 vita
2713 5735 2832 5778 erat.
2855 5729 3156 5792 Antiquiores
3177 5733 3304 5788 διεδ..
3325 5725 3418 5778 vita
3438 5733 3523 5779 est.
