1994 3094
18 2481 29 2935 ι

153 133 203 160 ΞΠ

150 200 234 229 Deum
254 197 385 225 mediator
399 197 544 230 existeret,
561 196 667 224 Verbum
683 204 742 223 caro
762 196 856 230 factum
880 199 929 223 εει.

150 245 176 271 id
188 248 238 274 est.
250 243 367 271 Verbum
382 244 461 271 homo
471 242 565 270 factum
576 246 626 269 est.
639 241 751 268 Nomine
762 241 832 268 enim
845 241 932 266 carnis

149 288 273 324 appellati
286 293 347 316 sunt
357 288 488 316 homines.
499 287 561 315 Inde
570 293 626 315 est:
636 286 669 314 Et
682 286 772 313 uidebit
781 286 861 313 omnis
872 293 932 312 caro

149 335 259 361 salutare
282 333 331 360 Dei
344 334 354 369 (
365 333 427 360 Luc.
441 341 486 366 ιιι,
502 333 546 368 6).
573 332 664 360 Omnis
685 339 747 359 caro
760 331 856 358 dictum
871 335 929 363 est,

149 388 242 408 omnes
254 380 385 407 homines.
400 380 432 406 Et
442 379 583 413 Apostolus
598 387 604 405 :
618 377 678 404 Non
688 381 722 404 est
733 377 802 404 nobis
813 377 932 403 collucta-

150 426 183 451 tio
195 425 315 452 adversus
327 432 426 450 caruerit
441 429 463 451 et
478 424 624 459 sanguinem
639 423 675 458 (id
689 427 729 450 est
743 422 867 449 adversus
881 421 930 448 ho-

149 470 260 505 mines),
284 471 327 496 sed
342 470 459 496 adversus
471 470 595 504 principes
612 474 634 495 et
648 473 777 503 potestates
792 472 814 494 et
825 472 930 494 rectores

149 517 234 543 mundi
250 516 406 543 tenebrarum
419 515 527 551 Itarum(
543 515 636 550 Epltes.
651 523 675 541 vt
687 535 694 548 ,
710 514 743 541 12
757 515 765 549 )
777 522 783 540 :
796 514 828 541 de
836 514 929 548 quibus

148 563 172 588 in
187 561 422 596 consequentibus,
445 561 467 587 si
485 561 609 587 Dominus
619 560 765 594 adiuverit,
782 560 927 594 loquemur.

146 608 265 635 Pertinet
278 607 348 634 enim
364 607 411 633 ista
422 607 556 633 distinctio
569 606 601 632 ad
615 606 804 639 expositionem
821 604 928 637 Psalmi,

146 660 225 687 quem
237 652 263 679 in
277 652 385 679 nomine
403 652 504 679 Domini
517 652 680 686 suscepimus
696 650 809 677 enodare
824 650 927 677 Sancti-

146 698 192 725 tati
208 697 318 725 Vestras.
335 698 432 724 Tamen
449 697 480 724 ad
499 697 547 724 hoc
562 697 614 723 dixi
632 697 687 723 iure
699 696 827 730 exempla,
842 700 869 722 ιιι
882 703 929 722 no-

146 743 236 770 vuritis
256 750 363 770 carnem
390 743 534 776 appellatos
558 750 615 769 esse
637 742 777 773 homines;
805 745 833 767 ιιι
858 741 926 775 quod

145 790 245 816 dictum
261 793 316 821 est,
333 788 365 814 Et
395 788 498 814 Verbum
517 796 575 814 caro
595 788 688 821 factum
713 793 761 818 est,
777 785 928 820 intelligatis

144 837 255 868 dictum,
269 840 296 863 et
309 835 424 862 Verbum
439 834 517 861 homo
530 834 625 860 factum
637 838 685 860 est.

178 883 205 909 2.
225 882 316 916 Neque
339 881 396 908 sine
419 888 496 908 causa
519 879 654 907 hoc'dixi.
670 879 776 905 Noverit
797 877 927 905 Sanctitas

146 928 240 956 Vestra
253 928 335 955 fuisse
346 927 486 963 quamdam
503 927 624 954 hmresim
637 947 644 958 ,
657 926 697 953 vel
710 926 795 952 adhuc
807 925 926 953 fortassis

144 975 236 1002 haberi
254 974 378 1009 reliquias
391 973 563 1008 quorumdam
586 972 629 1007 qui
645 972 706 998 dicti
720 975 780 999 sunt
791 972 925 1006 Apollina-

144 1021 224 1047 risue.
239 1020 326 1053 Aliqui
342 1020 412 1046 enim
427 1019 541 1053 ipsorum
555 1018 680 1044 dixerunt
691 1017 835 1049 hominem,
848 1024 924 1051 quem

142 1065 259 1100 suscepit
282 1064 414 1100 Sapientia
442 1064 489 1091 Dei
512 1064 521 1098 (
537 1069 563 1090 et
585 1063 612 1090 in
626 1070 677 1097 quo
691 1062 819 1097 expressit
834 1069 925 1096 perso-

142 1119 204 1138 nam
219 1118 303 1142 suam,
316 1118 367 1137 non
379 1111 446 1137 sicut
461 1110 485 1136 in
498 1109 600 1136 caeteris
610 1110 617 1124 ί
629 1109 787 1141 hominibus,
798 1108 844 1135 sed
859 1109 926 1135 sicut

141 1156 242 1184 dictum
255 1161 295 1183 est
308 1156 333 1183 in
350 1155 450 1190 psalmo
463 1176 469 1187 ,
486 1155 562 1182 Unxit
585 1160 608 1181 te
629 1154 705 1186 Deus,
720 1153 788 1180 Dens
803 1158 859 1180 tuus
872 1154 924 1181 oleo

141 1202 313 1230 multationis
328 1210 381 1238 pra:
399 1201 560 1237 participibus
582 1201 629 1227 tuis
655 1199 665 1236 [
682 1200 752 1227 Psal.
776 1208 847 1231 XLIV,
864 1199 900 1235 8]
916 1221 922 1233 ,

142 1248 170 1276 id
192 1253 234 1276 est
256 1248 368 1283 amplius
400 1255 478 1282 quam
499 1247 638 1281 participes
658 1251 716 1272 tuos
740 1255 746 1271 :
768 1253 801 1273 ne
821 1250 925 1280 putetur

142 1294 184 1321 sic
210 1297 304 1321 unctus
334 1292 455 1320 Christus
491 1291 621 1327 quomodo
654 1290 741 1318 caeteri
775 1291 895 1317 homines
917 1310 923 1321 ,

141 1339 277 1376 quomodo
297 1340 385 1368 caeteri
403 1339 468 1374 justi
485 1360 491 1371 ,
507 1337 639 1373 quomodo
665 1336 822 1364 Palriarcha:
839 1357 845 1367 ,
863 1337 927 1363 Pro-

142 1387 246 1422 pheta,
271 1385 406 1421 Apostoli,
432 1389 458 1412 et
487 1384 612 1418 Martyres
630 1403 637 1415 ,
670 1387 696 1409 ct
722 1378 847 1416 quidquid
869 1390 925 1408 ma-

140 1440 220 1467 gnum
246 1436 288 1459 est
314 1432 338 1458 in
354 1438 450 1466 genere
467 1430 592 1456 humano.
617 1427 725 1461 Quando
744 1427 848 1462 quidem
863 1427 925 1454 nihil

143 1477 225 1512 maius
246 1476 348 1504 exstitit
362 1476 387 1502 in
410 1482 505 1509 genere
520 1475 634 1501 humano
647 1480 724 1507 quam
744 1471 858 1499 Joannes
875 1472 926 1498 Ba-

142 1522 237 1557 ptista;
263 1529 316 1549 nec
338 1521 362 1547 in
384 1520 453 1547 natis
472 1520 610 1546 mulierum
633 1518 781 1546 exsurrexit
809 1517 924 1553 [ΜαιιΙι.

143 1576 177 1598 xi,
187 1568 216 1594 Η
266 1566 294 1594 Si
308 1566 404 1601 quaeris
419 1565 598 1592 excellentiam
612 1563 734 1596 hominis,
746 1563 860 1590 Joannes
875 1563 925 1589 Ba-

143 1614 218 1648 ptista
235 1617 287 1641 est.
310 1612 357 1639 Cui
374 1616 460 1638 autem
477 1611 591 1638 Joannes
610 1618 638 1637 se
662 1610 724 1637 dicit
738 1617 790 1636 non
811 1616 870 1636 esse
884 1609 926 1635 di-

141 1667 220 1694 gnum
233 1658 374 1692 corrigiam
397 1656 568 1683 calceamenti
594 1655 696 1682 solvere
716 1654 817 1690 [Marci
832 1663 850 1686 ι,
866 1655 880 1681 7
894 1654 903 1690 ]
918 1675 924 1685 ,

141 1703 202 1738 quid
217 1707 278 1731 erat
300 1702 345 1730 ille
360 1702 409 1728 nisi
434 1702 547 1736 amplius
572 1709 648 1735 quam
675 1702 762 1728 caeteri
787 1700 926 1727 homines?

143 1750 227 1777 Etiam
242 1749 269 1776 in
283 1749 340 1783 ipso
358 1747 462 1774 homine
475 1747 588 1781 amplius
601 1754 678 1781 quam
694 1746 781 1773 ctcteri
794 1746 924 1772 homines.

142 1794 206 1822 Nam
221 1793 368 1821 secundum
387 1792 479 1825 Deum,
496 1798 520 1819 et
546 1792 690 1818 secundum
704 1791 865 1818 divinitatem
878 1812 884 1822 ,
900 1795 926 1818 et

142 1837 290 1866 secundum
317 1838 341 1866 id
352 1838 420 1873 quod
437 1838 461 1864 in
479 1838 605 1872 principio
616 1842 671 1863 erat
684 1837 810 1867 Verbum,
822 1841 848 1864 et
860 1836 924 1863 Ver-

143 1886 203 1913 bum
222 1889 283 1912 erat
297 1884 365 1919 apud
381 1884 482 1916 Deum,
501 1888 527 1910 et
543 1883 610 1909 Deus
623 1887 677 1909 erat
691 1882 805 1909 Verbum
822 1903 829 1914 ,
847 1889 926 1916 super

142 1937 248 1958 omnem
267 1934 416 1956 creaturam
431 1928 539 1963 aequalis
550 1932 590 1954 est
604 1927 674 1954 Patri
691 1936 698 1954 :
715 1927 760 1954 sed
773 1928 873 1961 agimus
893 1927 926 1953 de

144 1976 260 2005 homine.
276 1975 355 2002 Forte
369 1979 440 2009 putet
451 1975 579 2009 quispiam
598 1978 724 2006 vestrum,
741 1974 833 2000 fratres
846 1994 852 2003 ,
866 1973 925 2007 quia

143 2020 222 2048 homo
243 2020 289 2048 ine
315 2024 452 2054 susceptus
474 2027 487 2045 a
514 2018 645 2053 Sapientia
673 2019 733 2050 Dei,
749 2017 855 2052 a‘qualis
871 2022 926 2044 erat

141 2067 248 2094 exteris
262 2066 423 2093 hominibus.
438 2065 464 2092 Si
479 2065 504 2091 in
520 2065 569 2091 tuis
583 2064 707 2091 membris
723 2064 832 2090 multum
848 2063 926 2090 distat

141 2111 212 2139 inter
222 2116 301 2146 caput
317 2115 342 2138 et
355 2115 448 2138 cmtera
464 2110 582 2137 membra
598 2118 603 2136 :
619 2113 690 2136 certe
703 2109 791 2135 omnia
805 2109 924 2135 membra

141 2157 242 2184 faciunt
256 2164 353 2191 corpus
368 2164 448 2183 unum
462 2176 469 2188 ,
485 2156 593 2182 multum
614 2160 700 2182 tamen
726 2154 834 2181 interest
857 2154 925 2180 inter

140 2208 220 2239 caput
231 2207 259 2230 et
273 2207 368 2230 caetera
383 2202 510 2229 membra.
524 2201 626 2228 Etenim
643 2201 668 2227 in
682 2200 784 2227 ca‘teris
799 2200 925 2227 membris

140 2257 194 2277 non
223 2249 307 2277 sentis
331 2249 379 2275 nisi
401 2253 468 2275 tactu
486 2256 493 2280 ;
518 2246 646 2282 tangendo
668 2247 749 2273 sentis
770 2247 796 2274 in
823 2247 925 2273 caeteris

139 2295 270 2323 membris
292 2304 299 2322 :
321 2294 347 2321 in
367 2294 451 2329 capite
475 2298 560 2320 autem
587 2298 613 2320 et
636 2292 727 2324 vides,
743 2297 769 2319 et
788 2292 879 2324 audis,
900 2296 926 2319 et

139 2342 249 2374 olfacis,
266 2346 293 2369 et
316 2345 415 2376 gustus,
439 2345 465 2368 et
480 2340 572 2373 tangis.
588 2339 615 2366 Si
632 2343 701 2365 tanta
713 2338 870 2365 excellentia
886 2343 926 2365 est

139 2388 238 2424 capitis
259 2387 291 2415 ad
314 2386 430 2414 membra
456 2391 568 2417 cetera,
585 2390 682 2420 quanta
706 2385 859 2412 excellentia
885 2389 926 2412 est

139 2435 238 2470 capitis
251 2434 381 2461 universe
395 2433 528 2464 Ecclesiaa,
543 2432 567 2459 id
578 2436 618 2458 est
634 2431 703 2458 illitis
713 2431 835 2463 hominis,
846 2438 925 2465 quem

138 2481 228 2508 voluit
242 2480 312 2507 Deus
327 2479 496 2506 mediatorem
511 2485 569 2504 esse
593 2477 662 2504 inter
688 2476 768 2502 Deum
792 2480 819 2503 et
842 2475 926 2502 homi-

138 2526 210 2554 nes?
221 2526 242 2561 ),
258 2533 322 2560 ergo
337 2524 372 2551 illi
388 2524 502 2550 hatretici
527 2523 668 2554 dixerunt,
684 2521 816 2548 hominem
832 2521 904 2547 illum
918 2541 924 2553 ,

136 2580 222 2609 quem
239 2570 357 2605 suscepit
373 2569 486 2596 Verbum
499 2590 505 2600 ,
531 2576 590 2595 cum
613 2567 727 2594 Verbum
746 2574 807 2593 caro
830 2566 925 2593 factum

136 2623 183 2647 est
195 2638 204 2651 ,
220 2626 272 2644 non
299 2616 422 2643 habuisse
446 2618 558 2641 mentem
585 2614 723 2640 humanam
736 2632 744 2645 ,
760 2612 805 2638 sed
827 2615 926 2638 Lautum

137 2665 258 2692 animam
273 2663 330 2690 sine
345 2660 513 2695 intelligentia
523 2659 634 2686 humana
649 2658 739 2685 fuisse.
754 2658 837 2685 Homo
850 2658 920 2684 enini

136 2709 240 2737 videtis
250 2707 319 2736 unde
331 2710 436 2735 constat
451 2714 458 2733 :
480 2712 511 2732 ex
526 2704 612 2733 anima
634 2709 661 2731 et
672 2711 794 2739 corpore.
806 2702 857 2730 Sed
871 2703 925 2737 ipsa

136 2755 232 2783 anima
247 2745 360 2782 humana
374 2752 452 2779 habet
466 2749 564 2785 aliquid
578 2749 648 2785 quod
658 2756 710 2777 non
723 2749 821 2777 habent
831 2748 926 2776 animat

173 2831 183 2846 ¹
194 2829 327 2855 nacatian.
341 2826 426 2853 codex.
445 2826 486 2850 Αιὶι
498 2831 556 2850 vero
567 2828 629 2854 Mss,
640 2831 686 2850 non
701 2824 762 2851 sicut
779 2823 872 2851 ceteris
887 2824 926 2850 Ito-

265 2859 332 2891 Edd.,
342 2864 388 2885 non
395 2857 455 2884 sicut
462 2860 558 2884 cetera:
568 2855 680 2882 hontims.

660 120 871 166 ἘΝΑιιιιΑτιο
891 134 922 162 IN
943 134 1101 165 PSALMUM
1122 137 1216 166 χχιιι.

1711 144 1762 172 218

985 202 1120 230 pecorum.
1133 196 1198 224 Nam
1220 201 1246 225 et
1263 205 1357 233 pecora
1370 199 1484 227 animam
1498 199 1610 233 habent,
1625 206 1651 228 et
1665 202 1762 228 aninm—

984 240 1018 268 lia
1030 246 1156 269 vocantur
1170 251 1177 270 :
1198 250 1249 270 non
1270 244 1341 271 enim
1356 250 1513 273 vocarentur
1527 246 1648 273 animalia
1667 247 1715 273 nisi
1730 248 1763 273 ab

983 287 1087 319 anima;
1102 292 1129 315 et
1143 288 1262 316 videmus
1276 290 1337 324 quia
1352 295 1378 317 et
1388 290 1443 324 ipsa
1457 291 1557 318 vivunt.
1571 291 1622 318 Sed
1636 292 1698 326 quid
1715 292 1762 318 ha-

983 331 1027 359 bet
1039 333 1151 367 amplius
1165 333 1254 367 homo,
1268 334 1338 362 unde
1350 334 1435 362 factus
1446 340 1487 363 est
1498 335 1530 363 ad
1546 336 1684 371 imaginem
1698 337 1764 364 Dei?

983 378 1047 411 Quia
1060 378 1180 414 intelligit
1192 383 1218 407 et
1232 380 1310 414 sapit,
1321 380 1381 415 quia
1394 380 1520 408 discernit
1536 381 1632 408 bonum
1643 389 1657 408 a
1671 382 1740 409 tnalo
1754 390 1762 409 :

982 423 1009 450 in
1024 423 1074 451 hoc
1087 423 1169 451 factus
1189 428 1230 452 est
1250 424 1283 451 ad
1299 425 1437 460 imaginem
1452 429 1480 452 et
1493 425 1689 453 similitudinem
1706 426 1761 453 Dei.

981 469 1066 497 Habet
1079 477 1142 505 ergo
1157 470 1254 505 aliquid
1267 471 1336 506 quod
1360 479 1410 498 non
1424 471 1523 499 habent
1541 479 1647 506 pecora.
1659 472 1762 507 thuia

981 515 1125 542 contemnit
1139 514 1164 542 in
1178 522 1206 542 se
1218 523 1271 550 quo
1286 516 1379 543 melior
1391 521 1431 543 est
1452 516 1603 551 pecoribus;
1620 517 1724 551 perimit
1737 516 1762 543 in

981 567 1011 587 se
1023 560 1062 587 vel
1074 559 1199 594 delerit‘,
1210 565 1236 588 et
1251 561 1445 594 quodammodo
1458 562 1608 589 obsolefacii
1623 562 1761 596 imaginem

981 605 1037 638 Dei,
1049 609 1078 633 ut
1089 605 1191 633 dicatur
1201 605 1306 634 'talibus
1322 616 1328 633 :
1347 606 1431 634 Nolite
1448 616 1500 634 esse
1512 608 1575 635 sicut
1585 616 1660 642 equus
1670 612 1691 634 et
1705 616 1761 633 mu-

980 651 1019 678 lus
1032 672 1039 684 ,
1054 651 1142 687 quibus
1162 660 1212 679 non
1225 657 1262 679 est
1274 652 1413 679 intellectus
1439 652 1448 688 (
1463 652 1534 680 Psal.
1551 661 1614 680 xxxt
1624 674 1631 683 .
1646 653 1662 680 9
1676 653 1695 687 ).
1721 652 1761 679 Illi

980 698 1059 733 igitur
1082 698 1198 725 ltarretici
1219 698 1342 726 dixerunt
1367 699 1507 726 Dominum
1530 703 1648 725 nostrum
1670 698 1761 725 Jesum

979 743 1111 770 Christum
1134 752 1185 770 non
1201 743 1325 771 habuisse
1349 749 1463 772 mentem
1479 744 1620 771 humanam
1633 764 1641 776 ,
1656 748 1683 770 et
1696 743 1760 770 illud

980 789 1049 828 quod
1065 793 1154 823 λογικὸν
1172 789 1256 817 Grteei
1281 789 1388 823 dicunt,
1405 797 1453 817 nos
1474 790 1585 817 dicitnus
1598 789 1754 823 -rationale,

978 834 1047 862 unde
1072 834 1151 862 homo
1173 835 1353 867 ratiocinatur,
1380 836 1450 870 quod
1469 844 1520 863 non
1546 836 1643 863 habent
1662 840 1757 863 caetera

977 881 1109 908 animalia.
1125 881 1176 908 Sed
1199 881 1260 916 quid
1282 875 1391 909 dicunt?
1407 882 1492 916 ipsum
1504 880 1620 908 Verbum
1634 881 1697 914 Dei,
1709 880 1761 907 hoc

978 932 1034 954 erat
1047 927 1073 954 in
1086 927 1131 954 illo
1144 927 1251 954 homine
1264 934 1312 962 pro
1327 931 1424 954 mente.
1450 927 1555 954 Exclusi
1569 931 1631 953 sunt
1644 927 1703 958 isti,
1715 933 1760 953 re-

977 972 1049 1006 spuit
1063 972 1123 999 illos
1136 971 1265 1000 catholica
1277 971 1351 1005 ﬁdes,
1367 976 1394 999 et
1413 972 1534 999 haeresim
1551 972 1678 998 fecerunt.
1691 970 1761 998 Con-

977 1016 1107 1045 ﬁrmatum
1121 1022 1161 1045 est
1174 1018 1200 1044 iu
1218 1017 1345 1045 catholica
1358 1017 1410 1045 ﬁde
1422 1038 1429 1051 ,
1444 1017 1578 1052 hominem
1592 1017 1665 1044 illum
1681 1024 1759 1051 quem

977 1063 1093 1098 suscepit
1112 1063 1246 1098 Sapientia
1263 1063 1326 1096 Dei,
1350 1063 1415 1090 nihil
1433 1064 1520 1091 minus
1540 1063 1662 1090 habuisse
1681 1070 1761 1098 quam

977 1109 1065 1136 caeteri
1089 1109 1212 1136 homines
1226 1130 1233 1141 ,
1254 1114 1379 1144 quantum
1399 1109 1513 1143 pertinet
1530 1108 1562 1136 ad
1581 1108 1759 1143 integritatem

978 1159 1239 1190 naturie:quantum
1262 1159 1350 1182 autem
1375 1155 1407 1182 ad
1431 1154 1612 1182 excellentiam
1626 1161 1757 1188 personae,

976 1200 1046 1228 aliud
1075 1208 1153 1236 quam
1183 1201 1271 1229 caeteri
1299 1200 1430 1228 homines.
1447 1201 1512 1228 Nam
1526 1200 1614 1228 caeteri
1640 1199 1760 1226 homines

978 1250 1087 1280 possunt
1108 1246 1159 1274 dici
1183 1246 1323 1281 participes
1332 1245 1412 1273 Verbi
1434 1246 1492 1279 Dei,
1502 1246 1628 1273 habentes
1642 1244 1758 1272 Verbum

978 1292 1033 1324 Dei,
1046 1292 1135 1319 nullus
1143 1297 1230 1319 atttcm
1241 1299 1331 1320 eorum
1342 1296 1428 1327 potest
1438 1291 1489 1318 dici
1500 1291 1613 1318 Verbum
1625 1291 1681 1323 Dei,
1690 1289 1760 1325 quod

977 1338 1062 1365 dictus
1070 1342 1108 1365 est
1117 1337 1170 1370 ille,
1182 1345 1241 1364 cum
1252 1337 1350 1364 dictum
1357 1342 1407 1370 est,
1423 1337 1528 1364 Verbum
1540 1345 1598 1363 caro
1606 1338 1700 1372 factum
1712 1341 1759 1363 est.

1013 1384 1039 1411 5.
1060 1382 1115 1409 Νοιι
1128 1382 1268 1410 defuerunt
1281 1383 1359 1410 etiam
1373 1382 1416 1410 alii
1430 1382 1535 1418 quidam
1549 1372 1581 1409 ex
1596 1382 1652 1416 ipso
1665 1389 1758 1409 errore

977 1429 1122 1461 venientes,
1142 1429 1186 1463 qui
1203 1437 1254 1456 non
1269 1429 1354 1457 solum
1369 1433 1484 1456 mentem
1506 1429 1625 1456 dicereut
1646 1436 1697 1455 non
1713 1428 1761 1454 ha-

978 1475 1067 1502 buisse
1081 1475 1153 1502 illum
1179 1475 1327 1507 hominem,
1350 1475 1522 1502 mediatorem
1537 1474 1670 1502 Christum
1693 1474 1761 1501 inter

979 1520 1060 1547 Deum
1073 1524 1100 1547 ct
1112 1519 1233 1547 homines
1245 1540 1252 1553 ,
1266 1520 1313 1547 sed
1328 1528 1378 1547 nec
1390 1520 1503 1546 animam
1520 1528 1527 1546 :
1542 1519 1587 1546 sed
1604 1524 1703 1546 tantum
1719 1519 1761 1546 di-

978 1571 1082 1598 xerunt,
1098 1566 1211 1594 Verbum
1233 1571 1260 1593 et
1278 1573 1340 1593 caro
1353 1571 1421 1599 erat,
1437 1570 1462 1593 et
1477 1565 1563 1593 anima
1580 1565 1614 1592 ibi
1637 1573 1690 1592 non
1705 1569 1763 1592 erat

978 1610 1090 1638 lmmana
1101 1632 1109 1644 ,
1125 1619 1200 1639 meus
1215 1611 1250 1638 ibi
1264 1618 1317 1638 nou
1334 1616 1390 1638 erat
1409 1611 1531 1638 humana.
1553 1611 1609 1638 lloc
1629 1610 1761 1638 dixerunt.

977 1656 1028 1684 Sed
1041 1656 1102 1691 quid
1116 1657 1190 1684 erat?
1214 1656 1329 1683 Veritum
1341 1660 1368 1684 et
1379 1664 1451 1684 caro.
1474 1657 1507 1684 Et
1521 1656 1584 1684 istos
1598 1656 1697 1691 respuit
1710 1656 1761 1684 Ec-

977 1703 1055 1730 clesia
1069 1702 1197 1730 catholica
1209 1723 1217 1733 .
1231 1707 1259 1730 et
1270 1702 1378 1737 expellit
1390 1710 1436 1730 eos
1448 1703 1482 1731 ab
1494 1702 1587 1730 ovibus
1597 1723 1605 1735 ,
1621 1707 1648 1730 et
1666 1710 1680 1729 ει
1696 1702 1762 1729 sim-

977 1748 1036 1783 plici
1051 1752 1077 1776 et
1089 1756 1149 1776 vera
1164 1745 1214 1776 ﬁde
1226 1757 1232 1774 :
1248 1753 1276 1776 et
1285 1748 1467 1776 conﬁrmatum
1478 1753 1528 1780 est,
1540 1747 1761 1783 quemadmodum

977 1794 1044 1827 dixi,
1061 1794 1192 1822 hominem
1206 1794 1279 1822 illum
1293 1794 1463 1822 mediatorem
1478 1794 1602 1821 habuisse
1614 1794 1701 1820 omnia
1713 1793 1761 1820 ho-

977 1840 1065 1873 minis,
1090 1844 1186 1875 przcter
1209 1846 1355 1875 peccatum.
1378 1840 1405 1867 Si
1426 1839 1494 1867 enim
1520 1839 1600 1866 multa
1623 1838 1703 1873 gessit
1718 1846 1763 1864 sc-

977 1886 1091 1914 cundum
1121 1894 1227 1921 corpus,
1241 1894 1273 1913 ex
1302 1894 1354 1921 quo
1381 1886 1557 1920 intelligamus
1586 1885 1647 1919 quia
1670 1884 1762 1911 habuit

976 1939 1073 1966 corpus
1103 1940 1154 1960 non
1180 1933 1207 1959 in
1239 1931 1399 1963 mendacio,
1432 1931 1478 1958 sed
1506 1931 1531 1958 in
1560 1929 1670 1958 veritate
1697 1938 1704 1956 :
1734 1934 1762 1957 ut

977 1982 1049 2012 puta,
1064 1977 1195 2013 quomodo
1206 1977 1376 2011 intelligimus
1389 1976 1447 2011 quia
1462 1975 1554 2003 habuit
1566 1974 1683 2009 corpus?
1698 1975 1762 2001 Am-

977 2023 1092 2055 bulavit,
1106 2023 1191 2057 sedit,
1207 2023 1340 2056 dormivit,
1354 2022 1560 2056 comprehensus
1574 2025 1624 2054 est,
1641 2020 1761 2056 flagella-

978 2074 1019 2097 lus
1032 2075 1080 2102 est,
1096 2069 1274 2104 colapltizatus
1287 2074 1337 2102 est,
1360 2068 1500 2096 cruciﬁxus
1512 2071 1563 2100 est,
1578 2071 1696 2094 mortuus
1709 2071 1760 2093 cst.

977 2115 1050 2144 Tolle
1064 2123 1167 2150 corpus,
1181 2114 1245 2142 nihil
1261 2114 1354 2141 horum
1367 2113 1424 2141 ﬁeri
1440 2113 1533 2149 potuit.
1548 2112 1687 2146 Quomodo
1698 2119 1762 2146 ergo

976 2169 1011 2190 ex
1023 2161 1064 2189 his
1077 2161 1178 2188 iudiciis
1191 2159 1374 2195 cognoscimus
1394 2159 1418 2186 iu
1434 2158 1576 2194 Evangelio
1588 2157 1648 2193 quia
1668 2165 1760 2183 verum

973 2215 1072 2242 corpus
1085 2207 1184 2240 habuit,
1206 2206 1274 2234 sicut
1296 2210 1323 2233 et
1342 2206 1397 2240 ipse
1410 2205 1489 2233 etiam
1511 2208 1569 2239 post
1587 2202 1761 2231 resurrectio-

977 2261 1037 2281 nem
1052 2253 1117 2281 dixit
1131 2262 1137 2279 :
1153 2251 1276 2287 Palpate,
1291 2256 1314 2278 et
1332 2251 1424 2283 videte,
1441 2250 1499 2286 quia
1511 2249 1612 2284 spiritus
1622 2256 1723 2275 caruerit
1737 2252 1761 2274 et

977 2307 1033 2326 ossa
1045 2306 1094 2325 non
1107 2297 1189 2331 liabet,
1200 2298 1263 2324 sicut
1273 2305 1311 2324 me
1320 2297 1407 2324 videtis
1418 2295 1507 2322 habere
1520 2294 1595 2329 (Luc.
1608 2301 1677 2326 xxtv,
1689 2293 1734 2326 '59)
1751 2301 1758 2320 τ

976 2343 1108 2379 quomodo
1120 2350 1152 2370 ex
1175 2342 1214 2369 his
1226 2343 1314 2374 rebus,
1332 2349 1365 2368 ex
1381 2340 1423 2367 his
1442 2339 1565 2374 operibus
1579 2338 1712 2366 credimus
1731 2343 1758 2366 et

977 2389 1147 2425 intelligimus
1162 2393 1188 2416 et
1202 2389 1323 2415 novimus
1336 2387 1397 2422 quia
1410 2393 1506 2421 corpus
1527 2385 1615 2413 habuit
1633 2385 1762 2413 Dominus

977 2436 1063 2468 Jesus,
1085 2436 1124 2463 sic
1137 2439 1163 2463 et
1184 2442 1216 2462 ex
1230 2434 1386 2469 quibusdam
1409 2432 1468 2459 aliis
1481 2431 1575 2459 ofﬁciis
1598 2431 1762 2459 naturalibus

977 2483 1036 2518 quia
1051 2482 1141 2509 habuit
1152 2481 1276 2508 animam.
1291 2475 1407 2512 Esurire,
1420 2479 1502 2511 sitire,
1515 2479 1609 2505 anima:
1619 2483 1680 2505 sunt
1690 2478 1738 2505 ista
1754 2486 1761 2504 :

977 2529 1040 2556 tolle
1051 2529 1163 2555 animam
1176 2548 1183 2561 ,
1197 2534 1294 2562 corpus
1309 2526 1365 2554 luec
1377 2526 1500 2554 exanime
1516 2533 1568 2553 non
1583 2525 1690 2561 poterit.
1709 2524 1760 2551 Sed

977 2574 999 2601 si
1015 2574 1079 2601 falsa
1092 2573 1183 2600 dicunt
1201 2573 1250 2600 ista
1270 2571 1362 2604 fuisse,
1381 2571 1443 2598 falsa
1460 2576 1537 2598 erunt
1556 2576 1583 2598 et
1596 2571 1639 2597 illa
1653 2577 1712 2605 quae
1726 2569 1757 2596 de

977 2627 1089 2654 corpore
1109 2618 1273 2646 creduntur:
1295 2618 1318 2645 si
1339 2622 1426 2645 autem
1440 2625 1472 2644 ex
1488 2625 1520 2644 eo
1540 2625 1631 2644 verum
1652 2623 1751 2651 corpus

976 2664 1037 2700 quia
1057 2671 1119 2691 vera
1142 2663 1226 2691 ofﬁcia
1244 2664 1376 2699 corporis;
1397 2671 1430 2691 ex
1449 2670 1481 2691 eo
1501 2670 1561 2690 vera
1580 2663 1678 2694 anima,
1700 2661 1763 2696 quia

976 2718 1038 2739 vera
1051 2710 1135 2738 ofﬁcia
1151 2710 1255 2737 animat.

1011 2756 1038 2784 4.
1058 2754 1125 2789 Quid
1146 2755 1227 2790 ergo?
1246 2754 1374 2789 Quoniam
1397 2754 1523 2781 Dominus
1537 2753 1621 2780 factus
1633 2755 1674 2779 est
1686 2750 1762 2777 inﬁr-

1008 2823 1017 2839 ί
1030 2823 1168 2857 ξῑειιεεηΑι
1185 2821 1250 2853 edd.,
1262 2820 1325 2855 quod
1336 2820 1420 2847 metiris
1432 2823 1468 2846 ut
1483 2818 1605 2852 pecoribus
1615 2835 1623 2849 ,
1633 2814 1764 2850 ριιίιηὶιὶη

977 2860 1003 2881 se
1011 2853 1046 2880 uel
1056 2853 1151 2879 deserit.
