3988 6188
1649 210 1708 270 8.
1748 208 2109 269 AUGUSTINI
2149 210 2440 268 EPISCOPI

441 223 543 281 ιω

441 353 558 394 mus
583 344 794 408 propter
823 343 893 399 te,
921 348 954 388 o
974 331 1133 387 homo
1156 327 1245 398 qui
1263 325 1447 392 audis;
1478 341 1580 382 non
1610 325 1702 382 tibi
1723 339 2000 395 compares

441 431 625 486 Deum.
655 428 859 484 Etenim
886 434 1127 480 creatura
1147 436 1237 487 es,
1270 421 1357 476 ille
1381 427 1588 476 creator
1616 428 1757 474 tuus.
1797 417 1906 473 Nec
1933 417 1998 472 il-

439 524 546 578 lum
560 521 826 577 hominem
849 517 939 572 tibi
960 514 1219 578 conferas,
1241 512 1359 583 quia
1380 518 1593 581 propter
1611 520 1661 581 te
1683 510 1840 564 homo
1863 508 2001 563 Deus

439 624 576 676 tuus,
604 620 658 667 et
683 609 910 666 Verbum
938 608 1100 663 Filius
1132 606 1223 660 Dei
1253 622 1266 658 :
1294 603 1388 660 sed
1424 603 1568 658 illum
1601 601 1866 657 hominem
1904 598 2001 654 tibi

428 704 705 775 praeferas,
736 711 981 772 tanquam
1031 698 1394 763 mediatorem,
1436 697 1603 753 Deum
1640 704 1815 750 autem
1843 708 2000 764 supra

438 809 644 849 omnem
668 802 961 848 creaturam
987 808 1000 844 :
1023 799 1076 845 et
1098 788 1173 843 sic
1195 787 1472 858 intelligas,
1491 787 1609 856 quia
1634 784 1724 855 qui
1749 783 1907 839 homo
1928 783 2002 839 fa-

434 894 553 955 ctos
570 893 650 937 est
677 892 887 952 propter
908 890 980 945 te,
1007 895 1111 935 non
1130 880 1414 949 incongrue
1441 886 1554 931 orat
1580 891 1675 947 pro
1699 885 1770 931 te.
1797 876 1854 932 Si
1875 889 2000 946 ergo

432 992 538 1031 non
567 977 848 1044 incongrue
869 982 982 1027 orat
999 988 1092 1042 pro
1114 982 1183 1035 te,
1203 986 1304 1024 non
1330 971 1612 1040 incongrue
1639 968 1808 1037 potuit
1823 976 1879 1027 et
1903 967 2000 1023 ista

435 1069 596 1124 verba
621 1069 799 1123 dicere
824 1078 1038 1137 propter
1068 1074 1120 1119 te
1154 1083 1167 1118 :
1216 1062 1464 1118 Exaitabo
1501 1072 1568 1127 te,
1596 1059 1831 1126 Domine,
1868 1075 2000 1129 quo-

434 1162 571 1215 niam
600 1160 860 1228 suscepisti
889 1175 984 1224 me,
1010 1174 1097 1212 nec
1125 1155 1421 1228 jucundasti
1444 1154 1671 1208 inimicos
1698 1168 1833 1207 meos
1851 1167 2003 1218 super

435 1268 530 1305 me.
585 1251 699 1315 Sed
734 1251 832 1305 ista
874 1250 1056 1313 verba,
1096 1248 1143 1302 si
1186 1264 1289 1301 non
1336 1246 1688 1316 intelligamus
1736 1244 1997 1309 inimicos,

434 1342 562 1401 falsa
591 1350 764 1405 erunt,
797 1342 964 1411 ipsum
1010 1340 1284 1394 Dominum
1331 1337 1509 1397 Jesum
1554 1336 1819 1392 Christum
1853 1335 2001 1404 cogi-

435 1442 626 1487 tantes.
654 1432 928 1500 Quomodo
956 1430 1096 1485 enim
1139 1445 1319 1483 verum
1348 1436 1448 1495 est,
1475 1427 1520 1483 si
1562 1426 1804 1482 Christus
1826 1425 2004 1480 Domi-

435 1540 533 1579 nus
560 1525 807 1592 loquitur,
851 1521 1097 1576 Exaltabo
1127 1530 1191 1588 te,
1216 1520 1448 1586 Domine,
1488 1519 1721 1588 quoniam
1746 1518 2003 1589 suscepisti

435 1616 551 1669 me?
580 1614 656 1669 Ex
688 1630 909 1683 persona
937 1613 1184 1679 hominis,
1213 1629 1276 1668 ex
1308 1626 1530 1682 persona
1560 1611 1900 1676 inﬁrmitatis,
1930 1626 1999 1665 ex

436 1720 662 1775 persona
687 1706 860 1760 carnis
879 1745 894 1771 ,
923 1704 1190 1775 quomodo
1218 1719 1401 1759 verum
1427 1712 1509 1759 est
1540 1721 1553 1757 :
1581 1700 2003 1772 quandoquidem

431 1799 698 1869 jneundali
735 1809 856 1853 sunt
901 1797 1099 1852 inimici
1125 1796 1239 1866 ejus
1267 1811 1427 1865 super
1450 1810 1592 1859 eum,
1621 1793 1832 1863 quando
1856 1794 2002 1848 illum

432 1889 824 1952 crucitixerunt,
848 1894 1130 1943 tenuerunt
1150 1901 1291 1949 eum,
1315 1893 1369 1940 et
1392 1884 1806 1954 ﬂagellaverunt,
1834 1891 1889 1938 et
1909 1897 2003 1937 co-

436 1980 871 2049 laphizaverunt.
914 1980 1189 2043 dicentes,
1234 1976 1542 2050 Prophetiza
1591 1977 1765 2055 nobis,
1811 1974 2007 2031 Christe

433 2058 641 2143 (dicitur.
666 2086 808 2135 xxvi,
836 2070 923 2138 66,
950 2069 1120 2141 e:c.)?
1160 2069 1259 2125 Ista
1300 2068 1603 2139 jucunditas
1638 2081 1823 2122 eorum
1852 2065 2005 2136 quasi

433 2163 576 2232 cogit
601 2176 700 2216 nos
740 2169 921 2230 potare
951 2160 1139 2216 falsum
1180 2174 1300 2215 esse
1338 2157 1477 2228 quod
1518 2148 1715 2212 dictum
1753 2165 1854 2222 est,
1896 2152 2008 2209 Nec

432 2253 721 2327 jucundasti
768 2253 992 2306 inimicos
1037 2267 1170 2305 meos
1217 2266 1367 2320 super
1414 2266 1511 2303 me.
1556 2248 1755 2304 Deinde
1788 2262 1910 2302 cum
1952 2247 2004 2301 in

433 2359 590 2399 cruce
615 2342 889 2414 penderet,
912 2353 966 2397 et
994 2340 1287 2396 transibant
1313 2339 1400 2395 vel
1429 2339 1657 2405 stabant,
1684 2346 1738 2394 et
1764 2337 2006 2393 attende-

436 2437 581 2502 bant,
609 2446 662 2491 et
689 2443 846 2504 caput
869 2433 1167 2499 movebant,
1182 2440 1244 2488 ‘et
1267 2431 1532 2496 dicebant,
1553 2429 1688 2484 Ecce
1715 2427 1879 2484 Filius
1893 2428 2003 2497 Dei,

437 2528 567 2581 alios
590 2527 755 2579 salvos
782 2525 916 2597 fecit,
942 2523 1162 2596 seipsum
1176 2540 1273 2581 non
1292 2530 1465 2592 potest,
1486 2519 1753 2576 descendat
1771 2521 2006 2585 decruce,

441 2629 488 2675 et
538 2619 784 2672 credimus
826 2616 879 2670 in
921 2632 1032 2669 eum
1075 2613 1185 2687 (Id.
1231 2628 1397 2678 xxvn,
1449 2610 1575 2681 4‘2);
1622 2610 1857 2666 dicentes
1911 2611 2008 2663 ista

442 2724 619 2764 nonne
651 2702 1075 2778 jucundabanlur
1113 2719 1272 2774 super
1313 2701 1470 2758 eum?
1500 2700 1597 2757 Ubi
1626 2709 1708 2756 est
1746 2713 1874 2769 ergo
1912 2699 2007 2753 ista

442 2817 566 2866 Vox,
594 2799 840 2855 Exaltabo
884 2808 952 2866 te,
973 2798 1202 2861 Domine,
1233 2796 1467 2867 quoniam
1503 2793 1761 2865 suscepisti
1795 2808 1895 2859 me,
1923 2808 2012 2846 nec

437 2893 730 2963 jncundasti
752 2892 978 2946 inimicos
1004 2907 1139 2945 meos
1162 2906 1312 2959 super
1339 2888 1456 2943 me?

509 2984 561 3038 5.
595 2982 850 3057 Fortasse
891 2989 1105 3037 nonest
1148 2981 1246 3034 ista
1292 2994 1392 3034 vox
1439 2977 1641 3032 Domini
1677 2975 1843 3032 nostri
1881 2974 2010 3031 .lesu

439 3071 656 3138 Christi,
685 3071 778 3128 sed
809 3073 825 3104 ¹
874 3072 1035 3142 ipsius
1065 3070 1324 3134 hominis,
1354 3068 1447 3124 sed
1477 3068 1733 3123 universa:
1763 3066 2012 3122 Ecclesia:

441 3162 617 3232 populi
646 3160 919 3217 christiani
951 3176 964 3212 :
995 3160 1122 3231 quia
1161 3160 1334 3214 omnis
1359 3158 1516 3235 homo
1550 3158 1601 3212 in
1639 3156 1850 3212 Christo
1879 3169 2013 3211 unus

442 3258 603 3312 homo
630 3266 731 3323 est,
759 3266 815 3311 et
840 3255 1013 3310 unitas
1045 3253 1462 3309 Christianorum
1491 3267 1627 3305 unus
1660 3249 1839 3304 homo.
1880 3249 2013 3303 For-

440 3359 581 3404 uisse
606 3349 718 3418 ipse
741 3347 920 3411 homo,
949 3345 1001 3401 id
1021 3355 1119 3410 est,
1154 3343 1329 3400 unitas
1348 3341 1764 3397 Christianorum
1790 3340 1900 3409 ipsa
1921 3337 2005 3391 di-

441 3440 515 3494 cit
542 3456 555 3492 :
591 3438 837 3494 Exaltabo
874 3447 941 3502 te,
966 3435 1211 3503 Domine,
1242 3435 1475 3505 quoniam
1503 3431 1761 3501 suscepisti
1797 3447 1893 3495 me,
1925 3446 2015 3485 nec

441 3532 728 3598 iucundasti
762 3531 987 3584 inimicos
1018 3545 1153 3583 meos
1194 3542 1346 3597 super
1374 3543 1469 3580 me.
1515 3522 1790 3592 Quomodo
1832 3532 1879 3576 cl
1914 3521 2015 3577 hoc

441 3636 624 3678 verum
665 3631 747 3677 est
773 3620 842 3677 de
872 3621 1011 3675 illis?
1049 3619 1163 3675 Non
1190 3628 1315 3673 sunt
1346 3615 1714 3687 comprehensi
1757 3613 2013 3683 Apostoli,

445 3728 556 3768 non
585 3706 708 3768 sunt
743 3712 903 3777 ca-si,
945 3726 1051 3766 non
1081 3718 1204 3764 sunt
1230 3707 1475 3779 ﬂagellati
1495 3749 1510 3771 ,
1540 3720 1641 3760 non
1671 3713 1797 3760 sunt
1833 3698 2039 3768 occisi,‘

443 3821 551 3860 non
578 3814 700 3860 sunt
725 3803 960 3860 cruciﬁxi
981 3845 997 3868 ,
1030 3818 1134 3857 non
1165 3810 1286 3856 sunt
1310 3798 1511 3854 incensi
1545 3797 1669 3861 vivi,
1698 3811 1802 3852 non
1828 3795 1892 3849 ad
1922 3795 2017 3849 be-

445 3878 574 3951 stias
620 3902 1004 3965 pugnaverunt,
1051 3908 1274 3964 quorum
1318 3890 1601 3947 memorias
1648 3886 2019 3944 celebramus?

448 3987 670 4057 Quando
696 3996 870 4041 autem
901 3987 1009 4041 ista
1038 3986 1141 4041 illis
1164 3983 1425 4040 faciebant
1448 3981 1708 4045 homines,
1737 3994 1911 4034 nonne
1936 3979 2018 4046 ju-

450 4079 817 4135 cundabantur
840 4092 997 4146 super
1020 4078 1149 4131 eos?
1193 4075 1467 4140 Quomodo
1494 4089 1619 4142 ergo
1645 4082 1815 4142 potest
1840 4081 1894 4125 et
1920 4085 2018 4138 po.

449 4171 602 4243 pulus
625 4168 941 4224 christianos
954 4166 1140 4221 dicere
1158 4184 1171 4219 :
1191 4165 1434 4220 Exaltabo
1449 4175 1513 4230 te,
1534 4162 1763 4222 Domine,
1781 4160 2016 4230 quoniam

447 4260 705 4329 suscepisti
733 4273 830 4324 me,
862 4273 950 4312 nec
968 4255 1259 4327 jucundasti
1286 4256 1509 4309 inimicos
1537 4269 1670 4307 meos
1695 4267 1843 4320 super
1869 4250 1987 4303 me?

419 4382 427 4403 ι
517 4353 572 4408 6.
613 4350 761 4425 [oers.
797 4346 870 4420 L]
920 4347 1272 4415 lntelligemus
1312 4346 1444 4410 hoc,
1475 4344 1516 4397 si
1559 4343 1826 4396 videamus
1856 4340 2023 4408 primo

445 4447 657 4500 titulum
688 4440 902 4499 Psaltni.
936 4439 1104 4494 liabet
1124 4436 1266 4493 enim
1297 4452 1310 4488 :
1349 4434 1414 4489 In
1445 4435 1594 4503 ﬁnem
1624 4433 1859 4488 Psalmus
1887 4428 2021 4486 Can-

444 4539 536 4593 tici
586 4534 912 4605 dedicationis
952 4532 1132 4588 domus
1157 4529 1255 4600 ipsi
1294 4527 1476 4582 David.
1517 4526 1571 4581 ltt
1614 4526 1714 4581 hoc
1750 4525 1899 4580 titulo
1942 4534 2026 4582 est

447 4628 629 4683 omnis
697 4642 820 4696 spes
848 4666 864 4693 ,
904 4634 962 4681 et
1030 4624 1330 4678 universum
1394 4626 1774 4673 sacramentum
1835 4616 2026 4670 dissol-

452 4718 638 4773 vendze
660 4717 813 4787 hujus
836 4713 1160 4787 quarstionis.
1179 4709 1507 4768 Dedicabitur
1521 4707 1710 4763 domus
1721 4705 2023 4775 aliquando,

444 4825 570 4879 qme
596 4807 755 4864 modo
792 4807 1095 4863 fabricatur.
1126 4802 1281 4860 Modo
1309 4801 1452 4859 enim
1491 4798 1772 4854 fabricatur
1815 4796 2023 4869 domus,

455 4901 506 4956 id
551 4908 633 4956 est
675 4897 929 4965 Ecclesia,
973 4906 1154 4968 postea
1199 4893 1547 4951 dedicabitur.
1599 4889 1656 4945 ln
1698 4887 2029 4943 dedicatione

454 4992 729 5063 apparebit
769 4989 935 5062 gloria
984 4989 1159 5059 pepuli
1201 4984 1495 5049 christiani,
1539 4998 1656 5054 quae
1689 4979 1844 5037 modo
1880 4980 2026 5035 latet.

458 5085 691 5155 Sarviant
720 5080 876 5135 modo
902 5079 1135 5145 inimici,
1165 5077 1441 5132 humilicnt
1461 5116 1477 5143 ,
1514 5074 1702 5129 iaciant
1727 5086 1839 5147 non‘
1871 5068 2028 5139 quid-

459 5173 584 5247 quid
612 5176 812 5235 volunt,
842 5171 935 5226 sed
961 5168 1212 5239 quidquid
1250 5169 1479 5236 desuper
1499 5166 1886 5236 permittuntur.
1916 5159 2029 5215 Non

464 5269 609 5326 enim
637 5261 888 5336 quidquid
935 5260 1077 5331 passi
1116 5258 1183 5311 ab
1227 5259 1451 5315 inimicis
1498 5256 1771 5321 fuerimus,
1804 5252 2032 5307 inimicis

463 5355 823 5431 deputandum
853 5363 955 5417 est,
988 5360 1040 5404 et
1065 5366 1169 5404 non
1199 5349 1420 5403 Domino
1446 5347 1552 5400 Deo
1577 5354 1780 5401 nostro.
1811 5341 2031 5410 Quando

464 5450 683 5524 quidem
723 5446 777 5502 in
804 5445 919 5516 ipso
944 5458 1046 5498 suo
1077 5439 1318 5512 exemplo
1340 5437 1599 5493 mediator
1624 5433 2030 5499 demonstravit,

529 5645 548 5679 ι
570 5640 641 5697 ns
657 5647 764 5693 uss.
787 5649 839 5692 ιιι
858 5617 989 5700 edd.,
1006 5636 1057 5688 id
1083 5640 1151 5688 est
1169 5632 1319 5698 ipsius
1340 5629 1555 5682 ηοηιίηις.

3552 217 3672 271 ἓὲα

2103 322 2313 394 quando
2357 325 2506 380 nobis
2548 324 2773 396 desuper
2812 327 3064 396 permittit
3113 328 3129 360 ί
3165 327 3404 382 homines
3448 343 3661 389 norme,

2101 430 2206 470 non
2228 416 2546 472 voluntatem
2568 418 2791 473 nocendi
2810 418 3035 487 desuper
3052 418 3185 482 dari,
3208 420 3298 474 sed
3324 429 3663 489 potestatem.

2102 504 2470 579 Unusquisque
2496 496 2653 564 euim'
2681 510 2847 563 malus
2873 510 3009 578 apud
3052 525 3109 563 se
3138 510 3294 565 habet
3338 512 3661 566 voluntatem

2103 596 2324 653 nocendi
2357 615 2372 652 :
2403 607 2461 653 ut
2480 609 2655 653 autem
2698 600 2863 670 possit
2892 616 3102 665 nocere,
3148 615 3253 654 non
3280 600 3434 657 habet
3470 602 3522 656 in
3573 618 3659 670 po-

2102 696 2314 746 teState.
2341 691 2409 749 Ut
2436 692 2578 753 velit.
2597 691 2701 762 jam
2732 707 2856 747 reus
2884 700 2966 748 est
2998 710 3012 747 :
3042 703 3096 746 ut
3124 694 3522 763 posdt,occulta
3551 694 3665 749 dis-

2102 782 2410 852 pensatione
2451 782 2790 853 providentiae
2834 784 2921 839 Dei
2964 784 3015 838 iu
3044 783 3205 838 alium
3246 785 3562 853 permittitur
3598 785 3667 841 ad

2101 887 2334 943 pinnam,
2393 874 2445 928 in
2489 873 2648 937 alium
2702 875 3020 942 permittitur
3059 874 3125 929 ad
3172 874 3566 945 probationem,
3614 878 3665 930 in

2100 966 2260 1022 alium
2288 967 2607 1036 permittitur
2630 966 2695 1021 ad
2724 980 2994 1021 coronam.
3022 965 3101 1020 Ad
3131 980 3338 1037 poenam
3359 1007 3373 1031 ,
3402 968 3669 1038 quomodo

2100 1059 2340 1127 permissi
2364 1067 2487 1113 sunt
2510 1061 2780 1132 ἀλλόφυλοι,
2810 1057 2859 1111 id
2891 1069 2969 1111 est
2994 1056 3322 1127 alienigenae,
3354 1073 3544 1127 capere
3568 1070 3669 1127 po-

2098 1149 2279 1219 pulum
2309 1149 2484 1214 Israel,-
2516 1149 2636 1219 quia
2665 1157 3013 1217 peccaverunt
3038 1148 3090 1202 in
3124 1132 3285 1203 Deum
3312 1148 3504 1220 (Judic.
3529 1167 3583 1217 ι,
3606 1151 3661 1217 Ἰ,

2100 1250 2148 1294 et
2166 1250 2279 1303 xm,
2304 1240 2361 1305 ’1,
2385 1239 2526 1310 etc.).
2553 1239 2634 1295 Ad
2665 1239 3029 1309 probationem
3055 1250 3227 1296 autem
3267 1242 3558 1311 permissus
3582 1253 3668 1299 est

2101 1332 2340 1389 diabolus
2378 1332 2430 1386 in
2458 1332 2557 1388 Job
2584 1333 2603 1403 (
2632 1330 2731 1385 Job
2774 1348 2812 1399 ι,
2845 1331 2932 1403 12)
2964 1350 2978 1386 :
3004 1333 3254 1402 probatus
3278 1345 3361 1389 est
3382 1335 3504 1403 Job,
3535 1352 3668 1391 con-

2101 1420 2249 1477 fusus
2277 1429 2359 1478 est
2391 1421 2649 1481 diabolus.
2687 1422 2767 1476 Ad
2810 1437 3058 1478 coronam
3089 1439 3213 1479 vero
3256 1425 3498 1494 permissi
3541 1437 3671 1483 sunt

2101 1526 2466 1586 persecutores
2516 1517 2567 1571 in
2622 1524 2878 1587 martyres
2932 1534 2947 1571 :
2991 1516 3154 1572 occisi
3195 1528 3317 1572 sunt
3365 1530 3625 1592 martyres
3652 1561 3668 1587 ,

2102 1595 2249 1679 quasi
2272 1608 2460 1664 vicisse
2482 1623 2541 1664 se
2558 1608 2794 1663 arbitrati
2811 1618 2932 1664 sunt
2950 1617 3348 1678 persecutores;
3376 1611 3454 1667 illi
3480 1612 3532 1668 in
3554 1628 3671 1669 ma-

2102 1699 2293 1757 nifesto
2310 1700 2440 1756 falso
2459 1700 2863 1770 triumpharunt,
2881 1701 2954 1756 illi
2974 1701 3029 1757 in
3053 1702 3258 1758 occulto
3284 1719 3405 1760 vere
3432 1709 3672 1763 coronati

2102 1788 2249 1851 sunt.
2275 1795 2419 1867 Ergo
2447 1796 2497 1850 in
2523 1812 2676 1868 quem
2704 1798 3044 1867 permittitur,
3070 1798 3293 1853 occultae
3315 1798 3669 1868 dispensatio-

2105 1886 2188 1940 nis
2214 1896 2295 1943 est
2319 1887 2660 1958 providentiae
2685 1889 2776 1944 Dei
2802 1908 2815 1944 :
2843 1897 2903 1945 ut
2924 1898 3100 1946 autem
3124 1890 3255 1957 velit
3276 1905 3487 1953 nocere,
3508 1892 3674 1960 ipsius

2106 1976 2332 2037 hominis
2358 1985 2471 2044 eSt;
2499 1994 2603 2034 non
2630 1980 2773 2035 enim
2803 1980 3055 2036 continuo
3075 1996 3232 2051 quem
3253 1981 3363 2036 vult
3382 1982 3597 2037 occidit.

2177 2069 2230 2125 7.
2270 2069 2449 2140 Itaque
2487 2070 2600 2141 ipse
2631 2071 2881 2126 Dominus
2902 2071 3064 2141 iudex
3093 2072 3330 2126 vivorum
3354 2080 3410 2126 'et
3435 2082 3677 2126 mortuo-

2107 2176 2247 2225 rum,
2289 2172 2435 2216 stans
2476 2170 2597 2217 ante
2635 2162 2905 2218 hominem
2945 2162 3196 2233 iudicem,
3241 2163 3481 2233 pnebens
3521 2163 3675 2218 nobis

2109 2253 2414 2308 humilitatis
2439 2262 2494 2309 et
2514 2254 2777 2325 patientiae
2804 2256 3196 2323 documentum,
3226 2272 3330 2312 non
3358 2257 3545 2321 victus,
3577 2255 3670 2312 sed

2110 2346 2261 2401 militi
2291 2345 2557 2416 pugnandi
2595 2349 2893 2416 exemplum
2926 2347 3314 2414 demonstrans,
3342 2348 3563 2402 minanti
3588 2349 3674 2418 juo

2108 2435 2210 2493 dici
2235 2478 2250 2502 ,
2286 2435 2507 2491 tumenti
2534 2437 2778 2506 superbia
2801 2478 2818 2505 ,
2848 2446 2902 2493 et
2930 2438 3121 2494 dicenti
3145 2477 3161 2503 ,
3190 2437 3365 2492 Nescis
3390 2439 3508 2509 quia
3539 2449 3676 2507 pote.

2108 2535 2285 2583 starem
2308 2525 2464 2581 habeo
2482 2528 2762 2583 dimittendi
2781 2537 2829 2583 et
2845 2530 3102 2584 occidendi
3122 2529 3209 2585 te?
3227 2530 3439 2584 abstulit
3456 2529 3675 2599 typhum

2111 2617 2361 2680 inﬂantis.
2390 2629 2445 2674 et
2484 2627 2730 2690 tanquam
2756 2621 2981 2677 reddens
3005 2620 3421 2676 exsulilationcm
3450 2638 3552 2692 qua
3577 2622 3673 2678 de.

2113 2703 2448 2775 tumesceret',
2498 2709 2621 2765 Non
2664 2712 2884 2777 haberes,
2925 2712 3108 2781 inquit,
3152 2712 3207 2765 in
3254 2729 3332 2767 me
3367 2722 3673 2782 potestatem.

2111 2802 2207 2855 nisi
2234 2801 2354 2855 data
2374 2802 2462 2856 tibi
2492 2813 2612 2857 esset
2641 2803 2853 2871 desuper
2880 2801 3053 2873 (Joan.
3074 2819 3184 2869 xu,
3209 2803 3296 2868 10,
3325 2805 3434 2872 Η).
3462 2804 3527 2858 Ει
3575 2804 3677 2858 Job

2111 2893 2331 2962 (nempe
2369 2891 2610 2947 diabolus
2650 2892 2841 2947 occidit
2889 2892 3024 2947 ﬁlios
3066 2893 3250 2962 ipsius,
3280 2894 3515 2949 diabolus
3558 2896 3678 2949 tulit

2112 2998 2322 3039 omnem
2351 2984 2697 3039 substantiam
2722 2982 2925 3056 ipsius),
2948 2994 3000 3039 et
3030 2985 3113 3040 ille
3141 2986 3303 3055 quid?
3325 2985 3575 3042 Dominus
3591 2988 3679 3041 de.

2113 3074 2185 3128 dit
2208 3117 2223 3141 ,
2251 3074 2499 3130 Dominus
2526 3076 2769 3141 abstulit;
2793 3077 2919 3129 sicut
2946 3057 3161 3131 Domino
3185 3078 3371 3147 placuit
3397 3080 3468 3131 ita
3493 3083 3679 3145 factum

2112 3176 2205 3230 est,
2243 3168 2306 3235 sit
2348 3183 2525 3221 nomen
2576 3168 2777 3221 Domini
2820 3167 3125 3222 benedictum
3156 3168 3301 3243 (Job
3338 3183 3373 3233 ι,
3421 3170 3531 3242 2i).
3563 3171 3679 3227 Non

2115 3257 2399 3327 triumphet
2427 3258 2687 3323 inimicus,
2715 3259 2834 3329 quia
2864 3259 2976 3327 ipse
3001 3258 3123 3313 fecit
3150 3277 3163 3312 :
3195 3259 3325 3314 Novi
3346 3275 3464 3330 ego,
3490 3261 3681 3331 inquit,

2115 3362 2145 3402 a
2184 3363 2289 3418 quo
2331 3348 2399 3401 sit
2429 3347 2746 3417 permissus;
2789 3347 2997 3402 diabolo
3038 3348 3295 3403 tribuatur
3326 3351 3544 3404 nocendi
3584 3366 3682 3405 vo-

2118 3439 2324 3505 luntas,
2360 3438 2581 3492 Domino
2611 3453 2731 3493 meo
2769 3438 3023 3508 probandi
3049 3448 3299 3509 potestas.
3347 3440 3401 3494 ln
3432 3442 3545 3510 ipso
3571 3442 3686 3496 vul-

2117 3546 2243 3586 nere
2268 3528 2503 3596 corporis
2531 3529 2732 3584 accedit
2761 3545 2895 3584 uxor
2929 3530 3110 3584 relicta
3134 3572 3149 3597 ,
3177 3531 3312 3585 sicut
3344 3532 3446 3586 Eva
3470 3572 3485 3597 ,
3529 3531 3681 3602 adju-

2120 3623 2220 3676 trix
2240 3622 2458 3689 diaboli,
2479 3622 2583 3676 nori
2602 3622 2923 3676 consolatrix
2947 3622 3146 3685 mariti;
3178 3630 3360 3687 tentat,
3384 3623 3576 3677 etdicit
3599 3624 3684 3677 iu-

2119 3723 2199 3769 ter
2224 3716 2412 3769 multas
2429 3714 2844 3793 increpationes:
2867 3713 2963 3767 Die
2981 3713 3185 3786 aliquod
3211 3714 3407 3768 verbum
3424 3715 3477 3768 in
3501 3714 3681 3781 Deum,

2119 3816 2163 3861 et
2186 3822 2375 3860 morere
2404 3802 2512 3878 (Id.
2543 3819 2600 3870 ιι,
2625 3803 2704 3875 9).
2738 3804 2803 3858 Et
2826 3805 2911 3860 ille
2931 3805 3091 3860 Adam
3119 3806 3170 3860 in
3196 3815 3429 3861 stercore
3455 3809 3680 3876 cautior,

2120 3912 2274 3967 quam
2293 3897 2458 3952 Adam
2475 3895 2527 3950 in
2547 3895 2815 3965 paradiso;
2833 3912 2953 3949 nam
2969 3895 3131 3949 Adam
3146 3898 3195 3949 in
3210 3895 3452 3966 paradiso
3467 3912 3686 3951 consen-

2121 3990 2190 4044 sit
2217 3988 2444 4052 mulieri,
2468 3996 2523 4041 ut
2549 3987 2615 4041 de
2640 3987 2878 4056 paradiso
2896 3987 3255 4054 emitteretur;
3287 3988 3450 4043 Adam
3471 3990 3521 4043 in
3550 3999 3685 4045 ster-

2121 4095 2245 4134 eore
2273 4079 2472 4147 respuit
2499 4078 2792 4145 mulierem,
2814 4089 2868 4132 ut
2883 4077 2946 4131 ad
2978 4078 3272 4148 paradisum
3298 4079 3682 4135 admitteretur.

2122 4167 2257 4235 Quid
2282 4183 2407 4238 ergo
2425 4168 2511 4222 ille
2528 4167 2691 4221 Adam
2719 4168 2770 4221 in
2797 4177 3045 4230 stercore,
3067 4169 3359 4237 parturiens
3376 4170 3686 4227 immortali.

2124 4268 2283 4312 tatem
2297 4258 2629 4318 intrinsecus.
2648 4257 2913 4313 vermibus
2927 4258 3184 4314 “noscens
3201 4261 3546 4323 extrinsecus,
3561 4262 3686 4331 quid

2123 4347 2198 4402 ait
2221 4345 2459 4403 mulieri?
2482 4346 2738 4418 Tanquam
2758 4364 2857 4401 una
2872 4364 2933 4402 ea:
2949 4348 3290 4417 insipientibus
3309 4350 3594 4405 mulieribus
3612 4352 3686 4406 io-

2125 4449 2239 4495 cuta
2266 4457 2334 4494 es.
2364 4440 2424 4495 Si
2451 4440 2577 4494 bona
2600 4441 2904 4511 percepimus
2927 4442 2990 4494 de
3010 4457 3160 4494 manu
3184 4439 3404 4505 Domini,
3437 4445 3570 4497 mata
3586 4460 3688 4498 non
3776 4504 3777 4507 η

2125 4528 2471 4588 sustinebimus
2519 4532 2538 4603 (
2570 4530 2727 4597 lbid.,
2762 4532 2888 4602 i0)?
2917 4532 3106 4588 lterum
3135 4541 3189 4588 ct
3212 4533 3299 4587 ille
3328 4549 3539 4589 manum
3583 4535 3687 4590 ῡοο

2128 4625 2253 4680 mini
2296 4624 2428 4678 dixit
2472 4624 2524 4678 in
2565 4618 2643 4687 sé,
2688 4622 2828 4692 quod
2876 4638 2995 4677 eum
3040 4623 3280 4678 diabolus
3321 4636 3688 4694 percusserat:

2128 4716 2245 4787 quia
2294 4730 2398 4770 non
2442 4714 2746 4770 attendebat
2803 4714 2920 4785 quis
2949 4724 3260 4784 percuteret.
3302 4717 3394 4770 Sed
3418 4718 3535 4783 quis
3568 4732 3690 4788 per»

2129 4807 2378 4863 mitteret.
2422 4805 2658 4875 Namque
2723 4812 2777 4860 et
2817 4804 2931 4873 ipse
2981 4805 3218 4859 diabolus
3267 4807 3506 4861 eatmlem
3544 4818 3693 4876 puteo

2129 4907 2337 4964 etatem,
2364 4911 2518 4967 quam
2539 4897 2635 4951 sibi
2659 4894 2864 4951 volebat
2885 4894 3243 4960 dari,mauum
3273 4895 3480 4949 Domini
3507 4898 3691 4967 appel-

2131 4988 2258 5045 lavit
2287 5002 2451 5043 :.nam
2477 4985 2733 5055 objiciens
2760 4983 2957 5039 crimen
2995 4984 3138 5053 justo
3167 4986 3298 5047 viro,
3323 4986 3404 5039 cui
3441 4987 3695 5042 Dominus

2133 5079 2443 5151 perhibebat
2467 5076 2845 5138 testimonium,
2870 5075 2945 5129 ait
2971 5076 3078 5131 Deo
3102 5095 3117 5131 :
3141 5075 3400 5146 Numquid
3419 5079 3573 5148 gratis
3597 5076 3696 5132 Job

2133 5171 2252 5225 coiit
2283 5168 2593 5223 Dominum?
2630 5182 2793 5221 nonne
2818 5177 2871 5219 tu
2898 5166 3096 5221 vatiasti
3122 5183 3231 5221 eum
3259 5183 3318 5220 ac
3343 5166 3543 5221 domum
3564 5169 3694 5238 ejus.

2138 5262 2507 5330 universumque
2528 5257 2849 5313 substantiam
2873 5258 2982 5327 ejus
3008 5274 3094 5326 per
3121 5258 3425 5311 circuitum?
3452 5257 3701 5327 Oper-ibus

2137 5344 2371 5407 manuum
2412 5351 2519 5419 ejus
2563 5347 2873 5411 benedixisti,
2922 5357 2969 5401 et
3012 5349 3252 5418 possessio
3303 5350 3408 5418 ejus
3449 5350 3596 5402 crevit
3645 5349 3702 5403 in

2140 5455 2271 5499 terra
2313 5459 2331 5497 :
2370 5451 2510 5496 tanta
2535 5440 2664 5495 bona
2708 5441 2783 5495 illi
2811 5439 3008 5506 dedisti;
3054 5452 3313 5511 propterea
3348 5451 3394 5495 te
3428 5441 3582 5507 colit;
3611 5442 3703 5497 sed

2190 5623 2223 5654 -ί
2251 5619 2433 5684 Aliquot
2452 5624 2576 5681 Mss,
2601 5615 2930 5669 demonstravit
2951 5610 3099 5677 nobis,
3124 5615 3326 5680 desuper
3342 5615 3567 5675 permitti.
