1994 3094
119 141 167 168 ης
662 140 858 169 ENARRATIO
877 140 910 168 ΙΝ
928 139 1087 168 PSALMUM
1108 140 1203 168 XXIX.
1680 144 1733 172 322

120 199 186 225 mitte
199 206 301 225 manum
315 203 393 231 tuam,
408 204 430 226 et
442 204 518 235 tange
530 199 613 226 omnia
627 207 682 232 quis
695 196 751 225 sum
765 199 818 233 ejus
828 219 835 230 ,
850 199 899 225 nisi

119 248 144 273 in
158 247 246 277 [aciem
256 246 486 273 tuambenedixerit
496 246 538 272 tibi
553 245 623 279 (Job.
636 245 754 280 t,9-ll).
768 245 835 277 Quid
850 250 900 277 est,

120 292 191 318 mitte
205 298 307 317 manum
321 296 399 323 tuam,
410 299 467 318 cum
483 291 538 325 ipse
553 291 632 317 vellet
645 290 766 321 mittere?
778 290 828 316 Sed
842 290 901 325 quia

117 335 174 369 ipse
187 343 239 362 nun
255 339 344 370 posset
359 335 462 362 mittere
472 343 577 361 manum
591 343 675 366 suam,
689 339 769 369 ipsam
786 339 900 369 polesta‘

116 385 172 408 tem
185 388 265 415 quam
278 381 380 414 accepit
393 388 407 407 a
421 380 485 412 Deo,
497 388 603 406 manum
619 380 665 407 Dei
680 380 829 414 appellavit.

152 426 179 454 8.
195 426 262 460 Quid
277 433 355 460 ergo,
371 425 481 457 fratres,
499 426 558 459 quia
577 431 647 452 tanta
668 425 763 452 inimici
782 425 806 452 in
822 425 899 452 Cirri-

117 472 218 500 stianos
234 471 371 503 fecerunt;
387 476 413 498 ct
426 471 623 498 cxsultaverunt
633 492 640 504 ,
655 476 680 498 et
692 471 826 506 jucundati
841 476 901 499 srrnt

116 526 198 553 super
212 518 277 546 eos?
293 517 345 545 Sed
364 517 468 552 quando
483 517 618 552 apparebit
632 518 690 552 qtria
711 525 762 544 non
781 522 839 544 sunt
857 517 900 550 ju-

116 564 243 591 cundati?
255 563 366 596 Quando
381 564 416 591 illi
429 563 630 595 confundentur,
645 563 682 590 illi
696 563 862 590 exsultabant
876 563 900 590 in

115 610 229 636 adventu
251 609 354 637 Domini
378 609 421 636 Dei
447 609 548 640 nostri.
568 616 627 636 cum
647 609 748 635 venerit
770 608 856 635 ferens
876 608 900 634 in

115 662 195 681 manu
210 654 406 687 retributiones,
422 653 616 681 damnationem
631 654 725 687 impiis,
742 661 850 687 regnum
860 653 902 687 jn-

116 700 182 732 stis;
198 700 352 728 societatem
367 707 426 727 eum
439 699 542 727 diabolo
557 700 661 734 iniquis,
676 700 827 726 societatem
842 707 900 725 rum

115 746 221 774 Christo
233 746 363 774 fidelibus.
375 745 484 780 Quando
494 754 556 780 ergo
569 745 619 773 hoc
631 745 785 776 ostenderit,
798 744 901 780 quando

117 792 222 819 stabunt
232 792 296 826 justi
308 792 332 818 in
346 799 438 826 magna
453 791 597 818 cerrstcrntia
616 790 660 826 (de
674 790 816 825 Scripturis
831 790 900 822 dico,

117 837 292 870 recordamini
306 837 444 869 lectionem
460 836 492 870 de
508 836 574 863 libro
588 836 728 870 Sapientia:
744 844 750 861 ε
767 834 837 861 Tunc
850 840 901 860 sta-

117 884 176 911 bunt
192 885 256 918 iusti
271 884 298 910 in
311 891 404 918 magna
417 883 555 909 constantia
572 882 689 908 adversus
703 889 744 908 eos
756 881 798 915 qui
811 888 838 907 se
854 888 901 906 an-

117 933 275 965 gultauerunt
287 937 296 955 :
309 928 347 955 illi
356 933 438 954 autem
450 927 530 954 dicent
541 928 604 953 inter
616 935 642 954 se
653 926 804 961 prenitentcs,
816 929 838 952 et
852 932 903 959 pra:

119 976 232 1011 argutia
242 974 348 1009 spiritus
360 978 482 1013 gerrtcntes
495 981 503 999 :
516 973 582 1006 Quid
593 972 662 999 nobis
672 972 766 1007 profuit
777 970 901 1006 superbia,

116 1025 139 1047 et
152 1020 296 1048 divitiarum
309 1014 435 1054 jactantia
453 1018 513 1053 quid
532 1018 635 1044 contulit
651 1017 741 1044 nobis?
754 1017 903 1043 transierunt

116 1065 180 1093 enim
192 1065 278 1092 omnia
291 1065 336 1092 illa
351 1069 468 1099 tanquam
483 1064 588 1096 umbra;
599 1067 625 1090 ct
639 1063 700 1098 quid
713 1062 801 1089 dicent
814 1062 847 1088 de
859 1061 902 1096 ju-

114 1111 183 1138 stis?
197 1110 328 1143 Quomodo
341 1110 479 1144 computari
494 1114 551 1136 sum
568 1110 630 1137 inter
643 1109 708 1143 ﬁlios
723 1108 785 1140 Dei,
800 1113 823 1135 et
840 1108 903 1134 inter

114 1160 216 1183 sanctos
227 1164 281 1189 sors
294 1155 393 1190 illorum
406 1160 441 1182 est
454 1155 559 1191 [Sap.v,
570 1155 594 1188 l,
609 1154 666 1190 cla]
675 1155 713 1189 ?),
723 1159 783 1181 tunc
796 1155 846 1180 erit
857 1153 903 1180 de-

115 1203 215 1231 dicatio
229 1202 322 1230 domus
332 1223 339 1235 ,
356 1210 414 1237 qua:
428 1202 507 1230 modo
521 1202 546 1228 iu
563 1201 773 1228 tribulationibus
788 1199 902 1226 fabrica-

115 1253 175 1281 tur;
191 1252 254 1276 tunc
271 1252 342 1275 recte
357 1247 426 1275 dicet
445 1247 557 1281 populus
572 1246 615 1273 ille
630 1255 636 1272 ε
653 1245 777 1272 ΕπιιΙιαὺο
791 1250 814 1272 te
824 1266 830 1276 ,
848 1244 901 1271 Do-

115 1295 198 1328 mine,
214 1293 330 1328 quoniam
347 1292 475 1328 suscepisti
495 1301 548 1324 me,
566 1300 610 1319 nec
624 1291 770 1327 jucundasti
790 1291 902 1318 inimicat

115 1347 184 1367 me:
197 1347 273 1373 super
283 1347 333 1366 me.
350 1331 419 1366 Vera
428 1345 490 1372 ergo
503 1338 552 1365 erit
564 1345 615 1365 vox
632 1337 680 1363 ista
694 1337 719 1363 itr
734 1336 829 1370 populo
845 1336 900 1368 Dei,

116 1385 159 1421 qui
175 1385 288 1420 populus
302 1383 381 1411 modo
393 1387 555 1418 angustatur,
570 1381 649 1409 modo
663 1381 809 1411 tribulatur,
824 1380 903 1407 tantis

115 1430 316 1462 mutationibus,
332 1429 409 1456 tantis
429 1427 569 1459 scandulis,
586 1431 665 1454 tarrtrs
685 1425 901 1457 insecutionibus,

118 1479 186 1502 lauta
199 1482 334 1511 pressura.
348 1473 410 1501 Haec
421 1478 549 1500 tormenta
564 1471 647 1500 animi
659 1479 710 1499 non
722 1471 802 1499 sentit
815 1471 839 1497 in
853 1471 903 1497 Ee-

117 1520 195 1547 clesia
209 1519 254 1555 qui
271 1527 323 1546 nort
340 1518 456 1553 proﬁcit,
471 1522 545 1552 putat
556 1517 626 1545 enim
639 1518 697 1552 quia
714 1524 762 1550 pax
778 1521 818 1542 est
834 1524 840 1542 :
854 1515 901 1542 sed

117 1564 224 1601 incipiat
237 1564 378 1600 proﬁcere,
393 1569 419 1590 et
434 1568 494 1590 tunc
507 1563 603 1589 videbit
619 1563 703 1597 inqua
720 1568 840 1596 pressura
853 1561 899 1593 sit;

117 1611 176 1646 quia
194 1618 256 1638 cum
271 1610 398 1637 crevisset
416 1608 513 1642 herba,
529 1613 556 1636 et
572 1608 684 1635 fructum
704 1607 824 1639 fecisset,
842 1612 903 1634 tunc

115 1660 296 1692 apparuerunt
310 1660 336 1683 et
348 1655 446 1682 zizania
463 1654 566 1690 (Illartlr.
581 1662 635 1686 xm,
650 1653 710 1690 26);
723 1659 750 1681 et
761 1654 805 1688 qui
819 1647 902 1688 appo-

116 1702 153 1730 nil
168 1702 307 1730 scientiam
318 1721 325 1733 ,
341 1701 448 1736 apponit
463 1701 580 1728 dolorem
598 1700 692 1734 (Eccle.
709 1707 726 1732 r,
744 1699 799 1735 18).
819 1699 901 1726 Proti-

116 1749 176 1781 ciat,
192 1751 221 1775 et.
233 1746 334 1779 videbit
346 1746 389 1773 ubi
403 1746 438 1773 sit
452 1755 458 1772 :
473 1746 568 1784 existat
582 1746 689 1777 fructus,
703 1750 729 1772 et
740 1745 902 1780 apparebunt

116 1793 228 1821 zizania.
243 1792 300 1820 Vox
319 1792 434 1820 veridica
450 1796 490 1819 est
509 1800 556 1826 per
571 1792 723 1826 Apostolum
733 1813 740 1823 ,
755 1792 835 1818 deleri
850 1800 901 1818 rrotr

117 1843 205 1874 potest
217 1838 252 1866 ab
267 1839 342 1866 initio
356 1846 439 1873 usque
452 1838 484 1865 ad
499 1838 576 1865 finem
593 1847 599 1864 :
614 1838 664 1865 Sed
677 1843 699 1864 ct
712 1846 796 1864 omnes
808 1839 849 1873 qui
862 1846 903 1864 vo-

117 1885 182 1919 latu,
194 1880 288 1919 inquit,
303 1884 343 1918 pie
354 1884 433 1910 uiuere
444 1884 469 1909 in
481 1883 586 1915 Christo,
602 1884 793 1918 persecutionem
806 1884 904 1917 patiun-

117 1935 168 1958 tur.
184 1930 294 1965 Haligni
308 1934 390 1956 autem
406 1930 516 1956 homines
533 1934 555 1957 et
573 1929 713 1956 seductorcs
732 1929 864 1964 pro/icium
879 1930 903 1955 in

117 1976 201 2012 pejus,
213 1975 263 2011 ipsi
274 1981 386 2003 errantes
396 1980 419 2002 et
428 1975 490 2002 alios
503 1975 529 2001 in
541 1982 647 2001 errorem
659 1974 779 2000 mittentes
791 1974 823 2008 (ll
839 1973 902 1999 Tim.
929 1976 932 1978 '

119 2029 163 2055 ut,
178 2021 229 2054 12,
244 2021 305 2056 l3).
320 2020 353 2048 Et
368 2020 436 2048 unde
451 2024 512 2047 sunt
526 2019 604 2047 verba
620 2019 662 2046 illa
677 2019 768 2053 psalmi
779 2039 787 2051 ,
804 2018 906 2045 Sustine

117 2066 377 2101 Dominam,oiriliter
389 2074 449 2101 age,
463 2071 484 2092 et
497 2067 649 2100 corrfortetur
662 2067 705 2091 car
718 2069 796 2096 tuum,
812 2069 834 2090 et
848 2072 904 2090 sus-

118 2113 177 2147 εἱριι⁵
195 2111 330 2140 Dominum
345 2111 430 2146 (Psal.
447 2119 526 2142 xxvr,
544 2108 608 2145 M)?
624 2109 718 2137 Parum
735 2115 791 2136 erat
806 2110 885 2136 semel
896 2130 903 2141 ,

119 2159 224 2188 Sustine
237 2158 388 2190 Daminwn,
405 2157 453 2184 nisi
468 2160 599 2191 repeteret
615 2165 622 2183 :
637 2163 670 2183 ne
685 2155 750 2182 forte
765 2155 906 2182 sustineret

122 2205 213 2238 biduo,
231 2204 327 2237 triduo,
341 2203 489 2238 quatriduo,
506 2206 533 2229 et
550 2207 667 2229 maneret
681 2208 802 2236 pressura
817 2205 843 2228 et
858 2201 905 2227 tri-

120 2250 238 2282 bulatio;
255 2249 313 2277 ideo
327 2249 436 2279 addidit,
451 2248 554 2275 viriliter
567 2256 629 2283 age;
644 2247 752 2279 addidit,
768 2252 790 2273 cl
804 2248 905 2281 confor-

120 2301 187 2325 ωηι-
205 2304 248 2323 cor
264 2300 344 2322 tuum.
359 2295 390 2321 Et
406 2294 467 2329 quia
484 2294 517 2321 ab
536 2293 610 2320 initio
629 2300 711 2327 usqttc
731 2293 756 2318 in
776 2292 853 2319 finem
869 2293 906 2318 sic

121 2341 184 2376 erit,
194 2340 263 2376 quod
275 2340 354 2368 habet
363 2339 491 2369 sententia
504 2339 529 2365 in
542 2339 638 2373 capite,
653 2338 702 2365 hoc
715 2337 791 2364 habet
806 2338 830 2364 in
843 2338 904 2370 line,

120 2392 148 2415 et
158 2387 252 2422 utalia;
265 2386 410 2414 Dominum.
426 2386 574 2413 Transeunt
593 2385 640 2412 ista
658 2393 715 2418 qua:
732 2389 755 2411 le
772 2379 904 2418 premunt,

121 2437 151 2460 et
160 2432 248 2460 veniet
260 2440 338 2467 quem
352 2431 481 2464 sustines,
495 2435 519 2457 et
534 2434 651 2465 exu‘r'get
665 2430 787 2457 sudoretn
802 2438 809 2456 :
822 2430 906 2456 sicca—

123 2477 163 2505 bit
174 2477 328 2514 lacrimam,
342 2477 406 2504 ultra
422 2484 472 2504 non
485 2475 568 2503 flebis.
582 2474 659 2503 Modo
672 2479 758 2502 autem
772 2482 907 2509 gemamns

123 2524 152 2552 in
166 2523 391 2558 tribulationibus.
407 2523 474 2550 sicut
490 2522 554 2549 dicit
570 2521 620 2549 Job
630 2543 637 2553 ,
656 2521 745 2548 Nonne
759 2521 858 2547 tentatio
872 2526 907 2547 est

123 2573 176 2599 rita
188 2572 298 2600 Itamtma
311 2579 386 2606 super
400 2576 490 2597 terram
504 2569 562 2605 (Job
577 2577 622 2600 vrt,
639 2568 684 2601 l)?

161 2617 189 2645 9.
203 2617 312 2653 Tamen,
327 2616 431 2649 fratres,
444 2619 582 2649 antequam
597 2614 684 2642 veniat
698 2613 753 2640 dies
766 2613 909 2640 dedicatio-

124 2664 168 2693 nis
186 2663 295 2695 domus,
313 2662 448 2689 videamus
467 2661 527 2696 quia
543 2660 597 2695 jam
614 2660 761 2687 dedimtum
778 2663 818 2686 est
831 2663 910 2693 caput

125 2714 246 2737 nostrum
260 2717 268 2737 :
280 2708 334 2742 jam
354 2709 419 2734 facta
438 2711 479 2734 est
496 2705 627 2733 dedicatio
645 2704 739 2732 domus
760 2702 786 2731 in
805 2706 907 2739 capite,

125 2760 251 2789 tanquam
274 2752 405 2780 dedicatio
428 2751 598 2779 fundamenti.
620 2750 704 2786 Caput
724 2757 828 2777 sursum
851 2754 907 2782 est,

127 2800 327 2827 fundamentum
336 2797 459 2824 deorsum
472 2805 477 2823 :
492 2803 524 2823 ne
534 2795 600 2823 forte
614 2800 750 2830 propterea
760 2794 828 2821 male
837 2793 910 2820 dixe-

127 2847 208 2875 n‘utus
223 2845 421 2873 fundamentum
436 2850 495 2872 esse
512 2841 661 2877 Christum;
680 2842 783 2871 culmen
802 2845 842 2869 est
859 2848 908 2876 μοι

955 198 1024 233 tius,
1041 191 1158 224 ascendit
1178 198 1202 224 in
1222 198 1317 225 cadum
1328 220 1334 231 ,
1351 199 1424 226 sedet
1440 200 1472 226 ad
1490 200 1623 228 dexteram
1640 201 1735 229 Patris.

953 242 1004 270 Sed
1017 247 1078 277 puto
1090 250 1136 269 nos
1149 250 1200 270 non
1213 251 1326 271 errasse.
1340 245 1481 278 Apostolus
1490 245 1559 272 enim
1570 246 1635 273 dixit
1646 255 1652 273 :
1665 246 1737 274 Fun-

953 288 1094 314 damentum
1105 289 1168 314 enim
1180 288 1249 315 aliud
1260 298 1329 315 nemo
1341 295 1418 323 potest
1429 287 1528 324 ponere,
1539 297 1626 326 prteter
1635 293 1661 318 id
1670 295 1736 327 quod

954 334 1059 369 positum
1073 339 1120 366 est,
1134 334 1201 368 quod
1213 339 1249 361 est
1262 335 1336 361 Jcsus
1349 335 1460 362 Christus
1475 344 1484 363 .'
1496 337 1518 363 si
1531 339 1586 371 quis
1600 342 1682 364 autent
1694 348 1737 365 sn-

954 379 1156 412 pertedr'ﬁcavcrit
1170 387 1246 414 supra
1260 381 1449 415 fundamentum
1461 382 1517 414 Itoc,
1531 391 1629 415 aarttnr,
1644 392 1736 418 argen-

953 429 1020 457 tum,
1041 424 1136 458 lapides
1156 426 1284 458 pretiosos.
1305 426 1353 459 Qui
1377 426 1443 453 bene
1462 428 1568 461 vivunt,
1588 430 1631 463 qui
1655 429 1736 457 Deum

954 468 1083 496 honorant
1098 474 1123 496 et
1139 470 1255 502 laudant,
1270 472 1314 506 qui
1333 471 1461 505 patientes
1476 478 1536 499 sunt
1551 474 1576 499 in
1592 474 1737 501 tribulatio-

953 514 1040 546 nibus,
1056 514 1100 549 qui
1115 514 1266 542 desiderarrt
1286 516 1405 550 patriam,
1421 517 1469 550 ipsi
1484 517 1613 544 aedificant
1631 526 1735 553 aurum,

953 564 1100 593 argentum,
1118 559 1216 594 lapides
1230 561 1357 594 pretiosos
1373 570 1378 587 :
1394 562 1436 595 qtri
1449 567 1536 589 autern
1550 570 1637 590 anrant
1650 564 1736 605 adhpc

953 605 1098 637 szucularia,
1113 611 1137 632 et
1152 606 1264 640 negotiis
1279 607 1389 633 terrenis
1400 607 1523 642 irrrplicati
1536 614 1607 641 sunt,
1618 614 1645 636 et
1655 609 1736 637 dediti

953 654 1014 676 srrnt
1027 649 1136 677 vinculis
1148 650 1302 684 quibusdam
1317 655 1341 677 ct
1358 651 1492 678 affectibus
1506 653 1602 685 carnis,
1616 653 1737 682 domibus

953 694 1018 727 suis,
1034 694 1198 729 coniugibus,
1219 697 1436 736 possessionibus,
1453 701 1480 724 et
1499 702 1585 724 tamen
1602 698 1736 726 drtistiani

953 746 1024 774 sunt,
1039 742 1074 769 ita
1086 747 1113 769 ut
1126 750 1171 770 cor
1183 750 1274 770 eorum
1288 751 1339 770 non
1357 744 1462 771 recedat
1474 752 1487 771 a
1502 744 1615 778 Christo,
1631 750 1656 772 et
1671 746 1736 773 nihil

953 793 1107 822 praeportant
1117 787 1234 820 Christo,
1246 789 1376 823 quomodo
1390 790 1414 816 itr
1428 790 1582 817 mdilicando
1595 791 1658 818 nihil
1673 799 1737 826 prm-

954 833 1058 866 ponilrrr
1070 833 1255 866 fundamento;
1271 834 1397 861 aedificant
1411 835 1516 869 quidem
1531 836 1578 870 ipsi
1595 837 1673 871 ligna,
1701 837 1737 864 fe-

954 886 1031 911 rrunr,
1051 879 1172 913 stipulam
1186 888 1192 906 :
1207 879 1253 906 sed
1266 879 1327 914 quid
1346 885 1452 907 secutus
1466 882 1522 908 est?
1537 881 1738 919 Uniuscujusque

954 930 1015 956 opus
1028 923 1100 958 quale
1111 924 1142 950 sit
1156 924 1220 959 ignis
1235 924 1347 958 probabit
1358 933 1367 951 :
1378 925 1444 959 ignis
1458 926 1633 953 tribulationis
1643 932 1669 954 et
1681 933 1737 955 ten-

955 968 1069 995 tationis.
1082 969 1132 995 Iste
1143 969 1209 1004 ignis
1220 970 1317 996 mullos
1327 975 1455 1005 martyres
1467 971 1508 998 hic
1519 971 1646 1005 probavit,
1659 979 1737 1001 omne

954 1018 1040 1040 autem
1058 1022 1140 1048 genus
1162 1015 1303 1041 humanum
1324 1015 1416 1049 probat
1436 1016 1460 1042 iu
1481 1017 1540 1043 line.
1561 1017 1660 1044 Inventi
1677 1022 1738 1045 sunt

954 1064 1082 1094 martyres
1105 1060 1148 1094 qui
1172 1060 1299 1089 baberent
1323 1062 1371 1088 ista
1394 1062 1540 1089 sarculat‘ia.
1558 1063 1640 1095 Quam
1663 1064 1736 1090 multi

953 1106 1049 1133 divites
1068 1113 1094 1134 et
1112 1112 1248 1135 senatores
1269 1107 1337 1142 passi
1357 1108 1434 1135 sunt!
1455 1107 1632 1136 Edificabant
1650 1113 1737 1136 tamen

954 1154 1057 1189 quidam
1078 1161 1169 1181 eorutn
1185 1154 1268 1189 ligna,
1284 1155 1388 1186 fenum.
1413 1155 1536 1190 stipulam
1555 1155 1580 1182 itt
1600 1155 1737 1184 affectibus

953 1199 1097 1226 carnalium
1117 1205 1144 1226 ct
1163 1200 1326 1226 saecularium
1347 1207 1469 1226 curarum
1486 1209 1493 1227 :
1509 1200 1557 1228 sed
1577 1205 1662 1229 tamen
1677 1201 1737 1235 quia

954 1244 1087 1272 Christum
1101 1245 1297 1272 fundamentum
1311 1245 1442 1272 habebant
1454 1253 1533 1280 super
1545 1246 1614 1280 qrrod
1626 1246 1738 1274 {adifica-

953 1289 1025 1322 lrant,
1039 1290 1103 1317 arsit
1114 1291 1211 1323 fenum,
1233 1296 1258 1317 et
1269 1290 1318 1324 ipsi
1330 1295 1513 1317 remanserunt
1523 1291 1548 1318 in
1559 1290 1737 1318 fundamento.

953 1334 997 1362 Sic
1009 1335 1071 1363 dicit
1085 1335 1227 1369 Apostolus
1242 1345 1248 1361 :
1261 1335 1291 1362 Si
1304 1336 1375 1370 cujus
1388 1343 1451 1369 opus
1464 1336 1590 1368 inuaserit,
1603 1336 1739 1363 mercedem

954 1380 1057 1414 accipiet
1072 1387 1081 1406 :
1096 1384 1122 1407 et
1139 1380 1203 1406 nihil
1221 1380 1328 1414 perdet;
1344 1380 1403 1414 quia
1418 1380 1486 1413 quod
1506 1381 1615 1412 amavit,
1632 1380 1682 1408 hoc
1696 1381 1737 1407 in-

954 1424 1049 1451 veniet.
1070 1424 1136 1458 Quid
1156 1432 1218 1459 ergo
1234 1425 1282 1450 illis
1299 1422 1359 1451 fecit
1378 1424 1444 1459 ignis
1464 1425 1655 1452 tribulationis?
1673 1426 1738 1452 Pro-

954 1470 1025 1497 bavit
1038 1478 1094 1497 eos.
1111 1470 1141 1497 Si
1159 1471 1231 1505 cujus
1245 1479 1307 1505 apus
1328 1471 1505 1505 permanserit,
1521 1471 1657 1503 mercedem
1670 1472 1737 1498 acci-

954 1517 1003 1552 piet
1014 1525 1023 1543 :
1033 1517 1055 1543 si
1064 1517 1135 1552 cujus
1145 1525 1206 1551 opus
1219 1517 1315 1548 arserit,
1328 1517 1446 1542 damnum
1460 1517 1584 1551 patietur;
1595 1517 1648 1551 ipse
1657 1522 1738 1544 autent

953 1563 1035 1589 salvus
1043 1563 1098 1592 erit,
1107 1562 1142 1588 sic
1154 1562 1310 1596 tamenquasi
1325 1570 1369 1596 per
1383 1562 1463 1596 ignem
1477 1561 1497 1597 (Ι
1509 1562 1567 1588 Cor.
1581 1570 1618 1595 ιη,
1634 1563 1736 1598 11-15).

954 1608 1006 1635 Sed
1020 1608 1091 1634 aliud
1106 1612 1146 1634 est
1159 1608 1217 1642 igne
1233 1616 1283 1635 non
1299 1608 1372 1639 laedi,
1389 1607 1459 1634 aliud
1474 1615 1521 1642 per
1533 1608 1617 1642 ignem
1632 1608 1737 1636 salvari.

955 1654 988 1681 Et
1001 1654 1089 1681 unde?
1103 1654 1211 1688 Propter
1224 1654 1434 1681 fundaruentrrrn.
1449 1654 1504 1681 Non
1517 1654 1624 1681 recedat
1634 1662 1696 1689 ergo
1705 1654 1739 1682 de

954 1701 1034 1728 corde
1049 1700 1257 1727 fundamentum.
1271 1700 1330 1727 Noli
1349 1708 1429 1735 super
1458 1700 1544 1727 femrrn
1562 1707 1660 1734 ponere
1677 1700 1738 1727 fun-

954 1746 1105 1773 darrrcnturrr
1117 1765 1125 1778 ,
1141 1745 1190 1772 hoc
1204 1749 1260 1778 est,
1278 1745 1329 1771 troli
1349 1750 1510 1778 anteponere
1530 1745 1616 1772 fenum
1645 1744 1739 1771 funda-

954 1797 1053 1824 mento,
1068 1796 1096 1818 ut
1107 1791 1194 1818 fcrrtlm
1219 1791 1312 1819 habent
1326 1792 1438 1826 priurum
1452 1792 1538 1819 lucunt
1552 1791 1576 1817 irt
1590 1790 1669 1817 corde
1683 1795 1737 1822 tuo,

954 1843 981 1864 ct
994 1837 1136 1864 secundum
1147 1836 1267 1863 Chrisrus
1279 1846 1285 1863 :
1298 1837 1343 1864 sed
1358 1837 1444 1870 si,jarn
1459 1844 1510 1863 non
1522 1840 1608 1870 potest
1620 1836 1669 1862 nisi
1679 1842 1739 1862 esse

955 1883 990 1910 ibi
1006 1884 1092 1909 fenum
1104 1904 1110 1914 ,
1125 1882 1167 1909 vel
1184 1882 1295 1916 primum
1311 1882 1396 1910 locum
1412 1882 1445 1909 ibi
1462 1881 1557 1909 habeat
1568 1880 1698 1912 Christus,
1713 1886 1739 1908 et

957 1929 1042 1956 fcrturu
1063 1927 1216 1954 secundum.

975 1990 977 1993 ι
992 1974 1034 2001 lt).
1047 1974 1114 2008 Ergo
1129 1973 1325 1999 fundamentum
1337 1977 1378 1999 cst
1387 1971 1515 1999 Christus.
1527 1971 1664 2005 Quomodo
1673 1971 1736 2004 dixi,

956 2021 1104 2047 dedicatum
1121 2024 1161 2047 est
1174 2024 1252 2053 caput
1266 2023 1392 2049 nostrum,
1405 2018 1489 2052 ipsum
1502 2022 1580 2052 caput.
1592 2022 1633 2045 est
1647 2017 1739 2045 funda-

957 2069 1083 2092 mentum.
1095 2064 1146 2091 Sed
1160 2063 1355 2090 fundamentum
1368 2063 1490 2090 deorsum
1502 2058 1569 2090 solei
1579 2071 1649 2096 esse,
1661 2068 1739 2097 caput

956 2116 1043 2138 autem
1054 2117 1170 2137 sursum.
1186 2109 1312 2143 lntelligal
1325 2108 1454 2135 Sanctitas
1471 2113 1557 2136 vestra
1568 2109 1630 2143 quid
1641 2109 1736 2141 dicam,

956 2156 1075 2183 fortassis
1090 2154 1224 2189 ex'plicabo
1240 2154 1265 2180 in
1281 2154 1387 2181 nomine
1399 2154 1507 2181 Christi.
1522 2154 1639 2181 Pondera
1654 2155 1738 2189 gemi-

957 2210 990 2229 na
1008 2205 1077 2229 sunt.
1100 2200 1204 2227 Poudus
1217 2199 1286 2226 enim
1302 2204 1340 2226 est
1360 2200 1472 2234 impetus
1490 2199 1593 2234 quidam
1613 2199 1740 2233 cujusque

958 2248 1012 2280 rei,
1031 2248 1102 2274 velut
1116 2246 1235 2273 conantis
1249 2245 1281 2272 ad
1297 2246 1381 2272 locum
1396 2253 1472 2273 suum
1487 2254 1493 2271 :
1509 2245 1558 2271 hoc
1572 2249 1612 2272 est
1627 2245 1738 2278 pondus.

958 2293 1022 2320 Fers
1037 2292 1150 2327 lapidem
1167 2299 1244 2318 manu
1255 2312 1262 2324 ,
1278 2292 1375 2326 pateris
1390 2291 1509 2326 pondus;
1526 2291 1619 2324 prcutit
1633 2298 1740 2317 manum

958 2344 1044 2371 trram,
1060 2338 1119 2372 quia
1141 2338 1225 2365 locum
1245 2345 1321 2364 suum
1340 2337 1443 2371 quatrit.
1465 2336 1497 2363 Ει
1515 2335 1553 2362 vis
1571 2335 1661 2363 videre
1677 2337 1740 2371 quid

958 2384 1075 2419 quierat?
1089 2384 1220 2411 Subtrahe
1235 2391 1357 2415 manum,
1373 2382 1444 2409 vertit
1455 2381 1487 2409 ad
1504 2386 1598 2408 terr-am
1609 2402 1616 2414 ,
1630 2382 1740 2417 quiescit

959 2430 984 2457 in
999 2435 1066 2457 terra
1079 2439 1085 2456 :
1100 2430 1217 2464 pervenit
1230 2437 1281 2463 quo
1295 2428 1428 2461 tendebat,
1443 2427 1542 2455 invenit
1555 2427 1640 2455 locum
1652 2436 1739 2457 suum.

959 2476 1064 2503 Pondus
1078 2484 1140 2510 ergo
1155 2475 1217 2502 illud
1234 2480 1318 2501 motus
1334 2478 1390 2501 crat
1403 2474 1477 2509 quasi
1492 2479 1650 2509 spontaneus
1660 2495 1667 2506 ,
1683 2475 1741 2502 sine

959 2522 1059 2554 anima,
1075 2521 1131 2548 sine
1146 2528 1233 2547 sensu.
1249 2519 1316 2546 Sunt
1333 2519 1382 2546 alia
1396 2527 1455 2553 qua:
1468 2527 1573 2547 sursum
1587 2527 1678 2547 versus
1691 2527 1740 2555 pc-

959 2571 1016 2594 tunt
1031 2566 1126 2593 locum.
1147 2565 1264 2600 Namque
1282 2565 1304 2592 si
1322 2572 1415 2599 aquam
1436 2565 1525 2593 mittas
1543 2573 1622 2600 super
1636 2566 1721 2593 oleum
1733 2585 1741 2599 ,

960 2611 1075 2646 pondere
1089 2618 1137 2637 suo
1152 2611 1176 2637 in
1194 2611 1244 2638 ima
1260 2611 1352 2638 tendit.
1368 2610 1466 2638 Locurrr
1486 2611 1555 2638 enim
1576 2619 1650 2639 suum
1667 2619 1740 2645 qtae-

960 2659 1010 2691 rit,
1026 2657 1140 2684 ordinari
1154 2657 1247 2692 qtrterit
1262 2665 1269 2683 :
1282 2657 1344 2692 quia
1365 2661 1461 2691 przcter
1479 2657 1598 2684 ordinent
1617 2661 1656 2684 est
1674 2663 1741 2691 aqua

960 2711 1039 2738 super
1050 2702 1148 2730 oleum.
1165 2703 1252 2730 Donec
1269 2710 1332 2738 ergo
1351 2703 1438 2735 veniat
1457 2703 1489 2729 ad
1511 2703 1628 2730 ordinem
1649 2710 1740 2735 suum,

961 2749 1090 2784 inquietus
1107 2753 1192 2776 motus
1204 2753 1254 2781 est,
1268 2748 1353 2776 donec
1367 2753 1455 2777 teneat.
1469 2748 1553 2777 locum
1568 2756 1654 2777 suum.
1669 2747 1741 2775 Con.-

961 2798 1012 2827 tra,
1027 2793 1113 2821 oleum
1128 2793 1206 2820 funde
1220 2793 1269 2820 sub
1283 2801 1359 2828 aqua,
1376 2793 1448 2821 verbi
1462 2793 1554 2828 gratia,
1570 2791 1740 2826 quemadmo-

962 2840 1023 2868 dum
1035 2840 1058 2868 si
1070 2847 1115 2868 vas
1128 2839 1178 2867 olei
1189 2839 1265 2867 cadat
1277 2838 1303 2867 in
1314 2846 1419 2874 aquam,
1433 2839 1458 2866 in
1472 2838 1605 2874 abyssum.
1620 2837 1644 2864 in
1659 2844 1740 2869 rrrut'a.
