3988 6188
480 269 590 326 2‘23

485 395 540 438 et
575 382 866 452 frangatur,
894 391 998 432 non
1029 389 1089 431 se
1126 372 1319 444 patitur
1346 370 1520 427 oleum
1550 369 1749 424 subter.
1777 362 2052 434 Quomodo

482 487 615 542 aqua
642 485 801 541 super
827 467 1004 523 oleum
1030 465 1212 531 missa,
1235 462 1468 532 pondere
1491 460 1556 515 ad
1580 460 1684 513 ima
1707 458 1880 513 locum
1901 469 2053 512 suum

439 606 446 617 .
483 561 674 634 quierit
704 579 717 614 :
745 559 821 613 sic
844 557 1021 613 oleum
1049 555 1233 611 subter
1258 568 1447 624 aquam
1478 552 1652 607 fusum
1678 593 1693 616 ,
1726 548 1958 620 pondere
1986 547 2053 602 ad

484 668 689 711 summa
727 653 899 706 locum
926 664 1079 704 suum
1108 647 1316 719 quaerit.
1343 645 1400 701 Si
1428 659 1556 714 ergo
1586 643 1655 697 ita
1685 651 1765 698 est
1783 682 1797 706 ,
1828 640 2017 695 fratres
2035 678 2052 705 ,

487 761 590 816 quo
614 743 778 799 tendit
808 742 942 813 ignis
969 751 1022 797 et
1050 739 1218 810 aqua?
1245 738 1384 809 Ignis
1420 751 1629 791 sursum
1656 734 1849 801 fertur,
1880 732 2053 787 locum

484 849 638 890 suum
676 832 898 904 quaerit;
938 839 992 886 et
1021 845 1156 901 aqua
1193 829 1364 884 locum
1403 841 1556 882 suum
1595 825 1784 896 quaerit
1822 821 2056 893 pondere

487 940 606 981 suo.
632 924 789 995 Lapis
816 925 917 978 ima
943 922 1091 992 petit.
1114 930 1168 975 et
1193 920 1410 990 lignum,
1432 926 1487 972 et
1507 917 1786 980 columnae,
1812 923 1862 969 et
1892 922 2051 975 terra,

487 1016 625 1071 unde
650 1000 976 1071 aadiiicantur
996 1014 1107 1067 ista:
1127 1011 1314 1067 domus
1338 1028 1351 1061 :
1376 1010 1443 1065 de
1468 1008 1560 1063 illo
1579 1023 1703 1078 ergo
1724 1014 1847 1060 sunt
1864 1020 2056 1075 genere

486 1121 663 1162 rerum
683 1147 699 1171 ,
726 1121 845 1176 quze
883 1101 1115 1175 pondere
1147 1116 1244 1156 suo
1269 1100 1517 1155 deorsum
1548 1099 1802 1154 feruntur.
1832 1095 2054 1151 Manife-

487 1206 626 1251 stum
654 1204 734 1251 est
766 1209 892 1265 ergo
925 1193 1047 1248 ideo
1069 1192 1316 1248 deorsum
1348 1191 1589 1260 accipere
1624 1188 2017 1243 fundamentum
2037 1228 2053 1251 ,

488 1286 609 1355 quia
639 1283 871 1355 pondere
894 1298 992 1337 suo
1014 1281 1260 1337 deorsum
1286 1294 1469 1335 versus
1494 1279 1759 1342 feruntur;
1784 1285 1837 1332 et
1861 1276 1960 1331 nisi
1987 1276 2058 1330 sit

489 1374 630 1445 quod
669 1375 956 1436 sustineat,
998 1383 1162 1428 totum
1202 1372 1373 1438 cadit,
1404 1371 1522 1441 quia
1563 1379 1729 1425 totum
1763 1368 1830 1424 ad
1863 1378 2055 1424 terram

491 1465 678 1534 vergit.
706 1465 884 1519 Rebus
907 1479 1034 1535 ergo
1057 1463 1125 1519 ad
1149 1464 1248 1518 ima
1279 1461 1611 1517 tendentibus
1637 1462 1688 1516 in
1717 1461 1822 1515 imo
1847 1461 2056 1531 ponitur

492 1555 892 1611 fundamentum
922 1573 936 1610 :
966 1555 1198 1611 Ecclesia
1230 1568 1353 1609 vero
1386 1554 1475 1609 Dei
1512 1554 1563 1607 in
1599 1553 1705 1607 imo
1744 1552 1912 1622 posita
1940 1561 2057 1605 ten-

491 1646 569 1702 dit
598 1648 650 1702 in
677 1648 891 1703 caelum.
924 1645 1345 1702 Fundamentum
1375 1660 1499 1715 ergo
1530 1652 1769 1699 nostrum
1810 1642 1881 1698 ibi
1918 1640 2062 1712 posi-

497 1746 605 1791 tum
635 1745 750 1804 est,
793 1737 1044 1790 Dominus
1082 1745 1263 1790 noster
1298 1734 1452 1790 Jesus
1486 1734 1727 1789 Christus
1767 1732 1958 1789 sedens
1994 1732 2060 1786 ad

494 1825 765 1882 dexteram
796 1827 987 1881 Patris.
1019 1826 1073 1881 Si
1100 1841 1226 1896 ergo
1261 1824 1516 1879 intellexit
1545 1823 1807 1878 Sanctitas
1849 1830 2018 1877 vestra
2039 1861 2055 1886 ,

490 1919 609 1987 quia
644 1902 752 1988 jam
781 1916 1079 1973 dedicatum
1113 1927 1194 1972 est
1228 1916 1621 1971 fundamentum
1657 1923 1928 1979 nostrum,
1959 1928 2058 1967 au-
2115 1908 2120 1913 ’

446 2056 451 2067 .
490 2008 694 2063 diamus
722 2010 949 2063 breviter
973 2008 1260 2072 Psalmum,
1286 2018 1341 2063 et
1364 2006 1728 2063 decurramus.

561 2101 647 2156 11.
679 2099 827 2173 [vers.
856 2099 936 2172 2.]
978 2099 1226 2155 Exultabo
1254 2108 1333 2167 te,
1363 2099 1607 2166 Domine,
1634 2098 1868 2169 quoniam
1892 2113 2061 2152 susce-

492 2191 608 2262 pisti
632 2207 739 2256 me,
771 2207 860 2245 nec
877 2190 1175 2261 jucundasti
1202 2191 1427 2271 inimicos
1452 2206 1584 2244 meos
1609 2201 1758 2259 super
1785 2205 1883 2243 me.
1913 2189 2068 2256 Quos

494 2279 771 2335 inimicos?
802 2278 1052 2335 Judros‘t
1086 2280 1142 2335 In
1178 2280 1508 2335 dedicatione
1537 2280 1860 2335 fundamenti
1889 2279 2054 2349 ipsam

493 2369 879 2426 dedicationem
907 2369 1262 2439 intelligamus
1288 2369 1476 2425 domus
1504 2368 1713 2423 futurte.
1738 2368 1889 2435 Quod
1916 2369 2058 2423 enim

494 2459 689 2525 dicitur
712 2460 871 2516 modo
896 2475 961 2515 ex
991 2474 1215 2531 persona
1243 2459 1588 2528 fundamenti,
1616 2468 1738 2515 tunc
1763 2459 1967 2515 dicetur
1993 2475 2060 2515 ex

496 2566 721 2621 persona
756 2551 1018 2606 universae
1058 2551 1266 2607 domus.
1305 2550 1449 2620 Quos
1484 2567 1614 2622 ergo
1652 2551 1928 2606 inimicos?
1962 2550 2059 2606 Ju-

492 2641 657 2709 dteos,
685 2658 752 2698 an
780 2645 957 2715 potius
981 2643 1247 2699 diabolum
1273 2654 1327 2700 et
1349 2645 1564 2716 angelos
1587 2644 1721 2715 ejus,
1743 2644 1832 2714 qui
1855 2643 2060 2699 confusi

492 2733 886 2800 discesserunt,
916 2743 1192 2806 postquam
1220 2735 1471 2813 Dominus
1498 2734 1822 2791 resurrexit?
1850 2734 2063 2805 Prmpo-

491 2824 625 2879 situs
652 2826 836 2881 mortis
864 2825 1034 2882 doluit
1057 2827 1248 2882 victam
1278 2836 1521 2883 mortem.
1554 2826 1619 2881 Et
1646 2844 1746 2897 non
1764 2826 2062 2898 jucundasti

495 2918 721 2974 inimicos
746 2935 880 2974 meos
908 2908 1058 2991 super
1082 2936 1161 2973 me
1184 2935 1204 2975 :
1230 2920 1352 2990 quia
1378 2920 1547 2975 teneri
1570 2920 1707 2990 apud
1734 2920 1928 2975 inferos
1952 2936 2059 2975 non

493 3010 658 3078 potui.

564 3099 651 3155 12.
679 3099 827 3172 [vers.
859 3099 936 3172 3.]
966 3099 1180 3156 Domine
1207 3098 1344 3157 Deus
1371 3117 1539 3165 meus,
1564 3101 1775 3156 clamavi
1807 3100 1876 3154 ad
1906 3111 1953 3156 te
1971 3143 1986 3167 ,
2014 3112 2061 3156 et

490 3192 681 3245 sanasti
709 3207 786 3245 me
808 3206 827 3246 :
847 3193 1021 3247 oravit
1044 3193 1095 3247 in
1122 3202 1298 3248 monte
1327 3192 1581 3248 Dominus
1608 3202 1727 3249 ante
1756 3194 2057 3263 passionem

495 3284 703 3354 (Matth.
731 3299 883 3345 xxVI.
911 3283 1038 3355 39);
1080 3284 1283 3339 sanavit
1318 3299 1461 3341 eum.
1503 3284 1670 3352 Quem
1704 3285 1941 3349 sanavit,
1970 3284 2091 3356 qui-

496 3390 759 3445 nunquam
788 3376 1089 3446 mgrotavit,
1120 3375 1345 3430 Verbum
1378 3376 1541 3431 Deum
1561 3418 1576 3443 ,
1608 3376 1837 3432 Verbum
1864 3377 2057 3433 divini-

497 3464 695 3519 tatem?
736 3465 887 3531 Non,
930 3464 1023 3520 sed
1069 3474 1293 3520 mortem
1334 3465 1508 3520 carnis
1552 3466 1823 3535 portabat,
1869 3467 2060 3522 vulnus

497 3564 642 3611 tuum
683 3556 957 3626 portabat,
996 3566 1275 3612 sanaturus
1307 3567 1357 3613 te
1386 3557 1453 3613 de
1484 3558 1699 3613 vulnere
1732 3565 1841 3612 tuo.
1871 3558 2064 3614 Sanata

495 3657 578 3703 est
601 3656 777 3704 autem
812 3663 957 3704 caro.
986 3647 1242 3716 Quando?
1266 3648 1397 3704 Cum
1428 3649 1732 3705 resurrexit.
1760 3649 1895 3704 Audi
1925 3651 2067 3720 Apo-

494 3740 710 3808 stolum,
731 3740 855 3796 vide
875 3756 1053 3796 veram
1080 3741 1358 3798 sanitatem
1383 3759 1396 3795 :
1423 3741 1667 3814 Absorpta
1693 3751 1783 3810 est,
1810 3743 1903 3807 ait,
1934 3759 2065 3798 mors

497 3831 549 3884 in
570 3831 845 3886 victoriam.
872 3830 969 3887 Ubi
982 3825 1080 3898 est,
1101 3848 1258 3900 mors,
1284 3832 1485 3887 aculeus
1509 3832 1665 3886 tuus?
1688 3832 1771 3887 ubi
1792 3841 1882 3897 est,
1910 3849 2064 3896 mors,

496 3924 740 3993 contentio
768 3932 854 3976 tua
877 3922 937 3994 (l
962 3923 1079 3978 Cor.
1112 3940 1205 3989 xv,
1233 3922 1373 3995 54)?
1400 3924 1539 3995 Ergo
1563 3924 1811 3980 exultatio
1840 3924 1927 3979 illa
1960 3938 2061 3979 no-

499 4021 624 4067 stne
651 4020 774 4065 tunc
797 4013 900 4067 erit
923 4014 1090 4080 vocis,
1121 4013 1315 4070 Christi
1343 4015 1501 4070 modo
1527 4022 1609 4069 est
1633 4014 1901 4069 exaltatio.

568 4100 656 4159 15.
683 4101 833 4174 [vers.
871 4102 949 4177 4.]
988 4103 1236 4172 Domine,
1277 4107 1518 4161 reduxisti
1553 4104 1615 4160 ab
1647 4106 1821 4177 inferis
1846 4106 2067 4159 animam

497 4210 675 4248 nteant.
706 4193 820 4248 Non
850 4208 983 4263 opus
1010 4205 1092 4250 est
1122 4205 1180 4251 ut
1206 4208 1517 4269 exponetur.
1557 4197 1767 4253 Salvum
1802 4197 1960 4269 feciin
1988 4214 2067 4253 me

494 4301 526 4338 a
551 4284 959 4340 descendentibus
984 4285 1039 4340 in
1065 4285 1251 4342 lacum.
1279 4287 1377 4355 Qui
1403 4297 1526 4344 sunt
1550 4288 1639 4358 qui
1664 4287 1989 4343 descendunt
2013 4289 2065 4344 in

498 4377 706 4433 lacum?
729 4376 926 4433 Omnes
953 4385 1255 4447 peccatores
1286 4387 1581 4449 mergentes
1610 4379 1660 4434 in
1691 4378 2007 4449 profundum
2046 4396 2061 4434 :

498 4471 641 4524 lacus
666 4477 748 4526 est
774 4468 915 4523 enim
944 4467 1270 4538 profunditas
1297 4469 1496 4523 seculi.
1524 4470 1653 4537 Quae
1682 4478 1765 4526 est
1800 4471 1898 4525 ista
1939 4487 2064 4541 pro-

497 4559 726 4616 funditas
751 4558 969 4615 smculi?
991 4557 1322 4613 Abundantia
1348 4558 1569 4614 luxuriae
1588 4569 1641 4615 et
1666 4561 1912 4631 nequitiae
1937 4579 1950 4616 :
1975 4561 2067 4633 qui

496 4665 621 4720 ergo
641 4651 943 4707 libidinibus
967 4665 1084 4707 sese
1109 4649 1426 4719 immergunt
1445 4658 1501 4705 et
1523 4651 1744 4707 terrenis
1767 4651 2061 4721 desideriis,

497 4739 824 4796 descendunt
849 4742 901 4797 in
931 4742 1123 4797 lacum.
1153 4740 1305 4805 Tales
1332 4738 1600 4796 Christum
1629 4744 1889 4811 persecuti
1919 4754 2064 4799 sunt.

497 4831 601 4887 Sed
627 4832 750 4901 quid
777 4832 939 4888 dicit?
979 4833 1187 4889 Salvum
1224 4833 1382 4906 fecisti
1410 4850 1489 4889 me
1518 4849 1551 4887 a
1578 4831 1983 4891 descendentibus
2010 4836 2066 4890 in

499 4923 684 4978 lacum.

570 5016 655 5072 14.
678 5015 826 5089 [rem
866 5016 945 5090 5.]
974 5017 1185 5075 Psaltite
1210 5019 1446 5088 Domino,
1473 5019 1634 5075 sancti
1659 5020 1766 5091 ejus
1789 5027 1818 5075 ':
1839 5019 1958 5090 quia
1986 5035 2070 5076 re-

496 5107 727 5162 surrexit
760 5117 917 5178 caput
947 5118 1195 5176 vestrum,
1228 5109 1327 5167 hoc
1351 5120 1559 5182 sperate
1588 5110 2062 5177 membractetera,

497 5198 635 5268 quod
671 5197 862 5254 videtis
902 5199 955 5254 in
992 5201 1195 5270 capite;
1233 5201 1333 5257 hoc
1374 5211 1581 5273 sperate
1617 5204 1854 5259 membra
1876 5244 1891 5270 ,
1927 5203 2066 5275 quod

495 5289 792 5345 credidistis
817 5289 869 5345 in
897 5289 1091 5360 capite.
1121 5292 1466 5353 Proverbium
1495 5304 1576 5350 est
1601 5296 1873 5367 antiquum
1897 5306 1952 5351 et
1977 5313 2069 5353 ve.

499 5396 615 5435 rum
645 5398 659 5435 :
685 5379 784 5437 Ubi
810 5368 965 5451 caput
983 5421 999 5448 ,
1027 5390 1080 5437 et
1107 5389 1295 5437 ctetera
1322 5385 1578 5439 membra.
1605 5386 1848 5441 Christus
1878 5387 1930 5440 in
1956 5401 2067 5443 etn-

500 5476 607 5528 tum
635 5473 890 5540 ascendit,
916 5488 1022 5544 quo
1048 5488 1145 5529 nos
1172 5475 1398 5529 secuturi
1428 5490 1610 5531 sumus
1636 5494 1651 5534 :
1678 5492 1782 5532 non
1814 5480 2069 5533 remansit

502 5566 639 5636 apud
671 5565 865 5622 inferos
883 5606 898 5632 ,
927 5565 1254 5631 resurrexit,
1279 5565 1387 5635 jam
1416 5581 1520 5622 non
1547 5568 1800 5630 moritur;
1827 5582 1947 5621 cum
1978 5585 2067 5625 re-

496 5659 881 5715 surrexerimus
917 5665 972 5713 et
1009 5671 1138 5726 nos,
1177 5655 1286 5729 jam
1324 5671 1429 5713 non
1467 5658 1773 5713 moriemur.
1805 5655 1911 5713 Has
1942 5672 2066 5730 ergo

1701 253 1759 308 s.
1799 227 2161 308 AUCUSTINI
2188 244 2483 302 EPISCOPI

3600 246 3708 301 εει.

2160 358 2534 428 promissionrs
2569 358 2822 415 habentes
2841 401 2855 423 .
2885 358 3091 414 Psattite
3127 359 3353 421 Domino.
3380 363 3541 414 sancti
3563 365 3671 423 eius

2159 461 2205 504 et
2233 449 2533 518 conﬁtemini
2558 451 2810 505 memoriae
2830 451 3106 505 sanctitatis
3127 451 3252 520 ejus.
3280 452 3414 519 Quid
3437 463 3539 519 est,
3562 460 3724 521 con/i—

2159 542 2330 596 temini
2356 542 2641 597 memerita?
2666 542 2824 599 Obliti
2849 543 2988 598 enim
3014 543 3176 599 eratis
3198 559 3339 608 eum,
3367 544 3459 599 sed
3490 544 3604 615 ipse
3630 561 3729 601 vos

2159 648 2264 693 non
2289 643 2369 688 est
2393 632 2604 688 oblitus.

2228 726 2316 782 15.
2355 722 2503 798 [ven
2527 725 2606 798 6.]
2653 726 2901 793 Quoniam
2932 727 3009 780 ira
3051 727 3104 780 in
3130 727 3472 798 indignatione
3503 729 3634 798 ejus,
3679 738 3731 780 et

2157 817 2258 871 vita
2286 818 2338 871 in
2365 819 2623 871 uoluntate
2646 819 2773 889 ejus.
2801 817 2879 872 [ra
2920 819 2971 872 in
3013 819 3373 888 indignatione
3419 822 3685 889 peccaturi
3715 839 3731 876 :

2161 908 2272 975 Qua
2297 908 2380 964 die
2405 909 2628 973 ederitis,
2653 918 2810 964 morte
2829 911 3109 965 moriemini
3125 910 3273 980 (Gen.
3296 927 3354 977 tt,
3380 913 3487 980 17).
3518 912 3734 982 Tetige-

2161 1009 2305 1065 runt,
2333 1001 2525 1054 mortui
2551 1009 2693 1064 sunt,
2717 1001 2917 1055 dimissi
2943 1001 3012 1056 de
3042 1001 3305 1070 paradiso,
3337 1002 3458 1072 quia
3474 1003 3553 1056 ira
3576 1004 3630 1056 in
3651 1004 3706 1055 in

2159 1093 2448 1164 dignatione
2474 1093 2583 1162 ejus
2605 1107 2624 1146 :
2649 1092 2741 1148 sed
2770 1108 2875 1146 non
2907 1093 3022 1147 sine
3046 1107 3161 1162 spe,
3188 1096 3308 1162 quia
3334 1095 3434 1148 vita
3462 1094 3516 1148 in
3545 1095 3730 1148 aolun-
3786 1104 3791 1113 ‘

2163 1195 2263 1238 tate
2289 1186 2411 1255 ejus.
2441 1185 2577 1253 Quid
2622 1194 2722 1247 est,
2763 1186 2815 1239 in
2850 1186 3103 1240 uoluntate
3124 1187 3273 1256 ejus?
3299 1186 3413 1241 Non
3445 1187 3497 1241 in
3535 1187 3735 1241 viribus
3759 1192 3767 1199 ’

2163 1279 2378 1343 nostris,
2408 1291 2512 1331 non
2550 1277 2603 1332 in
2633 1277 2835 1335 meritis
2859 1278 3053 1332 nostris
3079 1295 3093 1331 :
3123 1278 3218 1333 sed
3259 1280 3381 1349 quia
3414 1280 3596 1344 volitit,
3624 1283 3719 1335 sal-

2166 1374 2263 1422 vos
2304 1383 2400 1422 nos
2429 1368 2577 1433 fecit;
2611 1384 2713 1424 non
2742 1370 2864 1440 quia
2896 1369 3036 1436 digni
3058 1386 3285 1426 eramus.
3318 1362 3431 1440 Quo
3477 1386 3556 1429 est
3590 1377 3732 1429 enim

2161 1467 2407 1529 peccator
2430 1459 2639 1530 dignus,
2676 1461 2775 1515 nisi
2813 1462 3105 1532 supplicio?
3148 1462 3319 1518 Vitam
3373 1466 3534 1520 dedit.
3579 1470 3641 1523 fit
3684 1466 3732 1523 si

2163 1549 2337 1618 impiis
2366 1550 2524 1603 vitam
2552 1550 2786 1617 donavit,
2813 1552 2937 1621 quid
2966 1562 3142 1607 servat
3169 1554 3451 1609 ﬁdelibus?

2237 1639 2327 1694 16.
2387 1638 2599 1711 Vespere
2658 1641 2997 1696 demorabitur
3053 1645 3220 1713 ﬂetus.
3287 1644 3457 1699 Nolite
3512 1645 3734 1711 timere,

2166 1731 2287 1801 quia
2324 1730 2531 1787 dixerat
2577 1732 2749 1799 nobis,
2782 1734 3032 1799 Psaltite;
3059 1745 3112 1790 et
3138 1735 3225 1791 hic
3266 1738 3492 1806 gemitus
3524 1748 3608 1793 est
3635 1757 3649 1792 :
3679 1741 3737 1795 in
3764 1798 3768 1801 _

2166 1823 2442 1893 psallendo
2488 1825 2792 1890 exsultatio,
2834 1826 2886 1880 in
2926 1827 3128 1882 orando
3175 1830 3415 1898 gemitus.
3464 1830 3631 1886 Geme
3666 1833 3743 1887 de

2167 1915 2536 1985 przesentibus,
2571 1916 2733 1984 psalle
2774 1915 2840 1970 de
2877 1916 3106 1971 futuris:
3134 1933 3226 1973 ora
3268 1919 3334 1974 de
3353 1936 3431 1986 re,
3462 1923 3626 1989 psalle
3668 1923 3743 1979 de

2164 2018 2276 2073 spe.
2317 2002 2533 2073 Vespere
2552 2004 2889 2059 demorabitur
2910 2007 3076 2076 ﬂetus.
3107 2006 3245 2073 Quid
3280 2019 3381 2073 est,
3420 2009 3633 2081 Vespere
3648 2014 3743 2065 de-

2164 2095 2441 2149 morabitur
2462 2097 2609 2165 ﬂetus
2629 2096 2655 2149 ῖ)
2681 2096 2911 2173 Vespera
2937 2098 2994 2152 iit
3017 2098 3230 2169 quando
3250 2102 3329 2155 sol
3349 2102 3560 2156 occidit;
3587 2103 3740 2158 Occi-

2164 2184 2244 2239 dit
2279 2184 2359 2240 sol
2390 2185 2458 2240 ab
2488 2185 2723 2252 homine,
2756 2186 2808 2241 id
2850 2196 2933 2243 est
2960 2189 3049 2243 lux
3078 2190 3163 2244 illa
3187 2190 3425 2260 justitize,
3460 2198 3741 2262 praesentia

2165 2278 2276 2333 Dei.
2325 2277 2446 2332 Ideo
2488 2280 2700 2349 quando
2737 2280 2991 2350 expulsus
3037 2291 3120 2337 est
3146 2282 3336 2348 Adam,
3382 2285 3508 2355 quid
3539 2286 3741 2342 dictum

2164 2378 2248 2423 est
2279 2368 2329 2423 in
2357 2368 2591 2425 Genesi?
2636 2368 2768 2426 Cum
2807 2370 3173 2427 deambularet
3200 2373 3338 2428 Deus
3372 2356 3423 2429 in
3453 2374 3696 2445 paradiso
3721 2397 3739 2444 ;

2164 2458 2231 2513 ad
2271 2474 2545 2529 vesperam
2585 2459 2955 2518 deambulabat
2998 2464 3136 2519 Deus
3177 2464 3325 2535 :jam
3363 2467 3452 2522 ille
3491 2480 3743 2538 peccator

2164 2557 2365 2605 texerat
2385 2565 2444 2606 se
2468 2551 2603 2606 intra
2625 2552 2843 2623 lignum,
2861 2554 3075 2609 nolebat
3092 2555 3270 2611 videre
3288 2557 3474 2613 taciem
3508 2561 3596 2614 Dei
3624 2559 3739 2626 (Id.

2164 2636 2332 2710 tu,8),
2353 2639 2590 2710 adquam
2606 2642 2835 2712 gaudere
2859 2655 3207 2700 consueverat
3230 2662 3247 2702 :
3267 2648 3532 2703 occiderat
3549 2646 3622 2704 illi
3643 2649 3744 2708 Sol

2159 2730 2397 2801 iustitiae,
2429 2747 2534 2788 non
2574 2735 2835 2804 gaudebat
2862 2736 2927 2790 ad
2955 2738 3294 2807 praesentiam
3328 2740 3443 2795 Dei.
3494 2741 3621 2798 lude
3647 2745 3742 2798 in-

2162 2822 2354 2878 choata
2379 2831 2461 2880 est
2485 2826 2658 2880 omnis
2686 2825 2790 2880 vita
2832 2826 2929 2880 ista
2955 2828 3212 2883 mortalis.
3260 2829 3479 2903 Vespere
3502 2834 3745 2889 demora-

2164 2913 2294 2975 bitur
2333 2916 2501 2985 ﬂetus.
2550 2916 2646 2971 Diu
2685 2917 2790 2972 eris
2836 2918 2887 2973 in
2920 2919 3065 2985 fletu,
3119 2936 3153 2975 0
3192 2936 3360 2992 genus
3410 2923 3694 2980 humanum
3725 2946 3744 2983 :

2164 3005 2397 3061 nasceris
2422 3006 2563 3062 enim
2594 3006 2662 3062 de
2686 3007 2874 3074 Adam,
2902 3020 2956 3065 et
2983 3010 3060 3065 sic
3087 3019 3170 3066 est
3198 3011 3391 3068 factum
3422 3030 3437 3080 ;
3469 3025 3522 3070 et
3548 3032 3645 3071 nos
3668 3033 3744 3072 ex

2164 3095 2331 3150 Adam
2360 3112 2562 3159 sumus,
2590 3106 2646 3154 et
2674 3107 2937 3170 quotquot
2979 3113 3230 3157 crearunt
3255 3103 3411 3171 filios,
3438 3115 3489 3160 et
3508 3110 3743 3163 creaturi

2164 3195 2307 3267 sunt,
2347 3201 2414 3241 ex
2460 3186 2626 3242 Adam
2680 3199 2819 3269 sunt,
2872 3205 2937 3246 ex
2990 3206 3097 3262 quo
3145 3203 3201 3248 et
3250 3194 3350 3265 ipsi
3388 3199 3554 3252 creati
3591 3212 3742 3254 sunt.

2174 3274 2387 3349 Vespere
2408 3277 2748 3333 demorabitur
2766 3281 2915 3350 ﬂetus
2933 3297 2953 3335 :
2970 3292 3017 3336 et
3040 3284 3091 3336 in
3112 3286 3411 3340 matutinum
3432 3290 3699 3342 exsultatio
3724 3306 3744 3345 :

2165 3366 2379 3436 quando
2417 3369 2646 3438 etaperit
2687 3370 2814 3424 oriri
2861 3370 3103 3427 ﬁdelibus
3154 3373 3264 3440 lux,
3306 3391 3424 3445 qua:
3470 3378 3747 3434 occiderat

2166 3459 2551 3528 peccatoribus.
2580 3459 2711 3515 Nam
2741 3461 2860 3515 idco
2880 3471 2934 3517 et
2958 3463 3214 3519 Dominus
3239 3465 3392 3521 Jesus
3416 3467 3661 3525 Christus
3685 3470 3743 3542 in

2165 3548 2424 3602 matutino
2471 3550 2759 3604 resurrexit
2785 3550 2850 3606 de
2892 3553 3137 3623 sepulcro
3165 3553 3378 3627 (Matth.
3426 3574 3617 3626 xxvm,
3657 3562 3742 3626 t),

2168 3646 2227 3692 ut
2263 3638 2402 3708 quod
2449 3638 2713 3695 dedicavit
2762 3641 2813 3696 in
2858 3643 3218 3713 fundamento,
3268 3646 3369 3702 hoc
3412 3651 3748 3717 prtnnitteret

2165 3729 2365 3785 domui.
2393 3729 2448 3786 In
2478 3732 2704 3788 Domino
2752 3745 2935 3790 nostro
2977 3751 3195 3807 vespera
3226 3738 3342 3806 fuit,
3371 3756 3473 3811 qua
3501 3730 3745 3813 sepultbs

2166 3829 2281 3886 est;
2311 3830 2366 3876 et
2392 3823 2726 3889 matutinum,
2755 3839 2861 3894 quo
2882 3831 3192 3896 resurrexit,
3231 3831 3386 3885 tertio
3408 3832 3494 3887 die
3523 3851 3537 3885 :
3566 3835 3747 3903 sepul-

2168 3919 2252 3967 tus
2279 3927 2340 3968 es
2373 3921 2428 3967 et
2453 3923 2509 3968 tu
2537 3929 2758 3984 vespere
2785 3915 2835 3969 in
2869 3917 3133 3985 paradiso,
3175 3927 3230 3974 et
3270 3924 3603 3979 resurrexisti
3630 3935 3742 3979 ter-

2168 4004 2242 4057 tio
2266 4002 2372 4058 die.
2397 4004 2694 4072 Quomodo
2755 4008 2909 4061 tertio
2952 4006 3083 4062 die?
3110 4009 3165 4065 Si
3212 4012 3465 4066 saeculum
3510 4014 3740 4083 cogites,

2168 4107 2303 4147 unus
2327 4092 2442 4148 dies
2470 4103 2553 4149 est
2599 4105 2721 4150 ante
2766 4095 2983 4166 Legem,
3038 4098 3301 4154 secundus
3325 4102 3423 4156 sub
3450 4103 3608 4174 Lege,
3634 4114 3745 4159 ter-

2169 4184 2272 4239 tius
2297 4185 2394 4240 sub
2421 4185 2619 4242 Gratia.
2640 4187 2791 4254 Quod
2813 4190 2985 4245 triduo
3006 4191 3096 4247 illo
3117 4193 3349 4249 ostendit
3372 4207 3530 4266 caput
3557 4207 3733 4267 tuum,

2168 4276 2270 4332 hoc
2292 4277 2463 4331 triduo
2486 4279 2665 4334 δωρειιί
2693 4280 2986 4335 ostenditur
3011 4282 3063 4337 in
3096 4292 3166 4338 te.
3194 4284 3453 4353 Quando?
3482 4288 3538 4343 In
3562 4298 3763 4357 matu-_

2170 4367 2280 4422 tino
2304 4369 2622 4438 sperandum
2654 4381 2754 4439 est,
2784 4373 3065 4429 ltctandum
3091 4384 3204 4441 est;
3246 4380 3338 4435 sed
3372 4380 3747 4448 perferendum

2167 4467 2248 4514 est
2272 4459 2452 4525 modo,
2481 4468 2536 4514 et
2560 4462 2897 4529 gemendum.

2239 4549 2326 4604 17.
2369 4547 2519 4621 [vers.
2566 4549 2644 4623 7.]
2685 4550 2795 4623 Ego
2821 4563 2987 4627 autem
3022 4556 3130 4611 dimi
3158 4557 3358 4613 inmea
3385 4558 3693 4617 abundantia
3727 4579 3753 4620 :

2170 4640 2293 4695 Non
2312 4643 2538 4697 movebar
2560 4644 2613 4698 in
2634 4654 2893 4700 teternum.
2918 4648 2975 4703 In
3004 4664 3106 4718 qua
3146 4650 3463 4707 abundantia
3492 4653 3625 4709 dixit
3645 4658 3753 4713 ho-

2169 4750 2258 4789 mo
2289 4752 2303 4788 :
2337 4734 2455 4791 Non
2481 4736 2710 4792 movebar
2731 4738 2784 4793 in
2808 4741 3088 4795 internum?
3116 4743 3482 4815 lutelligimus,
3527 4746 3747 4817 fratres,

2174 4842 2450 4896 personam
2480 4829 2695 4886 humilis
2724 4831 2976 4889 hominis.
3020 4834 3150 4902 Quis
3174 4835 3261 4892 hic
3288 4838 3443 4894 habet
3467 4838 3753 4896 abundan-

2172 4920 2332 4974 tiam?
2351 4919 2538 4976 Nemo.
2570 4923 2902 4979 Ahundantia
2928 4925 3159 4981 hominis
3177 4943 3295 4998 quae
3315 4928 3436 4985 est?
3455 4929 3748 4999 Erumna,

2170 5009 2460 5067 calamitas.
2507 5011 2613 5069 Sed
2660 5014 2850 5071 divites
2897 5014 3093 5072 habent
3142 5017 3568 5076 abundantiam?
3611 5021 3754 5078 Plus

2169 5116 2329 5180 egent
2355 5119 2551 5179 quanto
2576 5110 2695 5181 plus
2715 5111 2946 5168 habent:
2976 5112 3254 5170 desideriis
3281 5124 3571 5184 vastantur,
3595 5119 3756 5185 cupi-

2172 5199 2425 5256 ditatibus
2453 5199 2794 5273 dissipantur,
2842 5206 3120 5262 timoribus
3164 5209 3484 5275 cruciantur,
3532 5210 3753 5266 tristitia

2171 5293 2553 5349 contabescunt
2574 5312 2588 5348 :
2610 5312 2728 5365 qua:
2747 5297 2851 5353 illis
2869 5297 3225 5355 abundantia?
3252 5299 3583 5355 Ahundantia
3605 5310 3750 5367 erat,

2171 5386 2381 5456 quando
2401 5387 2716 5443 constitutus
2744 5401 2825 5445 est
2850 5390 3075 5447 homoin
3099 5391 3362 5464 paradiso.
3381 5393 3590 5463 quando
3614 5394 3753 5453 nihil

2170 5477 2461 5541 deeratilli,
2479 5477 2688 5548 quando
2715 5480 2820 5536 Deo
2835 5480 3140 5538 fruebatur:
3168 5483 3259 5539 sed
3275 5484 3425 5549 dixit,
3449 5482 3566 5538 Non
3587 5499 3765 5537 more-

2172 5568 2261 5622 bor
2277 5569 2329 5622 in
2349 5578 2611 5623 (sternam.
2639 5567 2916 5637 Quomodo
2933 5572 3095 5638 dixit,
3116 5573 3235 5629 Non
3264 5577 3491 5630 movebar
3516 5576 3567 5630 in
3591 5587 3748 5630 ceter-

2176 5667 2292 5714 ndm
2303 5660 2329 5714 .9
2341 5658 2559 5727 Quando
2578 5659 2801 5720 libcnter
2814 5663 3030 5733 audivit,
3047 5664 3273 5744 Gustate,
3286 5678 3332 5722 et
3358 5667 3492 5724 eritis
3506 5676 3754 5736 tanquam
