3988 6188
178 314 260 369 θὲῖὃ

180 430 233 480 dii
256 443 266 477 :
294 438 414 479 cum
460 422 599 477 Dens
622 421 841 485 diceret,
873 418 983 489 Qua
1020 416 1098 469 die
1119 413 1335 475 ederitis,
1361 421 1518 463 morte
1538 408 1721 461 morie-

182 517 278 568 mini
303 531 320 577 ;
341 523 393 568 et
421 514 680 577 diabolus,
712 511 829 564 Non
858 517 1010 561 morte
1036 504 1314 557 moriemini
1337 500 1485 571 (Gen.
1520 516 1593 561 Ill,
1620 500 1653 552 4
1680 508 1720 550 et

181 609 241 673 5).
269 603 503 658 Credens
530 618 655 671 ergo
683 602 755 655 illi
786 601 901 654 talia
933 595 1170 650 suadenti
1201 593 1334 647 dixit
1358 609 1371 644 :
1399 589 1520 644 Non
1559 605 1725 643 move-

181 702 252 752 bor
272 698 324 748 in
346 706 607 749 internum.
1458 676 1459 679 ﬁ

238 787 320 842 18.
349 785 496 859 [vers.
530 784 582 846 8,
610 781 690 853 9.]
719 780 820 835 Sed
860 781 979 847 quia
1010 793 1191 831 verum
1227 776 1429 830 dixerat
1455 773 1726 835 Dominus,

182 876 299 947 quod
354 876 623 929 ablaturus
653 881 796 927 esset
835 870 1063 939 superbo
1111 867 1249 937 quod
1306 865 1523 919 dederat
1550 862 1730 916 humili

181 967 372 1040 quando
414 982 533 1020 eum
564 965 790 1027 creavit;
829 962 1083 1030 sequitur,
1124 968 1178 1013 et
1215 957 1378 1011 dicit:
1410 954 1641 1019 Domine,
1681 954 1732 1006 in

186 1062 410 1112 voluntate
451 1066 537 1108 tua
584 1053 854 1131 praestitisti
897 1051 1063 1104 decori
1102 1066 1208 1102 meo
1258 1049 1524 1101 virtutem:
1552 1046 1602 1099 id
1631 1054 1732 1111 est,

186 1154 282 1221 quia
310 1166 416 1203 non
446 1165 510 1202 ex
542 1163 624 1201 me
654 1148 825 1201 bonus
845 1159 988 1199 eram
1020 1152 1072 1197 et
1094 1142 1262 1206 fortis,
1286 1144 1378 1194 sed
1409 1156 1470 1193 ex
1516 1151 1564 1193 te
1589 1153 1733 1192 eram

190 1256 231 1298 et
258 1244 469 1314 pulcher
492 1250 547 1295 et
573 1239 723 1293 fortis
743 1281 757 1303 ,
782 1237 955 1291 decori
982 1250 1099 1289 meo
1122 1234 1367 1287 virtutem
1397 1233 1734 1300 prmstilems,

192 1353 240 1388 ex
266 1335 530 1387 voluntate
580 1342 686 1396 tua,
738 1344 837 1398 qua
870 1342 953 1380 me
992 1320 1215 1380 feceras.
1257 1323 1323 1376 Et
1352 1333 1407 1375 ut
1433 1320 1739 1375 ostenderes

192 1421 475 1492 iuilti.'quia
527 1436 589 1473 ex
634 1419 902 1472 voluntate
951 1425 1035 1469 tua
1070 1415 1169 1468 hoc
1212 1429 1378 1477 eram,
1410 1409 1638 1465 Avertiin
1662 1411 1740 1478 [a-

193 1517 454 1568 ciemtuam
500 1528 531 1564 a
575 1527 671 1573 me,
710 1518 755 1561 et
786 1511 946 1579 factus
998 1522 1108 1560 sum
1150 1503 1488 1557 conturbatus.
1540 1500 1741 1554 Avertit

196 1624 297 1677 ergo
338 1606 525 1659 faciem
579 1604 646 1657 ab
693 1602 783 1655 illo
809 1616 964 1670 quem
1005 1597 1180 1653 emisit
1220 1596 1359 1650 foras
1406 1594 1471 1648 de
1499 1592 1741 1663 paradiso

198 1699 356 1770 (lbid.,
378 1699 494 1765 25).
526 1696 639 1749 .lam
685 1694 771 1748 hic
802 1693 1023 1762 positus,
1055 1690 1268 1752 clamet,
1303 1699 1356 1741 et
1384 1687 1524 1741 dicat
1556 1704 1568 1739 :
1594 1686 1672 1737 Ad
1696 1695 1742 1738 te

198 1789 400 1852 Domine,
424 1786 668 1846 clamabo,
700 1794 746 1836 et
766 1783 832 1835 ad
860 1781 1017 1835 Deum
1040 1795 1200 1832 meum
1220 1778 1536 1847 deprecabor.
1565 1776 1617 1829 In
1648 1791 1739 1843 pa-

199 1880 345 1934 radiso
370 1894 474 1932 non
522 1876 806 1940 clamabas,
851 1872 943 1927 sed
984 1871 1264 1931 laudabas;
1316 1884 1419 1921 non
1463 1866 1738 1936 gemebas,

197 1973 270 2026 scd
296 1970 554 2026 lruebaris
592 1987 603 2021 :
635 1968 761 2022 loris
785 1968 983 2035 positus
1010 1980 1180 2032 geme,
1227 1971 1280 2014 et
1306 1963 1495 2015 clama.
1522 1961 1745 2029 Protiin-

197 2071 302 2131 quat
327 2062 619 2124 tribulanti,
650 2060 737 2129 qui
776 2056 1007 2112 deseruit
1025 2054 1432 2124 superbientem.
1460 2051 1594 2105 Deus
1616 2053 1744 2104 enim

194 2152 396 2221 superbis
449 2150 649 2211 resistit,
694 2146 967 2200 humilibus
984 2154 1147 2196 autem
1173 2142 1259 2195 dat
1304 2142 1517 2212 gratiam
1542 2140 1742 2211 (Jacobi

197 2257 253 2303 Iv,
274 2239 342 2309 6).
370 2240 447 2292 At!
476 2252 541 2305 te,
568 2237 797 2301 Domine,
828 2234 1069 2297 clamabo,
1098 2241 1145 2285 et
1170 2232 1237 2284 ad
1265 2230 1425 2284 Deum
1464 2246 1626 2283 meum
1654 2231 1743 2282 de-

196 2334 435 2402 precabor.

255 2424 333 2478 19.
364 2422 510 2494 [rers.
558 2418 668 2491 10.]
702 2418 815 2473 Jam
845 2433 909 2472 ex
938 2432 1161 2486 persona
1191 2415 1398 2470 Domini
1445 2414 1544 2468 hoc
1573 2414 1747 2484 sequi-

197 2523 284 2577 tur,
317 2512 475 2582 ipsius
498 2509 817 2564 fundamenti
846 2509 1009 2561 nostri
1044 2526 1056 2562 :
1092 2508 1218 2572 Qua:
1246 2506 1437 2559 utilitas
1466 2506 1517 2558 in
1545 2505 1749 2574 sangui-

195 2623 248 2657 ne
268 2622 389 2668 meo,
438 2605 553 2655 dum
604 2600 847 2655 descendo
896 2601 948 2653 in
991 2600 1394 2669 corruptionem?
1440 2598 1572 2666 Quid
1622 2613 1748 2667 ergo

197 2695 336 2747 erat?
380 2692 444 2747 Ut
481 2700 740 2759 resurgat.
786 2689 839 2743 Si
895 2689 1033 2743 enim
1078 2687 1420 2751 dcscendero,
1465 2687 1652 2756 inquit,
1696 2687 1746 2739 in

198 2784 591 2854 corruptionem,
638 2781 683 2835 si
736 2781 814 2835 sic
842 2780 996 2835 fuerit
1025 2790 1269 2849 corrupta
1299 2792 1422 2832 caro
1452 2793 1589 2844 mea,
1616 2793 1749 2848 quo-

199 2875 335 2928 modo
395 2883 711 2928 cancrorum
768 2870 1044 2924 hominum
1107 2879 1163 2923 ut
1214 2870 1268 2923 in
1336 2868 1440 2921 ﬁne
1488 2877 1746 2937 resurgat,

198 2964 358 3032 utquid
389 2961 870 3031 ludisangniuem‘.’
893 2960 947 3016 Si
973 2960 1112 3015 enim
1132 2974 1235 3012 non
1266 2957 1422 3012 modo
1451 2972 1747 3027 resurgam,

199 3058 373 3111 nemini
413 3054 761 3119 annuntiabo,
819 3053 1082 3107 neniinem
1130 3051 1373 3105 lucrabor
1416 3067 1430 3104 :
1474 3058 1528 3103 ut
1574 3060 1747 3103 autem

198 3150 334 3203 alicui
383 3148 692 3203 annuntiem
748 3145 1006 3199 mirabilia
1054 3152 1160 3207 tua,
1204 3141 1384 3197 laudes
1427 3149 1560 3206 tuas,
1590 3141 1748 3195 vitam

200 3251 454 3307 :elernam,
482 3248 730 3310 exsurgat
764 3253 887 3293 caro
915 3253 1052 3302 mea,
1100 3253 1205 3291 non
1231 3245 1317 3291 eat
1352 3236 1404 3289 in
1451 3237 1750 3305 corruptio-

201 3348 329 3385 nem.
372 3332 504 3387 Nam
554 3331 597 3384 si
630 3331 747 3385 ierit
782 3327 1046 3408 quomodo
1094 3336 1403 3380 cancrorum
1457 3324 1748 3391 hominum,

198 3440 301 3491 qua:
342 3426 540 3479 utilitas
583 3423 645 3476 in'
665 3421 918 3492 sanguine
947 3419 1109 3474 meo?
1154 3417 1416 3487 Numquid
1442 3417 1753 3485 conﬁtebitur

199 3514 277 3567 tibi
298 3516 477 3583 pulvis,
509 3521 595 3566 aut
632 3512 944 3565 annuntiabit
972 3512 1222 3563 veritatem
1272 3508 1452 3562 tuam?
1478 3507 1752 3563 Confessio

200 3605 389 3672 gemina
414 3613 522 3668 est,
555 3611 645 3670 aut
690 3600 910 3671 peccati,
953 3608 1043 3653 aut
1100 3598 1287 3652 laudis.
1336 3598 1557 3665 Quando
1602 3599 1754 3653 nobis

202 3696 324 3750 male
348 3704 451 3757 est,
489 3696 540 3747 in
585 3691 1006 3751 tribtdationibus
1035 3691 1379 3745 conliteamur
1404 3701 1616 3759 peccata
1662 3707 1756 3745 no-

199 3796 291 3839 stra
313 3805 326 3851 ;
351 3786 567 3857 quando
598 3785 746 3839 nobis
772 3785 904 3839 bene
932 3793 1035 3849 est,
1068 3784 1119 3837 in
1158 3783 1505 3837 exsultatione
1539 3784 1756 3853 iustitia:

202 3880 534 3933 conﬁteamur
562 3877 765 3932 laudem
798 3877 905 3932 Deo
929 3894 941 3929 :
968 3877 1082 3930 sine
1103 3874 1435 3931 confessione
1462 3885 1632 3931 tamen
1654 3892 1757 3930 non

200 3971 371 4026 simus.

259 4064 344 4117 20.
377 4062 533 4136 [vers.
566 4059 674 4132 11].
703 4060 902 4113 Audiuit
926 4058 1185 4121 Dominus,
1208 4067 1254 4111 et
1282 4058 1510 4110 misertus
1543 4067 1613 4111 est
1644 4056 1758 4110 mei.

200 4154 506 4221 Quomodo?
548 4152 816 4206 Attendite
839 4152 854 4182 ¹
886 4150 952 4205 ad
982 4150 1367 4204 dedicationem
1417 4148 1624 4202 domus.
1656 4148 1765 4201 Au-

199 4245 344 4308 divit,
390 4254 445 4301 et
493 4245 743 4298 misertus
780 4254 882 4297 est.
935 4240 1180 4295 Dominus
1237 4245 1398 4311 factus
1446 4248 1519 4293 est
1562 4240 1765 4309 adjutor

196 4354 343 4392 meus.

198 4414 211 4429 ’
259 4431 344 4485 21.
392 4430 548 4503 [υετε.
599 4427 707 4501 12].
753 4427 885 4481 Audi
929 4428 1036 4497 jam
1066 4427 1230 4496 ipsam
1277 4425 1763 4480 resurrectionem:

200 4518 491 4575 Convertisti
516 4519 770 4588 planctum
796 4534 954 4570 meum
978 4519 1029 4570 in
1057 4515 1295 4587 gaudium
1313 4516 1456 4581 milii,
1482 4516 1767 4569 conscidisti

199 4628 390 4666 saccum
422 4627 613 4677 meum,
642 4618 685 4663 et
710 4609 967 4698 qccinxisti
988 4626 1064 4661 me
1093 4608 1281 4661 laetitia.
1302 4606 1428 4674 Quis
1444 4609 1525 4660 est
1546 4605 1768 4660 saccus?

197 4704 511 4760 ﬂortalitas.
542 4696 741 4756 Saccus
779 4700 846 4755 de
874 4700 1046 4768 capris
1089 4697 1366 4752 conﬁcitur
1396 4705 1451 4752 et
1474 4696 1540 4750 de
1575 4696 1767 4761 haedis,

198 4805 453 4864 etcapta:
487 4804 542 4848 et
570 4791 712 4847 haedi
761 4791 897 4845 inter
945 4796 1246 4859 peccatores
1268 4795 1532 4857 ponuntur
1557 4786 1767 4855 (Matth.

196 4905 314 4956 xxv,
339 4889 464 4959 52).
502 4885 757 4939 Dominus
793 4882 859 4937 de
897 4896 1115 4935 numero
1145 4888 1327 4934 nostro
1365 4892 1571 4932 saccum
1602 4878 1770 4931 solum

196 4985 420 5054 accepit,
456 4997 565 5035 non
595 4978 876 5047 assumpsit
896 4978 1140 5031 meritum
1171 4975 1331 5031 sacci.
1355 4973 1590 5028 Meritum
1612 4971 1770 5037 sacci,

197 5084 480 5141 peccatum
507 5079 590 5125 est
618 5085 631 5121 :
662 5082 845 5122 saccus
868 5067 1006 5132 ille’,
1029 5064 1319 5121 mortalitas
1347 5073 1447 5119 est.
1481 5064 1776 5131 Assumpsit

197 5175 417 5234 propter
445 5173 501 5217 te
527 5159 917 5220 mortalitatem,
947 5157 1033 5226 qui
1056 5155 1301 5211 meritum
1335 5154 1520 5209 mortis
1546 5168 1649 5207 non
1687 5151 1778 5205 ha-

197 5257 376 5310 bebat.
416 5251 668 5308 Meritum
713 5248 853 5303 enim
894 5247 1076 5300 mortis
1120 5247 1205 5299 ille
1250 5244 1406 5298 habet
1434 5243 1523 5312 qui
1554 5250 1776 5311 peccat:

198 5349 280 5402 ille
327 5355 524 5399 autem
566 5343 651 5411 qui
701 5355 804 5394 non
853 5339 1109 5408 peccavit,
1152 5352 1256 5391 non
1312 5336 1496 5390 habuit
1537 5335 1778 5389 meritum

199 5440 355 5495 sacci.
390 5438 524 5493 Alio
560 5435 679 5499 loco
718 5432 882 5503 ipsius
920 5440 1000 5485 est
1032 5444 1133 5484 vox
1172 5428 1433 5485 dicentis:
1462 5426 1573 5499 Ego
1620 5437 1813 5480 anteme

266 5641 284 5671 ι
313 5634 451 5687 εδδ,
486 5625 767 5689 Quomodo?
787 5620 986 5677 attendit
1009 5621 1073 5672 at!
1093 5622 1452 5688 dedicationem,
1475 5636 1570 5677 etc.
1593 5630 1658 5676 At
1679 5628 1787 5679 διεδ.

203 5697 473 5751 ιιιειιάὶιε.
570 5753 606 5759 _

265 5750 542 5819 'WAliquot
566 5753 676 5812 bis,
703 5750 774 5801 illi

1267 293 1654 354 ENARRATIO
1690 292 1755 348 IN
1792 292 2111 352 PSALMUM
2151 296 2316 353 XXX.

3293 301 3396 357 2.9.6

1832 423 1947 461 cum
1998 410 2119 463 mihi
2164 411 2354 465 molesti
2394 422 2573 477 essent,
2617 414 2877 468 induebant
2918 432 2995 469 me
3034 416 3196 471 cilicio
3228 416 3395 486 (Psal.

1832 514 2012 561 xxxiv,
2049 501 2156 569 15).
2186 501 2318 567 Quid
2351 513 2431 554 est
2474 503 2594 568 hoc,
2624 504 2887 557 induebam
2932 522 3010 558 me
3049 507 3210 561 cilicio
3232 508 3259 561 ?
3288 508 3399 563 lloc

1831 588 2161 656 opponebam
2207 593 2660 661 persequentibus,
2710 596 2847 664 quod
2896 586 3065 651 habeo
3101 597 3166 652 de
3206 598 3397 654 cilicio.

1833 676 1901 733 Ut
1923 678 2188 735 hominem
2229 682 2370 736 illum
2412 694 2687 752 putarent,
2727 686 3001 742 abscondit
3028 704 3085 743 se
3124 689 3190 743 ab
3232 690 3402 745 oculis

1834 775 2297 843 persequentium;
2327 777 2445 845 quia
2499 777 2693 847 indigni
2732 790 2880 833 erant
2905 792 3267 849 persecutores
3312 782 3400 851 qui

1834 865 2075 920 viderent
2102 866 2337 921 indutum
2367 868 2440 940 (η)
2471 870 2660 924 cilicio.
2693 870 2854 941 Ergo,
2881 874 3175 927 conscidisti
3200 890 3401 928 saccum

1836 972 2019 1023 meum,
2047 967 2091 1009 et
2113 958 2310 1011 cinxisti
2336 977 2411 1012 me
2428 960 2617 1013 lwtitia.

1906 1047 1995 1100 22.
2052 1046 2197 1119 [vers.
2235 1048 2344 1121 15.]
2402 1050 2468 1105 Ut
2517 1062 2679 1106 cantet
2709 1053 2795 1107 tibi
2829 1054 2991 1125 gloria
3027 1073 3169 1123 mea,
3218 1067 3263 1112 et
3294 1075 3394 1112 non

1837 1156 2163 1211 compungar.
2192 1141 2340 1209 Quod
2372 1142 2422 1196 in
2454 1144 2623 1211 capite
2643 1153 2755 1211 est,
2784 1146 2884 1199 hoc
2922 1147 2972 1200 in
2999 1163 3242 1218 corpore.
3269 1149 3404 1217 Quid

1838 1240 1936 1293 est,
1983 1247 2083 1284 non
2123 1236 2432 1303 compungar
2456 1230 2623 1289 ?‘.Jam
2650 1251 2751 1290 non
2799 1238 3013 1293 moriar.
3048 1240 3407 1309 Compnnctus

1838 1331 1920 1374 est
1948 1322 2086 1375 enim
2118 1338 2237 1375 cum
2283 1324 2334 1377 in
2379 1308 2535 1379 cruce
2568 1326 2848 1393 penderet,
2905 1327 3082 1382 lancea
3126 1308 3409 1399 percussus

1839 1419 1913 1465 est
1942 1411 2115 1483 (Joan.
2160 1428 2246 1465 κη
2271 1454 2284 1477 ,
2329 1415 2438 1481 54).
2467 1414 2636 1485 Caput
2660 1432 2785 1485 ergo
2814 1426 3049 1471 nostrum
3093 1420 3241 1484 dicit,
3286 1419 3408 1474 Non

1841 1517 2173 1573 compungar,
2200 1503 2307 1572 jam
2328 1519 2428 1558 non
2458 1506 2671 1560 moriar.
2702 1506 2807 1561 Nos
2828 1519 3005 1563 autem
3033 1510 3155 1579 quid
3187 1510 3410 1565 dicimus

1842 1601 2056 1661 propter
2093 1592 2475 1649 dedicationem
2525 1595 2754 1651 domus?
2783 1596 2896 1652 Non
2948 1612 3045 1653 nos
3095 1608 3412 1670 eompungat

1841 1684 2163 1738 conscientia
2200 1684 2428 1739 stimulis
2468 1698 2824 1755 peccatorum.
2878 1689 3223 1745 Dimittentur
3266 1691 3410 1745 enim

1842 1776 2037 1840 omnia,
2064 1786 2117 1830 et
2142 1785 2264 1831 tunc
2307 1777 2455 1832 liberi
2500 1779 2717 1833 erimus.
2755 1779 2821 1834 Ut
2856 1791 3022 1834 cantet
3062 1781 3175 1849 tibi,
3201 1782 3407 1852 inquit,

1847 1866 2011 1937 gloria
2036 1885 2165 1934 nica,
2197 1884 2299 1923 non
2327 1868 2613 1925 humilitas.
2636 1870 2696 1926 Si
2727 1881 2929 1939 nostra,
2953 1882 3006 1927 et
3028 1873 3217 1927 Christi
3249 1892 3262 1927 :
3290 1874 3411 1942 quia

1846 1974 2041 2029 corpus
2078 1959 2274 2014 Christi
2303 1977 2419 2015 nos.
2469 1962 2687 2030 Quare?
2715 1962 2845 2029 Quia
2888 1964 3130 2033 quamvis
3170 1963 3413 2019 Christus

1846 2050 2029 2105 sedeat
2058 2052 2110 2105 in
2138 2052 2293 2119 etelo,
2324 2053 2560 2109 dicturus
2586 2064 2668 2110 est
2709 2054 3020 2125 quibusdam
3059 2072 3072 2108 :
3114 2053 3335 2122 Esurivi,
3366 2063 3414 2109 et

1846 2145 2047 2199 dedistis
2080 2147 2202 2199 milii
2232 2147 2534 2200 nzandncare
2567 2146 2777 2219 (Matt/1.
2803 2164 2927 2213 xxv,
2952 2147 3065 2217 55).
3099 2148 3165 2202 Et
3200 2147 3267 2201 ibi
3307 2156 3411 2213 est,

1846 2245 1899 2290 ct
1928 2237 2014 2291 hic
2048 2254 2061 2290 :
2094 2237 2163 2290 ibi
2197 2237 2247 2290 in
2279 2252 2337 2293 se
2361 2280 2375 2305 ,
2414 2238 2495 2292 hic
2524 2237 2799 2319 in.nobis.
2841 2238 2976 2306 Quid
3021 2254 3147 2309 ergo
3184 2238 3294 2293 ait?
3348 2237 3416 2292 Ut

1847 2337 2008 2380 cantet
2032 2328 2119 2380 tibi
2167 2328 2329 2397 gloria
2352 2344 2488 2392 meo,
2525 2338 2571 2382 et
2617 2346 2715 2382 non
2745 2345 3072 2398 compungar.
3110 2328 3285 2383 Gemit
3322 2328 3415 2382 tihi

1850 2416 2115 2470 humilitas
2150 2433 2288 2483 mea,
2316 2418 2546 2473 cantabit
2577 2419 2668 2473 tibi
2693 2420 2857 2489 gloria
2886 2434 3021 2473 mea.
3045 2418 3161 2473 Jam
3186 2418 3237 2472 in
3265 2417 3369 2473 ﬁne
3398 2436 3411 2471 :

1852 2506 2081 2585 Domine
2107 2507 2244 2562 Deus
2267 2526 2423 2575 meus,
2456 2511 2506 2562 in
2541 2520 2778 2563 ceternum
2813 2509 3086 2578 conﬁtebor
3122 2510 3223 2562 tibi.
3276 2508 3413 2576 Quid

1849 2608 1948 2660 est,
1980 2599 2031 2651 in
2054 2608 2292 2652 internum
2313 2598 2579 2668 conﬁtebor
2598 2600 2683 2652 tibi
2702 2602 2727 2653 ἲ
2746 2600 2798 2653 In
2824 2608 3079 2653 :eternum
3100 2598 3319 2652 laudabo
3341 2606 3412 2663 te,

1848 2691 1969 2759 quia
2001 2690 2230 2744 diximus
2254 2706 2372 2745 esse
2397 2689 2784 2746 confessionem
2826 2701 2880 2746 et
2911 2691 2960 2745 in
2995 2689 3239 2745 laudibus
3262 2731 3277 2756 ,
3309 2704 3415 2743 non

1850 2790 2051 2836 tantum
2095 2782 2145 2835 in
2172 2782 2421 2851 chCatis.
2450 2782 2716 2836 Conﬁtere
2738 2796 2866 2852 ergo
2890 2780 3049 2836 modo
3082 2780 3220 2851 quod
3248 2789 3302 2833 tu
3331 2779 3415 2835 i'e-

1849 2874 1966 2929 cisti
1992 2874 2042 2928 in
2073 2875 2237 2929 Deum
2261 2916 2276 2937 ,
2311 2882 2364 2928 et
2396 2872 2730 2927 conﬁteberis
2756 2872 2879 2943 quid
2911 2872 3002 2926 tibi
3042 2870 3413 2935 feceritDeus.

1849 2965 1985 3034 Quid
2016 2965 2228 3020 fecisti?
2258 2966 2499 3019 Peccata.
2532 2964 2665 3032 Quid
2704 2965 2876 3018 Deus?
2903 2963 3187 3042 anﬁtenti
3229 2961 3419 3032 iniqui-

1851 3066 2010 3111 tatem
2057 3065 2199 3110 tuam
2239 3055 2455 3109 dimittit
2502 3056 2591 3109 tibi
2630 3064 2839 3125 peccata
2884 3064 3007 3118 tua,
3048 3062 3106 3108 ut
3146 3054 3194 3108 ei
3236 3062 3419 3122 postea

1850 3145 2030 3201 laudes
2056 3146 2221 3215 ipsius
2247 3146 2505 3201 conﬁtens
2552 3145 2603 3200 in
2638 3154 2890 3200 ceternum
2914 3186 2929 3212 ,
2958 3160 3064 3200 non
3094 3158 3418 3229 compunga-

1850 3237 1925 3292 ris
1953 3246 2190 3308 peccato.

2284 3443 2365 3504 IN
2405 3443 2782 3505 PSALMUM
2824 3444 3015 3505 XXX

2403 3561 2795 3617 ENARRATIO
2832 3562 2871 3617 l.

2100 3671 2165 3727 In
2188 3674 2355 3742 ﬁnem,
2384 3672 2622 3727 Psalmus
2646 3674 2742 3743 ipsi
2770 3673 2932 3727 David
2954 3677 3174 3743 ecstasis.

1928 3788 1980 3841 1.
2007 3786 2155 3859 [vers.
2189 3785 2265 3858 1.]
2298 3786 2351 3839 In
2383 3787 2537 3841 linem
2564 3786 2803 3840 Psalmus
2830 3786 2927 3854 ipsi
2972 3786 3135 3840 David
3162 3826 3177 3853 ,
3207 3786 3413 3842 media-
3476 3810 3481 3815 ν

1859 3878 1959 3932 tori
1985 3893 2141 3931 manu
2170 3878 2291 3931 torti
2323 3877 2374 3930 in
2418 3877 2891 3947 persecutionibus.
2932 3877 3062 3931 Nam
3088 3888 3139 3933 et
3167 3880 3420 3945 ecstasis,

1860 3984 1976 4039 quae
2006 3968 2179 4021 addita
2217 3977 2301 4022 est
2351 3967 2539 4034 titulo,
2583 3982 2863 4023 excessum
2911 3971 3102 4023 mentis
3128 3970 3421 4040 signiﬁcat,

1860 4076 1975 4130 qua:
2005 4060 2060 4112 ﬁt
2083 4059 2165 4113 vel
2195 4073 2410 4129 pavore,
2439 4059 2520 4113 vel
2549 4058 2721 4128 aliqua
2751 4059 3094 4115 revelatione.
3126 4061 3228 4116 Sed
3259 4062 3425 4118 inhoc

1864 4152 2066 4221 psalmo
2104 4166 2264 4220 pavor
2290 4151 2518 4205 maxime
2548 4160 2766 4220 apparet
2794 4153 3080 4221 perturbati
3114 4155 3291 4224 p0puli
3333 4157 3426 4213 Dei

1864 4243 2237 4313 persecutione
2286 4241 2520 4295 onmium
2557 4242 2820 4311 gentium,
2850 4254 2899 4298 et
2949 4243 3158 4300 defectu
3182 4246 3197 4276 ί
3219 4262 3311 4314 per
3337 4263 3429 4302 or-

1867 4335 1985 4389 bem
2024 4333 2165 4389 ﬁdei.
2209 4334 2313 4388 Sed
2336 4333 2480 4403 prior
2526 4334 2755 4403 loquitur
2778 4335 2889 4404 ipse
2914 4336 3208 4390 mediator:
3238 4337 3429 4393 deinde

1866 4427 2169 4497 redemptus
2209 4425 2462 4494 sanguine
2494 4425 2658 4494 ipsius
2696 4426 2917 4495 populus
2946 4428 3138 4495 gratias
3180 4428 3287 4497 agit
3318 4445 3331 4480 :
3363 4430 3429 4483 ad

1867 4528 2157 4573 extremum
2188 4515 2528 4585 perturbatus
2571 4515 2660 4569 diu
2705 4516 2955 4584 loquitur,
2985 4516 3122 4584 quod
3155 4517 3232 4578 ,ad
3263 4525 3431 4571 ecsta-

1869 4612 1967 4665 sim
1996 4610 2262 4679 pertinet:
2294 4607 2571 4677 Propheta:
2619 4622 2746 4662 vero
2780 4609 2943 4676 ipsms
2971 4622 3195 4677 persona
3238 4608 3320 4664 bis
3346 4609 3429 4665 in-

1870 4704 2182 4774 terponitur,
2219 4717 2378 4771 protie
2406 4702 2584 4767 ﬁnem,
2611 4710 2665 4755 et
2692 4702 2742 4754 in
2768 4701 2888 4755 line.

1939 4797 1991 4851 9...
2012 4796 2160 4868 [vers.
2186 4792 2265 4866 2.]
2292 4793 2358 4849 In
2385 4804 2448 4859 te,
2474 4793 2705 4857 Domine,
2722 4793 2934 4862 speravi,
2955 4809 3053 4846 non
3078 4796 3360 4865 confundor
3381 4797 3434 4851 in

1872 4898 2110 4943 wternum
2132 4903 2150 4940 :
2169 4886 2219 4940 in
2243 4895 2294 4940 te
2320 4885 2540 4939 Domine
2572 4882 2799 4952 speravi,
2826 4898 3091 4952 nunquam
3124 4886 3432 4953 confundar,

1873 4981 1996 5036 dum
2032 4989 2276 5048 tanquam
2314 4975 2513 5030 homini
2545 4974 2705 5028 simili
2742 4976 2951 5029 caeteris
2986 4976 3339 5033 insultahitur.
3372 4978 3437 5034 In

1865 5073 2065 5146 justitia
2112 5082 2198 5124 tua
2240 5084 2358 5123 erue
2377 5084 2493 5133 me,
2523 5076 2571 5120 et
2612 5067 2773 5121 exime
2797 5084 2876 5131 me
2902 5084 2920 5121 :
2947 5077 3001 5124 et
3043 5070 3093 5124 in
3133 5071 3439 5141 tuajnstitia

1876 5180 2004 5221 erue
2053 5177 2138 5216 me
2164 5160 2231 5215 de
2262 5158 2411 5213 fovea
2439 5158 2622 5212 mortis
2644 5198 2660 5224 ,
2693 5166 2747 5212 et
2771 5158 2943 5214 exime
2988 5175 3075 5215 me
3102 5160 3168 5215 de
3217 5177 3440 5217 numero

1878 5271 2081 5312 eorum.
2270 5304 2273 5305 ,

1954 5349 2007 5404 ’5.
2039 5346 2187 5419 [vers.
2217 5341 2295 5415 5.]
2324 5341 2526 5396 Inclina
2571 5342 2638 5395 ad
2676 5357 2753 5395 me
2774 5359 2946 5397 aurem
2987 5352 3120 5398 tuam
3149 5344 3438 5400 :humilem

1885 5457 1971 5497 me
1992 5437 2201 5503 exaudi,
2228 5435 2495 5506 proximus
2516 5433 2664 5488 mihi.
2694 5435 2924 5489 Accelera
2944 5446 2998 5489 ut
3019 5439 3205 5491 eximus
3230 5454 3307 5490 me
3328 5454 3348 5491 :
3377 5454 3444 5491 ne

1886 5530 2098 5587 differas
2126 5528 2178 5583 in
2206 5526 2363 5581 ﬁnem
2398 5525 2609 5590 smculi,
2662 5526 2795 5580 sicut
2844 5526 3077 5581 omnium
3120 5527 3441 5582 credentium

1954 5683 1971 5715 ⁸
1996 5683 2067 5731 sic
2080 5687 2187 5729 Mss.
2207 5684 2265 5727 at
2288 5675 2419 5734 edd.,
2435 5681 2480 5725 et
2500 5674 2725 5735 defectus.

1959 5742 2032 5803 (tt)
2056 5748 2209 5800 Forte,
2240 5737 2333 5789 nisi
2355 5737 2581 5787 indutum.
2604 5736 2609 5745 ⁴
