3988 6188
493 307 597 362 2‘27

497 416 648 482 mihi,
670 411 1080 483 segregatiom-m
1123 422 1290 461 meam
1317 422 1344 458 a
1374 405 1752 475 peccatoribus.
1786 401 1908 456 Esto
1937 401 2058 453 mihi

494 510 545 561 in
579 505 737 559 Deum
771 509 1095 572 protectorem
1135 514 1152 552 :
1186 494 1448 566 p'rotector
1491 496 1628 550 Deus
1667 493 1794 548 mihi
1823 501 1956 548 esto.
1990 489 2058 544 Et

495 601 545 652 in
572 597 772 648 domum
800 591 1013 660 refugii.
1047 598 1099 642 ut
1128 591 1319 642 salvum
1371 605 1447 641 me
1491 587 1648 656 {arias
1677 594 1770 638 :ct
1811 592 2058 653 tanquam
2101 573 2108 580 ’

504 688 699 748 Ionius,
729 699 832 751 quo
861 680 1123 749 refugiens
1143 681 1318 734 salvus
1345 680 1486 731 fiam.

565 778 616 831 4.
650 773 823 848 [vers.
846 772 924 844 4.]
969 772 1099 836 Quia
1135 771 1373 838 fortitudo
1405 786 1511 822 mea
1528 778 1572 820 et
1617 768 1866 838 refugium
1896 783 2057 820 meum

501 886 544 926 es
583 878 635 922 tu
666 882 689 922 .'
715 867 834 936 quia
863 865 1110 919 fortitudo
1140 879 1254 917 mea
1275 863 1338 915 ad
1366 861 1664 916 tolerandos
1694 868 2057 930 persecutores

497 974 661 1026 meos,
685 969 736 1013 et
765 957 1018 1026 refugium
1047 971 1217 1010 meum
1243 955 1307 1008 ad
1339 953 1708 1023 relinquendos
1745 962 1798 1006 tu
1830 952 1957 1007 mihi
1977 967 2055 1007 es.

499 1050 560 1104 Et
591 1061 788 1120 propter
830 1064 1006 1101 nomen
1033 1057 1169 1099 tuum
1211 1047 1315 1098 dua:
1339 1045 1458 1097 mihi
1485 1046 1598 1109 eris,
1627 1055 1673 1097 et
1703 1045 1916 1098 enntries
1944 1058 2058 1096 me:

495 1151 547 1196 et
570 1150 624 1194 ut
652 1155 743 1209 per
769 1155 852 1193 me
879 1141 1175 1192 innoteseas
1201 1137 1444 1191 omnibus
1468 1125 1734 1206 gentibus,
1761 1150 1853 1203 per
1882 1136 2058 1187 omnia

496 1247 686 1301 sequar
711 1231 1031 1283 voluntatem
1062 1237 1224 1291 tuam,
1257 1237 1309 1281 et
1332 1226 1577 1295 paulatim
1606 1224 1733 1278 mihi
1769 1225 2060 1294 aggregatis

500 1325 694 1376 sanctis
715 1320 1027 1390 adimplebis
1057 1333 1250 1388 corpus
1276 1333 1470 1384 meum,
1500 1326 1552 1370 et
1581 1315 1866 1384 perfectam
1893 1323 2058 1369 statu-

496 1431 607 1470 ram
630 1431 823 1468 meum.

567 1508 619 1562 5.
655 1505 674 1576 [
701 1522 826 1558 vers.
855 1505 907 1558 5.
939 1501 959 1575 ]
987 1501 1179 1556 Educes
1209 1517 1285 1554 me
1313 1499 1376 1554 de
1426 1496 1708 1568 muscipula
1755 1498 1872 1562 ista,
1905 1512 2054 1566 quam

495 1598 859 1653 occultaverunt
879 1595 1000 1646 mihi
1031 1609 1048 1646 :
1087 1592 1277 1646 educes
1317 1605 1401 1644 me
1438 1589 1503 1644 de
1533 1588 1738 1643 insidiis
1763 1588 1896 1653 istis,
1933 1602 2063 1657 quas

497 1687 888 1742 occultaverunt
913 1683 1062 1737 milii.
1094 1683 1344 1746 Quoniam
1387 1690 1439 1734 tu
1465 1697 1514 1734 es
1544 1672 1790 1749 protecto'r
1834 1694 1990 1731 meus.

569 1780 620 1832 6.
654 1775 825 1849 [vers.
881 1776 932 1830 6.
961 1773 981 1846 ]
1007 1774 1072 1828 In
1122 1791 1298 1829 manus
1345 1782 1455 1826 tuas
1501 1770 1791 1825 commendo
1834 1770 2066 1840 spiritum

497 1885 658 1922 meum
684 1886 704 1922 :
732 1867 972 1937 potestati
1003 1875 1104 1919 tum
1124 1863 1436 1919 commendo
1457 1863 1698 1932 spiritum
1735 1877 1931 1927 meum,
1961 1863 2065 1916 cito

498 1969 820 2029 recepturus.
857 1955 1122 2010 Redemisti
1149 1971 1244 2020 me,
1286 1953 1496 2006 Domine
1546 1951 1681 2006 Deus
1708 1952 1948 2004 veritatis.
1975 1951 2064 2004 Di-

497 2063 583 2107 cat
609 2061 662 2107 et
687 2051 902 2119 pepuius
930 2048 1236 2116 redemptus
1256 2046 1503 2116 passione
1532 2044 1739 2098 Domini
1757 2043 1858 2105 sui,
1890 2052 1943 2096 et
1973 2043 2063 2095 he-

501 2153 585 2197 tus
613 2141 986 2196 clarificatioue
1030 2139 1215 2208 capitis
1241 2137 1320 2190 sui
1355 2154 1368 2189 τ
1403 2135 1674 2190 Redemisti
1723 2152 1821 2197 me.
1855 2134 2068 2187 Domine

500 2233 637 2288 Deus
662 2232 902 2285 veritatis.
1318 2256 1346 2286 .

569 2327 620 2379 7.
648 2323 671 2397 [
696 2340 822 2376 vers.
853 2323 904 2376 7.
935 2319 955 2394 ]
989 2319 1148 2374 Odisti
1177 2320 1486 2374 observantes
1529 2318 1794 2371 vanitatem
1831 2332 2064 2386 superva-

498 2433 588 2471 cue
619 2432 638 2468 :
661 2414 813 2469 odisti
843 2412 1183 2466 observantes
1216 2411 1230 2442 ⁸
1261 2409 1441 2464 falsam
1461 2407 1833 2462 beatitudinem
1865 2407 2062 2461 saeculi.

499 2507 609 2579 Ego
633 2517 794 2559 autem
817 2507 866 2556 in
899 2503 1110 2557 Domino
1126 2501 1338 2572 speravi.

568 2599 620 2653 8.
649 2597 812 2668 [vers.
844 2594 918 2669 8].
950 2591 1253 2655 Exsultabo,
1282 2600 1328 2645 et
1343 2589 1664 2662 jucundabor
1687 2589 1739 2642 in
1769 2599 1854 2642 tua
1877 2588 2070 2641 miseri-

498 2689 670 2742 cordia
698 2703 854 2756 :quae
879 2700 965 2739 me
995 2699 1096 2738 non
1131 2677 1281 2735 fallit.
1337 2680 1468 2747 Quia
1523 2679 1784 2747 respexisti
1810 2678 2066 2732 humilita-

500 2789 596 2834 tem
626 2795 781 2832 meam
805 2794 822 2831 :
842 2792 946 2846 qua
971 2791 1055 2829 me
1081 2773 1292 2827 vanitati
1317 2772 1370 2826 in
1399 2785 1492 2840 Spe
1535 2770 1824 2840 subjecisti.
1862 2769 2069 2825 Salvam

500 2871 658 2942 fecisti
687 2870 748 2922 de
772 2867 1136 2921 necessitatibus
1160 2865 1380 2918 animant
1408 2879 1569 2917 meam
1603 2878 1620 2917 :
1648 2863 1844 2917 salvam
1901 2862 2068 2918 fecisti

500 2959 568 3014 de
597 2959 994 3013 necessitatibus
1021 2955 1223 3009 timoris
1248 2955 1476 3008 animam
1517 2969 1707 3018 meam,
1740 2962 1797 3007 ut
1826 2953 1916 3008 tibi
1945 2952 2070 3008 cha-

501 3050 654 3106 ritate
683 3045 844 3103 libera
864 3048 1074 3102 serviat.

573 3139 626 3196 9.
655 3138 823 3213 [vers.
853 3139 906 3194 9.
941 3136 959 3210 ]
994 3135 1104 3190 Nec
1151 3135 1434 3190 conclusisti
1455 3152 1534 3190 me
1560 3136 1611 3190 in
1642 3153 1819 3190 manus
1845 3136 2071 3192 inimici:

503 3249 600 3290 nec
625 3232 932 3288 conclusisti
961 3246 1066 3299 me,
1091 3239 1144 3284 ut
1173 3246 1274 3283 non
1305 3229 1553 3284 haberem
1578 3229 1774 3284 aditum
1805 3229 2070 3300 respiran-

501 3327 555 3381 di
579 3327 630 3380 in
660 3325 975 3387 libertatem,
1009 3331 1064 3378 et
1091 3323 1249 3377 darer
1275 3322 1327 3376 in
1357 3323 1730 3392 sempiternam
1755 3333 2067 3392 potestatem

502 3416 722 3480 diaboli,
749 3413 1034 3483 cupiditate
1080 3413 1234 3482 hujus
1260 3405 1383 3467 vitae
1433 3413 1780 3483 iliaqueantis,
1811 3422 1863 3467 et
1903 3423 2072 3469 morte

507 3506 773 3562 terrentis.
798 3503 1031 3559 Statuisti
1055 3503 1108 3555 in
1146 3503 1254 3556 loco
1277 3502 1498 3571 spatioso
1523 3503 1672 3574 pedes
1701 3518 1870 3558 meos:
1897 3519 2073 3558 resur-

507 3599 739 3655 rectione
763 3597 969 3667 cognita
1019 3595 1223 3650 Domini
1257 3595 1360 3650 mei
1408 3604 1461 3650 et
1484 3611 1598 3651 mea
1640 3597 1894 3665 promissa
1921 3597 2069 3666 mihi,

507 3690 762 3760 Spatiatur
788 3701 1104 3757 permanens
1143 3687 1193 3739 in
1232 3686 1558 3741 latitudinem
1610 3686 1867 3742 libertatis
1887 3687 1952 3741 ab
1977 3703 2070 3742 an-

506 3780 691 3850 gustiis
709 3778 908 3832 timoris
934 3777 1119 3832 educta
1145 3777 1376 3832 charitas
1392 3794 1527 3833 mea.

578 3873 663 3928 10.
691 3871 860 3944 [vers.
892 3869 1005 3944 10.]
1039 3871 1277 3926 Miserere
1301 3873 1415 3940 mei,
1446 3871 1680 3939 Domine,
1721 3873 1956 3942 quoniam
1985 3873 2074 3928 tri-

510 3963 672 4016 bulor.
701 3960 807 4015 Sed
835 3976 952 4030 qum
977 3969 1058 4016 est
1081 3961 1179 4015 ista
1207 3962 1469 4031 insperata
1500 3965 1921 4032 persequentium
1953 3980 2075 4019 cru-

510 4053 716 4113 delitas,
749 4065 996 4120 magnum
1042 4052 1168 4105 mihi
1213 4068 1461 4121 pavorem
1498 4053 1797 4108 incutiens?
1839 4053 2077 4107 Miserere

513 4142 627 4206 mei,
671 4139 901 4192 Domine.
931 4139 1044 4193 Non
1071 4141 1209 4194 enim
1231 4142 1296 4196 de
1326 4156 1495 4197 morte
1512 4143 1619 4211 jam
1640 4155 1859 4209 terreor,
1892 4144 1982 4197 sed
2010 4145 2076 4198 de

511 4233 828 4288 cruciatibus
872 4241 1029 4300 atque
1070 4224 1360 4287 tormentis.
1401 4233 1732 4288 Conturbatus
1781 4243 1852 4286 est
1902 4235 1952 4287 in
2000 4234 2076 4288 ira

513 4327 686 4379 oculus
713 4340 849 4377 meus
881 4339 899 4377 :
939 4323 1191 4376 habebam
1241 4326 1452 4378 oculmu
1505 4327 1554 4380 iu
1605 4335 1675 4389 te,
1706 4341 1809 4396 quo
1841 4340 1943 4379 non
1990 4342 2076 4382 me

513 4419 823 4481 desereres;
876 4416 1040 4470 iratus
1078 4430 1155 4478 es,
1170 4425 1224 4469 et
1248 4419 1568 4472 conturbasti
1601 4435 1742 4475 eum.
1762 4418 1942 4472 Anima
1968 4437 2078 4474 mea

517 4521 562 4564 et
591 4521 755 4565 venter
782 4525 918 4568 mens
943 4523 960 4561 :
987 4507 1042 4561 in
1090 4506 1273 4561 eadem
1332 4507 1406 4562 ira
1443 4509 1755 4564 conturbata
1794 4520 1875 4565 est
1903 4511 2075 4564 anima

517 4618 652 4665 mea,
677 4611 729 4656 et
759 4601 1010 4655 memoria
1069 4613 1170 4669 qua
1219 4599 1461 4654 tenebam
1491 4601 1611 4670 quid
1641 4618 1734 4671 pro
1784 4617 1868 4658 me
1898 4613 2076 4672 pertu-

520 4692 657 4756 lerit,
686 4701 736 4746 et
767 4691 888 4760 quid
920 4690 1046 4744 mihi
1071 4691 1370 4760 promiserit
1397 4690 1534 4745 Deus
1557 4708 1721 4747 meus.

588 4783 675 4836 11.
699 4778 720 4853 [
745 4797 873 4835 vers.
909 4782 990 4836 11.
1015 4779 1036 4854 ]
1070 4780 1317 4846 Quoniam
1343 4781 1518 4852 defecit
1539 4782 1590 4835 in
1619 4782 1790 4836 dolore
1814 4783 1910 4836 vita
1932 4801 2040 4838 mea
2060 4801 2078 4838 :

518 4871 766 4940 quoniam
793 4871 896 4923 vita
944 4887 1060 4927 mea
1099 4881 1182 4926 est
1209 4871 1446 4927 confiteri
1479 4881 1550 4938 te,
1589 4873 1680 4927 sed
1696 4873 1892 4928 defecit
1911 4875 1961 4928 in
1983 4875 2079 4930 do-

518 4965 652 5026 lore,
675 4976 793 5016 cum
819 4961 1038 5018 dixisset
1091 4964 1331 5020 inimicus
1356 4982 1369 5018 :
1401 4964 1767 5035 Torqueantur
1793 4963 1961 5021 donec
1986 4982 2080 5021 ne-

517 5051 742 5124 gent.Et
767 5053 886 5106 anni
911 5054 1006 5106 mei
1051 5054 1103 5106 in
1144 5056 1402 5125 gemitibus
1434 5071 1452 5109 :
1479 5067 1711 5142 tempora
1741 5073 1859 5126 qua:
1888 5073 1985 5128 ago
2026 5059 2079 5113 in

520 5149 620 5200 hoc
650 5145 862 5210 sarculo,
886 5159 989 5198 non
1023 5145 1148 5198 mihi
1185 5155 1354 5201 morte
1381 5147 1707 5216 auferuntur,
1725 5149 1817 5204 sed
1844 5157 2080 5214 manent,

517 5246 673 5305 atque
699 5235 749 5287 in
779 5234 1059 5304 gemitibus
1075 5246 1212 5288 sunt.
1236 5235 1530 5302 fn/irmatus
1559 5250 1627 5294 est
1648 5240 1698 5294 in
1719 5250 1929 5308 egestate
1944 5241 2080 5309 vigor

521 5343 657 5379 meus
689 5342 707 5378 :
747 5340 873 5394 egeo
888 5325 1110 5379 sanitate
1136 5325 1289 5394 huius
1307 5337 1562 5397 corporis,
1587 5346 1682 5386 nec
1714 5337 1941 5400 parcitur
1960 5347 2080 5386 cru-

520 5419 776 5480 ciatibus;
815 5432 943 5485 egeo
970 5417 1288 5472 resolutione
1313 5419 1568 5487 corporis,
1601 5429 1654 5476 et
1682 5423 1912 5490 parcitur
1939 5438 2080 5477 mor-

524 5515 559 5566 ti
595 5529 607 5565 :
655 5511 788 5566 etin
818 5510 914 5564 hac
938 5518 1168 5580 egestate
1196 5509 1458 5566 infirmata
1500 5522 1580 5568 est
1626 5513 1812 5570 fiducia
1853 5529 1992 5570 mea.
2019 5516 2081 5571 Et

585 5735 600 5765 ¹
627 5737 672 5780 tu
700 5730 908 5795 ιιυτὶὺιιε
929 5737 1051 5790 Mss,
1079 5733 1334 5792 sperantes.

1721 293 1773 348 S.
1819 287 2178 347 AUGUSTINI
2221 290 2517 346 EPlSCOPl

3623 298 3732 350 2911

2162 415 2273 455 ossa
2301 419 2406 456 mea
2435 404 2723 458 conturbata
2752 413 2866 475 sunt
2893 446 2904 460 .
2935 413 2988 461 et
3028 404 3244 462 firmitas
3285 389 3399 463 mea
3445 414 3734 465 conturba-

2165 501 2211 546 ta
2237 504 2335 546 est.

2233 585 2318 640 12.
2351 585 2514 659 [vers.
2548 588 2634 643 19..
2668 588 2877 664 ]Super
2922 607 3091 646 omnes
3138 590 3362 644 ininncos
3407 609 3542 646 meos
3568 597 3734 664 factus

2162 695 2272 734 sum
2298 682 2638 750 opprobrimn.
2679 683 2876 736 inimici
2925 683 3028 738 mei
3068 691 3191 737 sunt
3232 698 3416 738 omnes
3442 685 3646 754 iniqui;
3676 697 3733 741 et

2165 779 2336 826 tamen
2365 789 2458 842 pro
2486 773 2773 827 sceleribus
2801 774 2910 828 suis
2935 790 3098 844 usque
3113 775 3178 827 ad
3200 774 3585 834 confessionem
3616 786 3729 832 tor-

2162 875 2430 936 quentur:
2479 866 2718 936 superavi
2766 881 2890 937 ergo
2928 867 3271 936 Opprobrium
3306 883 3488 923 eorum
3511 909 3528 934 ,
3579 869 3733 939 cujus

2163 956 2546 1012 confessionem
2577 973 2678 1010 non
2703 972 2846 1011 mors
2881 957 3135 1026 sequitur,
3171 958 3263 1011 sed
3291 959 3552 1012 cruciatus
3584 959 3730 1015 inse-

2163 1049 2356 1118 quitur.
2389 1047 2454 1101 Et
2483 1048 2654 1101 vicinis
2691 1048 2812 1100 meis
2860 1047 3112 1101 nimium:
3159 1047 3375 1102 nimium
3419 1047 3519 1104 hoc
3563 1051 3731 1106 visum

2163 1149 2242 1194 est
2271 1140 2346 1192 eis
2371 1139 2457 1209 qui
2479 1139 2587 1208 jam
2622 1139 3038 1207 propinquabant
3064 1153 3383 1207 cognoscere
3400 1147 3450 1192 te
3474 1149 3528 1193 et
3551 1149 3732 1195 tenere

2166 1228 2320 1282 fidem
2343 1245 2497 1298 quam
2531 1239 2704 1283 teneo.
2737 1227 2800 1280 Et
2834 1229 2980 1290 timor
3015 1229 3142 1280 notis
3168 1229 3396 1282 meis:et
3441 1229 3570 1298 imis
3596 1234 3734 1286 notis

2164 1321 2298 1375 meis
2324 1320 2567 1389 exemplo
2597 1319 2872 1373 horribilis
2913 1318 3262 1373 tribulationis
3309 1335 3440 1374 mea:
3487 1320 3731 1374 timorem

2167 1412 2381 1466 incussi.
2414 1411 2509 1478 Qui
2543 1411 2769 1464 videbant
2808 1426 2904 1473 me,
2937 1410 3072 1478 {oras
3098 1409 3352 1480 fugiebant
3377 1426 3407 1462 a
3434 1425 3511 1463 me
3540 1425 3558 1463 :
3600 1425 3735 1478 quo-

2166 1505 2304 1558 niam
2370 1519 2476 1556 non
2540 1502 2896 1571 intelligebant
2964 1500 3266 1555 interiorem
3318 1509 3373 1555 et
3417 1499 3732 1555 invisibilem

2166 1609 2313 1663 Spem
2366 1608 2558 1655 meam.
2617 1592 2669 1646 in
2727 1592 2990 1646 exteriora
3033 1599 3087 1646 et
3131 1591 3353 1646 visibilia
3416 1590 3662 1661 fugerunt
3700 1608 3735 1646 a

2167 1699 2271 1738 me.

2237 1774 2322 1827 15.
2356 1771 2522 1844 [vers.
2575 1770 2706 1844 15.]
2740 1770 2937 1825 Oblitus
2981 1787 3132 1836 sum,
3157 1780 3392 1842 tanquam
3433 1783 3658 1826 mortuus
3700 1790 3737 1826 α

2167 1862 2316 1915 corde
2348 1871 2442 1916 :et
2464 1862 2610 1916 obliti
2641 1871 2759 1916 sunt
2807 1877 2910 1926 me,
2969 1869 3216 1931 tanquam
3271 1872 3508 1916 mOrtuus
3548 1864 3648 1916 sim
3698 1879 3732 1916 a

2167 1955 2325 2010 corde
2355 1955 2606 2024 ipsorum.
2635 1952 2824 2006 Factus
2866 1970 2975 2006 sum
3019 1964 3257 2024 tanquam
3310 1970 3394 2007 vas
3424 1954 3674 2023 perditum
3707 1970 3729 2007 :

2168 2047 2309 2099 visus
2329 2061 2442 2100 sum
2471 2045 2596 2098 mihi
2625 2043 2843 2113 periisse
2873 2042 3051 2096 usibus
3079 2043 3305 2107 Domini,
3334 2043 3512 2096 vivens
3541 2043 3591 2096 in
3626 2043 3728 2097 hoc

2168 2136 2380 2201 smculo,
2416 2145 2470 2188 et
2493 2133 3118 2199 nemiuemlucrifaciens,
3142 2148 3260 2187 cum
3283 2147 3467 2188 omnes
3489 2135 3736 2188 timerent

2169 2225 2438 2298 aggregari
2467 2223 2616 2278 mihi.

2241 2318 2329 2372 14.
2362 2313 2529 2388 [vers.
2562 2315 2649 2370 14.
2674 2313 2960 2389 ]Quoniam
2993 2315 3163 2369 audiri
3178 2316 3586 2386 vituperationem
3607 2318 3740 2369 mul-

2170 2419 2334 2463 torum
2361 2407 2688 2472 accolentium
2733 2407 2786 2460 in
2809 2407 3017 2461 circuitu
3045 2422 3064 2460 :
3091 2409 3336 2477 quoniam
3363 2407 3540 2463 audivi
3591 2409 3735 2463 vitu-

2170 2507 2521 2569 perantesme
2564 2497 2759 2552 multos
2813 2498 2867 2552 in
2923 2499 3343 2568 peregrinatione
3397 2499 3733 2568 hujusterraa

2166 2591 2314 2661 juxta
2335 2605 2441 2656 me,
2472 2597 2751 2660 sequentes
2801 2589 3077 2644 circuitum
3112 2599 3424 2659 temporum,
3453 2599 3504 2644 et
3530 2605 3738 2643 mecum

2172 2683 2224 2737 in
2250 2683 2472 2752 patriam
2501 2691 2751 2736 teternam
2780 2678 2951 2734 redire
2997 2689 3319 2734 recusantes.
3359 2678 3491 2732 Dum
3529 2696 3739 2752 congre-

2171 2784 2409 2846 garentur
2436 2773 2535 2842 ipsi
2563 2772 2714 2826 simul
2733 2753 2998 2825 adversum
3027 2787 3124 2836 me,
3143 2779 3196 2823 ut
3219 2771 3495 2841 acciperent
3517 2771 3742 2823 animam

2171 2883 2331 2920 meam
2360 2863 2607 2919 consiliati
2631 2872 2745 2918 sunt
2773 2878 2792 2916 :
2818 2871 2872 2916 ut
2895 2861 3218 2917 consentiret
3243 2861 3321 2916 eis
3357 2861 3531 2914 anima
3583 2875 3728 2923 mea,

2172 2973 2288 3028 quin
2319 2965 2489 3011 morte
2517 2963 2698 3027 posset
2741 2954 2807 3010 de
2858 2963 3120 3024 potestate
3152 2953 3360 3008 illorum
3391 2953 3543 3008 facile
3569 2954 3742 3014 exire.

2173 3048 2600 3118 excogitaverunt
2644 3045 2962 3112 consilium,
3015 3059 3119 3114 quo
3163 3058 3260 3099 nec
3285 3043 3419 3098 mori
3466 3057 3553 3098 me
3599 3042 3748 3098 sine-

2172 3147 2311 3194 rent.

2244 3227 2371 3302 15.[
2395 3243 2522 3282 vers.
2562 3227 2646 3282 15.
2674 3224 2696 3300 ]
2728 3225 2836 3298 Ego
2861 3235 3023 3279 autent
3073 3225 3125 3278 in
3165 3233 3212 3278 te
3238 3224 3454 3296 speravi,
3478 3222 3689 3278 Domine
3723 3242 3746 3286 ;

2173 3319 2281 3374 dixi
2309 3336 2328 3373 :
2371 3317 2446 3372 Tu
2469 3333 2519 3371 es
2548 3315 2685 3370 Deus
2732 3329 3035 3370 meus:non
3088 3313 3230 3369 enim
3287 3323 3519 3368 mutatus
3571 3327 3650 3380 es,
3682 3324 3750 3368 ut

2173 3428 2278 3467 non
2309 3401 2511 3466 salvum
2539 3407 2698 3462 facias
2722 3408 2809 3477 qui
2839 3406 3109 3462 emendas.

2245 3506 2332 3561 16.
2357 3503 2379 3578 [
2403 3521 2530 3559 vers.
2560 3503 2646 3561 16.
2676 3501 2698 3576 ]
2729 3500 2791 3556 In
2809 3502 3034 3556 manibus
3063 3502 3158 3555 tuis
3180 3510 3336 3556 sortes
3355 3516 3476 3555 mea:
3503 3516 3522 3555 :
3549 3501 3600 3554 in
3631 3515 3744 3570 po-

2175 3607 2364 3654 testate
2391 3606 2478 3651 tua
2505 3604 2626 3650 sunt
2650 3606 2820 3650 sortes
2851 3609 3001 3648 meae.
3052 3592 3164 3648 Non
3203 3594 3344 3648 enim
3371 3593 3535 3647 ullum
3574 3592 3739 3647 video

2175 3690 2444 3752 meritum,
2474 3702 2580 3759 quo
2602 3686 2668 3741 de
2699 3686 2946 3741 universa
2997 3683 3264 3754 impietate
3288 3685 3497 3755 generis
3523 3683 3750 3739 humani

2175 3798 2260 3837 me
2287 3781 2613 3851 potissimum
2635 3777 2836 3846 elegisti
2865 3776 2927 3831 ad
2953 3778 3177 3832 salutem
3209 3794 3222 3832 :
3253 3786 3306 3832 et
3331 3777 3374 3830 si
3416 3785 3499 3831 est
3520 3775 3658 3846 apud
3688 3786 3750 3831 te

2173 3873 2344 3944 justus
2374 3880 2428 3927 et
2464 3870 2702 3926 occultus
2748 3868 2879 3924 ordo
2924 3867 3201 3923 electionis
3249 3883 3401 3936 meas,
3433 3882 3531 3938 ego
3562 3877 3747 3922 tamen

2175 3983 2331 4038 quem
2362 3966 2462 4020 hoc
2488 3964 2634 4031 latet,
2663 3962 2727 4018 ad
2759 3962 2987 4017 tunicam
3017 3961 3220 4016 Domini
3249 3961 3354 4016 mei
3391 3970 3531 4015 sorte
3557 3976 3753 4030 perve-

2177 4058 2228 4114 ni
2253 4058 2270 4130 (
2297 4057 2452 4111 Joan.
2476 4073 2586 4121 six,
2615 4055 2686 4110 24
2707 4054 2746 4124 ).
2774 4052 2914 4107 Erue
2936 4069 3013 4106 me
3049 4052 3110 4107 de
3156 4051 3384 4106 manibus
3427 4051 3752 4105 inimicorum

2177 4165 2420 4212 meorum,
2453 4156 2498 4202 et
2526 4163 2557 4199 a
2585 4143 2984 4215 persequentibus
3005 4159 3100 4198 me.

2249 4235 2375 4310 17.[
2404 4254 2526 4291 vers.
2561 4237 2646 4290 17.
2673 4234 2694 4308 ]
2721 4234 2929 4289 Illustra
2959 4228 3135 4306 faciem
3183 4244 3320 4286 tuam
3365 4249 3516 4302 super
3543 4248 3750 4286 servum

2179 4339 2359 4382 tuum:
2389 4336 2564 4382 uotum
2590 4325 2672 4382 fac
2722 4325 3021 4380 hominibus
3069 4323 3155 4394 qui
3203 4338 3306 4378 non
3354 4331 3539 4392 putant
3565 4337 3652 4376 me
3672 4323 3752 4376 ad

2181 4433 2230 4476 te
2258 4421 2538 4492 pertinere,
2569 4433 2728 4488 super
2745 4433 2827 4472 me
2847 4431 2966 4472 esse
2993 4415 3352 4471 intendentem
3375 4413 3558 4469 faciem
3573 4423 3749 4481 tuam,

2179 4528 2368 4583 meque
2415 4511 2509 4566 tibi
2561 4511 2780 4565 servire.
2832 4507 3044 4563 Salvum
3098 4521 3177 4560 me
3221 4509 3304 4577 [ac
3360 4505 3414 4559 in
3459 4513 3544 4558 tua
3586 4503 3748 4558 mise-

2177 4605 2414 4659 ricordia.
3232 4590 3256 4624 δ

2251 4696 2334 4750 18.
2370 4693 2390 4766 [
2419 4710 2545 4748 vers.
2578 4693 2662 4748 18.
2690 4690 2710 4766 ]
2742 4690 2973 4755 Domine,
3021 4706 3120 4743 non
3160 4688 3462 4759 confundar,
3507 4686 3760 4759 quoniam

2180 4789 2400 4842 invocavi
2428 4783 2796 4847 te:Domine,
2850 4798 2953 4836 non
3009 4780 3320 4836 erubescam
3371 4779 3756 4834 insultantibus

2180 4877 2329 4943 milii,
2359 4892 2422 4931 ex
2451 4891 2515 4932 eo
2539 4874 2677 4947 quod
2707 4883 2758 4928 te
2779 4869 3366 4926 invocavi..Erubescant
3407 4870 3564 4939 impii,
3585 4881 3631 4923 et
3657 4868 3762 4922 dc-

2183 4970 2433 5023 ducantur
2451 4969 2503 5021 in
2531 4967 2781 5036 infernum
2809 4963 3160 5018 :erubescant
3200 4963 3376 5033 potius
3399 4963 3488 5032 qui
3543 4959 3761 5029 lapides

2181 5062 2445 5126 invocant,
2468 5069 2521 5116 et
2550 5057 2748 5113 umbris
2769 5056 3057 5110 socientur.

2252 5173 2338 5230 19.
2364 5169 2530 5244 [vers.
2557 5169 2643 5224 19.
2666 5167 2687 5242 ]
2712 5166 2856 5221 Muta
2907 5169 3178 5238 efﬁciantur
3220 5168 3353 5222 labia
3381 5165 3556 5221 dolosa
3577 5182 3596 5220 :
3622 5176 3757 5224 nota

2183 5266 2378 5322 faciens
2399 5263 2605 5336 populis
2630 5269 2955 5316 sacramenta
2983 5262 3034 5315 in
3061 5277 3145 5316 me
3171 5270 3275 5325 tua,
3307 5261 3385 5315 fac
3400 5260 3761 5329 obstupesce-

2181 5374 2241 5414 re
2269 5357 2402 5412 labia
2430 5353 2733 5424 fingentium
2752 5351 2820 5407 de
2841 5367 2925 5408 me
2956 5353 3102 5408 falsa.
3137 5352 3264 5420 Qua:
3280 5351 3548 5422 loquuntur
3571 5351 3762 5404 adver-

2181 5469 2267 5507 sus
2287 5452 2482 5520 justum
2498 5446 2824 5516 iniquitatem,
2852 5445 2905 5498 in
2941 5445 3171 5514 superbia
3195 5454 3240 5497 et
3283 5453 3565 5511 contemptu
3591 5457 3608 5494 :
3631 5458 3761 5510 qua:

2187 5545 2471 5613 loquuntur
2497 5536 2748 5592 adversus
2762 5535 3028 5590 Christum
3055 5535 3407 5606 iniquitatem,
3431 5532 3752 5603 superbien-

2174 5629 2305 5698 tes,
2345 5641 2400 5688 et
2463 5637 2860 5688 contemnentes
2935 5638 3177 5698 tanquam
3231 5625 3496 5685 hominem
3543 5629 3760 5684 crucifi-

2185 5744 2335 5785 sunt.
