3988 6188
231 298 332 354 229
1319 291 1709 350 ENARRATIO
1745 291 1796 347 lt‘

1906 289 2168 348 SALMUM
2207 292 2374 348 XXX.

295 410 381 464 ‘20.
456 424 580 462 vers.
603 409 693 475 9.0,
723 409 812 464 9.1.
843 409 861 477 1
895 410 1058 478 Quam
1102 424 1283 478 magna
1325 407 1588 460 multitudo
1616 395 1786 459 dulce-

223 500 498 560 dimstuaz,
533 498 746 553 Domine
770 517 788 554 :
815 492 1068 554 etclamat
1120 499 1202 551 hic
1236 497 1494 566 Propheta
1528 498 1623 550 ista
1671 511 1788 550 cer-

225 603 376 652 nens,
402 598 456 642 et
483 589 682 644 mirans
706 606 860 660 quam
885 590 1058 643 multis
1080 589 1246 642 modis
1262 589 1473 656 copiosa
1502 598 1583 641 est
1607 587 1791 640 dulce-

222 683 294 734 do
317 693 428 748 tua,
461 682 702 736 Domine.
728 681 887 749 Quam
903 682 1204 734 abscondisti
1222 679 1507 734 timentibus
1528 665 1611 734 te:
1627 679 1783 732 etiam

223 788 316 829 eos
341 786 478 842 quos
506 773 776 839 emendas,
806 772 1026 825 multum
1082 786 1262 835 amas;
1303 770 1394 824 sed
1448 785 1512 824 ne
1538 769 1790 824 dissoluta

223 865 508 920 securitate
534 863 881 933 negligentius
924 873 1101 932 agant,
1143 861 1424 916 abscondis
1455 861 1522 915 ab
1569 861 1647 915 eis
1677 860 1792 914 dul-

224 956 467 1010 eedinem
490 955 688 1008 amoris
712 954 824 1020 ,tui,
854 955 1044 1022 quibus
1082 953 1205 1007 utile
1243 963 1323 1006 est
1351 953 1535 1008 timere
1567 963 1635 1007 te.
1672 952 1794 1006 Per-

223 1051 286 1117 [et
301 1047 384 1099 isti
412 1047 724 1117 sperantibus
742 1049 793 1101 in
825 1057 871 1100 te
901 1063 919 1100 :
951 1045 1211 1116 perfecisti
1255 1059 1427 1100 autem
1457 1047 1593 1100 hanc
1618 1045 1793 1099 dulce-

222 1138 399 1192 dinem
417 1137 750 1206 sperantibus
767 1137 816 1190 in
841 1146 890 1191 te
914 1153 928 1201 ;
956 1151 1057 1190 non
1080 1137 1218 1192 enim
1242 1136 1507 1190 subtrahis
1525 1137 1600 1190 eis
1620 1136 1757 1206 quod
1775 1137 1789 1166 ί

229 1245 392 1300 nsque
418 1231 471 1283 in
505 1229 661 1284 ﬁnem
698 1239 1099 1298 perseveranter
1147 1238 1470 1298 cxspccmnt.
1506 1227 1568 1282 In
1589 1244 1796 1296 conspe-

225 1329 305 1373 ctu
329 1319 554 1388 ﬁliorum
576 1320 870 1373 hominum:
899 1336 1001 1374 non
1026 1321 1165 1374 enim
1186 1321 1305 1374 latet
1327 1320 1462 1374 ﬁlios
1492 1319 1786 1383 hominum,

223 1410 328 1480 iam
353 1423 458 1464 non
487 1409 776 1464 secundum
807 1411 994 1475 Adam,
1045 1411 1135 1465 sed
1164 1410 1449 1464 secundmn
1500 1410 1662 1464 ﬁlium
1697 1410 1791 1462 bo.

228 1501 382 1555 minis
408 1501 666 1562 viventes,
692 1501 973 1555 Abscondes
1000 1519 1084 1556 eos
1112 1503 1160 1555 in
1189 1502 1476 1564 abscondito
1500 1503 1666 1556 vultus
1697 1503 1790 1568 tui,

227 1605 381 1661 quam
409 1591 590 1646 sedem
622 1603 922 1661 perpetuam
950 1607 1129 1646 serves
1158 1593 1206 1645 iu
1238 1592 1550 1646 abscondito
1571 1594 1792 1647 ‘notitia:

230 1693 331 1737 tuze
360 1685 699 1754 sperantibus
727 1685 778 1738 in
829 1694 898 1739 te.
931 1684 971 1737 Α
1002 1685 1376 1740 conturbatione
1415 1687 1670 1740 hominum
1693 1702 1711 1738 :
1737 1697 1792 1740 ut

230 1775 328 1848 jam
358 1777 556 1832 nullam
588 1777 866 1832 humanam
898 1779 1350 1834 conturbationem
1383 1781 1664 1849 patiantur.

295 1867 380 1924 21.
416 1855 659 1941 Protetjes
688 1887 770 1925 eos
795 1872 846 1925 in
863 1873 1180 1925 tabernaculo
1209 1881 1312 1940 tuo,
1342 1890 1372 1925 a
1398 1865 1790 1927 contradictione

232 1960 516 2033 linguarum
543 1977 562 2016 :
587 1961 682 2018 sed
711 1963 794 2018 hic
819 1964 1026 2017 interim
1054 1963 1176 2017 dum
1207 1965 1282 2018 eis
1313 1965 1579 2019 maledica:
1601 1965 1792 2033 lingua:

231 2052 538 2122 obstrepunt
565 2053 818 2119 dicentes,
878 2054 1006 2120 Quis
1048 2053 1149 2108 hoc
1197 2055 1360 2118 novit,
1409 2055 1638 2123 autquis
1667 2053 1790 2108 inde

231 2145 368 2199 venit
390 2144 418 2199 ἲ
442 2153 686 2216 proteges
706 2160 800 2200 eos
821 2144 873 2199 in
892 2146 1230 2201 tabernaculo
1247 2146 1364 2200 ﬁdei
1387 2131 1564 2200 earum
1592 2161 1789 2211 rerum,

231 2249 358 2304 quas
384 2235 640 2291 Dominus
683 2251 779 2306 pro
822 2237 976 2291 nobis
1015 2237 1374 2306 temporalitcr
1399 2239 1561 2308 gessit
1587 2247 1640 2293 ct
1669 2253 1792 2307 per-

453 2432 579 2472 um.
607 2415 700 2472 2‘2.
727 2416 748 2491 ]
789 2417 1084 2473 Benedictus
1131 2418 1397 2485 Dominus,
1429 2420 1664 2490 quoniam
1691 2420 1788 2473 mi-

227 2508 441 2578 riﬁcauit
469 2509 858 2563 misericordiam
884 2527 1024 2564 suam
1053 2512 1104 2564 in
1133 2511 1328 2565 civitate
1360 2512 1747 2566 circumstantite
1775 2526 1794 2565 :

226 2596 537 2656 benedictus
584 2599 856 2666 Dominus,
896 2600 1145 2669 quoniam
1200 2609 1316 2670 post
1367 2601 1791 2656 emendationem

227 2689 600 2745 acerrimorum
628 2691 1073 2758 persecutionum,
1104 2693 1348 2768 omnibus
1391 2693 1681 2747 mirabilem
1715 2694 1792 2747 l‘e-

227 2783 294 2834 cit
321 2781 739 2836 misericordiam
787 2796 933 2835 suam
965 2798 1058 2851 per
1080 2782 1263 2837 orbem
1303 2791 1584 2847 terrarum,
1614 2785 1663 2837 in
1686 2787 1793 2838 eir-

228 2875 367 2926 cuitu
393 2871 667 2928 societatis
695 2860 957 2926 humanm.
1027 2879 1035 2886 ’

445 2979 571 3018 vers.
596 2964 686 3018 25.
717 2962 738 3037 ]
767 2963 874 3033 Ego
901 2965 1007 3018 dixi
1052 2966 1104 3017 in
1139 2967 1317 3020 ecstasi
1354 2983 1462 3020 mea
1493 2983 1512 3020 :
1544 2966 1681 3022 unde
1710 2969 1796 3024 ille

229 3054 448 3125 populus
477 3055 670 3110 iterum
701 3055 938 3125 loquens,
961 3057 1066 3110 ait:
1092 3057 1200 3127 Ego
1226 3057 1332 3111 dixi
1357 3059 1406 3112 in
1437 3075 1627 3128 pavore
1648 3075 1790 3127 meo,

229 3163 341 3200 cum
388 3146 716 3202 horribiliter
758 3157 942 3217 gentes
989 3149 1040 3201 in
1086 3165 1170 3203 me
1227 3150 1493 3204 saevirent.
1529 3150 1790 3219 Profectus

228 3255 332 3291 sum
353 3257 384 3291 a
413 3241 545 3309 faeie
565 3238 824 3292 oculorum
844 3248 1039 3292 tuorum
1068 3255 1086 3294 :
1114 3255 1214 3293 non
1244 3240 1383 3294 enim
1432 3243 1473 3295 si
1523 3259 1606 3296 me
1630 3244 1800 3312 reSpi-

227 3345 393 3398 ceres,
425 3331 532 3400 pati
563 3346 657 3400 me
687 3332 784 3386 ista
832 3332 1052 3386 sineres.
1101 3332 1221 3386 Ideo
1264 3335 1532 3400 exandisti,
1567 3335 1795 3402 Domine,

229 3437 387 3475 uocem
418 3423 663 3476 orationis
691 3438 832 3488 meae,
879 3439 990 3476 cum
1020 3425 1285 3476 clamarent
1311 3425 1378 3476 ad
1400 3437 1444 3478 te
1471 3441 1490 3478 :
1535 3425 1652 3479 ide‘o
1680 3427 1798 3478 mo-

230 3515 349 3568 dum
381 3529 590 3584 ponens
613 3514 987 3579 emendationi,
1019 3524 1072 3570 et
1111 3516 1397 3570 ostendens
1425 3532 1508 3570 me
1537 3519 1799 3586 pertinere

231 3605 290 3656 ad
317 3619 499 3656 curam
527 3613 689 3668 tuam,
721 3604 999 3666 exaudisti,
1040 3605 1279 3670 Domine,
1316 3621 1497 3660 vocem
1546 3608 1800 3661 orationis

193 3723 196 3726 -
232 3709 379 3756 tnczr,
405 3709 527 3747 cum
557 3709 671 3748 eam
721 3709 783 3748 ex
825 3695 1160 3749 tribulatione
1192 3695 1349 3749 nimis
1377 3695 1748 3765 intenderem."

296 3785 386 3840 21.
423 3785 440 3858 ξ
471 3802 601 3840 vers.
632 3785 722 3841 9t;
744 3784 768 3859 1
791 3785 996 3855 Diligite
1016 3786 1285 3841 Dontinum
1303 3805 1468 3843 onmes
1483 3792 1642 3843 sancti
1661 3792 1765 3860 ejus
1784 3805 1803 3843 :

234 3876 473 3930 hortatur
493 3878 681 3932 iterum
712 3877 968 3945 Propheta
996 3878 1091 3931 ista
1118 3867 1375 3945 cernens,
1405 3891 1458 3934 et
1494 3880 1620 3934 dicit
1648 3899 1658 3933 :
1706 3881 1799 3934 Di-

234 3971 368 4040 ligite
398 3971 695 4037 Dominum,
731 3987 898 4023 omnes
919 3972 1077 4023 sancti
1097 3973 1203 4042 ejus
1229 3987 1244 4024 :
1271 3973 1504 4040 quoniam
1552 3974 1803 4026 veritatem

234 4065 451 4132 requiret
498 4061 758 4115 Dominus.
793 4063 1016 4130 Quando
1061 4063 1105 4115 si
1147 4062 1320 4130 justus
1348 4065 1432 4116 vix
1481 4065 1658 4118 salvus
1683 4065 1824 4127 erit,"

235 4161 486 4221 peccator
512 4161 566 4205 et
615 4151 806 4219 impius
857 4152 942 4205 ubi
999 4151 1258 4221 parebunt
1287 4151 1329 4221 (l
1368 4151 1506 4205 Petr.
1538 4169 1607 4213 tv,
1643 4155 1707 4207 18
1737 4153 1805 4224 )?

239 4241 302 4296 Et
331 4241 564 4296 retribuet
592 4241 668 4294 Itis
689 4242 771 4310 qui
810 4241 1122 4295 abundanter
1167 4243 1355 4312 facitmt
1396 4243 1676 4313 superbiam
1705 4259 1723 4298 :
1753 4254 1806 4300 et

237 4335 492 4389 retribuet
521 4335 601 4388 his
628 4334 714 4404 qui
738 4351 833 4388 nec
852 4334 970 4389 victi
997 4343 1396 4402 convertuntur,
1435 4337 1554 4406 quia
1582 4337 1802 4391 multum

238 4427 577 4496 superbiant“.

307 4519 396 4571 25.
423 4515 443 4590 [
471 4517 705 4572 vers.25.
734 4515 755 4589 ]
787 4515 1006 4571 Viriliter
1055 4519 1186 4587 agite
1207 4559 1222 4580 ,
1271 4527 1316 4571 et
1372 4521 1680 4600 cpnfortetur
1723 4536 1808 4574 cor

237 4618 452 4663 vestrum
475 4626 494 4662 :
523 4609 718 4662 bonum
751 4609 864 4662 sine
911 4607 1208 4662 defectione
1258 4619 1560 4677 operantes,
1591 4617 1647 4662 ut
1675 4618 1808 4662 tem-

241 4715 365 4768 pore
391 4701 603 4768 proprio
639 4700 865 4752 metatis.
917 4697 1098 4752 Omnes
1126 4699 1446 4768 qui-speratis
1471 4700 1521 4752 in
1558 4698 1810 4753 Domino:

240 4789 291 4842 id
320 4799 421 4848 est.
455 4791 542 4857 qui
570 4807 688 4844 eum
739 4799 882 4844 recte
938 4789 1130 4869 timetis
1163 4789 1246 4843 vel
1285 4788 1476 4851 colitis.
1522 4799 1729 4859 sperate
1758 4791 1808 4844 in

243 4885 488 4937 ltmnino.

225 4957 230 4960 ’
770 4951 1158 5006 ENAIlRATlO
1190 4951 1252 5005 ll.

243 5081 422 5119 SEBIO
451 5081 488 5128 l,
529 5079 746 5118 IIABITUS
773 5079 942 5117 I'AULO
991 5079 1117 5118 POST
1146 5078 1388 5118 ΝΑτΑιιεδι
1443 5077 1810 5117 Αιδυετοωιιιτιί

824 5168 967 5214 areu,
989 5169 1052 5207 ex
1084 5171 1140 5206 ιι.
1171 5154 1223 5208 ’5.

739 5243 811 5296 De
837 5243 1082 5313 principia
1112 5243 1321 5297 Psalmi.

317 5337 368 5390 1.
406 5333 572 5405 [θέτε.
596 5335 646 5389 l.
673 5333 684 5405 1
711 5334 900 5388 l’salmi
931 5335 1082 5402 hujus
1106 5350 1260 5403 quem
1289 5333 1444 5388 modo
1465 5334 1806 5397 cantavitntts,

237 5439 498 5498 quantum
532 5443 813 5497 posmmus
838 5437 1039 5482 secreta
1077 5429 1344 5491 rimemur,
1372 5437 1425 5483 et
1454 5427 1577 5481 inde
1607 5442 1810 5481 serum-

239 5540 364 5578 nem
394 5521 724 5589 exsculplum
743 5521 1021 5575 reddamus
1038 5520 1247 5573 auribus
1264 5530 1315 5573 et
1328 5521 1587 5576 mentibus
1605 5520 1806 5574 vestris.

238 5614 454 5670 Titulus
482 5615 596 5682 ejus
622 5623 702 5666 est
733 5631 745 5665 :
778 5611 842 5665 In
877 5613 1043 5680 ﬁnem,
1103 5612 1329 5666 Psalmus
1358 5615 1447 5682 ipsi
1481 5613 1641 5666 David
1663 5624 1812 5664 ecsta-

305 5727 320 5756 ι
355 5721 542 5782 aliquot
565 5730 688 5780 uss,
715 5719 782 5770 eis
805 5719 902 5783 qui.

3359 304 3460 356 23b

1903 406 1988 459 sis.
2019 405 2083 460 In
2113 408 2260 476 ﬁnem
2280 408 2401 477 quid
2417 409 2503 476 sit,
2531 413 2789 478 novimus,
2815 415 2856 468 si
2890 405 3454 485 Christum'novimus;

1898 499 2026 553 dicit
2051 502 2188 554 enim
2222 503 2500 570 Aposmlus
2527 522 2537 556 :
2565 505 2704 558 Finis
2741 509 2870 559 enim
2904 507 3024 578 legis
3051 507 3275 565 Christus
3296 513 3362 564 ad
3373 514 3456 583 ju-

1899 591 2086 644 stitiam
2117 594 2252 645 omni
2279 595 2496 647 credenti
2522 596 2539 665 (
2575 596 2717 650 Rom.
2751 615 2802 662 χ,
2829 601 2859 653 4
2896 600 2933 669 ).
2960 601 3106 656 Finis
3137 620 3238 656 non
3269 619 3455 660 consu-

1901 696 2071 748 mens,
2121 681 2214 736 sed
2263 684 2539 753 perﬁciens
2574 687 2811 742 :duobus
2854 690 2993 745 enim
3045 693 3216 748 modis
3239 693 3460 751 dicimus

1902 771 2055 824 ﬁnem
2083 790 2096 833 ;
2125 774 2204 828 vel
2231 789 2333 843 quo
2360 774 2415 828 ﬁt
2436 785 2490 829 ut
2515 792 2615 831 non
2643 779 2709 831 sit
2739 780 2877 848 quod
2907 791 3042 847 erat,
3089 785 3288 854 velquo
3319 785 3372 840 ﬁt
3398 795 3454 841 ut

1903 864 2188 930 perfectum
2221 867 2286 919 sit
2312 867 2449 936 quod
2490 869 2791 923 inchoatum
2835 874 3132 943 erat.‘Ergo
3177 875 3233 928 in
3268 876 3460 945 linem,

1902 955 1950 1007 in
1977 955 2264 1010 Christum.

1969 1043 2020 1096 Et.
2056 1043 2292 1100 Psalmns
2326 1047 2484 1100 David
2510 1052 2728 1103 ecstasis.
2759 1051 3184 1109 Verbumectasis
3208 1072 3458 1125 graecum,

1901 1133 2078 1200 latine,
2111 1146 2360 1206 quantum
2392 1138 2543 1192 datur
2567 1142 2800 1212 intelligi,
2830 1144 2989 1197 verbo
3028 1161 3132 1198 uno
3149 1149 3336 1216 exponi
3369 1164 3463 1218 pu-

1901 1237 2020 1293 test,
2066 1230 2108 1283 si
2154 1230 2355 1285 dicatur
2408 1248 2656 1287 excessus
2695 1252 2990 1292 :excessus
3037 1249 3213 1293 autem
3261 1222 3460 1296 'mentis

1901 1321 2110 1388 pmprie
2141 1324 2273 1376 solet
2318 1327 2533 1379 ecstasis
2579 1326 2701 1380 dici.
2742 1327 2797 1381 ln
2846 1346 3064 1384 excessu
3113 1348 3238 1386 vero
3266 1335 3457 1388 mentis

1899 1411 2001 1463 duo
2033 1412 2427 1480 intelliguntur;
2455 1425 2545 1468 aut
2575 1433 2755 1486 pavor,
2779 1428 2866 1471 aut
2885 1420 3103 1474 intentio
3129 1422 3192 1475 ad
3212 1413 3482 1491 superum

1901 1504 1966 1556 ita
1992 1515 2045 1556 ut
2072 1506 2298 1573 quodam
2327 1507 2484 1562 modo
2511 1508 2576 1562 de
2622 1512 2872 1564 memoria
2920 1513 3160 1580 labantur
3213 1515 3412 1568 inferna
3448 1535 3460 1570 :

1901 1595 1948 1646 in
1978 1595 2074 1648 hac
2100 1599 2287 1650 ecstasi
2338 1583 2550 1652 fuerunt
2597 1615 2781 1656 omnes
2814 1605 3001 1668 saneti,
3031 1605 3218 1673 quibus
3266 1621 3458 1659 arcana

1901 1683 1988 1737 Dei
2012 1687 2261 1738 mundum
2287 1687 2440 1740 istum
2469 1690 2776 1743 excedentia
2821 1695 3046 1747 revelata
3097 1704 3238 1748 sunt.
3263 1696 3336 1750 De
3370 1697 3468 1752 hoe

1899 1775 2090 1828 mentis
2117 1791 2357 1843 excessu,
2383 1777 2431 1830 id
2449 1788 2526 1832 est
2551 1781 2757 1843 ecstasi,
2783 1782 2975 1836 Paulus
2997 1799 3113 1837 cum
3135 1785 3462 1853 loqueretur,

1898 1865 2124 1933 seipsum
2180 1867 2466 1932 insinuans,
2512 1870 2620 1923 ait:
2653 1870 2769 1925 Sive
2805 1875 2934 1926 enim
2969 1885 3127 1928 mente
3165 1879 3464 1931 excessimus

1898 1954 2024 2020 Deo,
2049 1957 2150 2010 sive
2176 1968 2503 2027 temperantes
2531 1978 2700 2016 sumus
2720 1965 2872 2024 vobis,
2897 1952 3113 2019 clnn'itds
3159 1968 3286 2019 enim
3316 1967 3464 2022 Chri-

1897 2045 1962 2098 sti
1984 2047 2234 2116 compellit
2275 2066 2365 2103 nos
2387 2053 2404 2121 (
2428 2049 2470 2104 ll
2499 2051 2613 2105 Cor.
2657 2070 2706 2118 v,
2755 2055 2818 2107 l5
2843 2055 2886 2122 ).
2909 2054 3016 2110 lloc
3044 2067 3142 2120 est,
3174 2058 3216 2111 si
3242 2073 3301 2111 ea
3347 2069 3461 2112 tan-

1900 2148 2005 2191 tum
2023 2156 2176 2208 agere
2190 2143 2460 2210 vellemus,
2483 2155 2531 2198 et
2544 2160 2602 2199 ea
2626 2155 2821 2199 tantum
2840 2149 3181 2218 contemplari
3199 2166 3313 2219 quae
3327 2166 3464 2205 uten-

1901 2233 1964 2284 tis
1990 2248 2208 2288 excessu
2237 2235 2520 2300 intuemur,
2539 2239 2805 2292 vobiscum
2830 2256 2930 2292 non
2977 2256 3232 2306 essemus,
3265 2242 3353 2295 scd
3381 2258 3464 2297 es-

1897 2338 2075 2378 semus
2123 2326 2171 2379 in
2222 2327 2484 2395 supernis,
2533 2337 2779 2397 tanquam
2829 2331 3142 2399 contemptis
3194 2331 3378 2385 vobis:
3411 2341 3465 2386 et

1897 2416 2104 2480 quando
2136 2431 2230 2468 nos
2260 2417 2325 2470 ad
2371 2418 2460 2470 illa
2501 2419 2769 2487 Superiora
2816 2429 2868 2473 et
2919 2421 3166 2474 interiora
3207 2421 3411 2474 inlirmo
3443 2423 3460 2453 ¹

1902 2521 2052 2572 passu
2081 2509 2454 2576 scqueremiui,
2481 2510 2576 2562 nisi
2603 2526 2784 2563 rursus
2814 2511 3160 2578 compellente
3218 2526 3313 2565 nos
3335 2512 3462 2565 cha-

1900 2595 2051 2648 ritate
2080 2597 2273 2650 Christi
2299 2597 2406 2669 (qui
2450 2614 2568 2651 cum
2595 2600 2644 2652 in
2673 2600 2838 2652 farina
2868 2601 2958 2653 Dei
2985 2610 3142 2667 esset,
3171 2617 3273 2654 non
3319 2603 3464 2671 rapi-

1901 2703 2018 2739 nam
2050 2689 2329 2742 arbitratus
2360 2699 2441 2742 est
2465 2705 2580 2744 esse
2605 2693 2819 2762 :‘equalis
2853 2693 2976 2755 Deo,
3005 2693 3095 2746 sed
3127 2695 3462 2763 semetipsum

1901 2780 2184 2839 exinanivit
2235 2780 2458 2834 l'ormam'
2499 2783 2634 2836 servi
2670 2785 2932 2852 accipiens
2963 2782 3215 2856 [ΡΙιὶιίρρ.
3249 2803 3303 2850 ιι,
3329 2785 3388 2858 6]
3416 2786 3458 2854 ),
3537 2846 3540 2848 _

1903 2884 1998 2922 nos
2055 2872 2509 2926 consideraremus
2539 2889 2657 2928 esse
2700 2890 2902 2940 servos,
2931 2883 2983 2928 ct
3023 2891 3126 2929 non
3156 2877 3340 2945 ingrati
3363 2880 3408 2930 ei
3434 2895 3463 2932 a

1900 2977 2004 3031 quo
2025 2963 2322 3031 accepimus
2375 2967 2581 3030 altiora,
2623 2977 2838 3034 propter
2888 2982 2978 3020 eos
3007 2967 3094 3034 qui
3124 2968 3312 3021 inlirmi
3344 2980 3467 3022 sunt

1903 3071 2004 3106 non
2030 3065 2489 3111 contemneremus
2532 3057 2798 3120 inferiora,
2847 3070 2899 3112 ct
2932 3069 3460 3127 temperarcn'tusnos

1901 3145 1978 3199 eis
2005 3146 2089 3215 qui
2116 3162 2215 3198 non
2239 3155 2456 3213 possunt
2512 3147 2783 3203 nobismnn
2805 3149 2998 3210 videre
3038 3150 3277 3206 sublimia
3306 3152 3328 3204 ?
3358 3153 3468 3207 Hoc

1905 3250 2030 3304 ergo
2057 3235 2148 3299 ait,
2176 3235 2294 3290 Sive
2336 3248 2498 3290 mente
2544 3239 2839 3290 excessimus
2872 3238 2976 3292 Deo
2998 3255 3018 3293 :
3045 3240 3132 3295 ille
3162 3242 3300 3295 enim
3326 3243 3467 3297 videt

1903 3329 2040 3398 quod
2069 3347 2163 3382 nos
2181 3330 2418 3384 videmus
2435 3331 2482 3383 in
2504 3331 2691 3384 mentis
2710 3347 2931 3385 excessu
2953 3333 2992 3396 ²,
3027 3333 3117 3388 ille
3147 3335 3292 3388 solus
3315 3351 3462 3390 reve-

1907 3421 1976 3476 lat
1998 3433 2200 3476 secreta
2222 3438 2333 3475 sua.
2363 3423 2564 3492 Quippe
2615 3423 2702 3477 ille
2733 3424 2830 3476 hoc
2853 3424 3101 3492 loquitur,
3133 3427 3220 3495 qui
3251 3442 3307 3481 se
3347 3427 3472 3480 dicit

1904 3511 2178 3581 abreptum
2206 3528 2321 3567 esse
2350 3523 2402 3566 et
2427 3513 2656 3566 ablatum
2688 3513 2737 3567 in
2767 3516 2977 3567 tertium
3009 3516 3222 3578 ccelum,
3245 3526 3297 3569 et
3321 3517 3469 3569 audi-

1905 3600 2042 3654 visse
2067 3601 2344 3655 ittelfabilia
2375 3601 2552 3668 verba,
2585 3617 2700 3671 qua)
2748 3619 2851 3655 non
2893 3603 3013 3656 licet
3044 3603 3241 3657 homini
3274 3605 3411 3673 loqui
3445 3622 3460 3659 :

1908 3699 2081 3743 tantus
2105 3700 2277 3758 autem
2337 3691 2432 3746 fuit
2472 3693 2558 3747 ille
2607 3696 2797 3748 tuentis
2825 3709 3091 3758 excessus,
3131 3703 3185 3746 ut
3233 3695 3470 3747 diceret:

1910 3781 2026 3836 Sine
2052 3783 2103 3835 in
2156 3799 2382 3849 corpore,
2427 3784 2529 3836 sive
2568 3793 2709 3836 extra
2747 3799 2946 3852 corpus,
3001 3786 3182 3843 nescio,
3217 3783 3346 3836 Deus
3376 3787 3468 3837 scit

1909 3875 1924 3940 (
1950 3872 1991 3925 ll
2022 3871 2137 3924 Cor.
2157 3888 2248 3935 xu,
2278 3873 2312 3924 2
2340 3874 2376 3934 ).
2403 3871 2539 3942 Ergo
2566 3873 2607 3925 si
2660 3872 2803 3925 hunc
2851 3888 3124 3926 excessum
3181 3876 3394 3940 mentis,
3415 3877 3468 3930 id

1909 3973 1987 4017 est
2034 3961 2170 4017 hanc
2207 3963 2486 4026 ccstasim,
2537 3963 2796 4032 signiﬁcat
2825 3963 3002 4018 titulus
3053 3966 3237 4034 psalmi
3294 3968 3469 4036 hujus,

1910 4070 2093 4125 magna
2117 4055 2348 4124 profecto
2381 4056 2554 4111 ctalta
2583 4056 2822 4126 quazdam
2863 4051 3078 4125 Sperare
3121 4058 3368 4114 debemus
3394 4062 3474 4115 di-

1909 4156 2110 4200 cturum
2139 4163 2256 4200 eum
2280 4149 2363 4217 qui
2391 4147 2928 4211 com'liditPsalmnm,
2955 4147 3003 4201 id
3025 4158 3105 4202 est
3129 4150 3464 4220 Prophetam,

1913 4237 2016 4292 imo
2048 4255 2290 4314 vcroper
2325 4239 2638 4307 Prophetam
2671 4237 2918 4310 Spiritum
2949 4249 3211 4293 sanctum.

1983 4329 2033 4383 5.
2063 4331 2114 4384 Si
2143 4347 2264 4384 vero
2288 4330 2398 4383 hare
2423 4331 2641 4384 ccstasis
2669 4348 2828 4398 pavor
2851 4331 3221 4400 intelligendus
3250 4340 3348 4394 est,
3380 4347 3469 4385 nc-

1912 4437 2013 4490 que
2043 4423 2159 4474 huic
2187 4421 2549 4490 signiﬁcationi
2582 4422 2727 4475 verbi
2762 4422 2926 4475 deerit
2953 4420 3104 4490 hujus
3126 4421 3313 4488 psalmi
3346 4435 3475 4474 con-

1915 4522 2086 4566 textus
2111 4529 2123 4574 ;
2173 4512 2377 4566 videtur
2412 4514 2552 4566 enim
2580 4513 2645 4567 de
2673 4513 2911 4580 passione
2945 4513 3213 4566 locuturus
3239 4525 3355 4564 esse
3375 4552 3389 4576 ,
3424 4512 3475 4565 in

1914 4618 2011 4671 qua
2041 4618 2200 4671 pavor
2226 4614 2324 4656 est.
2383 4603 2485 4658 Sed
2512 4605 2661 4671 cujus
2688 4617 2851 4672 pavor
2879 4609 2960 4654 cst
2978 4643 2991 4663 ,
3043 4610 3216 4654 utrum
3258 4600 3472 4664 Christi,

1916 4694 2032 4762 quia
2061 4692 2212 4754 dixit,
2246 4691 2310 4745 In.
2337 4695 2510 4762 ﬁnem,
2541 4703 2592 4747 ct
2620 4692 2955 4760 intelligimus
2988 4689 3141 4743 linem
3171 4689 3476 4745 Christum?

1915 4799 1978 4836 an
2015 4783 2146 4837 forte
2178 4793 2356 4838 noster
2387 4785 2583 4853 pavor?
2626 4780 2888 4849 Numquid
2918 4780 3058 4834 enim
3081 4795 3359 4848 possumus
3391 4798 3478 4852 pav

1920 4890 2102 4928 vorem
2128 4874 2260 4929 bene
2297 4875 2588 4944 intelligere
2628 4875 2678 4927 in
2710 4872 2918 4927 Christo
2944 4873 3325 4942 propinquante
3353 4889 3474 4943 pas-

1918 4947 2102 5032 sione,
2153 4967 2240 5035 qui
2282 4976 2494 5036 pr0pter
2536 4981 2652 5019 eam
2698 4963 2956 5017 venerat?
3009 4979 3126 5018 cum
3160 4965 3391 5019 venisset
3413 4963 3474 5021 ad

1918 5059 2056 5129 quod
2097 5070 2333 5123 venerat,
2363 5056 2615 5127 numquid
2648 5056 2868 5128 pavebat
2890 5056 3213 5110 moriturus?
3243 5057 3298 5111 Si
3328 5072 3473 5126 pror-

1917 5166 2005 5205 sus
2045 5150 2114 5203 ita
2159 5149 2316 5202 homo
2345 5159 2519 5211 esset,
2561 5159 2616 5201 ut
2638 5148 2776 5214 Deus
2808 5163 2910 5200 non
2939 5157 3112 5212 esset,
3158 5149 3322 5216 magis
3349 5163 3478 5217 gau-

1913 5241 2063 5293 'tlerct
2091 5248 2479 5294 resurrecturus
2499 5281 2512 5304 ,
2559 5255 2711 5309 quam
2757 5249 2970 5308 paveret
3021 5241 3346 5295 moriturus?
3375 5241 3479 5295 Vc-

1920 5339 2213 5384 rumtamen
2247 5331 2364 5398 quia
2392 5331 2630 5399 dignatus
2660 5340 2740 5385 est
2766 5346 3036 5385 assumere
3071 5330 3287 5384 formam
3319 5333 3474 5393 servi,

1917 5435 1968 5479 et
1998 5425 2046 5476 in
2079 5439 2139 5476 ca
2171 5438 2265 5477 nos
2299 5424 2487 5478 vestire
2519 5439 2570 5478 se
2599 5441 2611 5488 ;
2644 5424 2728 5494 qui
2759 5440 2860 5477 non
2890 5433 2970 5478 est
2994 5423 3300 5493 dedignatus
3325 5439 3473 5476 assuc

1980 5538 1995 5568 ι
2021 5544 2138 5585 Tres
2161 5541 2284 5591 Mss,
2304 5534 2459 5597 ﬁrmo.

1978 5600 1996 5629 ¹
2019 5605 2080 5646 Ita
2106 5604 2176 5645 Er.
2203 5590 2281 5659 cui
2303 5590 2399 5644 uss.
2437 5595 2773 5659 suilli-agantur.
2796 5603 2856 5659 At
2893 5603 3039 5643 l.ov.:
3086 5593 3173 5659 Ille
3194 5594 3316 5643 enim
3357 5590 3475 5640 vitim

1916 5659 2028 5719 quid
2053 5673 2134 5707 nos
2169 5658 2395 5711 ridemus,
2421 5658 2498 5717 qui
2533 5655 2641 5718 lteri
2678 5657 2907 5708 hominen:
2947 5659 2994 5704 in
3033 5655 3194 5703 mentis
3236 5665 3469 5703 ra'ressznt

1918 5721 2128 5769 rvtu'eto'il
2153 5735 2166 5760 ξ
2194 5721 2270 5767 ιιι»
2293 5721 2432 5777 solus,
2463 5728 2555 5768 etc.
