3994 6198
467 267 564 323 εει

471 391 620 433 mere
643 389 741 432 nos
769 375 820 430 in
847 388 924 439 se,
957 387 1064 428 non
1092 379 1173 427 est
1196 368 1507 440 dedignatus
1533 367 1902 436 transﬁgurare
1929 381 2028 422 nos

467 470 519 523 in
545 483 605 523 se
622 509 638 532 ,
679 475 733 522 et
759 465 898 531 loqui
927 463 1102 518 verbis
1128 460 1326 516 nostris
1349 501 1364 526 ,
1409 467 1468 514 ut
1492 469 1547 514 et
1569 473 1665 512 nos
1694 457 2032 528 loqueremur

466 549 641 614 verbis
683 558 866 628 ipsius.
915 555 1038 610 Haec
1065 554 1205 609 enim
1246 551 1374 606 mira
1404 548 1745 606 commulatio
1770 547 1904 604 facta
1927 557 2030 616 est,

463 660 518 704 et
559 650 732 703 divina
775 654 898 700 sunt
941 653 1150 716 peracta
1189 642 1540 708 commercia,
1595 640 1816 694 mutatio
1856 653 2030 694 rerum

462 738 729 794 celebrata
759 737 811 790 in
841 735 940 790 hoc
965 733 1164 789 mundo
1189 749 1219 788 a
1251 731 1578 803 negotiatore
1601 730 1805 786 caelesti
1838 746 1856 784 :
1887 730 2032 784 venit

468 833 710 899 accipere
751 826 1132 892 contumelias,
1173 824 1302 880 dare
1348 823 1613 888 honores;
1654 823 1796 878 venit
1819 821 2032 878 haurire

460 921 698 980 dolorem
719 961 736 985 ,
764 920 891 974 dare
919 919 1173 981 salutem;
1217 915 1359 970 venit
1393 914 1572 970 subire
1615 924 1871 978 mortem,
1903 912 2032 968 dare

459 1017 640 1069 vitam.
687 1013 969 1067 Moriturus
993 1024 1120 1079 ergo
1144 1025 1209 1062 ex
1234 1023 1299 1064 eo
1322 1006 1461 1077 quod
1499 1014 1734 1060 nostrum
1781 1003 2027 1066 habebat,

460 1106 646 1162 nonin
677 1120 754 1171 se,
786 1104 879 1160 sed
899 1104 950 1158 in
987 1102 1139 1156 nobis
1182 1099 1434 1171 pavehat;
1479 1097 1600 1168 quia
1640 1104 1694 1152 et
1733 1095 1834 1150 hoc
1876 1094 2028 1162 dixit,

462 1199 665 1252 tristem
685 1210 810 1262 esse
849 1193 1077 1248 animam
1107 1206 1255 1248 suam
1285 1204 1450 1260 usque
1475 1189 1539 1242 ad
1567 1197 1789 1243 mortem
1818 1185 2029 1258 (Matth.

459 1305 585 1346 xxVI
607 1332 622 1356 ,
649 1286 740 1362 58)
763 1329 778 1356 ,
825 1296 878 1343 et
915 1286 1098 1356 utique
1125 1298 1224 1338 nos
1250 1281 1348 1352 ipsi
1375 1295 1560 1336 omnes
1585 1294 1704 1333 cum
1741 1279 1851 1333 illo.
1898 1275 2029 1332 Nam
2087 1293 2090 1297 '

460 1383 577 1438 sine
607 1381 697 1436 illo
719 1423 735 1447 ,
777 1395 876 1434 nos
904 1378 1034 1432 nihil
1059 1393 1074 1440 ;
1117 1379 1167 1430 in
1193 1375 1284 1429 illo
1312 1383 1486 1428 autem
1507 1413 1523 1438 ,
1571 1371 1684 1441 ipse
1715 1369 1954 1426 Christus
1977 1378 2031 1425 et

462 1490 578 1528 nos.
634 1472 846 1539 Quare?
895 1470 1025 1538 Quia
1075 1475 1216 1522 totus
1255 1465 1500 1520 Christus
1539 1470 1697 1540 paput
1728 1470 1781 1515 et
1815 1475 2027 1530 corpus.

461 1565 626 1634 Caput
660 1565 744 1618 ille
765 1563 994 1617 salvator
1012 1559 1249 1630 corporis
1273 1600 1288 1624 ,
1330 1556 1417 1628 qui
1443 1556 1552 1626 jam
1577 1553 1814 1610 ascendit
1840 1553 1891 1608 in
1915 1567 2030 1609 cce-

465 1656 609 1721 luni;
657 1670 850 1723 corpus
893 1662 1067 1706 autem
1111 1648 1378 1714 Ecclesia,
1423 1660 1542 1716 qua:
1582 1644 1782 1699 laborat
1809 1642 1863 1697 in
1893 1651 2030 1697 terra

465 1748 676 1819 (Ephes.
705 1763 767 1810 v,
795 1744 908 1815 25).
955 1736 1065 1798 Hoc
1106 1749 1280 1795 autem
1324 1752 1516 1809 corpus
1562 1737 1663 1792 nisi
1703 1735 2031 1791 connexione

461 1838 732 1894 charitatis
757 1835 1052 1890 adhaereret
1088 1831 1244 1902 capiti
1269 1846 1396 1894 suo,
1427 1838 1486 1883 ut
1513 1843 1648 1882 unus
1677 1827 1821 1882 ﬁeret
1846 1840 1912 1881 ex
1938 1843 2030 1878 ea-
2075 1863 2078 1866 .

460 1931 566 2000 pite
591 1939 642 1984 et
666 1942 908 1996 corpore,
944 1941 1046 1979 non
1074 1924 1140 1978 de
1166 1923 1302 1978 ccelo
1330 1919 1610 1992 quemdam
1640 1925 2029 1988 persecutorem

458 2019 750 2090 corripiens
778 2017 978 2072 diceret
995 2058 1010 2084 ,
1052 2015 1210 2070 Saule
1227 2054 1240 2076 .
1275 2011 1432 2068 Saule
1449 2052 1463 2076 ,
1488 2009 1608 2079 quid
1629 2026 1706 2064 me
1727 2007 2032 2078 persequeris

460 2114 595 2182 (Act.
628 2128 699 2177 ix,
731 2110 829 2180 4)?
856 2108 1068 2180 quando
1093 2121 1212 2163 cum
1235 2104 1343 2176 jam
1374 2104 1424 2158 in
1447 2102 1583 2158 cmlo
1609 2100 1879 2156 sedentem
1909 2099 2030 2153 nul-

460 2205 540 2258 lus
577 2203 736 2257 homo
777 2201 1056 2271 tangebat,
1107 2195 1374 2268 quomodo
1407 2209 1528 2250 eum
1567 2191 1756 2248 Saulus
1795 2191 1848 2246 in
1893 2199 2032 2246 terra

460 2297 684 2350 steviens
731 2291 985 2345 adversus
1039 2288 1370 2344 Christianos
1416 2285 1593 2354 aliquo
1629 2283 1788 2338 modo
1836 2281 2027 2350 injuria

461 2381 821 2456 percellebat?
849 2379 962 2434 Non
993 2381 1085 2442 ait,
1112 2377 1246 2445 Quid
1271 2384 1482 2431 sanctos
1505 2388 1670 2440 meos,
1697 2371 1822 2443 quid
1849 2385 2033 2427 servos

459 2474 644 2530 meos?
664 2472 779 2538 sed,
805 2471 924 2542 quid
945 2487 1024 2523 me
1047 2467 1372 2540 persequeris,
1397 2465 1498 2520 hoc
1523 2473 1624 2530 est,
1651 2463 1776 2529 quid
1797 2462 2032 2518 membra

460 2583 573 2622 mea
595 2567 619 2620 ?
644 2574 800 2634 caput
822 2577 915 2633 pro
938 2560 1193 2616 membris
1220 2557 1499 2620 clamabat,
1531 2565 1586 2611 et
1610 2553 1850 2610 membra
1876 2570 1929 2608 m
1961 2567 2022 2609 se

453 2667 616 2729 caput
657 2653 1080 2725 transligurabat.
1132 2647 1328 2706 Vocem
1367 2661 1596 2718 namque
1626 2643 1774 2716 pedis
1813 2643 2034 2714 suscipit

459 2753 656 2822 lingua.
701 2747 922 2819 Quando
962 2745 1096 2801 forte
1139 2744 1191 2800 in
1233 2742 1384 2798 turba
1423 2739 1682 2796 contritus
1721 2751 1817 2808 pes
1857 2736 2030 2804 dolet,

439 2843 654 2900 clamat
676 2841 847 2911 lingua
873 2882 889 2908 ,
925 2838 1112 2894 Caleas
1139 2851 1260 2900 me;
1289 2849 1391 2890 non
1413 2834 1556 2891 enim
1585 2831 1692 2898 ait,
1729 2828 1912 2886 Calcas
1939 2843 2034 2900 pe-

463 2935 584 2992 dem
613 2948 789 2988 meum
807 2973 822 2997 ,
851 2930 942 2986 sed
968 2945 1028 2986 se
1056 2928 1188 2984 dixit
1206 2925 1420 2993 calcari,
1455 2939 1610 2994 quam
1640 2937 1798 2977 nemo
1824 2920 2029 2991 tetigit:

460 3026 554 3082 sed
586 3039 678 3095 pes
705 3022 794 3093 qui
819 3021 1052 3076 calcatus
1079 3026 1162 3074 est
1179 3057 1194 3081 ,
1235 3033 1264 3071 a
1288 3017 1468 3086 lingua
1498 3028 1605 3068 non
1633 3018 1907 3084 separatus
1925 3018 2029 3067 est.

461 3116 603 3186 Ergo
646 3114 803 3170 etiam
847 3112 927 3166 sic
973 3101 1076 3165 non
1117 3109 1403 3177 incongrue
1441 3103 1750 3175 intelligitur
1789 3101 2030 3170 ecstasis,

461 3221 643 3278 pavor.
687 3204 821 3272 Quid
851 3203 992 3258 enim
1011 3201 1182 3256 dicam
1206 3241 1222 3266 ,
1267 3197 1490 3254 fratres?
1527 3196 1581 3252 Si
1612 3196 1788 3251 nullus
1815 3195 2033 3251 omnino

461 3315 628 3371 pavor
653 3307 797 3354 esset
821 3295 1054 3368 passuris
1071 3337 1086 3361 ,
1117 3294 1384 3349 diceretur
1406 3290 1504 3361 ipsi
1527 3290 1686 3345 Petro
1707 3287 1846 3360 quod
1876 3285 2030 3342 audi-

458 3391 630 3445 vimus
673 3389 831 3443 natali
871 3385 1240 3456 Apostolorum
1270 3383 1394 3449 die,
1437 3381 1648 3452 quando
1689 3380 1737 3435 ei
1779 3379 2034 3434 Dominus

461 3481 705 3552 prmdixit
733 3479 958 3534 futuram
982 3491 1127 3532 suam
1152 3475 1448 3545 passionem
1480 3490 1492 3526 :
1522 3471 1645 3527 Cum
1672 3487 1803 3526 esses
1833 3470 2030 3540 junior,

457 3571 686 3642 cingebas
706 3582 771 3637 te,
797 3580 844 3625 et
872 3569 978 3623 ibas
999 3583 1094 3634 quo
1113 3567 1345 3630 volebas;
1373 3580 1484 3617 cum
1504 3572 1670 3616 autem
1686 3561 1849 3616 senior
1869 3563 2033 3632 factus

459 3664 636 3737 fueris,
663 3662 789 3715 alter
812 3671 858 3714 te
879 3661 1058 3730 cinget,
1084 3667 1132 3712 et
1157 3657 1300 3710 ducet
1327 3671 1424 3724 quo
1447 3662 1499 3707 tu
1528 3669 1628 3706 non
1657 3651 1728 3706 vis
1751 3651 1776 3704 ἵ
1804 3649 1912 3704 Hoc
1934 3666 2031 3702 au-

458 3765 580 3822 tent,
598 3752 786 3823 inquit,
817 3751 944 3806 dixit
963 3749 1254 3821 signiﬁcans
1268 3763 1366 3814 qua
1387 3754 1543 3798 morte
1561 3751 1836 3797 moreretur
1854 3741 2029 3813 (Joan.

464 3865 580 3914 xxi,
611 3846 734 3919 l8)?
782 3846 921 3916 Ergo
950 3844 994 3899 si
1022 3843 1209 3898 Petrus
1237 3838 1506 3910 apostolus
1533 3845 1675 3890 tanta
1707 3833 2032 3905 perfectione

465 3955 572 4010 quo
599 3939 760 3992 nollet
787 3937 846 3991 iit
871 3936 1057 3990 nolens
1084 3932 1305 4003 (nolens
1335 3938 1570 3984 mortuus
1598 3935 1700 3992 est;
1729 3924 1822 3980 sed
1849 3924 2033 3980 volens

355 4089 366 4098 ι
461 4036 744 4084 coronatus
769 4034 851 4079 est
877 4025 918 4095 ¹)
939 4066 954 4090 ,
995 4023 1120 4094 quid
1147 4022 1338 4076 mirum
1373 4019 1417 4074 si
1439 4023 1535 4074 est
1575 4015 1765 4086 aliquis
1790 4029 1953 4084 pavor
1980 4014 2032 4068 in

460 4116 706 4189 passione
731 4117 888 4169 etiam
927 4115 1187 4183 justornm
1211 4154 1225 4176 ,
1271 4112 1430 4166 etiam
1469 4107 1816 4163 sanctorum?
1863 4107 2031 4161 Pavor

460 4221 634 4268 estex
672 4209 898 4262 humana
942 4206 1275 4269 infirmitate,
1324 4218 1447 4274 spes
1485 4217 1552 4258 ex
1593 4200 1770 4255 divina
1809 4199 2033 4269 promis-

459 4304 628 4357 sione.
682 4298 834 4368 Quod
875 4312 1033 4368 paves
1075 4304 1220 4348 tunm
1265 4301 1385 4360 est,
1429 4291 1569 4362 quod
1615 4304 1795 4360 speras
1834 4289 2031 4343 donum

465 4393 558 4450 Dei
587 4402 668 4448 est
697 4392 849 4446 inte.
900 4388 967 4443 Et
1008 4386 1196 4441 melius
1231 4385 1281 4438 in
1319 4397 1514 4452 pavore
1557 4391 1646 4435 tuo
1679 4379 1921 4450 agnoscis
1949 4388 2023 4443 te,

462 4495 522 4540 ut
565 4486 617 4540 in
660 4482 970 4539 liberatione
999 4489 1085 4533 tua
1125 4474 1388 4547 glorifices
1425 4475 1513 4544 qui
1555 4473 1676 4528 fecit
1712 4481 1782 4528 te.
1838 4471 2034 4527 Paveat

461 4575 690 4632 humana
722 4573 998 4629 infirmitas
1025 4611 1041 4636 ,
1087 4583 1188 4622 non
1235 4567 1285 4620 in
1313 4580 1378 4621 eo
1421 4579 1615 4634 pavore
1643 4563 1820 4618 deficit
1856 4561 2033 4616 divina

464 4668 845 4726 misericordia.
878 4665 1114 4735 Denique
1143 4674 1336 4734 pavens
1364 4660 1462 4713 iste
1489 4656 1610 4711 inde
1633 4656 1794 4725 C(Bpil
1829 4673 1842 4708 :
1868 4653 1934 4708 In
1965 4664 2030 4721 te,

461 4760 676 4815 Domine
698 4801 714 4827 ,
757 4761 987 4829 speravi,
1019 4772 1117 4808 non
1143 4751 1427 4824 confundor
1454 4749 1505 4802 in
1525 4757 1785 4802 wtcrnum.
1831 4745 2034 4800 Videtis

461 4854 583 4924 quia
608 4862 662 4907 et
692 4858 882 4921 pavet,
915 4859 968 4904 et
994 4841 1171 4918 sperat
1203 4862 1216 4899 :
1250 4842 1438 4898 videtis
1465 4839 1585 4914 quia
1611 4853 1772 4908 pavor
1799 4836 1897 4892 iste
1927 4850 2032 4891 non

461 4956 544 5002 est
583 4945 699 4999 sine
739 4958 854 5012 spe.
899 4941 1070 4997 Etiam
1098 4939 1141 4994 si
1167 4946 1251 4994 est
1287 4936 1461 5006 aliqua
1509 4933 1560 4988 in
1604 4931 1835 4986 humano
1872 4929 2035 4986 corde

461 5033 812 5098 conturbatio,
844 5046 948 5086 non
977 5027 1176 5084 recedit
1202 5026 1377 5081 divina
1403 5022 1716 5106 consolatio.

534 5127 587 5180 4.
610 5123 865 5193 Loquitur
899 5121 985 5176 hic
1007 5133 1134 5189 ergo
1159 5117 1400 5173 Christus
1425 5116 1477 5170 in
1509 5113 1772 5183 Propheta
1797 5126 1813 5175 ;
1859 5108 2032 5165 audeo

463 5217 672 5278 dicere,
703 5213 944 5268 Chrisms
988 5209 1234 5279 loquitur.
1291 5208 1534 5262 Dicturus
1572 5213 1655 5259 est
1695 5201 1934 5274 qumdam
1980 5201 2034 5256 in

465 5306 567 5362 hoc
597 5305 798 5376 psalmo
817 5344 831 5368 ,
877 5317 995 5372 quae
1023 5298 1171 5370 quasi
1200 5298 1411 5352 Christo
1436 5295 1712 5350 videantur
1749 5308 1850 5347 non
1878 5306 2036 5362 posse

529 5419 546 5451 ί
578 5427 672 5465 Am.
700 5421 842 5465 ett-1r.
865 5426 878 5462 :
899 5420 1019 5474 Ergo
1041 5408 1084 5460 si
1103 5413 1266 5474 Petrus
1287 5403 1539 5474 apostolus,
1563 5410 1694 5474 tanta
1716 5399 2036 5474 persecutione

465 5494 558 5544 quo
599 5478 740 5544 nollet
777 5475 948 5544 ductus
961 5467 1068 5530 west,
1090 5467 1331 5544 Iet‘ttjolens
1367 5467 1527 5544 nolens
1549 5473 1761 5544 mqrtims
1793 5468 2035 5544 est-hev...

465 5521 894 5602 Hispanam
913 5521 1005 5602 quo
1021 5521 1162 5602 nollet
1185 5531 1355 5602 ductus
1375 5535 1456 5602 est
1479 5535 1538 5602 et.
1551 5521 2035 5602 polens‘ﬂetcxt‘iﬁri-

465 5583 1113 5666 i33"~is'~‘.-1'ie1d'vértectio
1133 5603 1224 5666 quo
1247 5590 1386 5666 me!
1403 5588 1638 5666 eatea;

465 5645 564 5725 3&5
591 5645 1035 5725 minitantem.
1067 5645 1157 5725 Sed
1190 5650 1540 5725 emendandum
1568 5651 1654 5710 sic,
1675 5658 1767 5710 quo
1790 5645 1929 5696 nollet
1947 5645 2038 5706 iit;

465 5714 621 5776 boletis
642 5724 802 5774 notem
823 5727 1035 5772 mortuus
1055 5723 1141 5778 est,
1167 5714 1272 5776 sed.
1297 5721 1392 5764 etc.

1693 258 1750 312 S.
1792 254 2154 314 AUGUSTINI
2193 260 2490 320 EPISCOPI

3595 263 3709 324 ἔδεε

2143 389 2432 446 congruere
2449 419 2464 444 ,
2496 377 2571 432 illi
2593 377 2916 434 excellentia:
2935 378 3119 451 capitis
3144 378 3340 444 nostri,
3372 379 3712 449 maximeque

2138 468 2210 523 illi
2245 469 2418 525 Verbo
2459 469 2599 540 quod
2629 471 2680 526 in
2727 472 2982 542 principio
3019 481 3134 527 erat
3158 471 3296 526 Deus
3322 471 3458 540 apud
3496 471 3662 526 Deum
3690 487 3708 524 :

2137 575 2235 615 nec
2274 561 2322 614 ei
2372 562 2422 616 in
2467 561 2632 617 forma
2668 563 2806 618 servi
2854 562 3076 619 fortasse
3117 563 3428 617 videbuntur
3466 561 3710 631 quaedam

2137 651 2222 706 hic
2258 653 2417 706 verba
2462 668 2790 724 congruere,
2835 669 2991 723 quam
3035 654 3257 707 formam
3295 654 3432 707 servi
3475 651 3712 721 suscepit

2135 757 2198 798 ex
2231 743 2466 812 virgine;
2497 752 2551 798 et
2577 753 2750 799 tamen
2768 743 3006 800 Christus
3032 745 3290 816 loquitur,
3319 743 3439 814 quia
3467 743 3518 796 in
3542 758 3712 796 mem-

2137 831 2247 888 bris
2269 832 2464 888 Christi
2503 833 2760 889 Christus.
2813 834 2879 890 Et
2904 845 2962 890 ut
2987 835 3239 890 noveritis
3263 877 3278 902 ,
3308 835 3430 905 quia
3459 849 3593 888 unus
3622 834 3711 888 di-

2135 923 2271 978 citur
2293 922 2535 980 Christus
2563 934 2719 995 caput
2745 934 2798 980 et
2836 939 3027 996 corpus
3053 941 3204 980 suum
3228 941 3244 990 ;
3291 925 3403 995 ipse
3435 923 3561 978 dicit
3586 939 3714 978 cum

2134 1011 2202 1067 de
2230 1013 2474 1085 conjugio
2504 1015 2808 1086 loqueretur
2837 1034 2850 1070 :
2885 1015 3048 1069 Erunt
3072 1015 3173 1069 duo
3201 1014 3251 1068 in
3272 1031 3421 1068 carne
3438 1031 3540 1068 una
3565 1031 3583 1068 :
3607 1016 3709 1085 igi-

2135 1113 2217 1156 tur
2225 1104 2337 1174 jam
2358 1121 2456 1159 non
2480 1105 2602 1172 duo,
2636 1104 2725 1160 sed
2750 1123 2851 1160 una
2877 1123 2996 1160 caro
3028 1104 3234 1176 (Matth.
3260 1121 3349 1159 XIX
3368 1145 3386 1172 ,
3412 1106 3468 1171 5,
3494 1105 3573 1177 6).
3599 1104 3706 1160 Sed

2135 1192 2271 1251 forte
2292 1194 2394 1251 hoc
2416 1196 2556 1252 dicat
2574 1197 2642 1254 de
2670 1213 3001 1269 quocumque
3024 1197 3310 1268 coniugio?
3338 1198 3471 1252 Audi
3493 1208 3702 1268 aposto-

2133 1287 2241 1342 lum
2286 1287 2502 1343 Paulum
2533 1307 2547 1345 :
2574 1289 2642 1345 Et
2679 1277 2824 1344 erunt
2861 1289 2994 1356 duo,
3041 1290 3240 1360 inquit,
3284 1291 3338 1344 in
3379 1307 3532 1344 carne
3556 1308 3660 1344 una
3689 1309 3708 1346 .-

2132 1391 2498 1435 sacramcntum
2525 1382 2618 1436 hoc
2643 1399 2878 1454 magnum
2897 1393 2984 1447 est,
3015 1399 3103 1453 ego
3122 1391 3288 1436 autem
3309 1383 3419 1436 dico
3434 1383 3486 1437 in
3508 1383 3710 1437 Christo

2133 1480 2181 1526 et
2207 1471 2259 1524 in
2298 1469 2522 1526 Ecclesia
2554 1470 2764 1544 (Ephes.
2795 1489 2850 1537 v,
2883 1474 2944 1529 5i
2971 1515 2984 1536 ,
3018 1473 3152 1543 5‘2)?
3200 1473 3282 1528 Fit
3306 1487 3432 1544 ergo
3458 1482 3707 1542 tanquam

2133 1575 2200 1616 ex
2225 1561 2432 1618 duobus
2459 1578 2576 1642 una
2622 1563 2862 1634 qntedam
2911 1579 3130 1634 persona
3153 1606 3168 1628 ,
3215 1579 3277 1619 ex
3308 1565 3478 1633 capite
3503 1573 3555 1620 et
3582 1579 3700 1618 cor-

2133 1667 2261 1722 pore
2283 1694 2299 1719 ,
2347 1668 2412 1708 ex
2440 1667 2638 1724 sponso
2662 1662 2716 1709 et
2741 1669 2952 1724 sponsa.
2999 1653 3130 1710 Nam
3173 1655 3424 1709 unitatem
3466 1669 3709 1724 personae

2133 1741 2290 1812 hujus
2322 1743 2509 1798 miram
2536 1752 2589 1799 et
2616 1743 2961 1800 excellentem
3003 1743 3338 1800 commendat
3364 1744 3520 1797 etiam
3546 1743 3708 1798 Isaias

2134 1833 2389 1904 propheta
2415 1851 2430 1888 :
2462 1850 2584 1890 natn
2614 1835 2834 1907 loquens
2870 1837 3028 1891 etiam
3059 1835 3109 1889 in
3138 1851 3204 1890 eo
3231 1833 3471 1890 Christus
3499 1835 3550 1890 in
3583 1851 3707 1906 pre-

2137 1924 2309 1996 phetia
2333 1925 2408 1980 ait
2438 1943 2452 1980 :
2481 1924 2623 1981 Sicut
2644 1942 2826 1997 sponso
2851 1925 3076 1997 alligavit
3102 1925 3222 1978 mihi
3249 1926 3449 1978 mitram
3469 1967 3484 1990 ,
3508 1936 3556 1979 et
3577 1927 3706 1980 sicut

2132 2034 2365 2088 sponsam
2388 2019 2582 2073 ornavit
2606 2035 2682 2073 me
2707 2028 2994 2074 ornamento
3019 2016 3167 2089 (lsai.
3199 2033 3305 2084 ut,
3337 2015 3447 2088 10).
3477 2017 3545 2073 Se
3573 2017 3707 2072 dixit

2133 2123 2418 2178 sponsum,
2449 2124 2509 2166 se
2533 2123 2782 2180 sponsam
2817 2128 2831 2163 :
2861 2124 3025 2181 quare
3051 2124 3110 2165 se
3131 2123 3382 2179 sponsum
3401 2150 3416 2174 ,
3455 2124 3513 2164 se
3537 2125 3701 2179 spon-

2134 2215 2247 2255 sam
2271 2240 2288 2267 ,
2338 2201 2438 2257 nisi
2467 2201 2586 2272 quia
2614 2209 2771 2256 erunt
2813 2199 2921 2257 duo
2963 2201 3016 2256 in
3044 2215 3205 2256 carne
3241 2199 3392 2254 una?
3435 2199 3491 2255 Si
3520 2200 3624 2256 duo
3651 2200 3702 2254 in

2134 2305 2296 2347 carne
2322 2305 2445 2359 una,
2473 2306 2568 2346 cur
2590 2306 2695 2346 non
2723 2291 2830 2346 duo
2857 2292 2907 2346 in
2933 2306 3062 2346 voce
3091 2289 3234 2344 una?
3279 2290 3548 2360 Loquatur
3574 2306 3704 2362 ergo

2134 2381 2412 2448 Christus,
2461 2382 2583 2454 quia
2629 2383 2682 2438 in
2726 2382 2940 2438 Christo
2985 2382 3215 2452 loquitur
3245 2381 3521 2448 Ecclesia,
3563 2382 3700 2437 etin

2136 2470 2368 2528 Ecclesia
2392 2471 2619 2542 loquitur
2641 2470 2917 2538 Christus;
2946 2480 3000 2528 et
3021 2487 3212 2542 corpus
3238 2472 3289 2526 in
3313 2472 3505 2542 capite,
3531 2481 3588 2527 et
3607 2487 3703 2526 ca-

2136 2575 2229 2634 put
2265 2565 2316 2621 in
2341 2579 2586 2635 corpore.
2640 2563 2774 2620 Audi
2803 2564 3116 2635 Apostolum
3153 2563 3254 2618 hoc
3281 2563 3451 2635 ipsum
3482 2562 3700 2620 eviden-

2137 2657 2246 2713 tius
2283 2657 2666 2728 exprimentem
2705 2675 2721 2714 :
2759 2655 2904 2713 Sicut
2946 2657 3076 2713 enim
3115 2673 3296 2728 corpus
3345 2673 3501 2711 unum
3541 2665 3615 2710 est
3655 2675 3702 2711 et

2135 2747 2356 2802 membra
2384 2747 2528 2802 habet
2547 2749 2724 2815 multa,
2748 2749 2917 2803 omnia
2930 2755 3094 2801 autem
3113 2745 3331 2800 membra
3353 2743 3574 2817 corporis
3588 2762 3702 2800 cum

2134 2838 2234 2892 sint
2252 2838 2431 2905 multa,
2459 2855 2613 2893 unum
2631 2847 2704 2893 est
2729 2855 2929 2917 corpus,
2956 2839 3028 2892 sic
3055 2847 3103 2891 et
3130 2837 3357 2892 Christus
3384 2838 3424 2906 (Ι
3451 2835 3569 2894 Cor.
3600 2853 3699 2902 xtt,

2137 2925 2250 3002 12).
2278 2929 2522 3001 Loquens
2547 2928 2613 2984 de
2642 2927 2894 2984 membris
2918 2927 3145 2990 Christi,
3193 2926 3298 2984 hoc
3330 2936 3413 2983 est
3434 2927 3500 2982 de
3530 2925 3703 2982 ﬁdeli-

2133 3019 2252 3088 bus,
2285 3036 2388 3076 non
2411 3020 2517 3085 ait,
2545 3020 2623 3075 sic
2641 3025 2697 3075 et
2725 3018 2962 3075 membra
2989 3018 3218 3083 Christi;
3262 3017 3354 3074 sed
3397 3028 3561 3073 totum
3603 3019 3705 3073 hoc

2100 3149 2107 3157 ο
2135 3111 2274 3183 quod
2298 3111 2463 3178 dixit,
2507 3110 2773 3167 Christum
2800 3109 3100 3181 appellavit.
3151 3106 3298 3164 Sicut
3333 3109 3476 3164 enim
3510 3123 3708 3178 corpus

2136 3218 2319 3268 unum,
2345 3210 2399 3258 et
2425 3201 2660 3258 membra
2689 3200 2847 3256 habet
2864 3200 3048 3266 multa,
3073 3200 3247 3255 omnia
3267 3211 3442 3254 autem
3469 3199 3706 3256 membra

2134 3295 2373 3367 corporis
2401 3310 2520 3350 cum
2558 3294 2666 3350 sint
2706 3294 2868 3348 multa
2893 3334 2908 3360 ,
2957 3308 3120 3348 unum
3159 3301 3242 3348 est
3275 3307 3500 3364 corpus;
3551 3293 3629 3348 sic
3653 3302 3709 3346 et

2133 3390 2375 3446 Christus
2415 3387 2652 3443 membra
2675 3387 2881 3453 multa,
2929 3401 3090 3442 unum
3117 3400 3332 3456 corpus.
3373 3385 3511 3456 Ergo
3548 3385 3707 3441 simul

2135 3497 2321 3536 omnes
2349 3495 2447 3536 nos
2472 3494 2594 3535 cum
2643 3480 2814 3549 capite
2859 3487 3040 3533 nostro
3078 3471 3324 3542 Chris'to,
3375 3476 3490 3531 sine
3533 3477 3708 3545 capite

2136 3580 2318 3628 nostro
2357 3570 2488 3624 nihil
2523 3569 2778 3624 valentes.
2828 3567 3044 3637 Quare?
3087 3567 3220 3634 Quia
3259 3581 3356 3622 nos
3382 3553 3500 3622 cum
3533 3567 3708 3636 capite

2135 3671 2318 3719 nostro
2338 3662 2459 3717 vitis
2488 3679 2502 3715 :
2530 3662 2646 3716 sine
2669 3661 2841 3730 capite
2871 3669 3074 3725 nostro,
3104 3659 3243 3730 quod
3261 3659 3416 3724 absit,
3441 3667 3706 3713 sarmenta
3799 3701 3814 3716 .

2136 3757 2378 3830 prmeisa,
2419 3771 2526 3811 non
2551 3755 2705 3811 alicui
2732 3755 2878 3823 aperi
2901 3753 3247 3824 agricolarum
3270 3793 3287 3818 ,
3332 3752 3422 3808 sed
3452 3752 3557 3822 igni
3586 3761 3705 3808 tan-

2136 3847 2409 3905 tummodo
2435 3845 2715 3902 destinata.
2766 3842 2888 3900 Ideo
2925 3855 2978 3900 et
3015 3845 3126 3913 ipse
3166 3844 3216 3897 in
3246 3843 3529 3913 Evangelia
3555 3860 3568 3896 :
3598 3841 3710 3914 Ego

2134 3958 2247 3997 sum
2270 3941 2412 4008 vitis,
2443 3955 2528 3994 vos
2549 3939 2662 3993 estis
2693 3937 2920 4008 palmites
2938 3977 2954 4004 ,
2989 3935 3144 3990 Pater
3170 3953 3306 3991 meus
3343 3937 3565 4008 agricola
3597 3947 3709 4002 est;

2136 4043 2192 4089 et
2219 4050 2232 4088 :
2261 4031 2387 4088 Sine
2407 4048 2517 4099 me,
2565 4030 2764 4100 inquit,
2811 4029 2938 4082 nihil
2974 4028 3174 4097 potestis
3211 4031 3376 4100 facere
3405 4026 3580 4099 (Jaan.
3610 4043 3706 4092 xv,

2137 4123 2219 4196 5).
2277 4123 2534 4186 Domine,
2585 4121 2629 4176 si
2671 4120 2784 4175 sine
2811 4131 2864 4174 te
2888 4118 3056 4183 nihil,
3101 4128 3265 4174 totum
3293 4119 3343 4172 in
3375 4127 3444 4173 te.
3501 4119 3708 4174 Etenim

2135 4212 2388 4284 quidquid
2417 4213 2502 4267 ille
2526 4218 2777 4280 operatur
2798 4224 2892 4280 per
2920 4224 3051 4276 nos,
3083 4224 3180 4264 nos
3210 4209 3450 4264 videmur
3476 4210 3707 4279 operari.

2138 4305 2319 4360 Potest
2373 4304 2462 4359 ille
2501 4304 2722 4358 multum
2750 4309 2806 4358 et
2857 4311 3024 4357 totum
3051 4302 3186 4368 ,sine
3215 4302 3364 4358 nobis
3387 4341 3403 4367 ,
3455 4317 3553 4357 nos
3579 4301 3711 4357 nihil

2135 4395 2252 4451 sine
2279 4395 2410 4465 ipso.

2209 4507 2261 4563 5.
2291 4505 2438 4580 [vers.
2463 4503 2544 4579 2.]
2587 4505 2727 4575 Ergo
2761 4503 2813 4560 in
2849 4518 3176 4574 quacumque
3201 4502 3392 4557 ecstasi
3415 4503 3706 4574 .loqualur,

2137 4599 2250 4654 sive
2291 4612 2519 4669 pavore,
2562 4593 2673 4651 sive
2714 4609 2935 4650 excessu
2977 4593 3202 4656 mentis,
3243 4602 3542 4662 congruunt
3587 4609 3710 4662 qua:

2137 4693 2402 4748 dicuntur.
2431 4691 2675 4745 Dicamus
2701 4689 2752 4743 in
2775 4687 2968 4743 Christi
2993 4701 3235 4756 corpore,
3257 4685 3496 4740 dicamus
3521 4700 3712 4740 omnes

2140 4783 2288 4856 quasi
2316 4797 2449 4838 unus
2471 4822 2486 4843 .
2518 4780 2637 4851 quia
2661 4793 2846 4834 omnes
2873 4778 3070 4842 unitas,
3097 4776 3336 4832 dicamus
3367 4795 3379 4831 :
3409 4775 3476 4830 In
3501 4786 3568 4842 te,
3597 4775 3708 4830 Do-

2140 4875 2303 4940 mine,
2333 4871 2528 4944 speravi
2549 4911 2565 4936 ,
2605 4886 2706 4924 non
2737 4867 3019 4939 confundor
3048 4868 3101 4922 in
3127 4877 3387 4922 teternum.
3423 4867 3565 4922 illam
3583 4908 3598 4933 ,
3628 4867 3704 4920 in-

2139 4965 2273 5036 quit,
2302 4961 2664 5020 confusionem
2693 4959 3056 5030 perhorresco,
3095 4975 3213 5030 quae
3237 4967 3319 5014 est
3348 4958 3400 5014 in
3426 4968 3706 5013 aeternum.

2138 5057 2269 5114 Nam
2286 5066 2367 5112 est
2377 5053 2617 5126 quaedam
2634 5050 2870 5108 confusio
2884 5051 3185 5123 temporalis
3201 5051 3364 5117 utilis,
3384 5052 3710 5122 perturbatio

2139 5147 2298 5202 animi
2323 5142 2654 5216 respicientis
2679 5150 2888 5212 peccata
2915 5154 3030 5207 sua,
3057 5139 3704 5212 respectione'horrentis.

2143 5237 2363 5293 horrore
2387 5232 2767 5297 erubescentis,
2803 5231 3162 5286 erubescentia
3185 5231 3496 5301 corrigentis
3520 5247 3535 5294 ;
3568 5231 3710 5284 unde

2142 5328 2267 5383 dicit
2293 5335 2348 5381 et
2372 5324 2654 5396 Apostolus
2685 5341 2699 5377 :
2731 5322 2894 5388 Quam
2929 5323 3061 5377 enim
3090 5321 3302 5393 gloriam
3323 5321 3565 5375 habuistis
3591 5332 3710 5373 tunc

2140 5421 2194 5474 in
2221 5420 2318 5480 his.
2349 5419 2402 5472 in
2435 5417 2609 5488 quibus
2629 5430 2759 5470 nunc
2779 5414 3063 5469 erubescitis
3091 5413 3266 5484 (Rom.
3294 5430 3346 5468 vr
3367 5456 3378 5477 ,
3401 5413 3540 5483 2t)?
3568 5413 3710 5482 Ergo

2143 5512 2456 5566 erubescere
2496 5507 2613 5561 illos
2646 5505 2772 5562 dicit
2803 5507 2909 5576 jam
2941 5505 3152 5569 ﬁdeles,
3197 5521 3302 5559 non
3331 5505 3398 5558 de
3436 5505 3708 5573 pmrsenti-

2144 5603 2240 5658 bus
2265 5601 2435 5664 donis,
2467 5597 2558 5652 sed
2588 5596 2654 5651 de
2685 5596 2962 5666 praeteritis
2987 5595 3236 5667 peccatis.
3268 5595 3411 5654 Hanc
3431 5599 3708 5650 conlusio-

2147 5708 2267 5752 ncm
2299 5706 2403 5746 non
2429 5688 2676 5746 formidet
2710 5687 3026 5745 christianus
3058 5707 3072 5746 :
3104 5688 3210 5744 imo
3238 5689 3283 5745 si
3314 5691 3445 5742 haue
3473 5705 3576 5740 non
3610 5688 3704 5741 ha-
