1994 3094
142 155 193 184 ξζὸδ

142 214 245 243 Interit,
263 219 388 241 mtcrnam
404 215 519 241 habebit.
544 217 605 248 Qna'
622 223 660 242 est
676 223 771 243 mternn
787 218 925 244 confusio?

139 260 250 292 Quando
266 260 310 287 iict
334 262 396 288 illud
411 262 480 296 quod
498 262 594 289 dictum
616 268 665 293 est,
693 263 728 289 Et.
741 265 869 290 traducunt
889 273 929 291 eos

138 315 170 333 ea:
180 307 285 333 adverso
301 308 443 342 iniquitates
456 317 539 334 rorant
556 309 631 343 (Sap.
648 317 682 339 Iv,
697 310 752 339 ΞΟ).
771 310 801 336 Et
817 310 859 336 fiet
873 316 927 336 tra-

138 343 296 378 tlueeutibus
310 360 340 379 cx
361 353 471 380 adverSo
492 354 671 388 iniquitatibus
685 356 770 381 omnis
794 364 854 387 grex
872 364 926 381 ma-

138 398 177 424 lus
194 399 224 424 ad
240 398 385 431 sinistram,
400 405 521 433 tanquam
533 400 617 427 hmdis
630 400 662 426 a'n
676 401 767 427 ovibus
783 402 923 435 separatis;

136 448 161 470 ct
175 444 299 477 audient,
316 444 357 471 lle
371 445 396 470 in
411 445 491 479 ignem
503 451 632 475 a'ternunt,
650 447 691 480 qui
707 452 808 481 paratus
821 453 856 473 est
869 448 924 473 dia-

135 490 191 515 bolo
204 495 227 516 et
238 490 334 523 angelis
347 491 410 524 ejus.
431 492 557 524 Qua'runt
574 493 672 526 quare?
690 492 787 518 Esurit-i
802 494 883 525 enim,
901 499 923 519 ct

135 544 183 561 non
199 536 302 561 dedistis
323 536 384 562 milii
404 537 555 563 nmmlurure
577 537 679 570 (Matth.
693 546 758 567 xxv,
777 538 830 573 41).
852 539 921 564 Con-

135 582 288 609 temnebaut
308 587 369 609 tunc
383 583 488 617 quando
501 584 625 610 esurienti
639 584 743 611 Christo
759 593 809 611 non
824 585 921 612 dabant

132 629 219 655 cibum
234 649 241 661 ,
263 630 368 663 quando
382 630 481 656 sitienti
497 638 547 657 non
564 630 662 657 dabant
683 636 773 665 potum
786 652 793 663 ,
814 632 919 666 quando

132 675 230 702 nudum
245 683 298 701 non
309 675 456 703 vesticbant
466 697 472 707 ,
488 678 653 711 peregrinum
666 685 716 704 non
730 678 916 711 suscipiebant,

131 726 301 756 a‘grotantem
317 730 367 748 non
384 722 534 756 visitabam,
553 729 614 750 tunc
627 724 828 751 contemnebant
842 732 917 751 :cum

131 768 260 801 ctrperint
275 768 326 794 illis
346 768 394 794 ista
409 770 556 796 enumerari
572 790 577 800 .
593 770 785 797 confundantur
796 792 803 802 ,
820 775 845 797 et
860 770 917 798 ha'c

130 813 249 840 confusio
266 814 292 840 in
303 819 430 841 :cternum
443 815 503 841 erit.
516 815 586 841 lianc
602 816 695 842 timens
711 816 759 843 iste
771 815 814 850 qui
828 821 914 850 pavet,

131 860 170 886 vel
183 860 259 894 cujus
274 860 306 886 ad
321 860 404 887 Deum
426 866 465 888 est
489 862 585 888 mentis
600 869 724 889 cvcessus
736 884 742 893 ,
768 862 816 889 hoc
830 867 913 897 rogat,

131 905 161 932 lu
174 910 205 937 te,
222 905 337 939 Domine,
352 908 462 941 speravi,
479 916 528 934 non
543 908 683 942 confundor
696 908 721 934 in
732 913 860 934 (cremant.

164 951 189 978 6.
205 950 239 977 Et
255 951 283 978 in
298 957 340 978 tua
355 953 454 987 justitiu
466 960 522 979 erue
537 961 575 979 me
585 975 591 985 ,
615 959 637 979 (ι
657 954 736 980 exilire
748 961 806 980 me:
819 962 878 980 nam
891 954 913 981 si

131 997 250 1025 attendas
270 998 303 1025 ad
321 999 448 1033 justitiam
463 1007 564 1031 meam,
588 999 697 1027 damnas
708 1008 758 1027 me.
772 999 805 1027 In
818 1005 860 1026 tua
868 1001 914 1035 ju-

128 1045 194 1071 stitia
211 1053 271 1072 erue
289 1054 337 1072 me.
367 1046 414 1072 Est
429 1046 497 1072 enim
512 1046 611 1079 jnstitia
627 1046 690 1078 Dei,
713 1054 770 1080 qua:
783 1051 810 1073 et
824 1050 912 1073 nostra

129 1091 168 1123 lit,
185 1099 246 1118 cum
261 1090 373 1118 donatur
387 1092 471 1118 nobis.
497 1092 556 1119 Ideo
571 1097 656 1118 autem
674 1092 717 1119 Dei
735 1092 835 1126 justitia
848 1092 912 1119 dici-

128 1141 186 1168 tur,
203 1144 236 1163 ne
247 1135 326 1163 homo
344 1145 373 1163 se
388 1142 462 1171 putet
476 1144 488 1163 a
504 1138 591 1171 seipse
608 1137 704 1164 habere
715 1137 853 1171 justitiam.
868 1138 911 1163 Sic

125 1182 196 1208 enim
223 1181 286 1208 dicit
309 1183 442 1216 apostolus
469 1183 586 1209 Paulus:
607 1182 723 1209 Crcdenti
744 1183 770 1209 in
791 1191 845 1208 eum
868 1183 911 1216 qui

122 1228 245 1264 jnstiﬁcat
269 1229 371 1263 impium
389 1229 470 1264 (quid
492 1234 548 1261 est,
572 1230 615 1264 qui
634 1229 759 1264 justilirat
781 1230 910 1264 impium?

123 1274 166 1306 qui
178 1282 210 1300 ex
227 1274 308 1307 impio
323 1273 382 1300 facit
399 1274 515 1307 justum)
531 1275 664 1309 deputatur
675 1275 736 1308 ﬁdes
752 1275 805 1309 ejus
820 1274 853 1301 ad
863 1276 908 1310 ju-

121 1320 218 1356 stitiam
230 1319 315 1354 (Itoni.
330 1327 354 1345 tv
367 1340 373 1351 ,
390 1320 428 1353 5).
452 1319 533 1346 .lndwi
546 1328 609 1347 vero
624 1321 682 1354 quia
700 1320 753 1347 suis
767 1320 867 1347 viribus
880 1327 909 1347 se

123 1367 250 1401 putabant
266 1367 374 1401 implere
391 1375 467 1401 po~se
484 1367 629 1401 justitiam,
653 1366 818 1394 offenderunt
831 1367 856 1393 in
870 1367 907 1394 la-

122 1414 205 1447 pidem
219 1413 375 1440 offensionis
389 1414 397 1447 (
414 1413 485 1439 Itoni.
504 1421 538 1445 ix,
556 1413 610 1448 52)
626 1417 651 1439 et
664 1418 762 1447 petram
778 1413 906 1447 scandali,

120 1465 144 1486 et
157 1460 270 1494 gratiam
285 1458 381 1486 Christi
397 1467 448 1486 non
468 1464 641 1494 agnoverunt.
657 1460 823 1494 Acceperunt
836 1459 906 1487 cnim

119 1503 214 1539 Legem
227 1511 279 1539 qua
296 1504 388 1531 tierent
402 1504 449 1537 rei,
464 1512 515 1531 non
530 1513 579 1539 qua
602 1505 777 1532 liberarentur
791 1513 805 1531 a
819 1510 904 1533 reatu.

120 1550 236 1585 Denique
250 1550 312 1585 quid
331 1550 364 1577 de
387 1550 438 1577 illis
463 1551 604 1585 Apostolus
627 1551 710 1578 dicit?
725 1550 904 1579 Testimonium

117 1597 181 1622 enim
195 1596 315 1631 peritiora
328 1597 379 1623 illis
395 1597 460 1632 quod
473 1597 553 1623 zelum
572 1597 616 1623 Dei
624 1597 713 1624 habent
723 1619 730 1630 ,
743 1599 788 1625 sed
801 1607 851 1625 non
862 1608 902 1626 se-

116 1643 225 1670 nmdum
236 1643 375 1669 scientiam.
389 1643 455 1676 Quid
472 1643 590 1677 estquod
611 1643 685 1676 dixit,
697 1643 785 1670 Zelum
800 1645 846 1671 Dei
859 1645 903 1672 ha-

115 1689 170 1716 bent
183 1688 280 1722 Judrci,
296 1689 339 1716 sed
366 1698 416 1715 non
436 1689 570 1715 secundum
596 1690 744 1716 scientiam?
758 1690 824 1717 Audi
840 1692 901 1726 quid

114 1736 156 1767 sit,
181 1743 235 1763 non
258 1736 401 1764 secundum
425 1736 559 1762 scientiam
577 1745 582 1762 :
598 1735 746 1771 Ignorautcs
766 1738 831 1763 enim
855 1738 902 1765 Dei

112 1781 234 1815 justitiam
248 1786 270 1807 et
283 1789 353 1808 suam
368 1781 475 1807 volentes
489 1782 647 1812 constituere,
664 1783 770 1816 justitim
787 1783 831 1809 Dei
851 1792 900 1810 non

114 1831 168 1853 sunt
180 1827 351 1862 subiectiUrl.
367 1836 393 1859 x,
405 1828 432 1861 :2,
449 1829 485 1863 5).
501 1828 527 1855 Si
541 1837 603 1862 ergo
617 1828 675 1855 ideo
687 1837 737 1855 non
756 1829 898 1856 secundum

114 1874 249 1901 scientiam
263 1874 347 1900 zelum
366 1874 410 1900 Dei
434 1874 538 1906 habent,
554 1875 612 1909 quia
625 1875 744 1910 ignorant
765 1876 808 1901 Dei
819 1876 897 1909 justi-

113 1920 172 1947 tiam
185 1924 213 1947 ct
225 1921 317 1947 volunt
329 1928 402 1946 suam
426 1921 597 1952 constituere,
613 1921 686 1955 quasi
702 1929 733 1948 ex
750 1922 843 1955 scipsis
854 1921 897 1955 ju-

112 1966 143 1992 sti
158 1968 239 1999 tiant;
265 1966 324 1993 ideo
343 1967 452 2001 gratiam
477 1967 523 1993 Dei
544 1976 595 1994 non
621 1973 810 2002 Cognovcrunt,
837 1969 895 2002 quia

111 2013 189 2046 gratis
201 2012 297 2039 salvari
309 2013 457 2039 noluerunt.
479 2014 542 2047 Quis
555 2018 595 2040 est
611 2014 652 2048 qui
671 2014 785 2040 salvatnr
797 2015 896 2049 gratis?

112 2057 137 2084 In
149 2065 202 2092 quo
213 2066 265 2085 nou
287 2059 385 2085 invenit
400 2059 518 2086 Salvator
533 2060 602 2094 quod
623 2065 741 2092 coronet,
765 2062 810 2088 scd
826 2062 894 2096 quod

109 2104 233 2136 damnet;
261 2113 313 2131 non
339 2105 437 2131 invenit
458 2106 550 2132 merita
576 2106 714 2139 bonorum,
737 2107 781 2134 scd
797 2107 895 2134 invenit

109 2151 202 2178 merita
218 2151 419 2185 suppliciorum.
442 2151 470 2179 Si
485 2157 544 2186 agat
569 2156 691 2187 tanquam
711 2154 839 2181 veraciter
861 2162 893 2180 ex

109 2197 197 2232 regula
212 2197 291 2232 Legis
303 2199 447 2232 proposita,
461 2198 625 2226 daumandus
636 2204 677 2226 est
691 2205 821 2234 peccator.
840 2201 893 2227 llac

108 2243 196 2277 regula
210 2243 231 2270 si
246 2248 345 2278 ageret,
361 2251 438 2278 quem
460 2244 603 2271 liberaret?
622 2245 719 2272 Omnes
741 2251 893 2280 peccatores

108 2288 208 2315 invenit
223 2296 231 2314 :
244 2288 317 2315 solus
329 2288 386 2316 sine
402 2295 509 2323 peccato
523 2290 604 2322 venit,
621 2291 664 2325 qui
680 2299 726 2318 nos
739 2297 892 2326 peccatores

107 2333 216 2361 invenit.
232 2334 287 2360 Hoc
298 2334 334 2360 ait
344 2335 486 2368 Apostolus
501 2344 507 2361 :
525 2336 616 2363 Omnes
629 2337 694 2363 enim
714 2344 872 2371 peccaverunt
883 2359 890 2370 ,

106 2384 129 2406 et
142 2385 213 2414 rgent
227 2379 309 2415 gloria
323 2380 368 2407 Dei
383 2380 436 2415 (1d.
452 2389 490 2413 tu,
502 2380 559 2417 23).
573 2382 639 2415 Quid
660 2387 709 2415 cst,
726 2388 796 2417 egent
810 2384 890 2418 gtoria

106 2426 174 2454 Dei?
189 2426 222 2454 Ut
234 2426 288 2461 ipse
304 2427 406 2458 liberet,
424 2435 475 2454 non
488 2433 513 2454 tu
531 2436 536 2453 ε
550 2428 608 2462 quia
624 2433 649 2455 tu
668 2432 692 2454 te
711 2429 822 2456 liberare
838 2438 889 2456 non

104 2477 191 2507 potes,
206 2472 307 2507 indiges
329 2473 477 2500 liberatore.
498 2474 565 2507 Quid
585 2479 623 2501 est
647 2475 715 2509 quod
739 2480 764 2503 te
788 2477 889 2510 jactas?

104 2518 176 2551 Quid
200 2523 240 2545 est
259 2519 328 2553 quod
344 2519 376 2546 de
401 2519 470 2554 Lege
489 2524 516 2547 et
534 2521 633 2555 justitia
656 2524 812 2556 prmsnmis?
833 2524 888 2551 Non

104 2563 179 2590 vides
192 2564 252 2597 quid
264 2565 334 2591 intus
357 2566 479 2600 conﬂigat
494 2566 518 2592 in
535 2571 569 2599 te,
590 2567 622 2594 de
645 2572 679 2600 te,
701 2569 827 2596 adversus
843 2572 888 2597 te?

102 2609 161 2636 Non
177 2609 252 2637 audis
266 2617 438 2645 pugnantem,
455 2616 481 2638 et
495 2613 673 2645 conﬁtentem,
686 2620 712 2641 et
730 2616 886 2650 adjutorium

101 2654 129 2683 in
142 2664 229 2691 pugna
237 2657 453 2685 desiderantem?
468 2657 524 2685 Non
540 2660 614 2687 audis
634 2661 760 2688 athletam
785 2662 887 2689 Domini

98 2701 134 2729 ab
146 2704 306 2738 agonotbeta
319 2707 450 2738 petentem
462 2703 618 2738 adjutorium
636 2714 728 2742 pagum
740 2715 795 2734 sua:
806 2709 818 2734 ‘t
829 2708 886 2735 Non

100 2749 172 2776 enim
186 2749 225 2777 sic
239 2754 266 2777 te
281 2754 417 2784 exspectat
443 2750 511 2777 Deus
525 2757 668 2779 certantem
682 2773 688 2785 ,
709 2754 841 2788 quomodo
861 2758 886 2781 te

98 2800 237 2831 exspectat
253 2795 348 2828 editor,
372 2796 394 2823 si
417 2796 483 2823 forte
506 2804 605 2832 pugnes
623 2798 648 2824 in
667 2799 884 2834 amphitheatro:
926 2819 929 2822 -

98 2843 141 2869 ille
157 2843 203 2870 tibi
220 2842 358 2877 prmmium
378 2842 440 2870 dare
456 2847 541 2877 potest
556 2844 578 2871 si
600 2844 703 2877 viceris.
718 2846 841 2880 adjuvare
860 2852 885 2875 te

98 2888 294 2924 periclitantem
316 2896 366 2915 non
391 2894 485 2921 potest.
500 2889 557 2916 Non
580 2890 617 2917 sic
636 2897 773 2928 exspectat
801 2893 881 2921 Deus.

248 2936 384 2966 l‘A'mOL.
410 2937 555 2967 XXXVI.

690 159 884 188 ENARRATIO
899 160 932 187 lN
947 160 1106 192 PSALMUM
1126 165 1209 194 XXX.

1717 178 1769 207 231-

989 218 1053 247 Vide
1077 228 1149 257 ergo.
1168 224 1274 253 allende
1297 233 1355 254 eum
1377 229 1420 263 qui
1436 230 1688 260 dicitzCondelcctar
1702 237 1768 263 enim

983 264 1032 300 legi
1046 266 1092 292 Dei
1112 270 1247 296 secundum
1273 272 1413 300 interiorem
1437 275 1571 311 hominem,
1592 279 1661 305 uideo
1684 286 1768 307 autem

981 311 1058 338 aliam
1070 313 1148 352 legem
1165 315 1190 341 in
1205 318 1318 343 ineutbris
1332 320 1392 346 meis
1407 328 1589 357 repugnantem
1609 325 1659 361 legi
1678 328 1767 354 mentis

980 364 1050 406 mete,
1067 362 1090 385 et
1100 361 1225 394 captivum
1245 371 1283 389 me
1296 365 1424 398 ducentem
1440 367 1466 394 in
1479 369 1533 403 lege
1546 372 1650 405 peccati,
1662 381 1718 407 qua:
1730 380 1766 402 est

979 401 1004 428 in
1017 404 1133 431 membris
1146 408 1215 433 meis.
1231 408 1309 435 Miser
1328 419 1372 445 ego
1383 413 1467 446 homo,
1488 401 1598 449 quis'me
1608 401 1721 446 liberabit
1733 401 1764 447 de

977 455 1080 483 corpore
1093 453 1178 494 mortis
1193 453 1269 488 hujus
1280 455 1293 481 ἔ)
1308 455 1395 483 Gratia
1416 458 1463 486 Dei
1477 469 1521 494 per
1529 460 1618 489 Iesum
1636 463 1762 492 Clu-istum

976 492 1111 522 Dominum
1129 489 1240 525 nostrum
1255 496 1342 533 (Rom.
1357 511 1402 535 vu,
1418 489 1504 533 22-έὸ
1551 507 1638 541 Quare
1659 511 1761 546 gratia?

975 539 1039 572 Quia
1053 542 1134 575 gratis
1150 543 1235 571 datur.
1258 545 1345 578 Quare
1365 549 1447 582 gratis
1469 539 1545 579 datur
1553 539 1643 587 ?—Quia
1659 539 1760 583 inerita

974 589 1016 612 tua
1028 594 1079 613 non
1097 596 1299 623 prtecesscrunt,
1313 593 1359 620 sed
1376 594 1501 624 beneﬁcia
1519 598 1565 625 Dei
1581 604 1605 626 te
1623 608 1760 635 pracvene—

972 636 1042 659 runt.
1060 632 1098 660 llli
1113 642 1177 670 ergo
1191 636 1273 670 gloria
1285 638 1327 672 qui
1342 646 1389 666 nos
1404 641 1507 669 liberat.
1524 643 1616 672 Omnes
1623 632 1691 673 enim
1701 656 1759 682 pec—

971 684 1098 710 caverunt,
1113 684 1136 705 et
1151 686 1221 715 egent
1231 682 1311 716 gloria
1326 683 1383 711 Dei.
1396 684 1428 712 In
1443 691 1466 713 te
1481 695 1553 723 ergo,
1569 689 1682 721 Domine.
1698 701 1757 727 spe-

970 724 1033 756 ravi,
1048 732 1100 751 non
1116 726 1140 752 in
1156 735 1198 754 me
1214 736 1220 753 :
1246 737 1295 756 non
1315 732 1457 765 confundor
1471 734 1496 760 in
1510 740 1639 768 wternum,
1653 738 1712 772 quia
1730 740 1755 766 in

969 775 1001 795 eo
1014 776 1092 803 spero
1107 772 1151 806 qui
1167 780 1218 799 non
1234 774 1370 803 confundit
1386 778 1405 804 ι.
1421 777 1453 805 In
1463 784 1506 807 tua
1518 781 1621 815 justilia
1634 792 1691 811 erue
1704 793 1753 816 me.

968 819 992 840 et
1001 815 1081 842 exime
1091 825 1130 843 me
1142 818 1214 852 :quia
1228 827 1278 846 non
1288 821 1409 849 invenisti
1423 824 1448 851 in
1463 833 1506 852 me
1517 826 1645 860 justitiam
1657 837 1753 862 meam,

968 867 1030 886 erue
1041 868 1083 888 me
1099 862 1124 889 in
1139 867 1196 893 tua:
1213 864 1263 892 hoc
1275 871 1325 899 est,
1341 867 1404 895 illud
1420 877 1462 896 me
1477 876 1553 899 cruat
1572 874 1642 908 quod
1657 882 1699 903 me
1710 876 1753 909 ju-

967 906 1077 955 stiﬁcat.‘
1097 908 1167 942 quod
1181 917 1213 937 ex
1237 912 1318 946 impio
1340 916 1410 947 plum
1427 914 1504 949 faclt,
1520 906 1591 951 quod
1612 927 1644 946 ex
1666 906 1754 956 iniquo

964 950 1073 984 justum,
1091 955 1161 988 quod
1183 963 1214 982 ex
1236 964 1309 985 ca'co
1323 959 1467 994 videntem,
1490 950 1560 997 quod
1587 972 1619 992 ex
1641 950 1753 995 cadente

966 1002 1127 1032 surgentem,
1141 1002 1211 1035 quod
1233 1010 1266 1030 ex
1282 1003 1362 1032 ﬂente
1382 1007 1551 1041 gaudentem.
1576 1010 1632 1038 Hoc
1655 1020 1698 1041 me
1721 1014 1753 1041 li-

966 1041 1048 1074 berat.
1065 1052 1116 1072 non
1136 1054 1194 1081 ego.
1211 1046 1243 1075 In
1260 1050 1362 1084 justitia
1375 1057 1418 1079 tua
1444 1062 1502 1081 erue
1514 1063 1563 1089 me,
1574 1062 1598 1084 et
1611 1059 1690 1086 exime
1702 1068 1749 1087 me.

1000 1089 1025 1115 7.
1037 1088 1109 1137 [iterm
1120 1091 1158 1128 5.]
1167 1092 1180 1118 I
1184 1094 1267 1121 nclina
1274 1096 1309 1122 ad
1313 1105 1351 1123 me
1356 1106 1444 1125 aurem
1454 1105 1537 1128 tuam:
1547 1101 1663 1131 fecithoc
1671 1105 1749 1137 Deus.

964 1135 1067 1168 quando
1077 1136 1161 1170 ipsum
1172 1138 1304 1167 Christum
1310 1141 1343 1168 ad
1352 1150 1401 1171 nos
1411 1144 1491 1172 misit.
1501 1145 1574 1173 Illum
1580 1148 1612 1175 ad
1621 1155 1669 1176 nos
1678 1135 1750 1178 misit

963 1178 1007 1229 qui
1019 1180 1234 1218 inclinatoeapite
1242 1185 1323 1221 digito
1334 1189 1466 1217 scribebat
1478 1191 1504 1218 in
1515 1196 1583 1219 terra
1592 1193 1681 1228 (Joan.
1691 1204 1748 1229 vui.

963 1223 1000 1259 6),
1009 1226 1115 1274 quando
1122 1228 1146 1255 ei
1155 1229 1272 1259 adultera
1280 1234 1375 1261 mulier
1385 1235 1546 1265 offerebatur
1558 1223 1749 1274 puiiiendadllo

961 1276 1048 1297 autem
1063 1272 1234 1303 inclinaverat
1244 1284 1273 1305 se
1285 1278 1317 1305 ad
1334 1284 1441 1313 terram,
1455 1282 1481 1310 id
1494 1288 1545 1316 est,
1560 1272 1631 1312 Deus
1651 1287 1685 1314 ad
1700 1287 1748 1315 Ιιο-

962 1316 1070 1361 minem,
1086 1320 1127 1346 cui
1144 1320 1241 1349 dictum
1266 1328 1317 1357 est,
1334 1325 1413 1353 Terra
1434 1336 1469 1360 es,
1495 1334 1519 1356 et
1542 1330 1568 1357 in
1586 1336 1678 1359 terram
1700 1333 1748 1361 ibis

963 1360 1037 1410 ςίὶεη.
1064 1371 1102 1410 ιιι,
1129 1365 1183 1400 i9).
1198 1367 1255 1395 Non
1278 1370 1347 1397 enim
1374 1373 1448 1406 quasi
1476 1377 1658 1410 corporalibus
1682 1379 1747 1407 locis

960 1407 1029 1435 Deus
1039 1409 1071 1436 ad
1086 1418 1134 1438 nos
1150 1412 1258 1441 inclinat
1271 1422 1362 1443 aurem
1387 1425 1474 1450 suam,
1490 1407 1535 1447 aut
1546 1422 1673 1451 membris
1687 1425 1746 1452 istis

958 1456 1092 1490 corporeis
1113 1457 1295 1488 determinatis
1316 1461 1404 1490 ﬁnitus
1416 1469 1466 1492 est.
1485 1465 1599 1495 Omnino
1619 1469 1682 1496 nihil
1698 1471 1745 1498 ho-

958 1507 1015 1527 rum
1030 1502 1147 1537 cogitent
1157 1504 1271 1533 humana
1286 1506 1479 1540 phantasmata.
1495 1511 1598 1540 Veritas
1609 1519 1648 1541 est
1662 1515 1742 1544 Deus.

960 1546 1061 1575 Veritas
1076 1556 1124 1576 nec
1148 1550 1247 1585 quadra
1272 1557 1323 1583 cst,
1350 1561 1400 1581 nec
1429 1557 1551 1588 rotunda.
1577 1566 1625 1587 nec
1652 1559 1742 1597 longa.

956 1591 1060 1641 Dbique
1075 1603 1193 1629 praesens
1207 1602 1259 1631 est,
1280 1599 1301 1626 si
1316 1601 1404 1628 cordis
1417 1602 1511 1631 oculus
1523 1604 1556 1631 ad
1574 1612 1632 1634 eam
1643 1591 1741 1641 pateat.

956 1637 1066 1666 Inclinat
1080 1645 1167 1668 tamen
1180 1649 1270 1670 aurem
1291 1651 1365 1672 suam
1388 1646 1421 1673 ad
1438 1654 1486 1675 nos
1500 1648 1570 1677 Dens
1590 1637 1742 1680 misericore

954 1682 1024 1710 diam
1039 1684 1177 1719 deponens
1189 1694 1271 1722 super
1289 1697 1347 1717 nos.
1371 1689 1435 1724 Quae
1452 1693 1538 1727 major
1551 1695 1739 1731 misericordia,

953 1736 1030 1762 quam
1046 1735 1073 1756 ut
1084 1730 1195 1759 Unicum‘
1208 1741 1285 1761 suum
1298 1735 1375 1763 daret
1387 1736 1473 1770 nobis,
1482 1746 1533 1766 non
1547 1740 1633 1769 vivere
1649 1743 1742 1771 nobis~

953 1782 1024 1807 eum,
1049 1777 1096 1804 sed
1126 1779 1194 1806 mori
1216 1787 1263 1815 pro
1291 1782 1389 1810 nobis?
1410 1783 1510 1812 lncliria
1531 1787 1565 1813 ad
1592 1796 1631 1815 me
1651 1798 1738 1817 aurem

952 1825 1030 1848 luant.

986 1868 1012 1894 8.
1034 1868 1151 1896 Accelera
1176 1876 1203 1897 ut
1223 1873 1317 1900 eximus
1329 1882 1387 1901 me:
1402 1876 1541 1904 exauditur
1554 1878 1624 1905 enim
1635 1879 1661 1906 in
1674 1879 1735 1913 hoc,

951 1919 1010 1939 cum
1030 1913 1102 1945 dicit.
1126 1914 1252 1943 Accelera.
1274 1918 1314 1944 Ad
1332 1919 1382 1946 hoc
1400 1920 1469 1947 cnim
1494 1922 1608 1955 positum
1621 1929 1662 1951 est
1674 1933 1736 1953 ver-

951 1958 1011 1984 bum
1022 1979 1028 1990 ,
1046 1965 1074 1986 ut
1089 1959 1139 1987 hoc
1163 1966 1245 1988 totum
1261 1959 1329 1997 quod
1345 1965 1420 1993 nobis
1435 1966 1480 1993 ditt
1494 1967 1597 1996 videtur
1609 1972 1734 2004 quamdiu

950 2004 1062 2031 volvitur
1085 2007 1221 2039 sa:culum,
1246 2008 1375 2044 intelligas
1397 2016 1521 2045 punctum
1541 2020 1609 2041 esse.
1624 2015 1681 2043 Non
1693 2022 1736 2044 est

948 2049 993 2076 diu
1006 2050 1075 2085 quod
1096 2051 1174 2078 habet
1188 2057 1345 2081 extremum.
1364 2056 1405 2083 Ab
1420 2056 1503 2084 Adam
1527 2066 1609 2094 usque
1632 2061 1664 2088 ad
1685 2061 1734 2089 ho-

948 2094 1066 2123 diernam
1090 2097 1159 2125 diem
1187 2103 1320 2133 peractum
1345 2106 1396 2133 est,
1420 2108 1447 2129 et
1467 2104 1551 2131 multo
1566 2106 1656 2140 utique
1673 2107 1733 2142 plus

947 2147 1081 2174 peractum
1105 2149 1145 2171 est
1166 2152 1245 2179 quam
1275 2151 1355 2174 restat
1380 2150 1567 2184 peragendum.
1593 2151 1621 2179 Si
1645 2152 1732 2181 adhuc

947 2187 1046 2215 viveret
1066 2189 1149 2216 Adam
1162 2210 1169 2222 ,
1192 2195 1219 2218 et
1245 2191 1322 2220 hodie
1340 2199 1503 2228 moreretur;
1522 2197 1583 2231 quid
1608 2198 1631 2225 ei
1651 2200 1731 2233 prod-

946 2239 1017 2261 esset
1043 2235 1142 2262 tamdiu
1169 2244 1239 2271 esse,
1259 2239 1357 2267 tamdiu
1385 2241 1498 2269 vixisse?
1518 2242 1588 2278 Ergo
1607 2243 1730 2273 celeritas

947 2280 1003 2307 haec
1015 2282 1119 2315 quare?
1131 2283 1196 2316 Quia
1215 2286 1378 2313 transvolant
1397 2291 1534 2322 tempora:
1551 2293 1578 2316 et
1598 2290 1667 2324 quod
1684 2292 1730 2319 tibi

946 2325 1048 2362 tardum
1060 2331 1110 2359 est,
1125 2328 1150 2369 in
1164 2331 1249 2357 oculis
1266 2331 1311 2358 Dei
1327 2332 1406 2359 breve
1421 2337 1470 2359 est.
1484 2333 1542 2360 Jam
1558 2333 1625 2363 hanc
1637 2337 1724 2364 Celeri.

947 2377 1025 2400 tatem
1048 2374 1097 2402 iste
1114 2376 1278 2404 intellexerat
1302 2378 1328 2404 in
1342 2379 1447 2405 ecstasi.
1462 2380 1578 2407 Accelera
1597 2387 1623 2407 ut
1635 2383 1730 2410 Mimas

945 2426 992 2444 me.
1004 2418 1067 2447 Esto
1079 2421 1141 2447 mihi
1149 2422 1175 2448 in
1184 2422 1263 2449 Deum
1274 2428 1438 2457 protectorem
1450 2430 1471 2451 et
1483 2425 1510 2453 in
1519 2426 1619 2454 domum
1628 2430 1729 2465 refugii,

944 2468 970 2489 ut
980 2465 1075 2492 salvum
1086 2471 1124 2493 me
1136 2468 1224 2503 facias.
1242 2468 1339 2496 Domus
1353 2470 1445 2505 refugii
1459 2475 1485 2497 tu
1498 2472 1560 2499 mihi
1574 2478 1641 2505 esto,
1658 2475 1726 2502 Deus

944 2515 1087 2544 protector,
1101 2512 1195 2540 domus
1207 2513 1311 2549 ret'ugli.
1331 2514 1478 2549 Aliquando
1490 2518 1560 2544 enim
1575 2520 1709 2553 periclitor
1718 2543 1726 2553 ,

943 2561 970 2582 ct
990 2557 1049 2583 volo
1074 2558 1183 2592 iugere:
1201 2567 1253 2593 quo
1279 2559 1370 2594 fugio?
1391 2562 1423 2588 ad
1445 2570 1522 2597 quem
1547 2564 1632 2592 locum
1656 2570 1727 2594 tutus

944 2603 1033 2637 fugio?
1047 2603 1079 2630 ad
1099 2612 1176 2639 quem
1198 2608 1336 2633 montem?
1356 2608 1388 2634 ad
1409 2617 1486 2642 quant
1511 2611 1729 2645 speluncamhnl

943 2655 1003 2682 quze
1024 2653 1091 2676 tecta
1119 2651 1241 2677 munita?
1266 2651 1349 2685 Quam
1375 2661 1464 2681 arcem
1488 2657 1612 2684 teneam?
1632 2659 1727 2693 quibo:

942 2693 1025 2720 muris
1039 2694 1158 2721 ambiar?
1169 2695 1339 2731 Quocumque
1351 2698 1415 2730 iero.
1431 2707 1529 2735 sequor
1536 2702 1727 2738 me.Quidquid

941 2739 1011 2765 enim
1032 2740 1071 2767 vis
1092 2745 1167 2774 potes
1188 2741 1290 2777 fugere,
1306 2742 1394 2774 homo.
1422 2750 1520 2779 prreter
1538 2748 1726 2776 conscientiam

942 2789 1023 2812 tuam.
1039 2784 1107 2812 Intra
1122 2786 1147 2812 in
1161 2786 1268 2814 domum
1284 2793 1363 2820 tuam.
1379 2790 1515 2825 requiesce
1532 2792 1559 2818 in
1580 2792 1647 2820 lecto
1669 2797 1722 2825 tuo,

941 2830 1008 2857 intra
1024 2831 1051 2857 in
1067 2831 1190 2859 interiora
1207 2841 1213 2859 :
1231 2833 1341 2862 interius
1354 2834 1452 2863 habere
1475 2836 1541 2863 nihil
1561 2842 1645 2872 potes,
1670 2845 1721 2873 quo
1747 2844 1751 2851 λ

970 2899 977 2915 ι
996 2897 1105 2931 Plerique
1122 2902 1187 2930 Mss,
1199 2899 1255 2932 mea
1272 2900 1312 2932 qui
1324 2898 1348 2927 in
1360 2907 1388 2927 ea
1404 2904 1498 2933 sperat,
1511 2907 1556 2926 non
1565 2902 1727 2935 confunditut,

1437 2942 1568 2981 {11ml}
