3988 6188
404 332 514 391 235

410 446 580 515 tngias
607 456 637 496 a
661 429 980 495 conscientia
1021 434 1145 491 tua,
1184 421 1230 477 si
1276 414 1470 474 rodunt
1513 420 1565 466 te
1609 412 1821 478 peccata
1865 408 1973 452 tua.

411 538 542 607 Quia
570 545 697 587 vero
720 525 886 582 dixit:
916 517 1164 575 Accelera
1214 521 1273 567 ut
1312 508 1513 565 eximas
1543 516 1629 556 me
1652 540 1668 566 ,
1697 508 1752 553 et
1793 495 1844 549 iu
1890 502 1978 545 tua

1686 599 1722 607 _.
1758 586 1978 607 Am“,

410 586 611 700 iustitia
640 633 769 677 erue
793 629 898 679 me,
927 620 986 667 ut
1011 607 1243 664 dimittas
1274 608 1484 673 peccata
1514 607 1651 657 mea,
1674 599 1727 645 et
1754 586 1982 642 :edilices

1405 692 1417 700 _
1491 687 1505 700 ,
1694 678 1874 700 θύη-μη
1916 671 1979 700 Μ,

414 671 611 700 ιιι-’νηη-
645 671 686 677 ν-
708 671 731 673 ί
747 671 762 673 π
888 671 897 679 ν
1278 671 1289 673 ἡ

414 724 464 776 in
496 733 582 773 me
605 709 863 785 justitiam
893 704 1037 760 tuam
1061 719 1075 753 :
1107 710 1165 753 tu
1190 694 1317 752 mihi
1344 692 1448 747 eris
1474 687 1664 743 domus
1691 678 1898 747 refugii,
1916 671 1982 728 ad

416 823 467 868 te
513 765 780 875 coniugio.
825 798 958 855 Nam
1002 810 1031 849 a
1081 802 1133 847 te
1161 804 1265 860 quo
1312 778 1547 853 fugiam?
1595 773 1844 829 Irascitur
1890 765 1982 821 tibi

419 862 579 966 Deus,
618 862 724 970 quo
755 890 955 964 fugies?
1005 885 1139 941 Audi
1167 879 1293 952 quid
1323 877 1462 932 dicat
1508 873 1560 927 in
1611 868 1715 923 alio
1758 862 1980 934 psalmo,

420 998 609 1053 timens
629 953 761 1045 iram
777 953 900 1040 Dei:
923 979 1033 1048 Quo
1058 978 1139 1031 ibo
1153 990 1185 1028 a
1197 970 1377 1041 spiritu
1392 976 1496 1030 tuo,
1517 971 1560 1018 et
1588 975 1685 1030 quo
1708 974 1738 1009 a
1762 953 1889 1027 facie
1901 961 1988 1004 tua

423 1083 654 1163 fugiam!
674 1080 737 1139 Si
759 1075 1029 1134 ascendere
1050 1071 1104 1124 in
1129 1067 1322 1129 caelum,
1357 1070 1408 1114 tu
1423 1058 1489 1112 ibi
1506 1073 1556 1111 es
1581 1071 1600 1109 :
1631 1053 1674 1106 si
1690 1044 1988 1105 descendere

1012 1162 1015 1163 ν
1107 1162 1113 1163 7
1452 1149 1483 1163 -
1547 1146 1597 1163 θλ
1652 1143 1988 1163 ΛΑ--Α--ιιυιηιιη

422 1143 778 1250 ἓηῗὶπῑετηιιηι,
812 1166 932 1223 ades
959 1162 1133 1239 (Psal.
1165 1166 1426 1215 cxxxvut,
1452 1149 1506 1211 7,
1546 1146 1622 1216 8).
1651 1143 1991 1211 Quocumque

424 1227 684 1250 """'l""‘
767 1227 778 1237 ν
968 1227 999 1239 .,

424 1278 555 1334 iero,
580 1270 652 1326 ibi
678 1278 731 1321 te
756 1260 986 1319 invenio.
1007 1252 1131 1311 Etsi
1148 1245 1413 1309 irasceris,
1429 1241 1654 1295 ultorem
1682 1244 1734 1288 te
1759 1227 1989 1290 invenio;

425 1366 471 1420 si
496 1364 731 1435 placatus
758 1370 839 1419 es,
862 1350 1179 1420 adiutorem.
1200 1337 1343 1396 Nihil
1369 1332 1499 1390 mihi
1524 1342 1652 1399 ergo
1679 1330 1864 1387 restat,
1891 1317 1993 1374 nisi

427 1412 571 1510 adrte
593 1451 790 1521 fugere,
818 1458 927 1499 non
953 1455 983 1494 a
1011 1448 1083 1493 te.
1109 1433 1180 1491 Ut
1199 1428 1392 1488 evadas
1429 1421 1698 1478 hominem
1722 1412 1995 1470 dominum

432 1501 491 1510 η.
523 1501 569 1508 --
594 1501 703 1521 mu-
754 1501 790 1511 ,,

432 1548 751 1618 quicumque
779 1548 963 1592 servus
988 1545 1066 1592 es,
1099 1525 1233 1597 iugis
1256 1523 1309 1575 in
1331 1535 1392 1575 ea
1421 1516 1536 1570 loca
1559 1511 1644 1567 ubi
1672 1522 1776 1563 non
1803 1513 1883 1559 est
1904 1501 1996 1556 do-

1316 1611 1333 1618 Α
1500 1605 1514 1618 I
1540 1603 1578 1618 I'\
1600 1617 1605 1618 γ
1654 1600 1707 1618 At,
1733 1612 1814 1618 __‘_
1868 1591 1995 1618 “AM

433 1591 745 1618 ‘a'--""--—1--~
818 1591 826 1592 ί
1157 1591 1181 1597 ν

433 1641 610 1697 minus
637 1644 789 1689 tuus:
812 1637 869 1681 ut
888 1622 1081 1681 evadas
1101 1619 1289 1678 Deum,
1313 1611 1430 1679 fuge
1453 1605 1517 1659 ad
1540 1600 1840 1657 Dominum.
1865 1591 1996 1649 Nam

434 1748 539 1788 non
568 1736 649 1786 est
672 1738 777 1795 quo
805 1719 971 1790 fugias
998 1715 1183 1769 Deum.
1210 1707 1414 1762 Praesto
1435 1706 1557 1754 sunt
1581 1692 1755 1747 omnia
1780 1697 1834 1743 et
1863 1683 1999 1739 nuda

434 1815 822 1891 Onmipotontis
851 1808 1036 1867 oculis.
1052 1803 1131 1859 Tu
1155 1814 1281 1867 ergo
1304 1793 1451 1859 mihi,
1479 1787 1666 1859 inquit,
1684 1794 1798 1837 esto
1815 1779 2002 1834 domus

1320 1886 1338 1891 ⁸
1706 1889 1717 1891 ς
1746 1872 1759 1891 1
1773 1887 1791 1891 Α
1827 1867 1963 1891 ι’.--εη
1979 1866 2002 1891 Ω

437 1866 644 1985 refugii.
690 1907 820 1964 Nam
867 1902 909 1956 si
955 1896 1132 1953 salvus
1170 1866 1273 1945 non
1315 1886 1485 1948 fuero,
1532 1872 1799 1950 quomodo
1827 1866 2003 1940 fugio?

437 2010 575 2062 Sana
603 2017 709 2068 me,
740 2006 794 2052 et
823 1992 963 2063 fugio
993 1988 1059 2044 ad
1093 1997 1162 2041 te.
1204 1982 1332 2036 Nam
1361 1976 1406 2032 si
1431 1988 1515 2030 me
1542 1968 1861 2028 nnn‘sanas,
1888 1974 2005 2013 am-

372 2148 375 2155 .
442 2098 625 2153 hulare
666 2107 771 2147 non
809 2095 1046 2157 possum,
1097 2077 1278 2147 fugere
1323 2063 1591 2141 quomodo
1619 2055 1843 2134 potero?
1891 2052 2008 2121 Quo

443 2190 562 2251 iret,
589 2198 695 2255 quo
733 2180 959 2248 fugeret,
987 2172 1032 2227 si
1058 2166 1336 2223 ambulare
1362 2174 1467 2213 non
1496 2159 1696 2225 posset,
1727 2144 2009 2203 semivivus

444 2285 498 2337 in
523 2282 627 2343 via,
649 2274 910 2330 sauciatus
926 2262 1232 2321 vulneribus
1248 2258 1509 2312 latronum
1521 2249 1546 2301 ?
1564 2246 1729 2314 Quem
1753 2238 2011 2295 transiens

446 2370 695 2430 sacerdos
723 2361 993 2436 prmtcriit,
1022 2352 1286 2414 transiens
1324 2344 1505 2403 Levita
1540 2336 1811 2411 praeteriit,
1838 2342 2012 2387 trans-

448 2467 565 2522 iens
606 2422 1276 2516 Sam'aritanus'miscratus
1311 2444 1394 2494 est
1429 2433 1578 2509 (Luc.
1605 2445 1663 2494 ι,
1691 2423 1816 2498 50),
1853 2422 1905 2478 id
1934 2428 2015 2476 est

453 2559 568 2628 ipse
596 2550 870 2610 Dominus,
920 2540 1011 2614 qui
1064 2537 1347 2605 miseratus
1388 2535 1473 2583 est
1509 2536 1673 2594 genus
1707 2519 2013 2573 humanum.

449 2608 739 2706 Sramarites
783 2608 1590 2695 enim‘custosinterpretatur.
1645 2613 1711 2667 Et
1757 2608 1874 2679 quis
1919 2619 2018 2660 nos

823 2729 911 2785 ille
936 2719 1167 2783 deserit?
1214 2714 1420 2776 Merito,
1468 2722 1586 2764 cum
1633 2701 1797 2759 Judzci
1835 2696 2020 2754 convi-

456 2833 657 2888 cientes
684 2824 938 2883 dicerent,
970 2813 1154 2871 Nonne
1178 2821 1350 2864 rerum
1378 2800 1613 2860 dicimus,
1644 2794 1759 2866 quia
1787 2786 2021 2846 Samari-

455 2881 701 2982 t'aiiusves,
731 2921 779 2969 et
799 2881 1105 2966 daemonium
1131 2898 1279 2953 habes
1319 2896 1337 2964 (
1369 2892 1523 2947 Joan.
1552 2902 1665 2950 Vlll,
1692 2883 1760 2938 A8
1781 2881 1799 2954 )
1818 2882 1841 2935 ἲ
1862 2893 2022 2934 unum

455 2970 933 3081 respuit,'alterum
957 2993 1232 3065 amplexus
1266 2991 1349 3041 est
1378 2999 1391 3035 :
1425 2979 1555 3050 Ego,
1581 2977 1790 3044 inquit,
1833 2970 2024 3025 dieme-

459 3063 600 3160 uiuiu
625 3114 727 3153 non
752 3092 908 3148 habeo
938 3106 958 3143 :
978 3063 1086 3141 non
1128 3079 1282 3144 dixit,
1307 3074 1425 3129 Non
1466 3084 1581 3125 sum
1624 3063 2024 3121 Samaritanus:

458 3196 540 3252 sic
563 3185 785 3259 intelligi
802 3182 987 3239 volens
1002 3182 1245 3233 nostrum
1275 3182 1334 3224 se
1347 3177 1467 3220 esse
1489 3155 1785 3227 custodem.
1807 3151 2029 3206 Misera-

462 3241 973 3352 ;u's—enrg'oﬁécessit,
998 3261 1223 3328 curavit,
1251 3257 1320 3312 ad
1347 3251 1608 3310 stabulum
1635 3241 1898 3317 perduxit,
1929 3241 2030 3295 im-

464 3338 785 3448 plevitcirca
808 3377 931 3422 eum
970 3348 1389 3414 misericordiam
1420 3362 1432 3398 :
1458 3342 1547 3398 ille
1581 3340 1690 3410 jam
1724 3338 1898 3406 potest
1922 3346 2035 3385 am-

1239 3441 1267 3448 -
1375 3437 1396 3448 -
1556 3440 1567 3448 ,
1759 3425 1819 3448 Α,
1848 3424 2009 3448 “mm

470 3424 881 3533 bula-re,potest
906 3459 965 3509 et
1004 3450 1203 3519 fugere.
1230 3441 1346 3510 Quo
1372 3437 1575 3506 fugeret
1617 3426 1715 3485 nisi
1757 3425 1823 3482 ad
1848 3424 2034 3513 Deum,

472 3559 556 3614 ubi
581 3529 827 3611 fecit'sibi
851 3545 1068 3601 domum
1090 3529 1314 3604 refugii?

540 3649 594 3704 9.
624 3646 773 3720 [vers.
794 3635 874 3711 4.]
901 3634 1032 3702 Quia
1060 3623 1300 3701 fortitudo
1317 3635 1425 3675 mea
1452 3625 1497 3671 et
1522 3613 1779 3686 refugiunt
1798 3622 1962 3663 meum
1987 3620 2039 3660 es

475 3754 548 3808 tu,
571 3695 1228 3808 etLpropter‘nomeu-tuum
1268 3714 1376 3768 dua:
1419 3707 1543 3762 mihi
1581 3704 1703 3773 eris,
1742 3710 1789 3756 et
1829 3695 2041 3753 enutries

476 3847 556 3886 aue
582 3846 600 3883 :
630 3795 976 3894 non'propter
995 3811 1248 3871 meritum
1272 3816 1447 3859 meum
1467 3841 1482 3866 ,
1511 3795 1605 3853 sed
1638 3802 1840 3866 propter
1865 3803 2043 3843 nomen

482 3934 643 3985 tuum,
671 3925 728 3971 ut
764 3885 829 3968 ‘tu
857 3885 1194 3982 gloriﬁceris,
1222 3912 1328 3953 non
1369 3892 1490 3962 quia
1528 3902 1627 3959 ego
1666 3885 1853 3955 dignus
1889 3893 2041 3945 sum;

482 4012 587 4065 dua:
612 4003 737 4060 mihi
783 4000 903 4066 eris,
942 4012 1011 4052 ne
1054 3992 1298 4047 aberrem
1328 4000 1357 4038 a
1399 3991 1482 4046 te;
1526 3988 1571 4033 et
1608 3974 1821 4031 enutries
1865 3986 1961 4034 me,
1990 3977 2048 4023 ut

481 4097 687 4157 validus
704 4093 804 4148 sim
830 4089 896 4143 ad
916 4078 1338 4142 manducandum
1367 4086 1567 4136 escam,
1599 4083 1700 4139 qua
1731 4063 1901 4136 pascis
1934 4063 2047 4116 An-

484 4195 650 4268 gelos.
681 4187 779 4244 llic
797 4182 939 4239 enim
966 4180 1102 4234 lacte
1124 4188 1221 4230 nos
1236 4168 1471 4232 nutrivit,
1500 4165 1585 4235 qui
1609 4159 1761 4217 nobis
1777 4142 2049 4213 caelestem

486 4247 661 4346 cibum
692 4274 968 4353 promisit;
1009 4281 1064 4326 et
1098 4281 1224 4322 usus
1261 4271 1346 4320 est
1386 4269 1621 4316 materna
1668 4247 2047 4308 misericordia.

487 4336 790 4437 Sicutetiim
811 4374 980 4423 mater
991 4362 1194 4418 lactans
1212 4352 1452 4412 eamdem
1472 4362 1666 4411 escam,
1690 4336 2053 4399 cuisumenda:

492 4470 713 4527 idoneus
741 4459 913 4516 infans
937 4468 1043 4509 non
1068 4456 1151 4505 est
1168 4488 1182 4511 ,
1204 4460 1301 4517 per
1318 4456 1533 4498 carnem
1562 4434 1774 4506 trajicit,
1794 4441 1848 4488 et
1867 4431 1947 4486 lac
1975 4431 2055 4484 in-

492 4563 664 4621 fundit
704 4554 844 4628 (hoc
885 4547 1027 4607 enim
1072 4539 1264 4610 accipit
1306 4533 1553 4608 parvulus
1582 4528 1720 4600 quod
1747 4533 2056 4594 accepturus

497 4663 614 4713 erat
651 4617 723 4706 ad
743 4656 1003 4707 mensam,
1050 4635 1145 4693 sed
1191 4630 1332 4702 quod
1379 4640 1472 4696 per
1515 4636 1726 4678 carnem
1768 4617 2053 4687 trajicitur,

491 4739 735 4814 congruit
780 4729 1057 4808 parvulo);
1089 4726 1166 4783 sic
1203 4719 1456 4779 Dominus
1482 4711 1788 4785 Sapientiam
1814 4723 1963 4763 suam
1999 4716 2061 4762 ut

493 4839 575 4893 lac
598 4801 757 4889 nobis
781 4801 1012 4891 faceret,
1061 4832 1221 4877 carne
1266 4812 1475 4869 indutus
1501 4807 1639 4862 venit
1682 4802 1748 4858 ad
1776 4817 1890 4857 nos.
1922 4801 2061 4872 Ergo

497 4942 691 4998 corpus
710 4919 905 4979 Christi
935 4916 1187 4987 loquitur,
1219 4909 1282 4963 Et
1308 4904 1522 4962 euutries
1549 4917 1642 4954 me.

567 4968 1186 5089 'Ejduces'
1208 5016 1285 5055 me
1321 4998 1382 5051 de
1423 4991 1703 5061 muscipula
1740 4989 1836 5043 ista
1855 5029 1870 5055 ,
1913 4968 2064 5057 quam

497 5077 868 5170 occultaiteruut
911 5077 1053 5154 mild.
1098 5096 1215 5153 lam
1256 5088 1431 5162 passio
1461 5084 1818 5157 significatur,
1866 5077 2065 5132 Educes

499 5168 577 5260 me
604 5201 668 5255 de
702 5190 984 5265 muscipula
1009 5189 1125 5250 ista,
1163 5198 1315 5253 quam
1358 5177 1730 5233 occultaverunt
1770 5170 1914 5225 mihi.
1958 5168 2065 5223 Nec

500 5295 614 5350 sola
641 5289 728 5345 illa
758 5282 934 5357 passio
958 5286 1058 5343 est,
1099 5287 1200 5344 qua
1240 5286 1427 5340 passus
1467 5277 1548 5322 est
1602 5264 1854 5320 Dominus
1890 5268 2069 5314 noster

1634 292 1692 346 s.
1733 276 2094 343 attonsum
2135 273 2429 359 Episcom

3544 259 3653 317 256

2087 391 2311 448 Extenta
2350 400 2431 447 est
2470 399 2523 445 et
2561 398 2737 460 parata
2783 382 3076 455 muscipula
3120 380 3336 437 inimici.
3383 377 3565 434 Posuit
3596 379 3653 432 in
3742 414 3753 419 μ

2085 483 2377 554 muscipula
2402 496 2636 538 errorem
2664 491 2717 535 et
2748 489 3002 535 terrorem
3020 494 3033 528 :
3052 488 3287 531 errorem
3317 485 3421 542 quo
3448 469 3655 535 illiciat,

2090 587 2349 633 terrorem
2393 588 2499 644 quo
2544 573 2763 642 frangat,
2810 579 2863 624 et
2907 568 3095 637 rapiat.
3124 565 3202 620 Tu
3227 563 3414 619 claude
3438 562 3657 632 ianuam

2088 668 2388 741 cupiditatis
2412 676 2593 723 contra
2624 679 2858 720 errorem
2883 679 2897 727 ;
2928 672 2981 715 tu
3006 658 3194 715 claude
3218 660 3430 728 januam
3453 656 3666 710 timoris

2091 773 2272 819 contra
2297 770 2570 822 terrorem,
2590 768 2643 812 et
2660 755 2901 810 educeris
2920 753 2986 807 de
3005 750 3318 820 muscipula.
3348 746 3656 818 llujusmodt

2090 870 2279 927 pugna:
2298 841 2595 923 exemplum
2621 850 2731 920 ipse
2748 848 2836 904 tibi
2862 847 3146 916 Imperator
3162 854 3301 906 tuus,
3328 842 3416 914 qui
3445 850 3659 911 propter

2094 955 2146 1002 te
2169 949 2324 1001 etiam
2355 944 2541 1003 tentari
2566 943 2808 1012 dignatus
2837 949 2938 1004 est,
2974 938 3025 992 in
3061 951 3120 992 se
3163 933 3562 990 demonstravit.
3595 930 3667 987 Et

2094 1040 2265 1110 primo
2293 1047 2519 1094 tentatus
2546 1044 2626 1090 est
2655 1032 2942 1094 illecebris;
2976 1032 3098 1101 quia
3124 1036 3322 1083 tentata
3352 1036 3433 1081 est
3474 1026 3529 1080 in
3571 1025 3666 1079 illo

2088 1131 2250 1199 janua
2277 1127 2610 1199 cupiditatis,
2651 1124 2858 1196 quando
2899 1137 3017 1177 eum
3052 1119 3271 1175 tentavit
3313 1116 3556 1173 diabolus
3584 1116 3668 1171 di-

2098 1238 2225 1278 cens
2258 1241 2273 1277 :
2308 1220 2400 1274 Dic
2426 1218 2673 1289 lapidibus
2695 1217 2802 1270 istis
2830 1225 2881 1267 ut
2913 1229 3064 1283 panes
3095 1212 3238 1276 ﬁant.
3268 1210 3439 1264 Adora
3468 1225 3577 1271 me,
3621 1219 3667 1262 et

2099 1314 2227 1368 dabo
2255 1312 2342 1381 tibi
2366 1328 2519 1383 regna
2556 1311 2672 1363 ista.
2714 1305 2857 1360 Mitte
2885 1314 2932 1359 te
2965 1305 3218 1370 deorsum,
3265 1302 3384 1371 quia
3421 1302 3671 1369 scriptum

2099 1417 2172 1464 est
2200 1423 2219 1460 :
2244 1407 2374 1473 Quia
2418 1404 2621 1474 Angelis
2655 1402 2759 1455 suis
2802 1398 3054 1453 mandauit
3083 1396 3146 1450 de
3188 1405 3254 1458 te.
3285 1403 3333 1450 et
3358 1395 3413 1448 in
3437 1392 3672 1447 manibus

2102 1499 2275 1552 tollent
2303 1508 2371 1562 te,
2405 1511 2468 1548 ne
2489 1494 2689 1564 quando
2711 1488 2937 1556 offendas
2971 1487 3037 1540 ad
3066 1485 3285 1556 lapidem
3323 1482 3497 1554 pedem
3528 1491 3674 1535 tuum

2109 1587 2318 1658 (Matth.
2348 1603 2418 1651 tv,
2446 1585 2500 1651 4,
2530 1584 2583 1649 9,
2616 1583 2691 1653 (ι).
2719 1580 2901 1635 Omnis
2922 1577 3037 1633 hmc
3057 1575 3303 1631 illecebra
3326 1573 3672 1645 cupiditatem

2106 1689 2272 1736 tentat
2306 1680 2347 1731 ¹.
2389 1680 2459 1731 At
2508 1675 2594 1731 ubi
2631 1674 2863 1729 clausam
2888 1670 3102 1741 januam
3133 1667 3330 1722 invenit
3370 1663 3678 1735 cupiditatis

2106 1773 2160 1829 in
2187 1786 2253 1828 eo
2279 1770 2367 1841 qui
2396 1767 2695 1824 tentabatur
2723 1779 2816 1836 pro
2860 1763 3033 1827 nobis,
3076 1760 3336 1816 convertit
3362 1772 3422 1813 se
3465 1757 3532 1812 ad
3561 1768 3681 1811 ten-

2109 1863 2319 1920 tandam
2344 1862 2556 1932 januam
2587 1857 2810 1923 timoris,
2832 1864 2886 1911 et
2914 1852 3225 1923 praeparavit
3251 1850 3325 1904 illi
3351 1849 3677 1921 passionem.

2110 1956 2344 2026 Denique
2365 1952 2464 2006 hoc
2489 1951 2615 2005 dicit
2641 1946 2970 2017 Evangelista
3000 1963 3015 2001 :
3046 1943 3113 1998 Et
3141 1950 3485 1998 consummata
3511 1949 3680 1994 tenta-

2112 2049 2265 2114 tione,
2290 2042 2517 2099 diabolus
2545 2042 2744 2096 recessit
2781 2037 2842 2092 ab
2867 2054 2923 2092 eo
2948 2037 3014 2091 ad
3040 2046 3234 2106 tempus
3261 2032 3409 2106 (Luc.
3435 2049 3505 2098 tv,
3540 2033 3610 2088 13
3637 2035 3677 2095 l.

2113 2140 2249 2211 Quid
2275 2147 2375 2204 est,
2406 2138 2472 2191 ad
2496 2133 2725 2205 tempus?
2743 2132 3012 2202 Tanquam
3031 2128 3293 2184 rediturus
3308 2134 3684 2183 et‘tentaturus

2110 2236 2323 2305 januam
2363 2230 2584 2295 timoris,
2613 2227 2732 2298 quia
2759 2226 2988 2280 clausam
3019 2221 3217 2276 invenit
3235 2220 3447 2291 januam
3472 2217 3682 2287 cupidi-

2118 2328 2258 2382 tatis.
2290 2325 2478 2379 Totum
2531 2335 2658 2390 ergo
2698 2331 2889 2387 corpus
2926 2314 3121 2370 Christi
3165 2320 3393 2368 tentatur
3418 2325 3583 2380 usque
3629 2309 3683 2364 in

2119 2419 2297 2473 finem.
2338 2414 2549 2469 Fratres
2579 2411 2702 2477 mei,
2731 2408 2941 2481 quando
2962 2407 3165 2476 iussum
3205 2411 3286 2459 est
3330 2403 3514 2457 nescio
3556 2401 3686 2472 quid

2119 2517 2302 2564 contra
2322 2504 2648 2561 Christianos
2669 2502 2811 2567 mali,
2828 2499 2983 2553 simul
3005 2495 3385 2566 impingebatur
3407 2496 3429 2525 ί
3453 2492 3555 2548 hoc
3567 2507 3691 2547 cor-

2122 2616 2241 2672 pus,
2268 2609 2433 2654 totum
2462 2593 2847 2665 impingebatur
2874 2608 2887 2645 :
2921 2589 3058 2644 unde
3086 2588 3283 2643 dictum
3316 2593 3429 2640 erat
3457 2584 3508 2638 in
3544 2583 3693 2668 psal-

2122 2708 2212 2749 mo
2233 2709 2247 2746 :
2266 2689 2527 2759 Tanquam
2542 2686 2771 2741 cumulus
2789 2698 2953 2737 arena:
2966 2680 3213 2751 impulsus
3231 2695 3342 2733 sum
3360 2687 3412 2731 ut
3436 2677 3688 2742 caderem,

2124 2792 2173 2839 et
2193 2782 2439 2838 Dominus
2462 2779 2678 2848 suscepit
2702 2793 2781 2829 me
2806 2773 2976 2846 (Psal.
3009 2786 3171 2838 cxvu,
3200 2767 3309 2840 1'5).
3339 2769 3407 2823 At
3430 2769 3515 2822 ubi
3542 2766 3696 2822 ﬁnita

2126 2887 2250 2933 sunt
2277 2876 2363 2931 illa
2388 2889 2505 2945 qua:
2537 2880 2701 2927 totum
2731 2881 2923 2937 corpus
2966 2863 3322 2934 impingebant
3347 2870 3404 2915 ut
3428 2859 3643 2914 caderet
3672 2898 3695 2925 ,

2128 2972 2290 3039 cmpit
2348 2968 2567 3021 tentatio
2616 2976 2734 3018 esse
2790 2975 2883 3029 per
2951 2965 3148 3027 partes.
3196 2954 3451 3017 Tentatur
3499 2964 3702 3020 corpus

2130 3060 2347 3124 Christi,
2376 3074 2477 3113 una
2503 3055 2736 3112 Ecclesia
2764 3068 2868 3107 non
2897 3051 3091 3121 patitur
3119 3046 3560 3119 persecutionem,
3591 3043 3699 3098 alia

2132 3153 2347 3225 patitur.
2378 3149 2490 3204 Non
2519 3147 2715 3216 patitur
2740 3144 2973 3198 furorem
3003 3138 3357 3209 imperatoris,
3384 3135 3475 3192 sed
3501 3134 3703 3207 patitur

2134 3247 2364 3301 furorem
2390 3241 2512 3296 mali
2542 3239 2736 3309 populi.
2764 3227 2983 3304 Quanta:
3007 3232 3330 3287 vastationes
3354 3245 3382 3282 a
3418 3228 3703 3300 plebibus?

2135 3339 2340 3407 Quanta
2368 3334 2504 3390 mala
2527 3334 2725 3403 ingesta
2747 3337 2870 3383 sunt
2888 3325 3138 3384 Ecclesiae
3151 3339 3183 3378 a
3201 3324 3352 3378 malis
3375 3320 3701 3383 christianis,

2138 3432 2206 3487 ab
2239 3430 2318 3486 eis
2342 3430 2433 3499 qui
2459 3426 2596 3496 capti
2642 3424 2697 3479 in
2738 3423 2830 3477 illo
2870 3418 3123 3475 retiaculo
3153 3459 3170 3483 ,
3217 3425 3322 3472 tam
3371 3411 3705 3481 multiplicati

2140 3534 2282 3590 sunt,
2311 3530 2368 3577 ut
2393 3524 2694 3590 premerent
2718 3529 2877 3570 naves
2899 3511 3049 3582 (Luc.
3078 3526 3130 3575 v,
3160 3508 3216 3580 7)
3235 3510 3284 3562 in
3308 3506 3593 3578 piscatione
3615 3504 3708 3558 illa

2141 3615 2349 3673 Domini
2380 3620 2501 3667 ante
2529 3606 2865 3680 passionem?
2905 3604 3019 3660 Non
3045 3617 3171 3673 ergo
3209 3602 3399 3656 desunt
3443 3612 3710 3669 pressura:

2144 3704 2469 3766 Qntationis.
2496 3701 2663 3758 Nemo
2706 3699 2803 3754 sibi
2832 3696 2970 3752 dicat
2999 3716 3014 3751 :
3053 3693 3165 3748 Non
3193 3701 3275 3747 est
3301 3700 3508 3760 tempus
3532 3697 3711 3742 tenta-

2147 3799 2323 3855 tionis.
2362 3795 2465 3863 Qui
2506 3792 2606 3849 sibi
2649 3791 2750 3845 hoc
2784 3788 2931 3855 dicit,
2960 3800 3141 3857 pacem
3165 3782 3264 3839 sibi
3290 3780 3548 3852 promittit
3575 3797 3589 3833 :
3619 3781 3713 3849 qui

2148 3890 2247 3947 sibi
2272 3902 2452 3960 pacem
2484 3883 2756 3956 promittit,
2788 3893 3005 3936 securus
3052 3874 3334 3931 invaditur.
3366 3872 3553 3927 Totum
3582 3884 3716 3940 ergo

2149 3995 2340 4052 corpus
2368 3977 2563 4035 Christi
2591 3975 2732 4030 dicat
2760 3991 2773 4028 :
2805 3971 3004 4026 Educes
3028 3983 3106 4021 me
3141 3967 3204 4021 de
3240 3964 3520 4034 muscipula
3566 3962 3665 4015 ista
3698 4000 3716 4025 ,

2151 4089 2301 4143 quam
2324 4070 2694 4125 occultaverunt
2726 4063 2849 4118 mihi
2878 4077 2897 4115 :
2922 4060 3043 4130 quia
3073 4057 3318 4113 eductum
3354 4063 3436 4109 est
3477 4062 3532 4107 et
3557 4060 3723 4119 caput

2154 4174 2389 4222 nostrum
2415 4162 2482 4217 de
2500 4156 2811 4227 muscipula,
2831 4168 2985 4225 quam
3010 4149 3393 4206 absconderant
3414 4145 3509 4209 illi,
3527 4143 3724 4214 quibus

2153 4260 2314 4317 modo
2338 4255 2609 4313 dicebatur
2635 4251 2689 4306 in
2717 4245 3017 4316 Evangelia,
3045 4243 3162 4313 quia
3185 4238 3373 4294 dicturi
3395 4243 3583 4292 erant:
3620 4232 3726 4287 llic

2156 4362 2226 4409 est
2248 4354 2421 4412 lateres,
2456 4346 2613 4401 venite
2645 4341 2930 4397 occidamus
2965 4352 3100 4399 eum,
3129 4341 3177 4386 et
3201 4341 3370 4384 nostra
3396 4329 3488 4382 erit
3508 4323 3728 4379 harndi-

2159 4454 2256 4499 tas.
2290 4442 2357 4496 Et
2398 4440 2450 4494 in
2490 4452 2548 4493 se
2575 4431 2888 4490 sententiam
2928 4426 3175 4481 dixerunt
3210 4416 3553 4487 interrogati:
3588 4413 3730 4481 Quid

2160 4534 2308 4607 faciet
2368 4530 2453 4585 ille
2495 4514 3095 4597 paterfamilias'colonis
3137 4510 3325 4567 malis?
3373 4507 3540 4562 Malos
3592 4507 3734 4557 male

2164 4595 2351 4697 perdet,
2375 4632 2419 4676 et
2447 4595 2638 4674 vineam
2666 4629 2809 4669 suam
2832 4608 3014 4665 locabit
3056 4604 3171 4659 aliis
3207 4600 3460 4674 agricolis.
3496 4595 3649 4663 Quid,
3683 4604 3735 4647 et

2162 4686 2290 4773 illud
2314 4732 2419 4770 non
2446 4710 2629 4784 legistis
2661 4723 2679 4762 :
2717 4702 2960 4775 Lapidem
2985 4714 3129 4771 quem
3153 4693 3533 4765 reprobaveruut
3561 4686 3735 4755 ludifi-

2163 4821 2351 4871 cantes,
2375 4808 2454 4861 hic
2480 4780 2642 4875 factus
2671 4808 2742 4854 est
2767 4798 2817 4851 in
2845 4804 3012 4865 caput.
3038 4788 3254 4861 anguli?
3281 4784 3432 4853 Quod
3455 4792 3537 4838 est
3558 4780 3734 4847 enim,

2164 4902 2547 4974 reprobaverunt
2571 4891 2910 4960 ozdiﬁcontes;
2938 4884 3040 4939 hoc
3066 4883 3161 4947 ait,
3198 4878 3467 4949 Ejecerunt
3490 4885 3630 4927 ertra
3653 4886 3738 4925 vs-

2166 4966 2328 5053 ueam,
2353 4999 2397 5044 et
2422 4987 2706 5043 occiderunt
2731 4979 2937 5054 (Matth.
2976 4990 3089 5046 xxx,
3127 4968 3341 5038 ’ὃὸ-42).
3385 4966 3523 5035 Ergo
3548 4969 3745 5017 erutus

2168 5094 2249 5142 est
2288 5092 2342 5139 et
2385 5081 2491 5135 ille.
2533 5077 2701 5146 Caput
2746 5079 2984 5126 nostrum
3010 5078 3220 5121 sursum
3239 5068 3340 5126 est,
3372 5057 3596 5112 liberum
3624 5062 3743 5110 est.

2170 5177 2472 5233 Haereamus
2503 5168 2576 5222 illi
2610 5181 2703 5237 per
2730 5162 3081 5219 dilectionem,
3108 5165 3165 5210 ut
3188 5151 3375 5208 melius
3396 5161 3576 5219 postea
3601 5159 3748 5200 con-

2171 5268 2491 5341 glutinemur
2510 5261 2556 5317 ei
2576 5274 2667 5330 per
2687 5252 3132 5311 immortalitatem
3153 5265 3168 5314 ;
3186 5253 3240 5302 et
3257 5245 3491 5300 dicamus
3512 5251 3704 5295 omnes
3729 5256 3747 5294 :

500 5387 653 5443 Jesus
679 5349 919 5435 Christus
945 5389 960 5426 :
985 5360 1333 5434 muscipulam
1361 5374 1509 5415 suam
1560 5356 1801 5411 diabolus
1850 5349 2070 5407 tetendit
2158 5392 2167 5403 .

504 5491 669 5549 usque
706 5474 784 5528 in.
802 5468 982 5524 finem.
1009 5458 1078 5516 Et
1102 5472 1182 5512 vae
1208 5453 1282 5509 illi
1310 5494 1325 5515 ,
1358 5451 1447 5522 qui
1474 5452 1528 5505 in
1556 5449 1700 5504 illam
1725 5445 2070 5515 muscipulam

503 5535 646 5628 cadit
684 5583 701 5621 :
735 5560 876 5618 cadit
903 5563 1077 5611 autem
1105 5550 1278 5603 omnis
1303 5543 1393 5612 qui
1432 5556 1537 5597 non
1576 5545 1755 5608 sperat
1777 5537 1829 5590 in
1862 5535 2024 5589 Deum
2053 5550 2068 5599 ;

506 5663 596 5734 qui
623 5674 729 5715 non
754 5652 881 5710 dicit
911 5668 927 5706 :
956 5646 1021 5702 ιη
1046 5652 1113 5708 te,
1146 5638 1376 5701 Domine,
1401 5632 1618 5705 speravi,
1666 5644 1767 5683 non
1791 5627 2074 5696 contundar

511 5724 564 5811 in
591 5765 829 5811 curuum
863 5762 880 5802 :
918 5754 964 5800 et
990 5746 1045 5798 iu
1072 5751 1158 5794 tua
1178 5730 1376 5807 justitia
1402 5743 1517 5785 erue
1554 5741 1650 5793 me,
1697 5732 1744 5778 et
1785 5724 1945 5776 exime
1973 5724 2069 5775 me.

1754 5928 1795 5948 ,ιι-

3166 5459 3251 5513 per
3266 5441 3541 5513 illecebrant

2238 5474 2255 5507 ι
2280 5472 2352 5520 sic
2372 5466 2536 5532 plures
2553 5469 2659 5512 uss.
2685 5466 2739 5509 At
2758 5465 2832 5508 Er.
2857 5450 3023 5506 omnia
3040 5450 3144 5502 hac
3166 5459 3251 5513 per
3266 5450 3541 5513 illecebrant
3554 5450 3659 5508 cppl

2238 5544 2316 5565 νηης
2340 5534 2527 5565 mum;
2564 5533 2670 5565 Inv-
2703 5519 2871 5565 omnia
2903 5517 3006 5565 lucc
3029 5525 3114 5565 per
3149 5508 3396 5563 illecebras
3428 5498 3659 5565 επινιάιιαι

3664 5512 3757 5550 um

2554 5504 2671 5575 ῖᾶἶῖ.
2685 5504 2883 5572 'Bniiua'
2898 5504 3006 5569 hwc
3029 5525 3114 5578 per
3149 5504 3396 5563 illecebras
3428 5516 3486 5553 cu

2176 5602 2414 5714 ωηξέἇὰη
2440 5646 2780 5716 impuzgcbunir
2803 5642 2852 5696 in
2875 5642 2964 5693 hoc
2997 5649 3186 5701 corpus.
3223 5628 3494 5695 Prapositio
3522 5622 3578 5677 in
3613 5622 3770 5678 abest

2180 5739 2209 5776 a
2226 5721 2468 5788 plerisque
2492 5724 2594 5764 Mss.
