3988 6188
226 385 324 438 9.37

227 501 428 555 Edures
458 517 534 554 me
559 499 621 553 de
644 499 924 571 muscipula
945 501 1058 566 ista,
1083 516 1232 570 quant
1258 500 1622 553 occultaverunt
1644 496 1788 561 mihi;

224 596 463 664 quoniam
485 605 538 646 tu
560 611 612 647 es
644 605 888 662 protector
911 611 1066 648 meus.

299 687 386 740 11.
430 683 579 759 [vers.
628 685 704 756 6.]
745 685 1027 740 Audiamus
1058 700 1236 739 vocem
1269 685 1492 750 Domini,
1525 699 1683 754 quam
1711 683 1795 738 di-

228 776 308 830 xit
327 776 380 830 in
402 790 565 831 cruce
596 793 608 830 ί
637 774 696 829 1η
720 793 893 829 manus
917 787 1028 830 tuas
1049 776 1336 830 continendo
1357 777 1586 846 spiritum
1609 792 1793 829 meum.

223 867 382 922 Certe
405 882 527 922 cum
555 867 713 922 verba
740 867 853 936 ejus
880 871 931 922 in
959 867 1243 939 Evangelio
1267 867 1333 922 de
1358 866 1459 920 isto
1480 867 1685 937 psalmo
1710 881 1799 920 co-

226 961 554 1028 gnoscimus,
587 959 757 1028 ipsum
788 958 872 1012 hic
899 960 1126 1014 locutum
1159 958 1319 1012 fuisse
1344 974 1446 1012 non
1473 957 1796 1012 dubitemus.

230 1040 402 1104 Ilabes
430 1049 534 1104 hoc
563 1050 614 1104 in
643 1039 929 1120 Evangelio
950 1091 962 1112 ,
995 1048 1161 1113 dixit,
1193 1047 1258 1101 In
1298 1065 1474 1102 manus
1513 1058 1623 1101 tuas
1659 1064 1797 1100 com-

228 1141 406 1194 mendo
426 1139 659 1210 spiritum
686 1157 846 1194 meum
870 1138 1020 1208 (Luc.
1045 1154 1200 1204 xxnt,
1223 1137 1313 1209 46)
1345 1157 1358 1193 :
1387 1148 1434 1192 et
1461 1138 1698 1192 inclinato
1724 1154 1802 1190 ca-

231 1233 330 1297 rite
354 1231 565 1285 tr’adidit
588 1232 820 1302 spiritum
848 1231 1026 1300 (Joan.
1064 1246 1178 1294 XIX,
1213 1229 1325 1306 50)ἲ
1356 1231 1471 1285 Νοιι
1503 1231 1617 1285 sine
1642 1245 1800 1284 causa

229 1323 393 1378 voluit
421 1324 582 1379 verba
611 1323 765 1391 hujus
800 1315 988 1394 psalmi
1027 1339 1117 1377 sua
1155 1338 1290 1388 esse,
1325 1323 1425 1377 nisi
1454 1332 1511 1378 ut
1543 1332 1592 1378 te
1616 1322 1802 1376 admo-

229 1422 380 1469 neret
420 1421 480 1468 se
529 1414 761 1468 locutum
810 1429 930 1470 esse
976 1413 1026 1467 in
1069 1413 1170 1468 hoc
1211 1413 1434 1484 psalmo.
1493 1413 1667 1484 Ipsum
1717 1412 1802 1466 hic

229 1519 438 1576 quaere;
463 1506 636 1575 cogita
661 1504 924 1575 quomodo
955 1504 1008 1558 in
1036 1505 1124 1558 illo
1150 1506 1352 1574 psalmo
1378 1519 1435 1559 se
1454 1504 1616 1574 quaeri
1640 1503 1805 1557 voluit

231 1611 324 1667 pro
348 1596 690 1666 susceptione
721 1595 975 1649 matutina
1006 1613 1019 1648 :
1062 1594 1325 1648 Foderunt
1369 1611 1545 1648 manus
1586 1611 1721 1648 meas
1759 1604 1804 1648 et

233 1695 378 1758 pedes
399 1703 553 1752 meos,
592 1687 1033 1740 dinumeravernnt
1062 1687 1232 1739 omnia
1257 1702 1369 1739 ossa
1398 1702 1540 1749 mea;
1569 1684 1665 1755 ipsi
1693 1701 1804 1737 vero

233 1780 666 1834 consideraverunt
695 1789 740 1832 et
768 1789 1129 1849 conspexerunt
1177 1796 1275 1843 me,
1307 1777 1693 1852 diviserunt'sibi
1721 1793 1803 1829 ve-

235 1874 459 1928 stimenta
496 1888 606 1924 mea
628 1910 642 1937 ,
686 1879 730 1924 et
773 1887 922 1941 super
958 1880 1137 1940 vestem
1160 1887 1318 1923 meam
1358 1870 1598 1923 miserunt
1625 1878 1806 1922 sortem

238 1951 400 2035 (Psal.
430 1979 540 2030 χιι,
573 1963 760 2033 17ο19)
790 1981 802 2016 :
835 1971 890 2016 ιιι
929 1971 979 2017 te
1021 1963 1334 2017 admoneret
1374 1962 1424 2014 in
1467 1975 1525 2015 se
1552 1961 1653 2014 hoc
1691 1975 1808 2013 esse

236 2056 582 2126 ctimpletum,
627 2055 678 2107 in
718 2069 848 2109 voce
875 2069 967 2107 sua
1001 2053 1172 2122 posuit
1211 2061 1368 2121 caput
1396 2053 1557 2120 ipsius
1584 2051 1804 2121 psalmi,

237 2147 385 2212 Deus,
418 2145 550 2202 Deus
575 2163 734 2209 meus,
759 2145 933 2215 utquid
962 2162 1037 2198 me
1057 2145 1358 2215 dereliquisti
1397 2143 1580 2213 (lbid.,
1613 2143 1669 2213 2)
1692 2144 1718 2197 ?-
1746 2143 1809 2197 Et

235 2253 410 2296 tamen
435 2256 620 2296 vocem
644 2241 883 2309 corporis
910 2239 960 2293 in
988 2254 1046 2293 se
1077 2238 1500 2307 transliguravit;
1534 2252 1638 2291 non
1665 2237 1804 2291 enim

234 2333 460 2392 Unicum
503 2348 653 2387 suum
684 2333 841 2387 Pater
875 2330 1156 2401 aliquando
1188 2331 1488 2398 dereliquit.
1531 2328 1808 2384 Redemisti

233 2445 328 2492 me,
365 2425 598 2491 Domine,
625 2425 758 2480 Deus
782 2425 1003 2478 veritatis
1040 2440 1057 2478 :
1097 2422 1293 2478 faciens
1318 2421 1456 2492 quod
1486 2421 1806 2491 promisisti,

233 2535 334 2574 non
368 2519 555 2574 fallens
584 2517 637 2571 in
668 2517 1043 2586 pollicitatione
1073 2528 1180 2582 tua,
1212 2515 1352 2570 Dens
1377 2515 1635 2569 veritatis.

305 2609 394 2664 ιε.
436 2603 602 2682 [vers.
647 2607 725 2682 7.]
769 2607 933 2662 Odisti
971 2608 1282 2660 observantes
1322 2607 1592 2660 vanitatem
1633 2622 1810 2677 super-

231 2719 404 2758 vacue.
450 2699 583 2772 Quis
626 2702 873 2757 observat
913 2699 1241 2754 vanitatem?
1281 2699 1379 2766 Qui
1415 2699 1649 2754 timendo
1676 2701 1813 2754 mori

233 2794 456 2849 moritur
497 2811 511 2847 :
557 2792 789 2848 timendo
824 2792 966 2846 enim
1006 2791 1141 2846 mori
1186 2789 1460 2855 mentitur,
1503 2798 1556 2844 et
1585 2790 1811 2844 moritur

189 2909 194 2914 ·
245 2897 532 2958 antequam
559 2887 834 2949 moriatur,
875 2885 962 2956 qui
993 2883 1110 2940 ideo
1136 2883 1484 2939 mentiebatur
1511 2892 1566 2936 ut
1592 2880 1810 2937 viveret.

235 2979 441 3035 Mentiri
470 2977 573 3044 vis,
600 2994 666 3033 ne
696 2978 934 3033 moriaris
960 2996 972 3031 :
1001 2986 1054 3032 et
1084 2975 1324 3032 mentiris
1344 3015 1360 3040 ,
1392 2983 1444 3028 et
1471 2973 1728 3039 moreris;
1760 2982 1814 3028 et

238 3084 354 3124 cum
381 3069 524 3123 vitas
553 3084 709 3122 unam
742 3079 965 3122 mortem
1008 3082 1163 3137 quam
1205 3064 1419 3120 diﬁ'erre
1459 3064 1684 3134 poteris,
1713 3079 1812 3118 au-

238 3162 374 3218 ferre
399 3175 510 3216 non
543 3160 762 3231 poteris,
791 3159 978 3214 incidis
1008 3159 1058 3212 in
1084 3158 1235 3221 duas,
1264 3165 1320 3211 ut
1348 3157 1492 3226 prius
1525 3155 1576 3209 in
1614 3155 1810 3222 anima,

237 3261 419 3323 postea
437 3252 493 3306 in
517 3266 741 3322 corpore
771 3250 1033 3303 moriaris.
1059 3234 1212 3305 Unde
1241 3247 1341 3301 hoc
1361 3287 1375 3312 ,
1398 3246 1498 3300 nisi
1524 3247 1812 3301 observan-

237 3346 305 3401 do
319 3343 636 3401 vanitatem?
649 3343 778 3412 Quia
794 3342 963 3398 dulcis
979 3350 1060 3398 est
1106 3341 1200 3396 tibi
1243 3343 1504 3396 transiens
1540 3339 1675 3406 dies,
1695 3340 1813 3410 quia

241 3435 412 3492 dulcia
438 3442 567 3492 sunt
595 3434 687 3488 tibi
717 3434 1094 3488 transvolantia
1126 3442 1380 3502 tempora,
1413 3433 1551 3487 unde
1582 3431 1710 3486 nihil
1739 3441 1814 3485 te-

243 3542 356 3594 nes,
382 3536 438 3582 et
464 3527 683 3596 insuper
711 3533 763 3578 tu
792 3525 1009 3580 teneris.
1037 3523 1198 3579 Odisti
1221 3521 1528 3578 observantes
1548 3522 1816 3576 vanitatem

242 3633 564 3688 supervacue.
609 3614 722 3686 Ego
750 3625 918 3668 autem
938 3657 952 3682 ,
984 3615 1071 3684 qui
1103 3629 1208 3669 non
1235 3614 1461 3669 observo
1500 3613 1812 3674 vanitatem,

245 3707 294 3761 in
321 3707 543 3764 Domino
563 3707 777 3777 speravi.
819 3705 1012 3776 Speras
1039 3705 1090 3760 in
1119 3704 1359 3775 pecunia,
1387 3705 1639 3759 observas
1665 3701 1814 3756 vani-

247 3808 402 3856 tatem
427 3820 440 3854 :
465 3812 651 3869 speras
677 3798 730 3852 in
751 3797 952 3852 honore
973 3804 1025 3852 et
1050 3796 1369 3851 sublimitate
1388 3795 1557 3865 aliqua
1580 3802 1810 3864 potesta-

246 3894 310 3947 tis
334 3892 604 3956 humanae,
649 3891 899 3946 observas
942 3889 1225 3943 vanitatem
1271 3905 1284 3942 ε
1329 3902 1511 3957 speras
1549 3887 1602 3940 in
1640 3885 1817 3955 aliquo

243 3983 416 4040 amico
445 3991 682 4053 potente,
715 3983 965 4037 observas
994 3981 1298 4034 vanitatem.
1344 3977 1400 4032 In
1447 3978 1528 4032 his
1573 3978 1818 4032 omnibus

243 4091 364 4130 cum
391 4088 602 4143 speras,
631 4081 721 4125 aut
747 4081 800 4127 tu
828 4073 1083 4141 exSpiras,
1114 4081 1168 4125 et
1204 4085 1265 4126 ea
1307 4069 1391 4124 hic
1435 4069 1690 4132 dimittis;
1729 4078 1821 4122 aut

245 4181 364 4222 cum
388 4163 548 4230 vivis,
575 4162 751 4218 omnia
782 4171 1025 4232 pereunt,
1051 4172 1104 4216 et
1130 4161 1179 4215 in
1207 4175 1300 4230 spe
1330 4169 1414 4214 tua
1441 4157 1645 4213 deﬁcis.
1673 4155 1819 4212 lianc

246 4255 534 4312 vanitatem
561 4263 942 4310 commemorat
961 4253 1126 4308 Isaias
1149 4252 1364 4320 dicens:
1393 4250 1568 4306 Omnis
1603 4266 1719 4304 caro
1746 4254 1821 4321 fe-

247 4365 384 4413 num,
415 4359 462 4403 et
487 4349 645 4402 omnis
663 4347 825 4418 gloria
863 4351 969 4416 ejus
993 4345 1135 4416 quasi
1172 4346 1267 4414 [los
1297 4345 1399 4414 feni
1429 4344 1596 4397 :aruit
1623 4344 1815 4413 fenum,

247 4452 294 4497 es
326 4443 426 4514 ﬂos
465 4441 574 4512 ejus
615 4438 834 4502 decidit;
874 4438 1073 4492 verbum
1114 4445 1278 4489 autem
1321 4435 1525 4489 Domini
1562 4446 1726 4490 manet
1766 4437 1820 4490 in

246 4537 492 4588 sternunt
521 4528 670 4604 (lsai.
716 4545 802 4595 ιιι,
835 4529 948 4598 68).
993 4529 1103 4598 Ego
1149 4535 1358 4590 autem,
1406 4541 1510 4581 non
1553 4524 1820 4596 quomodo

249 4625 323 4680 illi
351 4623 443 4696 qui
473 4634 688 4695 sperant
718 4623 769 4676 in
813 4619 1061 4684 vanitate,
1104 4629 1155 4674 et
1181 4619 1269 4688 qui
1299 4619 1586 4674 observant
1613 4619 1819 4673 vanita-

250 4724 394 4778 tem;
422 4714 517 4770 sed
546 4714 598 4767 in
623 4711 847 4767 Domino
872 4712 1097 4780 speravi,
1129 4710 1218 4780 qui
1248 4724 1350 4762 non
1381 4718 1462 4764 est
1491 4711 1716 4764 vanitas.

321 4805 411 4863 15.
451 4803 599 4880 [nera
626 4801 704 4878 8.]
745 4801 1042 4869 Exsultabo,
1071 4812 1115 4856 et
1131 4800 1452 4872 jucunddtor
1472 4801 1525 4854 in
1549 4810 1634 4855 tua
1670 4800 1821 4855 mise-

246 4897 470 4954 ricordia
505 4912 526 4952 :
554 4913 658 4952 non
686 4897 735 4951 in
765 4911 878 4952 mea
913 4896 1132 4964 jnstitia.
1167 4893 1299 4962 Quia
1327 4895 1586 4965 respexisti
1613 4895 1820 4949 humili-

247 5000 406 5044 tatem
439 5004 624 5056 meum,
669 4987 855 5043 salvam
897 4987 1052 5059 fecisti
1090 4986 1152 5041 de
1191 4987 1560 5042 necessitatibus
1601 4989 1856 5042 animaml

248 5097 416 5136 nam
436 5096 456 5134 :
480 5096 570 5136 nec
597 5080 882 5136 conclusisti
907 5097 986 5134 me
1011 5079 1064 5133 in
1095 5091 1273 5132 manus
1301 5079 1512 5134 inimici.
1544 5079 1672 5148 Qua:
1701 5089 1825 5135 sunt

249 5169 621 5238 necessitates,
647 5170 789 5226 unde
817 5170 1056 5225 volumus
1079 5171 1278 5225 salvam
1306 5170 1415 5224 ﬁeri
1469 5171 1697 5224 animam
1730 5187 1826 5225 no-

246 5262 456 5319 stram?
478 5261 605 5330 Quis
625 5277 717 5317 eas
740 5259 1038 5317 enumeret?
1052 5262 1168 5331 quis
1192 5262 1346 5332 digne
1367 5261 1682 5331 exaggeret?
1705 5264 1823 5332 quis

250 5369 486 5427 congrue
506 5353 747 5408 vitandas
773 5351 1146 5423 fugiendasque
1169 5351 1544 5407 commendet?
1571 5353 1748 5410 Primo
1769 5355 1822 5408 in

248 5461 451 5517 genere
482 5445 712 5499 humano
741 5445 872 5499 dura
905 5444 1209 5509 necessitas,
1243 5445 1445 5500 nescire
1469 5459 1560 5498 cor
1583 5444 1820 5512 alterius,

250 5539 391 5593 male
420 5538 618 5592 sentire
650 5536 958 5605 plerumque
985 5533 1053 5588 de
1078 5534 1248 5588 amico
1275 5535 1432 5599 lideli,
1465 5535 1599 5590 bene
1624 5537 1823 5592 sentire

253 5632 568 5699 plerumque
597 5627 663 5682 de
690 5628 862 5682 amico
892 5624 1109 5680 inﬁdeli.
1157 5624 1202 5681 Ο
1241 5626 1370 5681 dura
1401 5629 1723 5684 necessitas!
1757 5629 1826 5684 Et

250 5719 376 5790 quid
409 5717 538 5772 lacis
569 5725 626 5771 ιιι
653 5716 812 5772 corda
855 5714 1139 5787 inspicias?
1182 5731 1336 5785 quem
1376 5719 1586 5772 oculum
1630 5718 1823 5788 aliers,

251 5811 463 5866 inﬁrma
493 5817 549 5864 et
579 5807 870 5880 plangentia
899 5807 1230 5863 mortalitas?
1253 5807 1380 5877 quid
1405 5807 1532 5866 laris
1562 5819 1619 5865 ut
1643 5811 1825 5868 videas

1362 380 1752 437 ENARRATIO
1792 379 1853 434 IN
1893 380 2206 441 PSALMUM
2237 386 2402 442 XXX.

3367 400 3471 456 953

1903 496 2059 554 hodie
2083 515 2176 555 cor
2199 503 2373 557 fratris
2399 503 2512 558 tui?
2534 504 2647 560 Non
2671 505 2832 562 habes
2859 510 2981 580 quid
3010 509 3187 567 facias.
3217 515 3331 568 Alia
3362 531 3472 570 ma-

1893 588 1980 658 jor
2013 593 2316 659 necessitas,
2352 610 2449 649 nec
2481 607 2624 650 tuum
2656 599 2802 653 vides
2841 602 2995 668 quale
3024 604 3122 655 erit
3163 619 3300 658 cras.
3329 606 3466 672 Quid

1895 683 2003 751 jam
2029 682 2199 738 dicam
2229 684 2294 740 de
2319 689 2720 742 necessitatibus
2750 691 2911 758 ipsius
2937 695 3306 750 mortalitatis?
3335 698 3464 753 Mori

1903 789 2120 829 necesse
2149 786 2248 839 est,
2297 787 2348 830 et
2397 794 2550 832 netno
2583 780 2713 834 vult.
2756 780 2921 835 Nemo
2951 786 3061 838 vult
3085 786 3222 854 quod
3253 803 3471 844 necesse

1907 873 2006 918 est.
2035 865 2198 919 Nemo
2226 867 2354 932 vult,
2382 870 2521 938 quod
2549 872 2649 924 erit
2670 873 2792 927 velit
2819 874 2968 928 nolit.
2995 877 3131 930 Dura
3160 882 3474 944 necessitas,

1905 955 2042 1009 nolle
2081 957 2218 1025 quod
2268 974 2370 1012 non
2410 970 2582 1031 potest
2621 965 2826 1018 evitari.
2858 966 2988 1020 Nam
3033 971 3075 1023 si
3118 969 3226 1026 ﬁeri
3273 987 3462 1044 posset,

1906 1045 2165 1101 nollemus
2214 1048 2390 1119 utique
2435 1053 2602 1117 mori;
2654 1064 2705 1108 et
2735 1054 2871 1110 efﬁci
2903 1058 3041 1127 quod
3076 1063 3259 1131 Angeli
3306 1066 3474 1120 velle-

1905 1152 2048 1202 mus,
2095 1139 2188 1194 sed
2243 1143 2655 1199 commutatione
2681 1145 2904 1215 quadam
2925 1189 2938 1213 ,
2972 1165 3074 1206 non
3104 1164 3304 1223 morte,
3337 1156 3473 1217 sicut

1905 1229 2034 1284 dicit
2064 1231 2348 1298 Apostolus
2377 1252 2389 1287 :
2424 1232 2838 1304 ZEdiﬁcationem
2867 1240 3099 1298 habemus
3128 1262 3191 1299 ea:
3218 1245 3344 1314 Deo,
3377 1251 3472 1304 do-

1905 1338 2039 1374 mum
2060 1337 2158 1375 non
2189 1327 2549 1396 manufactam,
2569 1336 2804 1382 aeternam
2837 1331 2887 1384 in
2911 1331 3066 1386 caelis.
3091 1333 3287 1390 Etenim
3308 1339 3358 1391 in
3379 1340 3472 1392 hoc

1905 1416 2293 1486 ingemiscimus,
2336 1419 2675 1474 habitaculum
2717 1433 2942 1476 nostrum
2967 1426 3101 1492 quod
3135 1428 3196 1480 de
3219 1431 3345 1482 caelo
3379 1443 3472 1496 est,

1906 1508 2201 1576 superindui
2222 1511 2505 1578 cupientes;
2527 1511 2572 1563 si
2591 1521 2756 1566 tamen
2777 1513 2957 1580 induti,
2981 1525 3026 1568 et
3059 1533 3159 1570 non
3191 1511 3314 1572 nudi
3337 1519 3477 1574 inve-

1908 1601 2124 1652 niamur.
2163 1599 2358 1654 Etenim
2385 1602 2470 1668 qui
2493 1619 2664 1656 sumas
2714 1605 2766 1657 in
2791 1605 2885 1659 hac
2916 1606 3239 1675 habitatione,
3270 1613 3477 1684 ingemi-

1908 1691 2090 1744 scimus
2115 1693 2325 1762 grarati,
2354 1694 2406 1746 in
2430 1710 2525 1762 quo
2556 1695 2787 1749 nolumus
2813 1698 3102 1767 exspoliari,
3135 1702 3221 1754 sed
3242 1720 3477 1774 superve—

1907 1781 2035 1844 stiri,
2070 1793 2121 1835 ut
2148 1783 2465 1837 absorbeatur
2495 1787 2704 1840 mortale
2737 1804 2768 1840 a
2811 1787 2954 1863 vita(
2976 1788 3019 1843 ll
3062 1791 3178 1845 Cor.
3227 1810 3275 1858 v,
3322 1795 3475 1864 1-4).

1912 1871 2162 1927 Volumus
2195 1875 2469 1943 pervenire
2496 1876 2562 1930 ad
2591 1892 2809 1948 regnum
2853 1879 2967 1946 Dei,
3007 1880 3100 1936 sed
3130 1897 3223 1950 per
3249 1894 3474 1940 mortem

1910 1964 2153 2017 nolumus
2181 1982 2194 2018 :
2225 1975 2276 2019 et
2308 1975 2484 2022 tamen
2515 1967 2640 2022 dicit
2671 1969 2760 2024 tibi
2800 1971 3106 2036 necessitas,
3140 1974 3249 2030 liae
3275 1977 3475 2032 venies.

1911 2053 2021 2136 liae
2061 2055 2242 2110 venire
2283 2055 2510 2123 dubitas,
2528 2058 2704 2124 homo,
2756 2075 2874 2114 cum
2924 2061 3022 2116 hac
3067 2063 3135 2118 ad
3182 2074 3232 2120 te
3276 2067 3477 2123 venerit

1914 2143 2095 2199 Deus?
2119 2143 2246 2212 Quae
2276 2156 2401 2200 sunt
2424 2148 2581 2201 etiam
2610 2151 2955 2207 necessitates
2983 2152 3356 2211 vincendarum
3389 2175 3477 2212 vc-

1918 2238 2325 2292 tustissitnarum
2356 2239 2700 2309 cupiditatum
2724 2282 2738 2306 ,
2770 2252 2823 2297 et
2864 2258 3183 2302 annosarum
3225 2251 3480 2305 malarum

1913 2332 2394 2386 censuetudinum?
2440 2334 2664 2390 Vincere
2710 2337 3165 2404 consuetudinem,
3211 2341 3343 2396 dura
3385 2359 3479 2412 pu-

1912 2439 2034 2493 gna,
2066 2425 2223 2479 nosti.
2258 2425 2418 2480 Vides
2443 2442 2600 2495 quam
2628 2427 2766 2482 male
2795 2427 2974 2495 facias,
3005 2446 3162 2500 quam
3191 2433 3478 2490 detestabi-

1913 2517 2054 2581 liter,
2087 2532 2244 2587 quam
2274 2515 2588 2583 infeliciter;
2616 2527 2668 2573 et
2701 2518 2828 2584 facis
2858 2527 3034 2574 tamen
3079 2539 3092 2570 :
3141 2521 3311 2577 fecisti
3342 2526 3479 2592 heri,

1915 2608 2146 2663 facturus
2187 2624 2247 2663 es
2291 2607 2472 2664 hodie.
2512 2609 2567 2663 Si
2607 2610 2682 2662 sic
2707 2609 2801 2664 tibi
2827 2609 3070 2680 displicet
3096 2627 3218 2682 cum
3247 2614 3482 2684 disputo,

1914 2699 2179 2768 quomodo
2205 2699 2447 2769 displicet
2477 2700 2568 2753 tibi
2597 2714 2716 2754 cum
2742 2701 2980 2771 cogitas?
3019 2703 3087 2757 Et
3113 2712 3289 2759 tamen
3314 2705 3484 2767 factu-

1913 2805 2006 2844 rus
2051 2805 2110 2844 es
2154 2789 2274 2845 hoc.
2305 2789 2455 2846 Unde
2479 2789 2720 2860 raperis?
2762 2792 2880 2861 quis
2909 2801 2960 2847 te
2991 2794 3254 2862 captivum
3285 2797 3484 2851 trahit?

1915 2883 1996 2936 An
2030 2879 2114 2936 illa
2160 2883 2246 2936 lex
2292 2882 2343 2936 in
2389 2883 2642 2937 membris
2685 2883 2787 2937 tuis
2819 2899 3120 2954 repugnans
3162 2886 3263 2957 legi
3293 2899 3482 2943 mentis

1917 2972 2058 3026 ture?
2088 2971 2264 3025 Clama
2290 2987 2418 3042 ergo
2444 2989 2456 3024 :
2488 2971 2680 3042 Infelix
2706 2989 2796 3043 ego
2827 2973 2993 3037 homo,
3023 2976 3134 3044 quis
3158 2992 3235 3028 me
3259 2976 3484 3032 liberabit

1915 3065 1978 3118 de
1995 3079 2203 3136 corpore
2220 3064 2390 3118 mortis
2411 3064 2599 3134 hujus?
2619 3062 2798 3118 Gratia
2817 3064 2914 3119 Dei
2933 3083 3022 3136 per
3038 3065 3213 3120 Iesum
3235 3067 3486 3122 Christum

1916 3153 2192 3210 Dominum
2221 3167 2444 3209 nostrum
2481 3155 2666 3228 (Rom.
2693 3173 2786 3224 vn,
2818 3157 2888 3213 25
2907 3158 2958 3228 );
2990 3168 3043 3213 et
3072 3157 3323 3229 impletur
3355 3161 3408 3216 itt
3435 3172 3492 3217 te

1917 3245 2057 3316 quod
2087 3245 2247 3301 modo
2287 3246 2546 3312 diximus,
2583 3247 2693 3318 Ego
2720 3259 2884 3310 autem
2921 3249 2972 3324 in
3005 3248 3224 3305 Domino
3251 3254 3484 3322 speravi:

1918 3327 2195 3416 exsultatio,
2220 3349 2266 3393 et
2283 3340 2608 3410 jucundabor
2635 3342 2687 3392 in
2715 3350 2797 3393 tua
2826 3341 3204 3408 misericordia;
3231 3344 3347 3412 quia
3401 3361 3486 3397 re-

1918 3434 2124 3500 spexisti
2139 3433 2466 3485 humilitatem
2483 3449 2665 3500 meam,
2690 3433 2879 3486 salvum
2906 3435 3069 3504 fecisti
3096 3434 3158 3488 de
3182 3436 3485 3489 necessitati-

1918 3524 2007 3577 bus
2033 3524 2252 3577 animam
2279 3539 2457 3577 meum.
2508 3522 2654 3578 Unde
2680 3523 2822 3578 enim
2863 3525 2995 3578 facta
3020 3534 3103 3580 est
3127 3526 3268 3581 salva
3293 3525 3362 3580 de
3387 3542 3484 3581 ne-

1919 3616 2253 3671 cessitatibus
2273 3617 2446 3670 anima
2469 3624 2576 3681 tua,
2598 3615 2695 3669 nisi
2717 3616 2836 3685 quia
2861 3626 3097 3685 respecta
3119 3625 3201 3670 est
3221 3616 3488 3672 humilitas

1921 3709 2035 3778 tua?
2059 3707 2167 3762 Nisi
2199 3709 2340 3777 prius
2369 3707 2743 3766 ltumiliareris.
2768 3721 2871 3761 non
2893 3716 2941 3761 te
2961 3707 3252 3770 exaudiret,
3275 3709 3363 3777 qui
3386 3717 3436 3762 te
3456 3724 3487 3762 τι

1922 3797 2325 3853 necessitatibus
2349 3798 2615 3852 liberaret.
2646 3797 2956 3851 llumiliatus
2982 3798 3171 3868 estqui
3198 3797 3366 3852 dixit:
3395 3797 3490 3854 ln-

1924 3891 2045 3958 {elirc
2069 3906 2158 3960 ego
2189 3891 2357 3955 homo,
2388 3888 2498 3954 quis
2525 3904 2603 3941 me
2631 3887 2856 3942 liberabit
2885 3887 2946 3941 de
2965 3903 3172 3958 corpore
3193 3889 3368 3944 mortis
3391 3889 3488 3943 hu-

1916 3981 2043 4051 jus?
2065 3980 2178 4034 Non
2207 3989 2330 4034 sunt
2354 3978 2628 4043 humiliati,
2671 3978 2761 4048 qui
2787 3981 3070 4049 ignorantes
3096 3979 3193 4034 Dei
3209 3980 3484 4050 justitiam,

1921 4083 1968 4126 et
1992 4090 2134 4127 suam
2157 4071 2374 4127 volentes
2397 4072 2712 4138 constituere,
2736 4064 2949 4142 justitiae
2982 4071 3076 4127 Dei
3101 4091 3201 4128 non
3226 4084 3341 4129 sunt
3367 4076 3487 4129 sub—

1913 4166 2037 4236 jecti
2062 4164 2170 4238 (Id.
2201 4181 2254 4232 ιι,
2286 4165 2368 4236 5)?
3427 4226 3436 4240 .

1997 4258 2082 4312 H.
2124 4256 2270 4330 [vers.
2302 4254 2382 4332 9.]
2423 4255 2533 4310 Nec
2563 4256 2852 4310 conclusisti
2876 4273 2953 4310 me
2979 4257 3029 4310 in
3054 4273 3230 4311 manus
3257 4256 3442 4311 inimici
3479 4277 3496 4311 ι

1925 4364 2029 4404 non
2057 4349 2215 4404 vicini
2249 4347 2344 4415 tui,
2374 4363 2479 4402 non
2507 4349 2950 4416 compossessoris
2980 4348 3074 4412 tui,
3103 4363 3205 4402 non
3233 4347 3348 4418 ejus
3369 4363 3488 4402 cum

1925 4449 2030 4505 quo
2059 4432 2295 4487 militasti
2321 4440 2375 4488 et
2398 4446 2518 4486 eum
2549 4431 2768 4499 laesisti,
2795 4441 2887 4486 aut
2925 4430 3058 4485 forte
3084 4431 3138 4485 in
3165 4441 3250 4485 tua
3279 4431 3490 4486 civitate

1926 4527 2169 4596 injuriam
2209 4525 2257 4579 ei
2284 4523 2486 4589 fecisti;
2521 4524 2606 4579 isti
2649 4524 2792 4580 enim
2824 4523 2957 4578 tales
2999 4531 3123 4578 sunt
3163 4538 3258 4592 pro
3299 4522 3490 4592 quibus

1927 4632 2080 4674 orare
2105 4616 2379 4671 debemus.
2408 4616 2580 4670 Alium
2610 4615 2865 4670 habemus
2887 4613 3180 4679 inimicum,
3202 4612 3490 4680 diabolum,

1927 4716 2226 4779 serpentem
2264 4710 2559 4779 antiquum.
2603 4707 2800 4764 Omnes
2821 4705 3126 4770 morientes,
3152 4690 3361 4760 si‘hene
3381 4721 3493 4760 mo-

1927 4801 2146 4866 riamur,
2173 4799 2240 4854 ab
2265 4800 2380 4869 ejus
2405 4799 2650 4853 manibus
2674 4799 2977 4852 liberamur.
3003 4796 3329 4864 Quicumque
3353 4795 3492 4852 enim

1930 4893 2068 4947 male
2096 4893 2392 4948 moriuntur
2431 4893 2483 4946 in
2515 4891 2626 4946 suis
2656 4888 3045 4959 iniquitatibus,
3090 4888 3142 4949 in
3167 4887 3281 4958 ejus
3311 4902 3499 4944 manus

1930 4983 2337 5049 Concluduntur,
2366 4991 2424 5036 ut
2446 4997 2567 5036 cum
2599 4981 2687 5034 illo
2716 4979 2768 5033 in
2797 4978 2902 5033 line
2927 4980 3262 5044 damnentur.
3288 4978 3500 5033 Liberat

1933 5091 2058 5143 ergo
2089 5089 2185 5127 nos
2211 5073 2466 5127 Dominus
2494 5071 2634 5125 Deus
2661 5078 2843 5124 noster
2865 5069 2933 5124 de
2961 5085 3119 5123 manu
3176 5069 3372 5124 inimici
3404 5085 3503 5124 no-

1932 5168 2026 5220 stri
2053 5185 2064 5220 :
2095 5166 2181 5219 ille
2197 5165 2338 5219 enim
2360 5178 2456 5217 nos
2475 5178 2570 5233 per
2591 5161 2904 5232 cupiditates
2924 5172 3134 5217 nostras
3158 5163 3266 5216 vult
3287 5177 3500 5230 capere.

1935 5259 2265 5329 Cupiditates
2307 5265 2479 5312 autem
2532 5267 2729 5311 nostra:
2773 5257 2984 5326 quando
3032 5256 3218 5310 valida:
3259 5265 3402 5316 sunt,
3447 5263 3504 5309 et

1935 5351 2146 5422 quando
2189 5352 2267 5405 eis
2318 5349 2599 5415 servimus,
2644 5349 2988 5403 necessitates
3025 5357 3300 5402 vocantur.
3340 5345 3500 5398 Libe-

1935 5455 2087 5500 rante
2113 5452 2286 5498 autem
2318 5443 2426 5497 Dco
2465 5443 2696 5496 animam
2740 5450 2972 5496 nostram
3000 5439 3069 5496 de
3098 5437 3502 5507 necessitatibus

1936 5538 2130 5593 nostris
2149 5579 2165 5604 ,
2193 5536 2315 5607 quid
2347 5537 2447 5592 erit
2477 5536 2614 5607 quod
2644 5539 2696 5590 in
2727 5535 2881 5590 nobis
2927 5542 3103 5590 teneat
3129 5531 3409 5596 inimicus,
3438 5536 3500 5583 ut

1937 5630 2313 5687 concludantur
2343 5629 2393 5684 in
2422 5643 2609 5683 manus
2643 5627 2796 5698 ejus?
3538 5673 3551 5705 ,_

2009 5723 2094 5777 15.
2113 5721 2376 5777 'Statuisti
2414 5721 2466 5773 in
2490 5721 2710 5790 spatioso
2739 5717 2884 5788 pedes
2911 5731 3064 5770 meos.
3103 5714 3258 5769 Certe
3281 5723 3503 5770 alienata
3557 5713 3560 5715 λ

1937 5817 2020 5871 via
2043 5826 2120 5872 est
2143 5813 2354 5888 (Matth.
2384 5830 2474 5880 vn,
2505 5814 2594 5885 lt)
2620 5831 2631 5865 :
2661 5812 2914 5868 laboranti
2937 5819 3156 5880 angusta
3181 5817 3282 5877 est,
3308 5799 3515 5866 atnanti
