3988 6188
387 356 490 413 F239

395 474 499 526 lata
528 475 627 521 est.
660 459 856 516 Eailein
880 466 994 521 qua:
1018 451 1237 516 angusta
1262 447 1363 526 est,
1384 437 1486 491 lata
1518 432 1592 487 fit.
1624 431 1687 484 In
1712 426 1953 498 spatioso,

389 561 534 625 dicit,
582 549 789 627 posuisti
839 544 984 615 pedes
1024 553 1179 603 meos,
1225 511 1298 589 ne
1336 526 1599 600 angustati
1644 522 1806 594 pedes
1852 517 1957 572 mei

391 658 529 712 irent
558 652 610 704 in
647 660 734 708 se,
776 649 830 695 et
859 629 1175 691 incurrendo
1206 629 1257 683 in
1283 641 1340 681 se
1365 620 1656 691 dejicerent
1681 628 1780 668 me.
1817 609 1958 680 Ergo

290 782 301 793 ι
392 747 515 817 quid
545 744 638 808 ait,
664 731 886 792 Posuisti
909 729 963 783 in
985 724 1206 797 spatioso
1230 718 1377 790 pedes
1399 711 1573 767 meos?
1594 707 1759 764 Plane
1788 698 1962 758 fecisti

1312 808 1381 817 ···
1507 813 1518 817 Α
1580 802 1613 817 ὀ
1676 796 1825 817 γ-η.›-
1859 791 1937 817 asc

393 792 522 897 mihi
554 791 759 890 facilem
788 822 1067 897 justitiam,
1095 830 1214 886 quae
1255 808 1384 866 mihi
1411 813 1525 862 erat
1548 796 1831 871 aliquando
1855 791 1963 849 dif-

398 930 581 988 iicilis:
612 925 716 980 hoc
743 895 845 983 est,
878 908 1103 970 Posuisti
1124 908 1179 960 in
1198 902 1420 973 spatioso
1442 895 1590 969 pedes
1611 906 1766 947 meos.

593 979 858 1090 [vers.10',
886 1003 998 1076 11.]
1039 999 1279 1054 Miserere
1310 992 1427 1059 mei,
1466 986 1699 1051 Domine,
1731 996 1847 1053 quo.
1866 979 1967 1033 iam

400 1112 631 1177 rribulor,
654 1100 974 1162 conturbatus
994 1103 1066 1148 est
1090 1092 1143 1146 in
1168 1090 1246 1143 ira
1264 1084 1439 1140 oculus
1460 1095 1616 1144 meus,
1639 1076 1811 1129 anima
1835 1088 1966 1137 mea,

400 1215 443 1259 et
480 1209 649 1259 venter
680 1211 840 1251 meus.
872 1186 1126 1258 Quoniam
1148 1177 1328 1252 defecit
1362 1176 1415 1228 in
1441 1172 1617 1226 dolore
1638 1168 1741 1221 vita
1773 1180 1902 1228 mea,
1925 1171 1972 1216 et

399 1294 521 1350 anni
550 1253 644 1346 mei
669 1290 721 1342 in
750 1253 1034 1357 gemitibus.
1064 1270 1305 1330 Sufﬁciat
1331 1262 1582 1321 Charitati
1614 1259 1814 1313 Vestra:
1833 1297 1846 1319 ,
1879 1253 1974 1307 aii-

399 1391 616 1457 juvante
646 1350 871 1435 Domino
900 1366 1139 1426 fortassis
1177 1357 1515 1430 implebimus
1543 1350 1803 1415 debitum,
1834 1353 1893 1400 ut
1922 1353 1977 1399 et

411 1449 625 1535 Psalmo
650 1474 861 1544 peracto
884 1460 1283 1535 proﬁciscamur
1310 1449 1412 1519 (a).

1064 1583 1233 1626 εεωιο
1271 1582 1326 1619 11.

818 1692 897 1746 De
925 1687 1089 1743 medio
1117 1680 1339 1753 ejusdem
1361 1672 1576 1731 Psalmi.

483 1815 533 1867 l.
576 1809 653 1864 Ad
680 1806 877 1875 reliqua
905 1797 1094 1855 Psalmi
1125 1800 1304 1850 nostra
1332 1789 1628 1843 revertatur
1655 1775 1906 1840 intentio,
1932 1780 1987 1827 et

417 1918 515 1959 nos
536 1904 676 1972 ipsos
699 1905 1047 1966 agnoscamus
1063 1889 1115 1941 in
1131 1882 1305 1940 verbis
1328 1875 1625 1946 Prophetas.
1654 1868 1909 1938 Quoniam
1940 1863 1986 1917 si

425 2011 522 2052 nos
548 1988 934 2060 inSpexerimns
978 1982 1033 2034 in
1074 1986 1312 2044 tempore
1353 1960 1726 2024 tribulationis,
1784 1955 1987 2028 gaude-

422 2090 596 2145 bimus
634 2085 684 2137 in
728 2090 966 2147 tempore
1035 2063 1416 2125 retributionis.
1482 2049 1986 2111 Commendaveram

425 2176 679 2237 Cbaritati
713 2138 935 2233 Vestrae,
973 2178 1092 2219 cum
1150 2158 1345 2229 primas
1389 2158 1570 2223 partes
1615 2145 1772 2215 hujus
1802 2138 2010 2212 psalmi”

421 2279 740 2341 exponerem
781 2262 888 2333 (b),
944 2254 1085 2326 quod
1123 2249 1366 2306 Christus
1421 2244 1701 2311 loquatur;
1754 2241 1808 2288 et
1857 2242 1991 2300 quo-

422 2320 582 2420 modo
619 2357 689 2413 sit
734 2320 1072 2421 accipiendas
1100 2339 1379 2419 _Christus
1444 2340 1585 2386 totus
1638 2339 1767 2381 eum
1822 2320 1994 2390 capite

422 2463 478 2510 et
502 2462 743 2520 corpore,
767 2458 871 2499 non
900 2412 1165 2493 tacueram
1190 2448 1204 2483 :
1231 2421 1546 2483 testimoniis
1569 2417 1728 2474 etiam
1754 2412 1994 2482 Scriptu-

423 2503 640 2606 rarum',
668 2543 924 2609 quantum
950 2527 1081 2584 mihi
1106 2523 1335 2583 videtur,
1366 2515 1496 2572 satis
1523 2508 1731 2566 idoneis
1755 2503 1996 2559 luculen-

427 2638 601 2706 tisque
620 2599 996 2687 ﬁrmaveram;
1025 2620 1097 2673 ita
1125 2622 1185 2670 ut
1201 2609 1420 2668 omnino
1439 2599 1665 2660 dubitari
1691 2611 1794 2652 non
1821 2601 2001 2664 posset

426 2700 692 2787 Christum
721 2735 840 2779 esse
868 2724 1027 2786 caput
1053 2721 1106 2766 et
1134 2718 1347 2775 corpus,
1376 2709 1628 2769 sponsum
1649 2700 1703 2747 et
1727 2700 1998 2759 sponsam,

781 2820 836 2868 et
868 2779 1161 2864 Ecclesiam
1185 2840 1200 2861 ,
1243 2794 1433 2851 Filium
1473 2788 1567 2844 Dei
1607 2785 1802 2839 factum
1833 2779 2002 2833 ﬁlium

433 2871 664 2970 homin—is
688 2910 902 2978 propter
926 2911 1054 2961 nos,
1084 2902 1145 2948 ut
1173 2891 1323 2945 ﬁlios
1346 2882 1617 2940 hominum
1646 2875 1843 2931 faceret
1869 2871 2005 2924 filios

433 3005 566 3069 Dei;
594 2968 758 3069 atque
780 2968 851 3049 ita
876 2996 1057 3047 essent
1078 2984 1185 3039 duo
1212 2980 1262 3034 in
1288 2988 1450 3033 carne
1470 2986 1574 3027 una
1598 2969 1655 3022 in
1675 2968 2007 3021 sacramento

436 3055 795 3167 magum-qui
841 3086 1197 3155 agnoscuntur
1240 3072 1289 3124 in
1331 3062 1611 3135 Prophetis
1651 3058 1756 3112 duo
1795 3055 1848 3109 in
1877 3065 2008 3106 voce

1511 3162 1522 3167 Α
1555 3151 1567 3163 '
1586 3148 1718 3167 ut---
1749 3142 1968 3167 Λευ-..τη
1992 3157 2004 3167 .

441 3142 564 3242 una:
589 3142 883 3239 Gratillatio
906 3169 1147 3240 superius
1166 3171 1419 3230 expressa
1447 3162 1530 3209 est
1555 3148 1722 3219 ipsius
1744 3142 2005 3200 dicentis:

445 3272 722 3348 Respexisti
749 3264 1076 3321 humilitatem
1102 3266 1292 3316 meam,
1320 3247 1512 3302 saluam
1549 3238 1707 3313 fecisti
1736 3235 1799 3289 de
1838 3246 2011 3286 neces-

441 3327 669 3428 sitatribus
696 3362 918 3417 animam
958 3365 1119 3407 meam
1140 3390 1154 3412 ,
1194 3359 1283 3399 nec
1312 3333 1600 3393 conclusisti
1643 3344 1723 3383 me
1746 3327 1801 3380 in
1835 3336 2013 3377 manus

442 3460 654 3521 inimici,
685 3450 898 3510 statuisti
922 3448 976 3500 in
1006 3443 1115 3497 loco
1143 3436 1362 3510 spatioso
1389 3429 1538 3499 pedes
1563 3439 1697 3478 meos
1721 3436 1740 3474 :
1775 3414 2013 3489 gratula-

446 3558 521 3611 tio
548 3512 865 3609 cst'liberati
905 3534 1138 3594 hominis
1178 3545 1209 3584 a
1248 3521 1623 3581 tribulatione,
1669 3512 2013 3566 liberatorutn

447 3644 807 3704 membrorum
833 3628 1027 3689 Christi
1054 3626 1121 3679 ab
1147 3616 1432 3675 afﬂictione
1458 3619 1513 3665 et
1539 3603 1764 3661 insidiis.
1798 3599 1866 3654 Et
1892 3611 2015 3650 rur-

447 3755 538 3795 sus
562 3735 689 3791 dicit
717 3749 731 3785 :
760 3715 1139 3783 Miserere‘mei,
1164 3708 1406 3775 Domine,
1434 3700 1670 3774 quoniam
1695 3692 1938 3795 tribulem.
1957 3686 2014 3740 lu

450 3777 789 3885 tribulatione
812 3814 996 3883 utique
1027 3777 1267 3877 angustia
1294 3804 1377 3853 est
1399 3811 1412 3848 :
1432 3786 1704 3864 quomodo
1731 3796 1877 3853 ergo,
1912 3777 2020 3833 Po-

690 3877 925 3983 spatioso-
933 3902 1028 3974 ped
1037 3916 1089 3954 es
1112 3910 1247 3955 meos
1262 3891 1286 3945 ?
1304 3889 1359 3945 Si
1381 3885 1555 3983 adhuc
1574 3877 1871 3940 tribulatur,
1884 3884 2023 3983 quo-

453 4007 615 4065 modo
642 3963 765 4058 sunt
801 3999 854 4053 in
882 3963 1125 4065 spatioso‘
1144 3981 1343 4056 pedes?
1383 3980 1464 4034 Au
1496 3975 1632 4030 forte
1671 3983 1773 4026 una
1810 3963 2024 4038 quidem

454 4117 558 4157 vox
583 4105 699 4161 est,
726 4092 846 4164 quia
876 4100 1038 4143 unum
1064 4080 1279 4151 quidem
1305 4084 1532 4142 corpus;
1560 4064 1655 4122 sed
1685 4064 1738 4116 in
1762 4055 2027 4128 aliquibus

459 4187 711 4248 membris
731 4144 966 4253 spatium
997 4172 1244 4232 sentitur,
1276 4167 1332 4220 in
1371 4152 1634 4231 aliquibus
1673 4149 1910 4222 angustia
1935 4188 1947 4212 ,
1974 4144 2027 4199 id

462 4293 565 4350 est,
600 4279 688 4335 alii
714 4237 1281 4331 sentiunt-facilitatem
1307 4253 1545 4326 justitiaz,
1578 4246 1666 4302 alii
1700 4243 1946 4298 laborant
1976 4237 2028 4290 in

1258 4348 1287 4350 η
1493 4342 1503 4350 .
1716 4334 1731 4350 .
1904 4325 2028 4350 mw,

868 4361 997 4418 Nam
1025 4356 1071 4411 si
1098 4367 1201 4408 non
1224 4325 1325 4403 alia
1348 4342 1585 4400 membra
1607 4334 1754 4398 illud,
1783 4330 1885 4386 alia
1904 4325 2032 4382 illud

463 4474 790 4544 paterentur,
821 4471 926 4512 non
956 4451 1159 4507 diceret
1186 4438 1470 4513 Apostolus
1547 4431 1608 4488 Si
1651 4427 1842 4544 patitur
1879 4436 2034 4544 ngam

466 4513 760 4621 ;embrurn,
785 4543 1155 4619 compatiuntur
1174 4534 1343 4589 omnia
1366 4525 1620 4588 membra;
1641 4518 1751 4574 etsi
1776 4513 2036 4588 gloriﬁca-

472 4602 760 4621 ...υ...-.-...,
788 4602 801 4605 -
819 4602 833 4605 -
898 4602 909 4619 ,

472 4665 553 4709 tur
579 4662 736 4704 unum
761 4639 1057 4698 membrum,
1078 4622 1393 4699 congaudent
1419 4615 1587 4672 omnia
1610 4609 1831 4665 membra
1854 4604 1895 4679 (l
1917 4602 2034 4658 Cor.

765 4694 976 4802 reliquae
1006 4694 1259 4779 Ecclesia:
1277 4754 1293 4781 ,
1322 4708 1468 4766 verbi
1497 4702 1700 4807 gratia,
1727 4712 1913 4770 pacem
1942 4694 2039 4747 ha-

476 4794 631 4894 bent;
656 4794 842 4896 aliqua:
867 4794 920 4876 in
951 4811 1284 4872 tribulatione
1305 4811 1464 4859 sunt:
1493 4800 1543 4852 in
1572 4794 1687 4851 istis
1712 4805 1830 4862 qua:
1855 4800 2041 4859 pacem

479 4878 703 4982 habent,
736 4878 798 4970 in
826 4911 1057 4983 Spatiusn
1090 4910 1213 4958 sunt
1240 4896 1437 4971 pedes;
1466 4890 1572 4945 illa:
1594 4900 1711 4957 qua:
1741 4883 1792 4936 in
1822 4878 2043 4935 tribula-

479 5020 621 5073 tione
648 5016 788 5071 sunt,
816 4971 1082 5074 angustias
1119 4995 1387 5067 patiuntur
1412 5005 1425 5042 :
1456 4982 1551 5041 sed
1578 4988 1633 5036 et
1658 4980 1789 5034 istos
1842 4971 2044 5029 contri-

480 5120 584 5163 stat
611 5105 817 5160 illoruin
843 5066 1187 5153 tribui-stimet
1206 5085 1326 5140 illos
1353 5097 1450 5153 pax
1477 5079 1697 5133 istorum
1718 5066 2043 5127 consolatur.

482 5202 570 5255 Sic
596 5206 675 5251 est
703 5193 843 5248 enim
875 5192 1036 5240 u‘num
1059 5194 1273 5249 corpus,
1306 5184 1363 5228 ut
1389 5186 1496 5227 non
1524 5169 1594 5224 sit
1631 5161 1908 5226 discissio;
1941 5172 2046 5212 non

485 5302 660 5347 autem
691 5286 817 5339 facit
841 5275 1203 5334 iliscissionem
1233 5266 1334 5321 nisi
1373 5260 1652 5318 dissensio.
1683 5253 1926 5311 Charitas
1951 5264 2048 5302 au-

490 5397 592 5439 tum
621 5386 927 5446 compagem
970 5365 1112 5425 facit,
1155 5372 1434 5427 compages
1473 5349 1839 5421 eninplcCtitur
1874 5342 2050 5397 unita-

491 5493 623 5542 tem,
652 5433 838 5529 minus
857 5470 1034 5521 servat
1066 5455 1406 5514 charitatem,
1449 5446 1676 5501 charitas
1716 5436 1952 5510 pervenit
1985 5433 2054 5488 ad

555 5632 627 5695 (α)
655 5629 771 5678 Hinc
804 5616 1084 5679 intelligere
1111 5615 1185 5659 est
1227 5604 1429 5667 primum
1465 5599 1628 5667 istum,
1650 5590 1867 5658 duosque
1886 5584 2057 5634 subse-

750 5691 759 5695 -
960 5674 1056 5695 ---ι-ι
1111 5674 1335 5695 mni-ium
1361 5662 1543 5695 unum:
1579 5670 1622 5695 m
1666 5660 1929 5695 peregrino
1953 5645 2057 5695 loco

555 5645 627 5695 (α)
658 5645 771 5678 “luti
805 5645 1084 5679 ιιιιυιιιδυιυ
1111 5645 1185 5659 νυ..
1229 5645 1427 5667 tum-..”
1579 5660 1586 5667 .
1617 5645 1627 5652 ν
1790 5645 1803 5651 -
1852 5650 1861 5658 .

494 5702 706 5759 quentes
748 5691 794 5738 in
818 5695 925 5759 iis;
1577 5670 1624 5705 in
1666 5660 1929 5716 peregrino
1953 5645 2058 5696 loco

737 5727 809 5800 iis
821 5727 1181 5804 't-tippouensem
1205 5727 1476 5805 Fcclesiam.

655 5793 703 5864 tu
719 5793 971 5876 Edim-ibis
996 5807 1238 5855 sermone,
1266 5807 1312 5840 u.
1338 5793 1367 5837 5
1387 5793 1435 5835 et
1458 5795 1596 5845 seqq.

1575 317 1632 375 S.
1677 305 2041 371 AUGUSTINI
2082 296 2382 363 EPlSCOPl

3533 276 3639 333 240

2071 418 2391 474 claritatem.
2434 414 2585 469 Dicat
2610 423 2734 481 ergo
2772 423 2835 463 ex
2865 400 3178 477 quibusdam
3211 394 3502 454 membris:
3536 393 3645 447 Ht-

2068 528 2230 567 serere
2258 510 2388 575 mei,
2448 504 2690 569 Domine,
2734 498 2974 571 quoniam
3014 492 3273 558 ,tribulor;
3325 482 3651 543 conturbatus

2069 612 2140 659 est
2159 604 2211 657 in
2233 603 2311 657 ira
2337 600 2511 655 oculus
2533 612 2693 659 metis,
2715 592 2885 648 anima
2910 605 3019 643 mea
3048 597 3092 641 et
3115 593 3278 639 uenter
3301 597 3463 635 meus.

2139 694 2194 749 2.
2215 692 2512 761 Qumrimus
2550 688 2691 745 unde
2732 686 2801 741 sit
2824 686 2923 740 ista
2954 679 3224 737 tribulatio
3247 719 3263 746 ,
3288 675 3537 748 quoniam
3572 672 3643 727 li-

2069 786 2284 842 beratus
2312 783 2466 854 paulo
2503 788 2629 834 ante
2668 774 2898 848 gaudere
2934 769 3245 835 videbatur,
3273 765 3475 836 iustitia
3508 778 3612 834 qua
3633 790 3660 802 ·-

2070 879 2192 935 dam
2219 875 2389 932 infusa
2409 874 2506 930 sibi
2537 871 2752 941 largiter
2780 867 2922 922 dono
2948 864 3084 928 Dei,
3111 870 3165 916 et
3199 859 3323 915 inde
3361 857 3497 912 facto
3525 868 3655 925 Spa-

2072 974 2150 1027 tio
2178 970 2402 1043 pedibus
2441 966 2551 1022 suis
2580 966 2633 1019 in
2662 960 2939 1018 latitudine
2987 954 3283 1012 eharitatis.
3329 950 3481 1007 Unde
3527 962 3657 1017 ergo

2074 1073 2131 1120 et
2178 1039 2277 1119 ista
2339 1059 2519 1117 existit
2559 1054 2860 1120 tribulatio,
2908 1050 3009 1105 nisi
3075 1050 3209 1103 forte
3268 1061 3333 1101 ex
3374 1044 3465 1099 illo
3513 1039 3654 1113 quod

2080 1156 2337 1213 Dominus
2361 1153 2491 1208 dicit
2516 1168 2529 1205 :
2565 1148 2815 1216 Quoniam
2843 1143 3113 1200 “abundabit
3133 1141 3403 1212 iniquitas,
3438 1135 3656 1207 refrigq

2090 1257 2188 1303 seet
2250 1245 2465 1299 charitas
2505 1240 2779 1294 multorum
2827 1234 3037 1308 (Matth.
3078 1218 3239 1299 xxiv,
3289 1227 3421 1303 12)?
3474 1226 3658 1283 Primo

2078 1342 2220 1397 enim
2271 1333 2639 1393 commendata
2709 1328 2973 1399 paucitate
3029 1331 3353 1389 sanctorum,
3408 1330 3658 1386 tanquam

2080 1432 2257 1489 missis
2302 1428 2540 1491 retibus,
2570 1420 2913 1492 multiplicata
2960 1427 3044 1472 est
3088 1413 3323 1470 Ecclesia
3351 1454 3365 1478 ,
3421 1421 3476 1466 et
3518 1408 3660 1479 capti

2082 1534 2206 1581 sunt
2231 1516 2674 1580 innumerabiles,
2704 1515 2770 1568 de
2811 1511 3001 1583 quibus
3031 1506 3343 1578 praedictum
3388 1511 3524 1558 erat.
3556 1501 3666 1555 An-

2084 1615 2314 1672 nuntiaui
2344 1623 2389 1668 et
2416 1612 2614 1666 locutus
2638 1623 2749 1661 sum
2767 1648 2781 1671 ,
2810 1600 3131 1672 multiplicati
3154 1607 3270 1652 sunt
3304 1612 3456 1666 super
3488 1609 3669 1648 nume-

2083 1724 2198 1763 rum
2243 1703 2413 1776 (Psal.
2437 1715 2626 1765 χχχιι,
2657 1697 2714 1767 6)
2739 1712 2755 1762 ;
2785 1694 2874 1765 qui
2899 1694 3057 1749 etiam
3086 1688 3290 1758 navigia
3327 1692 3663 1756 premerent,

2091 1810 2146 1856 et
2174 1774 2304 1853 retia
2346 1798 2688 1863 rumperent,
2712 1789 2847 1843 sicut
2892 1792 2975 1841 est
3019 1782 3243 1853 positum
3271 1779 3322 1833 in
3370 1778 3455 1834 illa
3497 1774 3670 1847 prima

2090 1888 2378 1963 piscatione
2403 1884 2550 1954 (Luc.
2578 1898 2634 1946 v,
2653 1878 2710 1951 6)
2740 1888 2865 1933 ante
2886 1874 3186 1946 passionem
3215 1868 3446 1925 Domini.
3478 1867 3556 1921 Ex
3580 1864 3670 1918 his

2092 1960 2249 2054 igitur
2287 1973 2717 2034 multitudinibus
2759 1967 3059 2040 exaggerati
3114 1971 3275 2029 sunt,
3330 1960 3524 2032 quibus
3572 1972 3673 2028 per

2092 2071 2292 2135 Pascha
2327 2070 2404 2125 sic
2444 2064 2796 2122 referciuntur
2829 2057 3071 2116 ecclesiae
3091 2096 3107 2122 ,
3133 2063 3194 2110 ut
3229 2051 3408 2107 turbas
3433 2051 3669 2120 ipsorum

2095 2163 2350 2235 parietum
2400 2164 2606 2214 recuset
2632 2151 2896 2223 angustia.
2927 2145 3204 2216 Quomodo
3231 2152 3409 2197 autem
3437 2155 3544 2211 non
3571 2138 3669 2192 tri-

2095 2232 2303 2313 buletur
2340 2254 2441 2308 iste
2463 2250 2528 2305 de
2554 2248 2653 2303 hac
2694 2241 3029 2300 multitudine
3053 2281 3069 2307 ,
3101 2235 3315 2309 quando
3342 2232 3485 2295 videt
3527 2232 3672 2301 ipsos

2098 2349 2318 2418 implere
2346 2343 2555 2398 theatra
2583 2347 2642 2395 et
2679 2334 3068 2406 amphitheatra
3093 2373 3109 2395 ,
3133 2329 3222 2399 qui
3252 2327 3405 2397 paulo
3431 2332 3555 2379 ante
3579 2337 3674 2378 eca-

2098 2416 2286 2494 clesias
2325 2428 2715 2503 impleverunt?
2758 2427 2902 2497 ipsos
2955 2425 3007 2479 in
3049 2419 3329 2492 nequitiis,
3374 2416 3466 2487 qui
3507 2416 3674 2485 paulo

2100 2538 2223 2583 ante
2251 2528 2304 2582 in
2342 2524 2582 2580 laudibus
2619 2518 2754 2575 Dei?
2779 2518 2922 2588 ipsos
2950 2515 3321 2589 blasphemare
3356 2509 3554 2573 Deum,
3584 2505 3676 2576 qui

2101 2604 2526 2689 respondebant,
2555 2614 2722 2667 Amen
2764 2607 2917 2664 Deo?
2941 2607 3288 2666 Permaneat,
3330 2600 3521 2665 duret,
3570 2613 3676 2651 non

2103 2688 2314 2766 deficiat
2337 2707 2495 2762 etiam
2520 2705 2573 2757 in
2613 2698 2948 2756 multitudine
2973 2695 3186 2766 copiosa
3209 2692 3532 2761 iniquorum,
3553 2688 3677 2758 quia

2105 2816 2205 2857 nec
2244 2811 2468 2870 granum
2519 2792 2699 2848 deﬁcit
2738 2790 2792 2844 in
2838 2784 3175 2843 multitudine
3224 2780 3522 2852 palearum,
3573 2791 3681 2853 quo

2107 2867 2274 2963 usque
2293 2897 2412 2961 post
2433 2883 2831 2943 ventilationem
2860 2879 3099 2934 mittatur
3125 2876 3177 2930 in
3204 2875 3455 2928 horreum
3479 2910 3496 2935 ,
3525 2877 3583 2925 et
3608 2867 3682 2923 ibi

2108 2959 2255 3040 sitio
2285 2959 2539 3037 societate
2563 2982 2864 3029 sanctorum
2888 3012 2903 3036 ,
2933 2986 3000 3025 ne
3019 2964 3307 3023 turbulenti
3336 2960 3532 3033 aliquid
3556 2959 3689 3032 pul-

2110 3075 2251 3131 veris
2276 3072 2524 3143 patiatur.
2554 3064 2815 3122 Perduret
2851 3076 2979 3132 ergo
3002 3100 3018 3123 ,
3046 3058 3166 3129 quia
3194 3065 3249 3112 et
3275 3054 3531 3110 Dominus
3557 3065 3685 3105 cum

2112 3168 2349 3231 dixisset,
2382 3160 2633 3231 Quoniam
2660 3154 2930 3211 abundabit
2954 3150 3212 3220 iniquitas,
3247 3147 3534 3218 refrigescet
3558 3143 3690 3197 cha-

2112 3260 2235 3314 ritas
2253 3255 2525 3309 multorum
2547 3267 2567 3317 ;
2591 3265 2660 3305 ne
2698 3244 3047 3319 praenuntiata
3091 3242 3190 3297 ista
3224 3236 3542 3293 abundantia
3581 3232 3694 3288 ini-

2114 3347 2327 3421 quitatis
2356 3345 2593 3400 labarent
2631 3346 2984 3407 nutarentque
3009 3331 3175 3405 pedes
3204 3330 3410 3396 nostri,
3439 3326 3700 3383 continuo

2117 3419 2361 3512 subjecit,
2414 3434 2554 3508 quod
2602 3432 2788 3487 ﬁdeles
2839 3429 3089 3500 erigeret,
3143 3422 3285 3495 quod
3329 3419 3704 3476 consolaretur

2118 3508 2273 3605 atque
2295 3531 2547 3591 ﬁrmaret,
2566 3525 2776 3580 dicens:
2804 3520 2901 3587 Qui
2940 3513 3319 3589 perseveraverit
3352 3526 3507 3583 usque
3538 3509 3592 3562 in
3635 3508 3707 3576 [i-

2120 3642 2253 3687 nem,
2281 3623 2361 3676 hic
2393 3619 2561 3673 salvus
2586 3616 2677 3670 erit
2706 3611 2919 3684 (Matth.
2950 3623 3092 3669 χειν,
3123 3604 3238 3674 15).

2191 3718 2244 3773 5.
2275 3711 2505 3770 Attende
2532 3710 2707 3778 itaque
2733 3706 2915 3770 istum,
2944 3707 3199 3771 quantum
3223 3693 3350 3751 mihi
3378 3691 3607 3753 videtur,
3642 3689 3707 3743 in

2124 3809 2225 3864 hac
2255 3801 2591 3860 tribulatione
2624 3795 2992 3853 constitutum.
3014 3787 3236 3856 Quando
3260 3784 3472 3857 quidem
3498 3779 3715 3853 positus

2125 3902 2177 3957 in
2207 3894 2551 3955 tribulatione
2596 3888 2743 3961 quasi
2776 3886 2958 3941 dolere
2976 3882 3199 3937 deberet
3238 3873 3536 3949 (tribulatio
3559 3871 3715 3927 enim

2129 4084 2312 4149 tione,
2365 4087 2420 4135 et
2469 4078 2543 4131 ait
2595 4092 2607 4128 :
2662 4071 2899 4127 Miserere
2961 4066 3095 4132 mei,

2132 4145 2380 4237 tribulor,
2416 4164 2739 4222 conturbatus
2774 4169 2845 4216 est
2888 4159 2942 4212 in
2982 4156 3062 4210 ira
3105 4154 3277 4208 oculus
3316 4165 3475 4203 meus.
3502 4147 3560 4201 Si
3611 4145 3723 4200 tri-

2131 4265 2364 4328 bularis,
2404 4275 2567 4332 quare
2612 4254 2895 4311 irasceris?
2929 4248 3176 4306 Irascitur
3222 4245 3321 4299 iste
3361 4241 3549 4298 alienis
3583 4252 3725 4309 pec-

2135 4356 2286 4412 catis.
2316 4330 2444 4420 Quis
2466 4365 2573 4405 non
2594 4348 2872 4408 irascatur,
2902 4339 3090 4396 videns
3120 4335 3363 4391 homines
3395 4330 3725 4388 conﬁtentes

2138 4463 2232 4504 ore
2271 4447 2468 4507 Deum,
2500 4447 2753 4511 negantes
2787 4430 3056 4490 moribus?
3094 4428 3222 4498 Quis
3273 4441 3380 4482 non
3434 4425 3726 4489 irascatur,

2138 4540 2325 4595 videns
2364 4534 2608 4591 homines
2648 4528 2842 4585 sacculo
2865 4522 3042 4581 verbis
3070 4563 3085 4588 ,
3111 4528 3166 4575 et
3189 4533 3295 4575 non
3337 4515 3491 4571 factis
3516 4527 3732 4568 renun-

2144 4632 2369 4690 tiantes?
2389 4628 2518 4696 Quis
2546 4635 2627 4682 est
2646 4623 2734 4695 qui
2758 4636 2862 4676 non
2891 4619 3149 4674 irascatur
3165 4653 3183 4681 ,
3207 4610 3396 4667 videns
3421 4608 3608 4663 fratres
3629 4607 3733 4659 in-

2143 4726 2398 4781 sidianlcs
2426 4717 2677 4774 fratribus
2701 4756 2715 4781 ,
2750 4711 2906 4769 ﬁdem
2933 4723 3039 4763 non
3067 4712 3342 4760 servantes
3370 4698 3552 4755 osculo
3576 4696 3737 4767 quod

2146 4816 2372 4886 inﬁgunt
2400 4811 2453 4865 in
2480 4810 2497 4840 ¹
2525 4802 2875 4863 sacramentis
2897 4799 3035 4855 Dei?
3064 4797 3128 4851 Et
3153 4795 3272 4865 quis
3301 4797 3577 4849 enumeret
3606 4802 3739 4841 om-

2150 4878 2267 4973 nia,
2291 4903 2480 4976 quibus
2505 4898 2750 4956 irascitur
2777 4907 2970 4964 corpus
2993 4887 3224 4954 Christi,
3247 4882 3387 4957 quod
3422 4881 3564 4937 intus
3589 4878 3742 4934 vivit

2149 4971 2251 5058 del
2277 4971 2462 5067 spiritu
2486 4985 2857 5058 Christi,quod
2883 4983 3044 5054 gemit
3066 4990 3312 5048 tanquam
3340 4986 3557 5046 granum
3585 4971 3742 5025 inter

2151 5061 2369 5163 paleas?
2400 5086 2492 5140 Vix
2529 5082 2669 5140 enim
2699 5082 2957 5148 apparent
2979 5073 3064 5129 isti
3101 5074 3190 5142 qui
3237 5067 3316 5122 sic
3352 5068 3598 5135 gemunt,
3630 5061 3737 5129 qui

2153 5185 2229 5239 sic
2256 5182 2586 5237 irascuntur:
2618 5167 2883 5243 quomodo
2912 5166 2996 5220 vix
3024 5168 3278 5233 apparent
3302 5169 3486 5228 grana,
3509 5151 3743 5224 quando

2156 5290 2278 5332 area
2304 5275 2596 5327 trituretur.
2624 5263 2724 5332 Qui
2750 5260 2921 5316 nescit
2944 5265 3154 5329 quanta!
3183 5252 3342 5322 spica:
3368 5248 3544 5303 missre
3567 5253 3704 5299 sunt
3720 5284 3740 5311 ,

2157 5377 2308 5443 putat
2335 5373 2500 5420 totum
2526 5358 2731 5431 paleam
2757 5368 2873 5409 esse
2897 5370 2911 5407 :
2933 5361 2987 5406 et
3008 5364 3074 5405 ex
3097 5347 3198 5401 hoc
3217 5341 3356 5415 quod
3388 5347 3555 5395 totum
3578 5335 3743 5406 palea

2162 5429 2371 5533 putatur
2394 5498 2409 5524 ,
2441 5429 2564 5508 inde
2597 5462 2786 5519 magna
2833 5457 3007 5500 massa
3041 5437 3368 5512 purgabitur.
3410 5432 3466 5488 1n
3495 5429 3580 5485 his
3599 5444 3742 5500 ergo

2228 5640 2243 5670 ι
2264 5637 2339 5703 sic
2357 5638 2431 5703 lar.
2458 5635 2509 5680 et
2531 5621 2889 5692 quatuordecim
2912 5625 3017 5667 Mss.
3040 5623 3093 5664 At
3114 5616 3163 5665 in
3184 5619 3292 5664 Lov.
3315 5606 3421 5660 cod.
3440 5606 3615 5658 omissa
3631 5615 3751 5667 par»

2164 5698 2325 5754 ticula,
2349 5698 2415 5744 in.

2232 5740 2424 5808 iﬁlli
2443 5760 2572 5813 Lov.,
2594 5749 2662 5801 in.
2688 5746 2873 5809 Aliquot
2890 5748 3017 5803 Mss,
3040 5740 3117 5788 de.
