3988 6188
293 348 391 402 2H

290 475 400 514 non
427 459 801 530 apparentibus
845 466 899 515 et
939 457 1265 529 gementibus
1313 457 1592 522 irascitur,
1623 457 1708 526 qui
1738 455 1866 511 dicit

287 551 398 605 alio
429 551 543 605 loco
570 568 582 602 :
615 549 769 605 Zelus
790 551 966 605 domus
995 561 1094 604 tua:
1120 549 1332 603 comedit
1364 567 1440 603 me
1471 548 1641 620 (Psal.
1676 565 1860 614 vam,

290 639 405 712 10).
437 640 574 696 Dicit
602 651 657 695 et
687 641 812 695 alibi
852 640 1059 711 quando
1087 641 1297 711 quidem
1327 641 1468 696 videt
1505 641 1697 696 multos
1729 641 1863 694 mala

288 731 578 794 facientes,
610 730 841 786 deium
883 732 1091 785 detinuit
1131 749 1208 785 me
1248 746 1279 784 α
1318 733 1661 801 peccatoribus
1708 733 1863 785 relin-

286 823 549 890 quentibus
577 824 734 894 legem
764 833 899 876 tuam
945 821 1117 893 (Psal.
1149 838 1307 878 cxvm
1330 866 1343 890 ,
1382 822 1496 892 55).
1528 823 1661 877 Dicit
1681 832 1733 878 et
1760 823 1864 876 alio

284 917 428 984 loco,
466 915 581 970 Vidi
603 918 894 982 insensatos,
920 925 967 970 et
993 917 1297 970 tabescebam
1329 915 1510 986 (Ibid.,
1539 915 1682 985 158).

359 1009 415 1063 4.
443 1007 569 1063 Ilaec
597 1017 770 1063 autem
803 1010 899 1074 ira,
925 1009 1264 1063 metuendum
1291 1016 1393 1075 est,
1419 1022 1483 1063 ne
1514 1017 1657 1062 tanta
1683 1007 1780 1071 sit,
1809 1014 1868 1060 ut

285 1099 343 1154 in
393 1098 574 1154 odium
622 1109 873 1154 vertatur.
924 1099 1003 1154 Ira
1053 1100 1192 1154 enim
1242 1099 1471 1153 nondum
1525 1108 1608 1153 est
1643 1098 1859 1153 odium:

285 1203 410 1244 nam
434 1189 680 1245 irasceris
707 1189 834 1256 ﬁlio,
862 1205 966 1244 non
991 1189 1146 1245 odisti
1180 1190 1342 1243 lilium
1368 1205 1382 1252 ;
1407 1190 1454 1244 ci
1481 1203 1666 1244 servas
1694 1188 1864 1242 luere-

283 1279 527 1342 ditatem,
551 1280 642 1349 qui
664 1289 715 1334 te
740 1281 899 1334 sentit
930 1281 1155 1344 iratum;
1183 1287 1235 1334 et
1264 1279 1328 1333 ad
1359 1279 1457 1334 hoc
1480 1279 1720 1335 irasceris
1743 1319 1756 1342 ,
1791 1292 1861 1332 ne

287 1371 471 1440 perdat
497 1371 639 1442 quod
665 1373 978 1439 servaveris,
1003 1373 1139 1427 male
1159 1374 1340 1426 vivens
1362 1375 1378 1403 ¹
1408 1372 1643 1426 moribus
1666 1371 1858 1442 pravis.

287 1463 426 1533 Ergo
474 1465 552 1518 ira
593 1463 825 1517 nondum
865 1473 947 1518 est
983 1463 1161 1517 odium
1195 1463 1463 1517 :nondum
1507 1463 1716 1516 odimus
1767 1475 1860 1514 eos

280 1555 472 1624 quibus
514 1555 819 1620 irascimur;
865 1554 957 1610 sed
998 1555 1096 1608 ista
1143 1555 1219 1608 ira
1261 1557 1306 1607 si
1345 1554 1627 1618 manserit,
1657 1561 1709 1606 et
1753 1567 1856 1614 non

281 1649 392 1703 cito
420 1648 602 1702 evulsa
629 1647 785 1702 fuerit
804 1688 818 1712 ,
847 1646 1038 1702 crescit
1058 1656 1112 1702 et
1135 1646 1190 1700 lit
1217 1646 1414 1700 odium.
1448 1645 1570 1700 Ideo
1597 1654 1654 1698 ut
1674 1659 1857 1698 recens

285 1739 357 1792 ira
386 1738 664 1802 avellatur,
681 1747 733 1793 et
752 1739 802 1792 in
829 1737 1007 1792 odium
1031 1752 1136 1791 non
1152 1743 1509 1800 convertatur,
1533 1735 1631 1789 hoc
1655 1749 1748 1786 nos
1763 1732 1858 1786 do-

282 1837 364 1884 cet
383 1829 680 1898 Scriptura,
705 1829 888 1884 dicens
913 1848 923 1881 :
947 1828 1067 1882 Non
1079 1827 1272 1882 occidat
1287 1827 1363 1881 sol
1377 1843 1526 1896 super
1544 1825 1856 1879 iracundiam

281 1934 493 1977 vestram
542 1921 757 1993 (Ephes.
802 1938 893 1983 tv,
924 1921 1034 1989 ‘26).
1089 1921 1298 1975 lnvenis
1349 1927 1524 1974 autem
1577 1917 1856 1988 aliquando

282 2014 496 2069 fratrem
521 2014 699 2068 odium
733 2014 1034 2072 habentem,
1057 2022 1109 2065 et
1130 2010 1469 2080 reprehendit
1497 2011 1811 2064 irascentem
1839 2028 1851 2062 :

283 2108 333 2162 in
364 2108 459 2163 illo
490 2118 571 2162 est
591 2106 769 2160 odium
793 2148 806 2169 ,
839 2106 964 2159 etin
992 2105 1097 2157 alio
1138 2103 1316 2172 culpat
1360 2104 1525 2166 iram;
1558 2102 1671 2172 ipse
1700 2101 1857 2155 habet

281 2199 482 2253 trabem
505 2198 556 2252 in
578 2197 731 2252 oculo
751 2211 869 2262 suo,
893 2206 946 2250 et
975 2193 1316 2265 reprehendit
1341 2194 1593 2248 festucam
1625 2192 1675 2246 in
1703 2192 1856 2246 oculo

278 2287 458 2344 fratris
491 2287 571 2342 sui
602 2286 814 2358 (Matth.
844 2302 937 2351 vn,
970 2286 1044 2354 ὅ).
1078 2283 1182 2340 Sed
1232 2283 1428 2337 festuca
1463 2283 1559 2337 ista
1587 2291 1639 2337 et
1663 2297 1851 2336 surcu—

277 2381 385 2446 lus,
418 2380 519 2435 nisi
555 2380 662 2434 cito
705 2379 960 2434 evellatur
984 2420 997 2440 ,
1033 2377 1207 2431 trabes
1246 2375 1420 2430 futura
1451 2383 1551 2430 est.
1583 2373 1696 2429 Non
1727 2385 1856 2443 ergo

277 2472 372 2540 ait,
405 2471 715 2527 Exstinetus
753 2480 835 2525 est
864 2470 1050 2523 oculus
1079 2483 1228 2523 meus
1258 2483 1368 2538 pra:
1399 2467 1510 2531 ira;
1538 2465 1631 2521 sed
1679 2465 1853 2519 turba-

279 2575 401 2620 tus:
429 2580 550 2619 nam
577 2565 620 2618 si
641 2564 1015 2633 exstinguitur,
1042 2564 1150 2632 jam
1179 2561 1356 2616 odium
1385 2570 1486 2626 est,
1519 2576 1625 2615 non
1657 2561 1751 2614 ira.
1788 2560 1856 2614 Et

277 2655 400 2711 vide
442 2655 565 2726 quia
605 2655 895 2710 exstinctus
934 2662 1035 2708 est.
1067 2653 1199 2707 lline
1231 2653 1302 2705 ait
1331 2651 1559 2706 Joannes
1590 2669 1602 2704 :
1633 2650 1729 2716 Qui
1751 2650 1856 2704 odit

279 2747 489 2817 fratrem
524 2762 671 2800 suum
693 2787 707 2811 ,
737 2746 790 2798 in
817 2745 1028 2798 tenebris
1055 2751 1126 2797 est
1157 2759 1314 2813 usque
1340 2742 1504 2794 adhuc
1529 2741 1574 2810 (Ι
1599 2741 1752 2794 Joan.
1783 2757 1818 2794 ιι
1836 2782 1852 2806 ,

279 2838 388 2906 il).
420 2839 719 2906 Antequam
758 2851 885 2905 ergo
923 2842 1074 2889 eatur
1104 2835 1154 2887 in
1199 2833 1479 2896 tenebras,
1509 2831 1854 2884 conturbatur

279 2929 465 2984 oculus
495 2929 548 2981 in
583 2928 657 2980 ira
691 2946 703 2982 :
734 2926 827 2980 sed
865 2925 1158 2979 cavendum
1196 2932 1313 2989 est,
1342 2937 1408 2976 ne
1439 2922 1512 2975 ira
1542 2929 1774 2975 vertatur
1799 2919 1855 2973 in

279 3021 454 3074 odium
481 3061 497 3085 ,
545 3029 600 3074 et
646 3019 832 3074 oculus
875 3018 1238 3086 exstinguatur
1265 3017 1306 3068 ’.
1355 3014 1459 3068 lste
1509 3028 1636 3083 ergo
1683 3012 1850 3067 dicit:

283 3111 532 3167 Turbatus
556 3121 630 3166 est
655 3127 762 3181 pra:
787 3112 863 3163 ira
887 3111 1060 3164 oculus
1087 3125 1222 3162 meus
1243 3151 1256 3173 ,
1286 3107 1457 3161 anima
1482 3122 1592 3160 mea
1621 3114 1667 3158 et
1688 3114 1856 3159 venter

280 3219 462 3268 usus;
491 3205 594 3258 hoc
619 3210 730 3268 est,
763 3201 965 3256 turbata
999 3208 1122 3254 sunt
1150 3199 1398 3254 interiora
1430 3213 1568 3252 mea.
1600 3197 1851 3252 Ventrem

278 3311 374 3365 pro
410 3294 753 3349 interioribus
815 3293 1008 3362 posuit.
1059 3290 1355 3361 Aliquando
1388 3290 1528 3344 enim
1571 3289 1764 3359 iniquis
1803 3297 1857 3345 et

279 3387 545 3455 perversis
605 3394 660 3440 et
699 3399 728 3438 a
772 3385 888 3454 lege
929 3383 1262 3438 deviantibus
1301 3393 1352 3436 et
1395 3383 1533 3436 male
1558 3382 1855 3436 vivn'ntihus

283 3478 439 3534 irasci
471 3478 621 3544 licet,
648 3478 880 3532 clamare
905 3491 1008 3530 non
1032 3476 1172 3530 licet.
1201 3474 1332 3530 Cum
1366 3475 1640 3529 irascimur
1664 3483 1719 3529 et
1742 3475 1854 3529 cla-

287 3585 431 3626 mare
453 3586 560 3624 non
577 3584 886 3640 possumus,
905 3569 1155 3624 interiora
1174 3576 1352 3624 nostra
1372 3567 1667 3622 turbantur.
1687 3568 1853 3623 Tanta

287 3671 367 3715 est
388 3661 532 3717 enim
560 3660 846 3730 aliquando
870 3660 1220 3730 perversitas,
1249 3668 1306 3714 ut
1332 3674 1430 3713 nec
1448 3659 1641 3728 corripi
1666 3660 1850 3728 possit.

345 3751 399 3808 5.
444 3751 596 3825 [υσε.
629 3749 740 3824 IL]
771 3751 1018 3818 Quoniam
1047 3751 1224 3822 defecit
1246 3751 1299 3803 in
1329 3749 1502 3804 dolore
1527 3750 1626 3803 vita
1653 3767 1782 3817 mea,
1807 3758 1855 3804 et

278 3843 396 3898 anni
433 3844 532 3898 mei
573 3843 627 3897 in
668 3845 947 3914 gemitibus.
974 3842 1163 3910 Deiecit
1186 3881 1201 3907 ,
1228 3841 1428 3910 inquit,
1458 3841 1511 3894 in
1550 3841 1723 3894 dolore
1755 3841 1855 3895 rita

279 3952 408 3989 mea.
443 3935 577 3990 Dicit
621 3934 907 4004 Apostolus
937 3952 948 3986 :
984 3932 1137 3986 Nunc
1173 3933 1410 3996 vivimus,
1438 3932 1482 3984 si
1508 3947 1593 3984 vos
1632 3934 1777 3985 statis
1802 3931 1854 3984 in

281 4028 552 4099 Dominoﬂ
584 4027 757 4082 Thess.
788 4044 865 4094 ut,
894 4025 973 4097 8).
1013 4025 1344 4093 Quicumque
1389 4023 1610 4092 perfecti
1636 4031 1758 4077 sunt
1787 4037 1853 4076 ex

279 4119 570 4191 Evangelio
596 4127 651 4174 et
675 4119 838 4188 gratia
873 4118 962 4171 Dei
987 4158 999 4177 .
1029 4131 1133 4170 non
1164 4115 1249 4168 hic
1279 4114 1460 4167 vivunt
1496 4113 1597 4167 nisi
1640 4122 1854 4182 propter

275 4212 443 4275 alios;
468 4225 592 4265 nam
628 4211 735 4264 vita
767 4224 951 4263 eorum
981 4208 1032 4262 in
1083 4209 1183 4260 hoc
1223 4205 1419 4260 sarculo
1441 4247 1456 4271 ,
1483 4205 1560 4259 eis
1605 4204 1713 4274 jam
1745 4219 1852 4258 non

273 4313 358 4359 est
385 4301 710 4359 necessaria.
758 4300 861 4356 Sed
888 4300 1008 4370 quia
1047 4297 1371 4369 dispensatio
1404 4311 1588 4351 eorum
1614 4294 1730 4349 aliis
1761 4310 1854 4348 ne-

275 4394 513 4449 cessaria
560 4400 680 4456 est,
714 4391 768 4445 lit
817 4392 870 4444 in
916 4390 993 4444 eis
1038 4387 1181 4457 quod
1219 4389 1292 4441 ait
1341 4387 1478 4442 idem
1525 4385 1850 4455 Apostolus:

275 4483 745 4553 Concupiscenliam
791 4482 976 4534 habens
1015 4479 1220 4533 dissolvi
1239 4520 1252 4541 ,
1277 4487 1321 4531 et
1341 4495 1445 4532 esse
1477 4494 1592 4530 cum
1619 4476 1852 4541 Christo;

276 4577 438 4630 multo
476 4576 611 4629 enim
651 4573 810 4643 magis
856 4573 1140 4641 Optimum:
1167 4584 1368 4622 manere
1403 4578 1568 4621 autem
1609 4569 1661 4620 in
1705 4582 1855 4620 carne

275 4669 608 4722 necessarium
649 4676 850 4737 prapter
877 4681 962 4718 vos
991 4662 1247 4734 (Philipp.
1282 4678 1297 4716 l
1325 4702 1339 4726 ,
1367 4661 1457 4726 23,
1486 4660 1599 4731 9.1).
1630 4659 1854 4727 Quando

276 4771 450 4813 autem
482 4758 626 4811 videt
657 4758 814 4810 homo
842 4771 905 4811 ex
928 4753 1323 4824 dispensatione
1347 4767 1462 4814 sua,
1493 4768 1556 4804 ex
1586 4750 1854 4804 lahorihus

275 4853 420 4911 suis,
452 4865 516 4904 cx
569 4849 944 4918 prmdicatione
983 4860 1078 4900 sua
1102 4887 1116 4910 ,
1145 4859 1247 4898 non
1292 4847 1548 4912 prolicere
1591 4842 1850 4906 homines,

276 4939 646 4993 iulirmaturin
683 4946 915 5008 egestate
952 4937 1054 4990 vita
1087 4934 1335 4989 hominis.
1363 4932 1500 4987 Vere
1536 4931 1854 4986 miserabilis

273 5041 484 5100 egestas
520 5041 574 5085 et
624 5029 788 5084 fames
818 5048 830 5082 ε
873 5026 1294 5098 quandoquidem
1332 5039 1425 5079 eos
1461 5038 1594 5093 quos
1630 5023 1854 5077 Domino

275 5124 568 5187 lucramur,
596 5119 993 5190 quodammodo
1023 5117 1306 5172 manducat
1326 5115 1580 5170 Ecclesia.
1611 5113 1745 5181 Quid
1772 5122 1854 5168 est

340 5261 355 5289 ι
387 5263 431 5303 In
456 5255 678 5305 omnibus
697 5259 825 5311 Mss,
849 5251 1067 5301 evadens.

337 5320 359 5349 ²
385 5317 494 5365 ωδ.
529 5324 603 5364 Er.
643 5323 694 5363 et
731 5309 841 5364 Lov.
877 5321 983 5374 post
1005 5309 1488 5374 exstingttatttr,_h;ec
1509 5309 1849 5374 interponunt:

274 5389 376 5431 Hoc
397 5386 556 5428 autem
577 5369 922 5427 animadvertat
957 5369 1275 5437 unusquisque
1297 5371 1381 5437 qui
1410 5370 1459 5420 iu
1483 5383 1616 5432 pace,
1647 5369 1733 5437 hoc
1763 5377 1847 5437 est,

275 5443 356 5502 qui
375 5441 421 5490 in
445 5439 649 5502 (luisto,
673 5438 754 5501 qui
778 5448 943 5500 pacem
959 5433 1046 5484 Dei
1063 5433 1420 5502 commendatit,
1441 5438 1628 5502 vocatus
1642 5436 1725 5502 est,
1745 5438 1787 5478 et
1804 5433 1855 5500 in

277 5491 416 5561 cujus
437 5491 882 5550 nutivitale'sunmia
899 5509 998 5560 part:
1019 5509 1106 5561 per
1132 5495 1357 5558 angelum
1379 5492 1594 5561 nuntiata
1608 5499 1679 5561 est
1701 5491 1852 5540 homi-

275 5555 414 5616 nibus
443 5564 521 5614 :si
546 5575 632 5626 pro
654 5562 816 5626 aliqua
841 5555 987 5622 parva
1008 5555 1080 5607 t'el
1113 5555 1285 5618 magna
1312 5569 1455 5626 causa
1554 5555 1716 5626 odium
1740 5566 1850 5626 pro-

278 5614 482 5689 ruperil,
506 5614 979 5689 nullants'orieialtfm
1013 5632 1121 5669 cum
1154 5614 1304 5689 pace,‘
1324 5618 1410 5689 hoc
1435 5624 1504 5668 est
1536 5614 1748 5689 Fltristo,
1761 5614 1851 5689 ha-

274 5679 386 5739 bere
404 5679 612 5752 poterit,
648 5683 742 5752 nisi
771 5696 878 5752 per_
897 5681 1092 5752 dignam
1133 5679 1505 5752 entendmimiem
1523 5679 1849 5752 ⁸ῃίλθηίιινηιιτιν.

273 5743 496 5808 sequitur
539 5743 654 5810 ergo
685 5743 790 5803 iste,
833 5749 879 5795 et
917 5743 1072 5810 (licita
1100 5743 1346 5810 Τιινιιαιηδ2
1391 5750 1485 5791 etc.
1514 5743 1638 5810 _t_Iinc
1675 5753 1762 5788 nos
1794 5752 1851 5789 ea

277 5802 425 5864 veina
453 5802 790 5874 exjau'igituus,
815 5806 939 5872 quod
974 5805 1126 5856 absint
1151 5817 1176 5853 a
1203 5805 1376 5854 nostris
1399 5804 1620 5853 omnibus
1645 5810 1748 5851 Mss.

1389 341 1776 400 ENARRATIO
1815 343 1879 400 IN
1919 345 2237 402 PSALMUM
2278 346 2443 402 XXX.

3415 355 3531 410 2i?

1978 458 2299 513 manducat?
2328 459 2381 513 lu
2421 475 2610 530 corpus
2647 476 2796 517 suum
2846 465 3072 536 trajicit:
3105 467 3352 538 quidquid
3402 470 3546 523 enim

1976 550 2372 615 manducamus,
2426 552 2476 604 in
2521 567 2711 623 corpus
2769 566 3005 611 nostrum
3068 557 3380 626 trajiciinus.
3433 559 3543 616 lloc

1973 640 2079 709 agit
2103 641 2338 695 Ecclesia
2361 657 2456 712 per
2485 653 2696 698 sanctos
2727 663 2740 698 :
2767 647 2928 700 esurit
2952 663 3084 718 quos
3109 648 3302 703 lucrari
3333 650 3464 713 vult,
3493 661 3545 704 ct

1973 740 2106 800 quos
2134 731 2332 787 lucrata
2369 734 2526 788 fuerit
2566 735 2744 806 aliquo
2772 737 2950 805 modo,
2979 739 3259 796 manducat
3284 741 3544 813 quodam-

1973 821 2152 876 modo.
2181 823 2341 891 Cujus
2368 839 2646 893 personam
2675 827 2888 896 gerebat
2913 829 3102 884 Petrus
3123 871 3136 896 ,
3156 831 3374 902 quando
3404 833 3451 885 ei
3478 831 3544 885 de

1973 913 2109 966 coelo
2134 913 2426 968 submissus
2455 924 2536 969 est
2575 915 2752 971 discus
2792 919 2978 988 plenus
3023 921 3268 975 omnibus
3297 923 3541 976 animali-

1973 1003 2070 1057 bus
2095 1002 2520 1074 quadrupedibus
2542 1046 2558 1072 ,
2588 1009 2919 1076 serpentibus
2939 1051 2951 1073 ,
2979 1018 3032 1064 et
3061 1010 3358 1066 volatilibus
3382 1029 3395 1066 :
3429 1014 3545 1082 qui-

1972 1093 2069 1149 bus
2095 1096 2379 1164 generibus
2407 1111 2591 1152 omnes
2617 1107 2799 1167 gentes
2817 1099 3200 1169 significantur.
3225 1101 3542 1172 Praeftgura-

1971 1186 2058 1240 bat
2111 1186 2363 1241 Dominus
2411 1188 2733 1254 Ecclesiam,
2771 1191 2912 1261 quod
2961 1207 3150 1248 omnes
3191 1205 3373 1264 gentes
3430 1205 3544 1250 erat

1971 1285 2364 1332 transvoratura
2389 1319 2404 1344 ,
2432 1289 2486 1334 et
2510 1280 2562 1334 in
2591 1295 2784 1350 corpus
2813 1298 2967 1336 suum
3014 1298 3374 1352 conversura;
3399 1296 3451 1341 et
3471 1291 3543 1346 ait

1968 1365 2130 1420 Petro
2153 1409 2168 1432 ,
2201 1367 2373 1421 Macta
2396 1410 2412 1435 ,
2441 1379 2486 1424 et
2515 1371 2761 1425 manduca
2793 1371 2927 1444 (Act.
2963 1390 2994 1427 x
3018 1417 3034 1441 ,
3063 1374 3172 1446 1⁸5).
3197 1375 3240 1430 Ο
3267 1375 3502 1432 Ecclesia
3524 1419 3540 1444 ,

1972 1455 2096 1526 (hoc
2116 1466 2196 1512 est
2212 1458 2386 1526 Pctre,
2411 1453 2530 1530 quia
2556 1478 2717 1532 super
2744 1463 2878 1518 hanc
2907 1476 3111 1535 petram
3138 1466 3408 1523 aedificabo
3433 1469 3538 1524 Ec-

1966 1549 2179 1602 clesiam
2203 1565 2371 1605 meam
2403 1551 2609 1622 [M’atth.
2640 1570 2748 1618 xvr,
2775 1554 2910 1627 18]),
2943 1568 3125 1627 macta,
3151 1569 3194 1613 et
3229 1561 3478 1614 manduca
3502 1577 3521 1615 :

1968 1639 2112 1707 prius
2148 1649 2314 1694 macta
2336 1681 2351 1706 ,
2383 1651 2437 1695 et
2479 1643 2556 1698 sic
2595 1644 2880 1713 manduca;
2919 1648 3101 1702 occide
3130 1649 3269 1718 quod
3297 1659 3455 1716 sunt,
3486 1659 3542 1706 et

1967 1729 2048 1784 fac
2083 1731 2221 1800 quod
2261 1748 2338 1787 es.
2383 1734 2514 1788 Cum
2555 1751 2686 1806 ergo
2723 1738 3040 1806 praedicatur
3080 1740 3454 1812 Evangelium,
3482 1752 3539 1799 et

1965 1822 2108 1876 videt
2143 1824 2232 1893 qui
2264 1825 2514 1894 praedicat
2540 1841 2642 1880 non
2678 1829 2940 1896 proﬁcere
2962 1830 3219 1897 homines,
3244 1849 3406 1903 quare
3430 1849 3535 1891 non

1964 1913 2192 1968 clamet:
2239 1916 2487 1981 Quoniam
2526 1919 2708 1989 defecit
2729 1921 2780 1973 in
2809 1921 2982 1975 dolore
3025 1925 3125 1976 vita
3149 1914 3255 1976 mea
3279 1966 3292 1990 ,
3322 1936 3368 1978 et
3415 1929 3538 1980 anni

1965 2005 2061 2059 mei
2078 2006 2130 2057 in
2149 2006 2424 2076 gemitibus.
2476 2007 2776 2078 Inﬁrmatus
2803 2021 2872 2064 est
2898 2013 2950 2066 in
2975 2024 3185 2084 egestate
3211 2017 3348 2085 vigor
3371 2033 3530 2081 meus,

1965 2108 2010 2152 et
2044 2116 2157 2154 ossa
2191 2118 2298 2155 mea
2337 2104 2632 2156 conturbata
2670 2107 2831 2159 sunt?
2871 2107 3006 2160 Auni
3054 2109 3217 2162 nostri
3249 2110 3372 2174 isti,
3403 2126 3535 2179 quos

1966 2191 2051 2245 hic
2080 2193 2341 2259 ducimus,
2375 2195 2424 2248 in
2458 2196 2736 2264 gemitibus
2763 2205 2905 2250 sunt.
2930 2196 3268 2266 Unde?Quia
3298 2200 3534 2253 abunda-

1963 2283 2038 2336 vit
2068 2283 2335 2354 iniquitas,
2365 2284 2660 2356 refrigescit
2691 2287 2923 2342 eliaritas
2954 2290 3261 2342 multorum.
3291 2291 3344 2344 lu
3374 2291 3535 2361 gemi-

1964 2375 2102 2429 tibus
2122 2416 2136 2440 ,
2166 2391 2270 2429 non
2303 2376 2354 2429 in
2396 2377 2552 2431 claris
2582 2377 2799 2432 vocibus
2833 2397 2844 2432 :
2875 2379 3083 2448 quando
3126 2379 3265 2434 videt
3297 2380 3534 2435 Ecclesia

1965 2466 2158 2520 multos
2189 2467 2239 2519 in
2269 2482 2576 2537 perversum
2616 2469 2712 2533 ire,
2743 2470 2972 2539 gemitus
3001 2486 3126 2523 suos
3154 2471 3372 2524 devorat
3396 2472 3534 2540 apud

1965 2570 2041 2621 se,
2077 2566 2134 2610 ut
2155 2555 2294 2611 dicat
2317 2559 2452 2622 Deo,
2485 2558 2709 2613 Gemitus
2748 2577 2888 2613 meus
2919 2578 3016 2612 non
3057 2571 3127 2613 est
3161 2561 3482 2614 absconditus
3505 2579 3535 2614 α

1963 2656 2010 2699 te
2055 2645 2230 2716 (Psal.
2264 2664 2488 2714 'xxxvu,
2536 2649 2625 2718 10)
2657 2666 2670 2702 :
2701 2650 2750 2702 in
2799 2650 2904 2703 alio
2948 2651 3151 2719 psalmo
3197 2650 3408 2717 dicitur,
3443 2654 3535 2707 sed

1961 2741 2202 2809 congruit
2254 2740 2404 2806 huic;
2451 2750 2504 2794 et
2544 2739 2642 2794 hoc
2667 2741 3031 2807 cst‘diccrc,
3077 2741 3316 2796 Gemitus
3364 2757 3513 2796 mens

1962 2831 2059 2885 etsi
2101 2831 2440 2886 absconditus
2479 2839 2560 2886 est
2588 2832 2654 2886 ah
2680 2833 3041 2898 hominihus,a
3075 2841 3125 2888 te
3155 2850 3257 2888 non
3302 2843 3383 2888 est
3408 2836 3504 2888 ahs

1961 2921 2224 2977 conditus.
2276 2921 2572 2991 Inﬁrmalus
2614 2931 2684 2976 est
2753 2923 2804 2975 in
2855 2931 3068 2992 egestate
3103 2925 3240 2993 vigor
3277 2939 3450 2989 meus,
3491 2935 3537 2978 et

1961 3029 2076 3068 ossa
2101 3020 2212 3068 utea
2232 3015 2526 3068 conturbata
2555 3023 2670 3067 sunt
2694 3030 2712 3068 :
2735 3013 2801 3069 de
2830 3015 2926 3069 hac
2955 3023 3190 3086 egestate
3212 3027 3370 3086 supra
3401 3015 3536 3070 dixi-

1963 3122 2120 3161 mus:
2164 3122 2284 3161 ossa
2332 3122 2458 3160 vero
2499 3106 2660 3161 fortes
2709 3107 3069 3177 intelliguntur
3115 3109 3399 3173 Ecclesia),
3447 3109 3538 3178 qui

1963 3199 2120 3254 etiam
2147 3199 2191 3252 si
2213 3214 2316 3254 non
2339 3199 2720 3253 conturbantur
2738 3201 3193 3270 perseeutionibus
3217 3203 3536 3266 alienorum,

1963 3291 2345 3346 conturbantur
2371 3300 2543 3346 tamen
2575 3291 2944 3362 iniquitatibus
2965 3293 3206 3348 fratrum.

2034 3381 2086 3436 6.
2133 3379 2282 3453 [vers.
2325 3380 2447 3454 12.]
2493 3383 2660 3452 Super
2701 3400 2870 3437 omnes
2913 3385 3139 3437 inimicos
3185 3401 3317 3438 meos
3365 3389 3530 3454 factus

1961 3488 2071 3526 sum
2097 3473 2440 3542 opprobrium,
2474 3483 2519 3525 et
2545 3473 2720 3525 vicinis
2749 3474 2870 3528 meis
2905 3476 3135 3537 nimium,
3165 3485 3211 3528 et
3238 3475 3386 3527 timor
3411 3476 3539 3528 notis

1961 3563 2104 3615 nteis.
2152 3562 2321 3631 Super
2349 3579 2519 3616 omnes
2547 3563 2774 3617 inimicos
2818 3581 2952 3618 meos
2994 3567 3156 3634 factus
3199 3581 3308 3618 sum
3349 3581 3535 3634 oppro-

1962 3651 2166 3706 brium:
2194 3652 2282 3722 qui
2323 3661 2447 3705 sunt
2494 3651 2690 3706 inimici
2735 3653 3029 3707 Ecclesia?
3071 3652 3286 3720 Pagani,
3329 3652 3538 3706 Judaei?

1961 3745 2216 3801 Omnibus
2261 3745 2412 3815 pejus
2453 3747 2636 3800 vivunt
2697 3748 2819 3801 mali
2866 3747 3158 3800 christiani.
3228 3747 3316 3800 Vis
3357 3743 3538 3801 videre

1961 3853 2119 3908 quam
2145 3838 2389 3892 omnibus
2416 3839 2564 3908 pejus
2590 3840 2768 3893 vivant
2803 3839 2927 3892 mali
2953 3837 3268 3892 christiani?
3310 3839 3384 3895 De
3423 3840 3539 3893 tali-

1965 3932 2066 3985 bus
2107 3929 2234 3984 dicit
2263 3932 2520 4000 prophcla
2549 3931 2815 3996 Ezechiel,
2858 3931 2978 4000 quia
3015 3940 3388 3999 comparantur
3425 3946 3538 3986 snr-
3622 3968 3630 3977 -

1961 4023 2154 4077 mentis
2188 4021 2456 4078 inutilibus
2488 4021 2694 4094 (Ezech.
2722 4038 2815 4087 xv,
2841 4023 2877 4076 ‘2
2897 4023 2932 4094 ).
2958 4023 3101 4079 Pone
3123 4023 3360 4093 Paganos
3401 4023 3536 4094 ligna

1962 4127 2082 4168 esse
2127 4112 2367 4167 silvatica
2409 4123 2554 4167 extra
2598 4113 2926 4180 Ecclesiam,
2974 4114 3144 4168 adlmc
3195 4123 3368 4184 potest
3415 4115 3538 4168 inde

1963 4204 2075 4260 fieri
2104 4204 2300 4274 aliquid
2329 4223 2342 4271 ;
2384 4205 2648 4275 quomodo
2675 4206 2739 4260 de
2764 4206 2919 4276 lignis
2942 4207 3313 4261 fabrilibuscst
3341 4206 3534 4274 lignum
3605 4200 3630 4266 ,’

1961 4297 2110 4352 fabro
2133 4305 2333 4367 aptum,
2361 4306 2414 4351 et
2442 4297 2486 4350 si
2511 4297 2685 4351 adhuc
2723 4299 2980 4353 nodosum
3006 4309 3060 4353 ct
3085 4315 3301 4353 curvum
3336 4309 3390 4354 et
3412 4314 3536 4353 cor-

1964 4388 2222 4455 ticosnm,
2253 4396 2430 4443 tamen
2467 4388 2604 4458 quod
2645 4389 2879 4456 doletur,
2911 4391 3171 4454 ascietur,
3201 4389 3534 4460 deplanetur,

1961 4488 2014 4533 et
2043 4479 2210 4548 possit
2235 4479 2415 4534 venire
2456 4480 2523 4533 ad
2561 4480 2789 4549 aliquam
2841 4480 3088 4534 fabricam
3121 4493 3246 4533 usus
3278 4479 3489 4532 humani
3521 4497 3534 4532 :

1961 4571 2028 4626 de
2055 4570 2336 4626 sarmentis
2361 4580 2536 4626 autem
2567 4573 2801 4642 przncisis
2841 4572 2971 4627 fabri
3018 4570 3153 4626 nihil
3193 4570 3368 4626 facere
3409 4586 3535 4640 pos~

1961 4670 2116 4728 sunt;
2166 4662 2300 4732 ignis
2341 4678 2402 4718 ea
2449 4664 2594 4717 solus
2642 4673 2931 4732 exspectat.
2980 4661 3269 4728 Attcndite,
3320 4662 3533 4717 fratres.

1961 4751 2092 4806 Cum
2134 4737 2376 4808 silvatico
2418 4753 2558 4822 ligno
2601 4752 2792 4822 ubique
2835 4760 3170 4822 prmponatnr
3211 4761 3534 4806 sarmentum

1963 4857 2182 4898 manens
2212 4844 2262 4897 in
2295 4844 2422 4909 vite,
2466 4844 2588 4913 quia
2625 4853 2947 4896 sarmentum
2977 4841 3067 4894 dat
3107 4843 3328 4898 fructum
3350 4884 3364 4908 ,
3407 4843 3536 4896 illud

1962 4935 2156 5005 lignum
2198 4950 2302 4990 non
2369 4935 2459 4989 dat
2504 4936 2727 4988 fructum
2761 4952 2774 4988 :
2803 4933 3021 5004 praeciso
3051 4942 3226 4988 tamen
3268 4945 3539 4988 sarmento

1962 5027 2028 5081 de
2054 5028 2159 5082 vite
2185 5027 2228 5081 si
2251 5037 2602 5097 comparetur
2627 5027 2824 5096 lignum
2862 5026 3154 5081 silvaticum
3176 5065 3192 5090 ,
3230 5026 3540 5096 intelligitur

1966 5134 2087 5174 esse
2125 5120 2350 5183 melius;
2377 5120 2494 5187 quia
2525 5117 2592 5172 de
2617 5117 2705 5171 illo
2735 5119 2877 5172 faber
2904 5117 3099 5188 aliquid
3122 5114 3300 5173 "facere
3329 5127 3500 5187 potest
3525 5137 3538 5180 ;

1964 5212 2064 5265 hoc
2087 5219 2260 5265 autem
2285 5226 2389 5264 non
2416 5210 2619 5278 quierit,
2651 5210 2750 5264 nisi
2776 5210 2862 5279 qui
2891 5208 3007 5264 foco
3035 5209 3318 5264 ministrat.
3350 5211 3538 5263 Atten-

1962 5305 2092 5358 deus
2117 5305 2290 5373 itaque
2316 5303 2702 5358 multitudinem
2726 5307 2863 5359 male
2884 5305 3170 5358 viventium
3200 5305 3250 5357 in
3278 5303 3534 5365 Ecclesia,

1963 5398 2131 5468 Super
2160 5414 2350 5460 omnes,
2379 5397 2566 5468 inquit,
2597 5399 2823 5452 inimicos
2861 5415 2995 5451 meos
3026 5401 3188 5468 ﬂictus
3214 5413 3322 5451 sum
3349 5411 3536 5464 oppro-

1963 5490 2143 5542 brium.
2197 5488 2385 5558 Pejus.
2438 5489 2635 5558 inquit,
2685 5490 2866 5543 vivunt
2912 5489 3036 5542 mali
3086 5488 3136 5541 in
3189 5483 3537 5541 sacramentis

1962 5583 2115 5649 tneis,
2149 5597 2305 5652 quam
2333 5584 2419 5652 qui
2446 5581 2511 5637 ad
2539 5583 2623 5636 illa
2652 5597 2916 5652 nunquam
2947 5589 3308 5636 accesserunt.
3350 5577 3536 5630 Latin".

1959 5739 2138 5849 “lvi-tr.
2161 5746 2210 5788 et
2235 5744 2361 5800 I.ov.,
2390 5737 2472 5788 sed
2497 5735 2709 5800 congruit
2728 5735 2806 5786 hic
2825 5746 2868 5787 et
2887 5735 2973 5785 hoc
2996 5732 3171 5784 dicere.
3197 5731 3544 5792 castigaviruus

2042 5811 2142 5848 ηδε.

2042 5811 2142 5848 MSS.
