3988 6188
478 312 586 373 Ξιό

480 437 665 500 aperte
689 440 783 483 cur
810 438 912 481 non
951 423 1187 485 dicamus
1206 463 1221 488 ,
1251 421 1336 477 vel
1364 420 1574 494 quando
1599 420 1859 491 psalmum
1883 434 2052 490 expo-

480 517 699 575 nimus?
738 517 804 572 Et
827 516 869 571 si
897 514 1015 577 aliis
1043 514 1178 571 torte
1205 512 1527 584 temporibus
1550 511 1730 568 dicere
1759 526 1863 566 non
1889 510 2051 567 aude-

432 670 439 683 ,
483 625 632 672 inus,
660 607 844 662 saltem
877 605 1164 660 necessitas
1192 603 1491 674 exponendi
1519 602 1711 679 habeat
1753 603 2048 659 libertatem

482 698 820 770 corripiendi.
848 698 1019 766 Super
1045 714 1235 761 omnes,
1259 696 1447 767 inquit,
1474 696 1703 753 inimicos
1727 711 1863 750 meos
1888 697 2053 767 factus

478 808 591 847 sum
627 788 971 860 opprobrium.
1008 788 1084 846 De
1124 789 1316 843 talibus
1354 787 1483 842 dicit
1519 786 1792 858 apostolus
1830 786 2047 841 Petrus:

434 872 449 892 “
480 882 644 940 Facta
668 892 783 938 sunt
824 882 927 937 illis
952 882 1227 953 posteriora
1269 882 1517 937 deteriora
1545 880 1795 951 prioribus
1823 896 1841 934 :
1870 880 2047 934 melius

479 976 614 1031 enim
654 983 761 1029 erat
802 974 905 1030 illis
949 991 1049 1027 non
1090 990 1385 1045 cognoscere
1435 973 1567 1026 uiam
1605 972 1848 1043 iustitiae,
1892 988 2045 1040 quam

479 1067 889 1140 cognoscentibus
934 1076 1208 1123 retrorsum
1248 1065 1435 1135 reﬂecti
1460 1082 1493 1117 a
1519 1065 1702 1119 tradito
1742 1064 1833 1121 sibi
1876 1072 2047 1123 sancto

481 1162 743 1217 mandato.
779 1162 911 1218 Cum
942 1161 1087 1228 dicit,
1133 1157 1317 1215 Helius
1346 1168 1451 1216 erat
1492 1160 1595 1214 illis
1630 1176 1728 1214 non
1758 1173 2053 1229 cognoscere

480 1255 613 1307 uiam
639 1254 884 1320 iustitiae;
913 1267 1087 1309 nonne
1108 1252 1361 1323 judicavit
1389 1250 1638 1307 meliores
1663 1264 1782 1305 esse
1812 1249 2053 1303 inimicos

486 1347 618 1403 foris
646 1347 868 1418 positos,
902 1362 1057 1416 quam
1084 1347 1224 1403 intus
1251 1344 1387 1401 male
1416 1346 1679 1409 viventes,
1710 1343 1902 1414 quibus
1934 1358 2054 1412 pre-

483 1438 645 1494 mitur
667 1447 720 1492 et
742 1447 991 1508 gravatur
1013 1436 1283 1491 Ecclesia?
1312 1435 1517 1499 Melius,
1547 1435 1734 1505 inquit.
1760 1434 1862 1489 illis
1887 1435 2054 1502 fuerat

485 1546 588 1584 non
636 1546 931 1601 cognoscere
980 1529 1110 1583 viam
1152 1529 1366 1598 justitia!
1388 1571 1403 1595 ,
1450 1544 1601 1600 quant
1646 1527 2053 1599 cognoscentibus

482 1631 757 1676 retrorsum
783 1623 972 1692 reflecti
996 1638 1027 1675 a
1047 1622 1232 1676 tradito
1267 1622 1362 1677 sibi
1397 1630 1570 1677 sancto
1609 1621 1867 1675 mandato.
1894 1621 2054 1675 Deni-

484 1727 589 1780 que
617 1712 733 1768 vide
760 1728 917 1783 quam
956 1712 1192 1768 horribili
1219 1713 1293 1767 rei
1331 1728 1428 1768 eos
1455 1712 1782 1782 comparavit
1810 1730 1821 1763 :
1848 1710 2056 1766 Contin—

481 1806 553 1873 git
597 1804 701 1858 illis
743 1820 821 1860 res
863 1805 966 1859 veri
1011 1804 1257 1876 proverbii
1279 1846 1295 1870 ,
1341 1801 1496 1861 Canis
1540 1819 1765 1858 reversus
1801 1802 1873 1856 ad
1911 1818 2056 1857 suum

483 1895 722 1953 uomitum
751 1893 830 1967 (ll
853 1892 994 1949 Petr.
1021 1910 1078 1959 ll,
1104 1893 1324 1963 20-22).
1357 1893 1475 1949 lstis
1504 1895 1679 1964 itaque
1708 1892 1900 1948 talibus
1930 1907 2054 1946 cum

478 1984 587 2038 sint
634 1984 801 2054 plena:
849 1984 1140 2053 Ecclesite,
1189 1999 1366 2041 nonne
1412 1986 1675 2042 veraciter
1724 1984 1832 2041 illic
1874 1984 2058 2040 dicunt

478 2075 666 2147 pauci,
704 2075 813 2132 imo
838 2091 903 2132 ex
931 2091 1216 2147 paucorum
1248 2090 1377 2133 voce
1420 2077 1531 2146 ipsa
1562 2074 1797 2133 Ecclesia
1828 2094 1841 2131 :
1870 2075 2040 2146 Super

480 2180 649 2219 omnes
676 2164 903 2225 inimicos
928 2182 1062 2220 meos
1102 2169 1265 2237 factus
1288 2183 1403 2222 sum
1426 2168 1750 2237 opprobrium
1781 2209 1794 2232 ,
1819 2175 1864 2222 et
1884 2168 2057 2222 uicinis

479 2254 603 2309 meis
631 2255 860 2320 nimium,
892 2264 940 2309 et
963 2256 1111 2308 timor
1134 2256 1264 2310 notis
1286 2256 1435 2310 meis?
1459 2256 1655 2312 Vicinis
1679 2258 1813 2312 meis
1833 2256 2053 2312 nimium

484 2346 829 2417 opprobrium
853 2346 1021 2402 factus
1048 2361 1188 2412 sum,
1217 2347 1268 2402 id
1293 2355 1408 2413 est,
1439 2348 1530 2417 qui
1563 2348 1689 2403 mihi
1720 2348 1828 2417 jam
1858 2363 2054 2419 appro-

484 2436 811 2507 pinquabant
848 2445 906 2491 ut
954 2436 1233 2495 crederent
1271 2455 1284 2491 :
1324 2437 1434 2496 hoc
1476 2445 1578 2499 est.
1621 2438 1778 2493 vieini
1825 2439 1929 2494 mei
1972 2439 2056 2494 ni-

484 2529 649 2585 mium
676 2528 918 2585 deterriti
946 2538 1099 2597 sunt,
1130 2530 1269 2585 mala
1297 2531 1403 2584 vita
1433 2530 1691 2586 malorum
1722 2539 1777 2586 et
1805 2531 2055 2587 falsorum

482 2619 913 2677 christianorum.
963 2619 1132 2688 Quam
1177 2621 1372 2677 multos
1410 2621 1551 2677 enim
1602 2623 1816 2691 putatis,
1865 2621 2056 2679 fratres

481 2713 610 2781 mei,
650 2713 787 2769 velle
826 2727 947 2770 esse
991 2712 1329 2781 christianos,
1374 2713 1467 2769 sed
1514 2712 1710 2769 offendi
1749 2714 1903 2770 malis
1942 2730 2057 2770 mo-

481 2805 632 2863 ribus
672 2805 1123 2863 christianornm?
1163 2803 1267 2876 lpsi
1309 2815 1432 2861 sunt
1474 2806 1631 2861 vicini
1675 2806 1765 2876 qui
1805 2806 1913 2877 jam
1957 2822 2054 2876 ap-

483 2898 943 2971 propinquabant,
1004 2906 1060 2955 et
1117 2898 1338 2954 nimium
1397 2898 1739 2969 opprobrium
1801 2899 1903 2954 illis
1957 2899 2055 2953 visi

481 3000 685 3051 sumus.

552 3079 606 3135 7.
633 3077 1030 3154 [itemuers.12.]
1068 3079 1238 3134 Timor
1264 3080 1428 3149 [actus
1466 3096 1578 3134 sum
1598 3080 1728 3135 notis
1749 3081 1890 3133 meis.
1920 3078 2054 3146 Quid

481 3177 590 3226 tam
622 3171 952 3228 timendum?
978 3169 1175 3236 Timor,
1204 3170 1390 3241 inquit,
1420 3170 1581 3239 factus
1609 3187 1721 3225 sunt
1748 3172 1880 3226 notis
1909 3171 2050 3229 meis.

485 3262 622 3328 Quid
653 3271 760 3317 tam
790 3262 1103 3328 timendum,
1132 3277 1286 3333 quam
1316 3277 1434 3316 cum
1474 3260 1619 3316 videt
1664 3260 1824 3316 homo
1861 3261 2054 3317 multos

480 3353 622 3411 male
660 3354 931 3421 viventes,
984 3362 1039 3409 et
1088 3352 1157 3409 de
1211 3353 1402 3423 quibus
1457 3352 1594 3407 bene
1631 3352 1943 3424 sperabatur
1999 3353 2052 3406 in

479 3445 662 3502 multis
699 3444 988 3502 malefactis
1007 3444 1284 3501 inventos?
1314 3443 1487 3499 Timet
1506 3458 1572 3498 ne
1589 3443 1721 3498 tales
1742 3444 1848 3497 sint
1866 3458 2053 3499 omnes

481 3552 615 3606 quos
640 3536 859 3607 putabat
906 3536 1105 3599 bonos,
1157 3544 1210 3589 et
1253 3534 1540 3601 veniuntin
1567 3534 1919 3603 suspicionem
1949 3550 2055 3588 ma-

483 3625 590 3681 lam
623 3640 789 3696 pr0pe
813 3640 998 3680 omnes
1015 3624 1163 3687 boni.
1186 3623 1369 3690 Qualis
1386 3623 1503 3678 vir?
1529 3622 1794 3695 quomodo
1812 3623 2003 3679 cecidit
2028 3624 2051 3678 ?

481 3716 749 3788 quomodo
779 3717 1022 3771 inventus
1049 3725 1133 3773 est
1158 3716 1209 3770 in
1236 3715 1325 3770 illa
1354 3713 1695 3786 turpitudine,
1727 3714 1779 3769 in
1821 3715 1913 3770 illo
1936 3730 2052 3771 sce-

482 3808 615 3878 lere,
646 3810 698 3865 in
727 3809 818 3865 illo
841 3809 980 3865 facto
1003 3808 1178 3864 malo?
1205 3816 1358 3878 putas
1385 3822 1490 3863 non
1518 3807 1649 3862 tales
1678 3816 1803 3861 sunt
1827 3808 2051 3862 omnes?

478 3901 593 3958 lloc
616 3912 699 3959 est
724 3903 872 3958 timor
900 3904 1029 3957 notis
1057 3902 1200 3967 meis,
1230 3909 1290 3956 ut
1324 3912 1379 3955 et
1411 3900 1540 3970 ipsis
1577 3900 1769 3970 quibus
1813 3901 1922 3955 noti
1961 3915 2050 3955 su-

478 4009 616 4057 mus,
647 3994 955 4065 plerumque
981 3995 1032 4049 in
1063 3994 1278 4053 dubium
1299 3994 1592 4050 veniamus.
1622 3993 1689 4048 Et
1715 3994 1815 4049 nisi
1846 4003 1897 4049 te
1915 4009 2048 4049 cons

475 4085 673 4139 soletur
690 4083 830 4152 quod
848 4100 925 4150 es,
947 4085 989 4138 si
1019 4084 1215 4154 aliquid
1238 4099 1316 4149 es,
1344 4098 1448 4139 non
1479 4084 1654 4145 credis
1679 4100 1797 4141 esse
1823 4084 2047 4143 alterum

477 4175 658 4228 talem.
690 4174 1008 4228 Consolatur
1036 4174 1301 4228 hominem
1342 4174 1741 4245 qualiscumque
1768 4175 2047 4230 conscien-

476 4268 566 4329 tia,
600 4275 656 4320 ut
681 4264 822 4320 dicat
846 4263 944 4318 sibi
973 4263 1131 4318 homo
1150 4264 1238 4333 qui
1265 4265 1399 4320 bene
1426 4265 1552 4319 vivit
1584 4283 1596 4317 :
1626 4263 1671 4319 Ο
1698 4276 1750 4319 tu
1774 4266 1862 4334 qui
1890 4267 2049 4320 modo

475 4357 680 4415 vereris
706 4371 774 4413 ne
805 4355 934 4411 tales
963 4355 1068 4408 sint
1092 4370 1297 4420 omnes,
1349 4365 1401 4409 ιιι
1450 4356 1569 4411 talis
1610 4356 1707 4411 es?
1747 4356 2049 4424 Respondet

471 4450 793 4507 conscientia
825 4468 837 4502 :
871 4448 985 4504 Non
1005 4463 1142 4502 sum.
1171 4447 1309 4517 Ergo
1328 4448 1370 4502 si
1400 4449 1518 4503 talis
1541 4463 1646 4503 non
1672 4464 1747 4514 es,
1782 4449 1925 4504 solus
1949 4451 2049 4503 es?

474 4540 605 4597 \‘ide
633 4556 699 4596 ne
729 4539 878 4611 pejor
906 4539 977 4597 sit
1020 4539 1120 4593 ista
1164 4537 1438 4607 superbia,
1482 4553 1638 4607 quam
1671 4540 1761 4593 illa
1793 4541 2071 4611 nequitia.-

469 4631 585 4689 Noli
637 4630 805 4687 solum
851 4641 901 4691 te
941 4630 1137 4686 dicere.
1166 4628 1295 4683 Nam
1323 4638 1377 4685 et
1408 4627 1552 4683 Elius
1579 4629 1860 4699 aliquando
1890 4632 2047 4685 taedio

472 4721 824 4776 nntltitudinis
846 4722 1124 4792 impiorum
1152 4712 1226 4774 ail
1254 4737 1266 4773 :
1301 4718 1583 4788 Prophetas
1601 4729 1712 4775 tuos
1736 4722 2042 4789 occiderunt,

472 4811 658 4865 altaria
686 4822 770 4865 tua
795 4811 1131 4878 suffodcrunt,
1179 4820 1225 4866 et
1272 4827 1362 4881 ego
1410 4810 1611 4864 relictus
1655 4827 1767 4865 sum
1809 4813 1966 4880 solus,
1999 4823 2045 4867 et

470 4912 705 4971 quarunt
757 4903 976 4957 animant
1003 4919 1183 4957 meam.
1225 4902 1331 4959 Sed
1356 4901 1477 4973 quid
1503 4903 1619 4956 dicit
1647 4903 1724 4957 illi
1752 4920 2045 4973 responsura

465 4993 688 5049 divinum
709 4992 735 5046 .9
761 4989 961 5062 Reliqui
986 4994 1109 5049 milii
1132 5004 1319 5062 septem
1350 4994 1510 5048 millia
1540 4995 1789 5061 virorum,
1817 4998 1903 5066 qui
1942 5016 2041 5053 non

463 5094 793 5145 curvaverant
832 5100 996 5153 genua
1036 5096 1151 5140 ante
1187 5085 1317 5141 Baal
1342 5086 1429 5155 (111
1463 5085 1588 5156 Reg.
1615 5103 1728 5153 six,
1758 5089 1858 5154 l0;
1891 5090 2038 5145 Rom.
2066 5075 2077 5085 ’

465 5191 534 5239 si,
567 5177 619 5243 5,
646 5176 726 5245 4).
759 5176 917 5246 Ergo.
944 5178 1163 5242 fratres,
1206 5179 1341 5234 inter
1368 5179 1482 5234 haec
1506 5180 1750 5235 scandala
1775 5198 1935 5236 unum
1961 5194 2044 5237 est

464 5264 755 5320 remedium
788 5308 803 5331 ,
838 5281 902 5320 ne
928 5266 1062 5319 male
1082 5268 1278 5322 sentias
1298 5268 1363 5321 de
1395 5270 1553 5322 fratre
1582 5279 1691 5323 tuo.
1722 5271 1999 5328 thniliter
2024 5276 2038 5305 ⁸

462 5367 579 5413 esto
620 5357 759 5429 quod
794 5358 874 5411 vis
900 5349 1019 5411 eum
1051 5372 1207 5418 esse.
1246 5368 1300 5413 et
1349 5375 1451 5413 non
1493 5361 1699 5429 putabis
1746 5379 1867 5417 eum
1922 5380 2041 5419 esse

461 5448 601 5520 quod
646 5464 752 5503 non
780 5464 855 5505 es.
890 5447 992 5504 Sed
1024 5457 1197 5502 tamen
1236 5449 1304 5506 sit
1330 5450 1485 5504 etiam
1516 5452 1671 5506 titnor
1699 5457 1856 5518 notis,
1882 5458 2039 5511 etiam

459 5559 515 5598 et
531 5544 709 5612 pet-tis.

540 5637 593 5690 8.
628 5633 775 5709 [rem
809 5634 918 5709 15.]
953 5635 1049 5702 Qui
1074 5633 1302 5689 videbant
1326 5652 1420 5701 me,
1455 5640 1589 5691 foras
1610 5642 1845 5709 fugerunt
1874 5656 1905 5693 a
1939 5657 2034 5695 me.

522 5749 540 5783 ⁸
562 5750 637 5801 Sic
658 5753 731 5801 Er.
758 5757 809 5799 et
825 5756 927 5800 uss.
960 5756 1003 5798 st
1031 5755 1159 5809 ιον..
1185 5746 1375 5801 humilis

1655 303 1710 360 S.
1751 300 2117 361 AUGUSTINI
2155 299 2455 360 EPISCOPI

3615 298 3726 359 2“

2158 417 2536 491 Ignoscendum
2558 428 2699 479 esset
2716 421 2760 478 si
2788 417 2929 478 foras
2950 419 3203 492 fugissent
3231 434 3261 474 a
3288 432 3374 479 me
3398 414 3488 489 qui
3517 432 3621 473 non
3643 419 3729 472 vi-

2156 511 2351 569 debant
2378 526 2463 568 me
2491 530 2506 567 :
2538 513 2697 569 etiam
2722 512 2810 583 qui
2839 510 3085 569 videbant
3110 526 3216 575 me,
3247 508 3389 568 foras
3422 506 3674 581 fugerunt
3700 526 3731 561 τι

2156 618 2262 657 me.
2277 602 2382 659 Sed
2397 602 2441 658 si
2470 603 2558 673 qui
2583 619 2669 659 me
2687 619 2792 659 non
2811 604 3078 671 videbant,
3104 601 3249 659 foras
3274 599 3522 673 fugerunt
3557 615 3589 655 a
3639 617 3724 657 me

2157 700 2283 765 (nec
2300 696 2579 755 dicendum
2597 706 2697 763 est,
2720 699 2859 755 foras
2874 690 3152 769 fugerunt;
3178 696 3297 768 quia
3320 696 3459 751 intus
3481 710 3583 751 non
3613 696 3724 753 fuc-

2155 798 2279 842 runt
2309 804 2323 840 :
2355 789 2400 842 si
2444 789 2585 845 intus
2611 788 2751 844 enim
2789 788 3028 853 fuissent,
3055 788 3315 844 vidissent
3338 802 3425 844 me
3449 828 3465 854 ,
3498 786 3552 842 id
3597 797 3684 843 est
3711 830 3726 852 ,

2155 880 2523 948 cognovissent
2564 894 2758 949 corpus
2811 878 3030 947 Christi,
3070 879 3442 950 cognovissent
3492 876 3732 934 membra

2156 970 2373 1037 Christi,
2397 973 2764 1042 cognovissent
2793 973 3044 1029 unitatem
3070 971 3287 1044 Christi)
3312 989 3325 1024 :
3347 972 3477 1055 illud
3503 982 3588 1029 est
3611 987 3733 1027 ma-

2154 1064 2235 1133 gis
2261 1063 2608 1134 gemendum,
2641 1064 2771 1120 illud
2800 1066 3017 1121 omnino
3046 1064 3393 1128 intolerabile.
3431 1065 3551 1136 quia
3580 1065 3731 1121 multi

2156 1155 2245 1223 qui
2282 1156 2525 1213 viderunt
2569 1173 2676 1226 me,
2709 1156 2851 1213 foras
2898 1157 3145 1229 fugerunt
3176 1174 3206 1213 a
3256 1174 3362 1223 me,
3394 1159 3445 1215 id
3475 1169 3591 1227 est,
3639 1163 3734 1232 qui

2157 1257 2516 1318 cognoverunt
2556 1248 2679 1319 quid
2718 1257 2863 1305 esset
2906 1249 3143 1306 Ecclesia
3166 1291 3183 1319 ,
3213 1251 3460 1307 exierunt
3488 1251 3652 1313 foras,
3679 1263 3734 1306 et

2157 1338 2389 1397 haereses
2404 1353 2457 1395 et
2474 1340 2758 1399 schismata
2772 1350 2956 1398 contra
2976 1342 3264 1398 Eeelesiam
3287 1343 3544 1399 fecerunt.
3564 1343 3734 1398 Hodie

2158 1431 2423 1487 hominem
2447 1434 2672 1499 invenis,
2691 1434 2837 1489 verbi
2856 1435 3045 1505 gratia,
3071 1444 3250 1491 natum
3272 1436 3321 1490 in
3341 1446 3488 1505 parte
3513 1435 3726 1495 Donati,

2158 1523 2327 1577 nescit
2350 1522 2476 1593 quid
2514 1524 2584 1579 sit
2611 1524 2867 1588 Ecclesia,
2897 1525 2987 1580 ubi
3026 1533 3181 1580 natus
3209 1538 3289 1580 est
3317 1535 3461 1579 tenet
3486 1542 3500 1578 :
3523 1540 3632 1580 non
3656 1525 3734 1579 illi

2138 1605 2338 1669 "evellis
2364 1614 2797 1669 consuetudinem
2826 1630 2983 1686 quam
3010 1615 3151 1670 suxit
3174 1631 3294 1670 cum
3324 1614 3460 1670 lacte
3488 1616 3732 1670 nutricis.

2159 1703 2310 1758 lllum
2335 1744 2351 1771 ,
2391 1703 2535 1758 illum
2570 1704 2636 1760 da
2660 1703 2747 1775 qui
2792 1704 3020 1760 volvitur
3056 1704 3290 1776 quotidie
3321 1705 3370 1759 iu
3402 1705 3688 1776 Scripturis
3715 1748 3732 1770 ,

2158 1793 2245 1862 qui
2290 1793 2434 1865 legit,
2461 1794 2548 1864 qui
2581 1794 2831 1865 prardicat
2858 1813 2873 1848 :
2907 1795 3048 1851 itane
3076 1795 3288 1851 tandem
3322 1812 3425 1850 non
3454 1796 3522 1851 ibi
3550 1797 3733 1861 videt,

2159 1882 2376 1941 Postula
2401 1902 2433 1938 a
2459 1902 2556 1949 me,
2580 1896 2625 1939 et
2646 1886 2776 1941 dabo
2798 1886 2884 1940 tibi
2907 1885 3087 1941 Gentes
3118 1886 3458 1943 hereditatem
3493 1898 3652 1955 tuam,
3684 1900 3738 1945 et

2158 1978 2517 2048 possessionem
2545 1987 2685 2033 tuam
2707 1979 2945 2033 terminos
2970 1989 3115 2033 terra:
3137 1977 3307 2051 (Psal.
3330 1995 3387 2044 tt,
3411 1977 3505 2050 8)?
3531 1996 3636 2035 non
3660 1980 3736 2037 ibi

2161 2053 2325 2133 videt,
2348 2068 2897 2138 Contmemorabuntur,
2930 2079 2976 2125 et
2997 2080 3341 2126 convertentur
3364 2072 3431 2126 ad
3458 2070 3739 2127 Dominum

2159 2160 2377 2214 universi
2395 2161 2521 2230 lines
2543 2170 2717 2241 terra,»
2740 2170 2787 2217 et
2812 2160 3093 2217 adorabunt
3114 2162 3166 2215 in
3193 2172 3457 2234 conspectu
3483 2165 3592 2235 ejus
3618 2165 3741 2219 uni-

2158 2266 2312 2305 versa:
2334 2253 2512 2321 patria:
2531 2252 2749 2323 gentium
2783 2252 2953 2325 (Psal.
2985 2269 3097 2320 nt,
3124 2253 3216 2326 28)
3240 2253 3263 2309 ?
3287 2255 3344 2314 Si
3370 2255 3515 2312 vides
3545 2255 3615 2311 ibi
3654 2271 3742 2313 to-

2159 2344 2262 2398 tius
2286 2344 2433 2399 orbis
2461 2346 2735 2411 unitatem,
2777 2345 2901 2416 quid
2932 2344 3076 2402 foras
3105 2345 3270 2418 fugis.
3314 2358 3371 2403 ut
3413 2364 3521 2405 non
3556 2351 3736 2405 solum

2158 2434 2271 2505 ipse
2297 2436 2533 2506 patiaris,
2556 2450 2737 2492 verum
2768 2447 2822 2492 et
2844 2437 2962 2493 aliis
2983 2438 3144 2493 facias
3166 2439 3498 2494 caecitatem?
3529 2440 3629 2508 Qui
3653 2443 3738 2495 vi-

2158 2524 2337 2579 debant
2363 2541 2460 2591 me,
2490 2525 2541 2580 id
2568 2536 2650 2581 est
2667 2567 2681 2590 ,
2709 2527 2796 2597 qui
2826 2537 3081 2583 noverant
3112 2528 3237 2599 quid
3267 2529 3337 2584 sit
3365 2529 3620 2596 Ecclesia,
3642 2531 3741 2601 qui

2158 2631 2275 2671 eam
2317 2615 2370 2672 in
2403 2617 2687 2687 Scripturis
2714 2618 3070 2686 intuebantur,
3114 2624 3252 2693 foras
3288 2624 3520 2694 fugerunt
3553 2640 3585 2676 a
3634 2641 3737 2683 me.

2159 2708 2365 2765 Putatis
2388 2710 2552 2778 enim,
2583 2710 2773 2769 fratres
2793 2713 2918 2779 mei,
2941 2714 3061 2784 quia
3084 2713 3159 2769 illi
3184 2729 3371 2771 omnes
3389 2716 3475 2786 qui
3497 2716 3745 2772 fecerunt

2159 2802 2391 2859 haereses
2415 2819 2510 2874 per
2538 2804 2650 2859 loca
2678 2814 2731 2859 et
2753 2814 2947 2875 partes,
2980 2821 3084 2861 non
3113 2817 3369 2863 noverant
3397 2808 3453 2864 in
3492 2808 3743 2880 Scriptu-

2157 2894 2233 2950 ris
2270 2896 2384 2960 Dei,
2423 2896 2543 2965 quia
2590 2896 2829 2953 Ecclesia
2867 2912 2971 2951 non
3011 2908 3093 2953 est
3123 2900 3372 2969 prmdicta
3404 2902 3447 2969 ¹,
3486 2902 3585 2956 nisi
3621 2911 3743 2957 toto

2160 2997 2417 3044 terrarum
2447 2987 2577 3043 orbe
2611 2986 2800 3043 dill'usa
2822 2987 2845 3041 *ἶ
2871 2988 3009 3045 Vere
3035 2989 3156 3046 dico
3194 2991 3450 3047 Charitati
3485 2992 3685 3048 Vestrae
3722 3012 3739 3049 :

2156 3075 2312 3135 Certe
2357 3092 2544 3134 omnes
2571 3076 2842 3133 christiani
2891 3094 3106 3144 sumus,
3138 3083 3220 3137 vel
3248 3083 3519 3139 christiani
3545 3100 3742 3142 omnes

2155 3170 2402 3237 dicimur,
2434 3180 2487 3226 et
2504 3186 2691 3226 omnes
2709 3171 2905 3227 Christi
2934 3174 3086 3243 signo
3111 3174 3382 3245 signatnur
3406 3194 3420 3230 :
3447 3176 3739 3233 obscurius

2155 3261 2403 3319 dixerunt
2443 3262 2723 3333 Propheta:
2751 3263 2818 3319 de
2845 3264 3086 3330 Christo,
3133 3282 3290 3335 quam
3338 3267 3406 3322 de
3449 3267 3690 3323 Ecclesia
3723 3288 3740 3334 ;

2155 3361 2284 3422 puto
2314 3361 2593 3423 propterea
2624 3355 2747 3424 quia
2778 3353 3025 3410 videbant
3050 3356 3102 3410 in
3133 3356 3333 3425 Spiritu
3361 3398 3376 3421 ,
3418 3366 3602 3413 contra
3632 3359 3743 3416 Ec-

2155 3444 2370 3500 clesiam
2393 3444 2635 3500 homines
2665 3444 2898 3501 facturos
2926 3462 3044 3502 esse
3070 3448 3372 3518 particulas.
3404 3458 3461 3504 et
3483 3448 3550 3505 de
3577 3449 3745 3507 Chri-

2154 3544 2238 3590 sto
2262 3551 2365 3590 non
2392 3544 2587 3592 tantam
2620 3535 2768 3592 litem
2796 3537 3089 3606 habituros,
3131 3538 3199 3594 de
3235 3539 3475 3597 Ecclesia
3514 3557 3743 3612 magnas

2155 3628 2522 3685 contentiones
2571 3630 2913 3687 excitaturus.
2961 3631 3083 3686 Ideo
3133 3632 3265 3688 illud
3320 3634 3462 3690 unde
3499 3636 3741 3705 majores

2154 3718 2273 3774 lites
2296 3718 2483 3776 futura:
2502 3728 2675 3787 erant,
2704 3720 2909 3791 planius
2936 3722 3241 3790 prmdietum
3271 3732 3326 3779 et
3345 3726 3579 3794 apertius
3608 3742 3742 3796 pro-

2152 3812 2422 3883 phetatum
2451 3820 2550 3880 est,
2582 3820 2637 3867 ut
2659 3813 2725 3867 atl
2748 3813 3001 3883 judicium
3030 3814 3134 3870 illis
3156 3815 3329 3871 valeat
3348 3817 3436 3888 qui
3458 3816 3734 3887 viderunt,

2153 3914 2207 3960 et
2235 3905 2375 3959 foras
2405 3904 2667 3977 fugerunt.

2226 3997 2282 4052 9.
2306 3997 2548 4068 Exempli
2578 3976 2745 4069 gratia
2774 4014 2933 4052 unum
2964 4000 3415 4069 commemorabo.
3460 4001 3739 4059 Abraham

2153 4101 2303 4162 pater
2322 4100 2504 4147 noster
2526 4091 2639 4154 fuit,
2666 4107 2769 4146 non
2800 4101 3017 4163 pr0pter
3040 4093 3381 4161 propaginem
3406 4094 3602 4161 carnis,
3630 4095 3739 4152 sed

2150 4192 2369 4253 propter
2394 4182 2738 4237 imitationem
2771 4181 2890 4238 lidei
2925 4201 2937 4235 :
2965 4183 3141 4252 justus
3156 4191 3215 4238 et
3232 4185 3445 4253 placens
3469 4186 3598 4252 Deo,
3633 4201 3738 4256 per

2150 4274 2311 4331 fidem
2358 4275 2592 4345 suscepit
2635 4276 2800 4330 lilium
2845 4276 2944 4331 sibi
2986 4278 3300 4347 promissum
3329 4278 3476 4336 Isaac
3497 4280 3566 4337 de
3595 4281 3739 4338 Sara

2148 4366 2316 4421 sterili
2354 4382 2520 4421 uxore
2555 4381 2647 4421 sua
2686 4368 2736 4421 in
2786 4376 3060 4422 senectute
3107 4384 3201 4425 sua
3247 4367 3402 4439 (Gen.
3453 4387 3563 4436 ut,
3617 4371 3679 4442 2)
3720 4392 3738 4428 :

2144 4455 2327 4526 jussus
2351 4463 2436 4510 est
2461 4456 2735 4512 immolare
2762 4457 2871 4512 Deo
2895 4457 3138 4513 eumdem
3184 4458 3369 4525 lilium,
3392 4475 3491 4516 nec
3515 4461 3743 4518 dubita-

2149 4548 2243 4610 vit,
2282 4562 2380 4602 nec
2405 4546 2735 4618 disceptarit,
2772 4565 2870 4604 nec
2907 4549 2972 4604 de
2997 4550 3147 4620 jussu
3177 4551 3267 4605 Dei
3292 4552 3595 4623 disputavit,
3628 4571 3743 4613 nec

2151 4639 2349 4694 malum
2378 4642 2580 4709 putavit
2603 4642 2741 4711 quod
2769 4640 2957 4710 jubere
2979 4643 3214 4712 optimus
3252 4645 3455 4713 potuit;
3488 4644 3639 4701 duxit
3666 4647 3744 4702 ﬂ-

2149 4730 2277 4786 lium
2300 4747 2450 4786 suum
2478 4731 2542 4786 ad
2570 4731 2968 4799 immolandum,
3008 4734 3259 4803 imposuit
3279 4735 3327 4789 ei
3349 4735 3486 4806 ligna
3523 4736 3738 4792 sacrifi-

2149 4822 2238 4888 cii,
2271 4822 2590 4891 pervenitad
2620 4825 2814 4888 locum,
2841 4826 3011 4880 erexit
3032 4825 3303 4881 dexteram
3329 4836 3387 4883 ut
3406 4837 3740 4898 percuteret.

2146 4928 2215 4969 eo
2246 4914 2561 4984 prohibente
2587 4916 2851 4987 deposuit,
2891 4931 2997 4985 quo
3037 4916 3257 4987 jubente
3301 4920 3567 4975 levaverat
3605 4919 3737 4990 (Id.

2151 5020 2284 5071 nn,
2315 5006 2402 5075 5);
2431 5007 2518 5077 qui
2547 5006 3007 5077 obtemperaverat
3033 5018 3089 5063 ut
3115 5009 3318 5076 feriret,
3340 5011 3744 5081 obtemperavit

2148 5108 2206 5152 ut
2234 5108 2505 5168 parceret;
2541 5100 2733 5171 ubique
2774 5100 3030 5158 obediens
3049 5144 3065 5169 ,
3095 5118 3351 5173 nusquam
3381 5104 3594 5160 timidus
3623 5125 3636 5159 :
3669 5120 3744 5163 ut

2148 5199 2323 5245 tamen
2356 5191 2666 5261 impleretur
2705 5194 3019 5248 sacriﬁcium
3041 5237 3057 5263 ,
3101 5206 3154 5250 et
3189 5197 3305 5253 sine
3331 5199 3588 5269 sanguine
3618 5217 3739 5257 non

2148 5282 2530 5350 discederetur,
2562 5286 2802 5342 inventus
2828 5297 2912 5343 est
2934 5289 3073 5344 aries
3095 5290 3308 5349 haerens
3338 5295 3389 5348 in
3411 5310 3573 5364 vepre
3595 5308 3737 5350 cor-

2148 5374 2326 5440 nibus,
2360 5376 2471 5445 ipse
2499 5376 2800 5433 immolatus
2836 5389 2937 5441 est,
2976 5392 3245 5449 peractum
3273 5393 3353 5437 est
3379 5386 3735 5442 sacrificium.

2146 5463 2339 5529 Quaere
2358 5464 2481 5535 quid
2509 5466 2610 5520 sit:
2636 5467 2801 5536 ﬁgura
2831 5477 2912 5524 est
2937 5469 3129 5525 Christi
3157 5471 3388 5528 involuta
3413 5490 3738 5533 sacramen-

2148 5555 2234 5609 tis.
2283 5555 2517 5625 Deuique
2560 5566 2616 5610 ut
2642 5559 2879 5627 videatur
2907 5560 3186 5616 discutitur
3207 5606 3221 5630 ,
3253 5574 3308 5618 ut
3334 5566 3573 5622 videatur
3601 5583 3739 5637 per.

2148 5654 2434 5711 tractatur,
2488 5657 2543 5701 ut
2588 5649 2725 5718 quod
2780 5652 3071 5731 iuvplutum
3108 5664 3190 5709 est
3226 5657 3517 5744 evolvatur.
3574 5658 3736 5719 lsaac

2211 5755 2228 5788 ⁸
2253 5754 2386 5817 Edd.,
2404 5757 2686 5820 pra'dicata.
2704 5768 2809 5818 uss.
2834 5762 3065 5826 nonnulli,
3089 5766 3340 5829 pradicta.
