3988 6188
282 319 384 373 215

282 443 534 502 tanquam
576 432 716 486 ﬁlius
756 433 940 488 unicus
976 433 1200 487 dilectus
1242 431 1458 500 figuram
1497 429 1697 485 habens
1736 426 1855 483 Filii

284 528 413 591 Dei,
445 536 663 596 portans
710 528 847 597 ligna
889 527 1008 589 sibi,
1066 527 1331 597 quomodo
1359 526 1601 579 Christus
1639 538 1853 578 crucem

281 621 509 690 portavit
536 619 712 689 (Joan.
741 619 979 681 xrx,l7).
1003 620 1091 673 Ille
1118 628 1387 691 postremo
1407 620 1517 689 ipse
1544 619 1681 672 aries
1702 616 1857 672 Chri-

280 721 418 766 stum
469 712 801 781 significavit.
852 711 984 779 Quid
1028 722 1107 765 est
1144 712 1283 765 enim
1329 711 1530 764 ha‘rere
1565 704 1851 771 cornibus,

281 802 380 857 nisi
431 803 659 872 quodam
704 802 860 857 modo
914 804 1188 872 crueiligi?
1244 802 1433 872 Figura
1495 811 1577 856 est
1628 802 1725 856 ista
1787 799 1853 855 de

278 891 512 947 Christo.
536 892 800 947 Continuo
826 893 1159 961 praedicanda
1180 903 1295 947 erat
1316 893 1573 957 Ecclesia,
1599 907 1850 963 praenun-

280 983 406 1038 tiato
432 984 606 1053 capite
636 984 1089 1053 praanuntiandum
1136 995 1250 1040 erat
1292 995 1347 1041 et
1393 1000 1585 1055 corpus
1636 1003 1649 1035 :
1692 984 1853 1053 cmpit

276 1074 508 1144 Spiritus
539 1075 653 1142 Dei,
684 1077 846 1146 ccepit
871 1078 1006 1131 Deus
1026 1077 1090 1132 ad
1106 1078 1371 1132 Abraham
1400 1077 1687 1147 prcedicare
1715 1076 1850 1130 velle

279 1167 597 1235 Ecclesiam,
628 1179 681 1224 et
718 1171 839 1225 tulit
886 1174 1122 1241 ﬁguram.
1160 1173 1427 1227 Christum
1470 1172 1691 1243 ﬁgurate
1718 1188 1853 1242 pra:-

276 1258 522 1326 dicabat,
572 1262 859 1317 Ecclesiam
900 1275 1081 1333 aperte
1120 1267 1456 1335 prmdicavit;
1487 1268 1561 1319 ait
1594 1267 1732 1321 enim
1784 1266 1848 1319 ad

276 1351 545 1405 Abraham
579 1371 591 1406 :
622 1354 872 1420 Quoniam
898 1355 1143 1411 obaudisti
1166 1374 1331 1411 vocem
1364 1374 1542 1422 meam,
1567 1367 1613 1411 et
1640 1375 1737 1411 non
1760 1374 1849 1427 pe-

278 1444 479 1511 percisti
504 1444 613 1513 ﬁlio
642 1455 727 1499 tuo
764 1446 943 1501 dilecto
969 1459 1173 1520 propter
1200 1466 1298 1516 me,
1340 1450 1629 1503 benedicens
1650 1448 1851 1503 benedi-

277 1550 384 1587 cam
413 1543 480 1602 te,
509 1544 556 1589 et
593 1537 846 1607 implendo
893 1540 1106 1609 implebo
1149 1559 1313 1595 semen
1355 1552 1493 1595 tuum
1524 1543 1652 1595 sicut
1680 1544 1850 1597 stellas

276 1626 404 1692 mli,
433 1636 481 1680 et
508 1627 637 1681 sicut
671 1646 876 1683 arenam
906 1633 1080 1697 maris,
1121 1644 1166 1686 et
1201 1634 1545 1687 benedicentur
1584 1636 1635 1687 in
1664 1636 1852 1689 semine

278 1724 358 1769 tuo
385 1733 560 1771 omnes
585 1730 752 1788 gentes
782 1731 929 1774 teme
950 1721 1101 1792 (Gen.
1138 1739 1265 1789 xxn,
1288 1725 1396 1795 16).
1425 1725 1485 1778 Et
1504 1740 1637 1793 pene
1655 1725 1847 1794 ubique

275 1805 515 1863 Christus
541 1809 715 1880 aliquo
748 1812 1017 1867 involucro
1056 1815 1369 1869 sacramenti
1414 1817 1726 1884 prmdicatus
1766 1825 1849 1870 est

273 1914 301 1953 a
325 1900 629 1970 Prophetis,
657 1904 887 1959 Ecclesia
918 1917 1097 1974 aperte
1124 1926 1135 1960 :
1158 1917 1213 1960 ut
1236 1908 1470 1961 viderent
1499 1908 1639 1962 illam
1671 1918 1724 1962 et
1757 1910 1845 1977 qui

274 1993 428 2049 futuri
454 2006 610 2050 erant
633 2008 815 2051 contra
859 1999 1033 2062 illam,
1083 2009 1136 2053 et
1177 2000 1485 2069 impleretur
1528 2002 1578 2055 in
1628 2002 1704 2054 eis
1746 2001 1841 2055 ista

271 2088 504 2158 nequitia
550 2105 704 2159 quam
749 2091 993 2159 praedixit
1024 2092 1281 2155 PSnlmtlS,
1320 2093 1417 2159 Qui
1456 2092 1681 2146 videbant
1718 2110 1795 2145 me
1826 2135 1840 2155 ,

270 2180 405 2247 foras
431 2182 667 2249 fugerunt
698 2197 728 2232 a
750 2196 845 2233 me.
876 2181 953 2234 Ex
983 2182 1133 2236 nobis
1157 2182 1418 2247 exierunt,
1447 2183 1540 2237 sed
1563 2198 1666 2236 non
1692 2192 1844 2237 erant

269 2283 333 2322 ex
363 2270 522 2324 nobis
551 2270 595 2341 (l
633 2271 789 2327 Joan.
834 2289 890 2339 n,
921 2274 1007 2343 19)
1042 2292 1054 2327 :
1085 2276 1184 2329 1100
1212 2275 1479 2344 apostolus
1509 2274 1738 2330 Joannes
1778 2275 1843 2330 de

267 2358 373 2413 illis
402 2359 553 2414 dixit.

338 2454 423 2507 10.
460 2453 607 2525 [εει-5.
668 2456 776 2529 15.]
832 2458 1026 2512 Oblitus
1071 2476 1200 2518 sum,
1257 2468 1493 2527 tanquam
1538 2469 1762 2511 mortuus
1810 2476 1841 2511 α

266 2545 438 2597 corde.
481 2545 687 2600 Oblitus
717 2565 831 2601 sum
857 2590 870 2613 ,
908 2549 957 2602 in
987 2549 1304 2603 oblivionem
1346 2548 1487 2613 veni,
1532 2548 1679 2601 obliti
1719 2556 1841 2601 sunt

265 2654 352 2692 me
385 2638 457 2691 illi
484 2640 570 2708 qui
602 2640 843 2694 viderunt
888 2658 971 2695 me
1016 2659 1025 2691 :
1070 2641 1216 2695 obliti
1265 2649 1387 2694 sunt
1435 2656 1541 2706 me,
1572 2650 1626 2694 et
1651 2641 1725 2693 sic
1756 2654 1840 2694 me

224 2790 227 2793 μ
263 2730 409 2783 obliti
432 2740 576 2792 sunt,
604 2740 848 2800 tanquam
883 2741 1119 2786 mortuus
1142 2731 1329 2786 fuerim
1352 2748 1379 2783 a
1406 2730 1836 2799 cordeipsornm.

268 2821 465 2876 Oblitus
512 2840 623 2875 sum
646 2866 661 2889 ,
719 2834 953 2895 tanquam
1002 2835 1223 2877 mortuus
1251 2840 1283 2876 a
1310 2823 1460 2876 corde
1490 2838 1508 2875 :
1536 2827 1697 2892 factus
1726 2838 1838 2874 sum

268 2923 503 2979 tanquam
528 2929 615 2967 vas
641 2915 906 2982 perditum.
941 2914 1075 2983 Quid
1107 2925 1187 2969 est
1224 2914 1359 2980 hoc,
1391 2916 1552 2984 factus
1583 2930 1696 2967 sum
1722 2924 1836 2965 tan-

266 3020 411 3071 quum
432 3020 521 3055 vas
550 3005 839 3072 perditum?
864 3005 1157 3059 Lahorabat
1181 3004 1299 3068 iste,
1327 3015 1376 3058 et
1402 3004 1527 3057 nulli
1553 3003 1834 3073 proderat:

266 3096 392 3149 vidit
422 3113 481 3151 se
508 3112 603 3151 Vas
629 3112 771 3161 esse,
813 3108 865 3151 et
902 3098 1028 3151 nulli
1063 3097 1335 3167 prodesse,
1389 3107 1441 3151 01
1485 3112 1542 3151 50
1589 3109 1834 3166 tanquam

266 3202 356 3242 Vas
380 3189 645 3258 perditum
669 3189 815 3243 dicit.

335 3281 419 3335 11.
448 3279 599 3353 [vers.
638 3280 744 3353 14.]
784 3281 1032 3349 Quoniam
1061 3282 1229 3334 audivi
1262 3282 1676 3352 vituperationem
1707 3282 1835 3333 mul-

267 3381 425 3425 torum
451 3374 504 3425 in
531 3373 859 3426 accolentium
887 3374 1096 3425 circuitu
1132 3388 1150 3426 :
1189 3373 1341 3427 multi
1381 3373 1621 3427 accolunt
1651 3373 1701 3427 in
1727 3372 1833 3426 cir-

265 3466 406 3519 cuitu
448 3480 591 3531 meo,
642 3474 695 3519 et
743 3465 1134 3534 reprehendunt
1199 3482 1285 3520 me
1324 3465 1579 3535 quotidie.
1628 3466 1833 3532 Quanta

265 3555 397 3609 mala
425 3554 610 3609 dicunt
632 3555 683 3608 in
708 3555 877 3608 malos
899 3555 1235 3619 christianos,
1260 3571 1377 3625 qua:
1405 3554 1681 3610 maledicta
1715 3572 1835 3625 per-

265 3646 479 3699 veniunt
504 3645 570 3698 ad
603 3661 789 3699 omnes
815 3645 1143 3700 Christianos
1169 3648 1181 3700 !
1211 3646 1470 3715 Numquid
1498 3647 1639 3701 enim
1667 3646 1794 3701 dicit
1818 3688 1831 3709 ,

264 3736 349 3805 qui
377 3736 671 3803 maledicit,
704 3747 793 3790 aut
831 3737 919 3805 qui
950 3736 1290 3805 reprehendit
1315 3737 1661 3804 Christianos,
1698 3739 1834 3793 Ecce

264 3842 377 3895 qua:
403 3826 604 3881 faciunt
645 3842 751 3882 non
790 3828 911 3882 booi
939 3827 1251 3881 christiani?
1277 3828 1380 3883 Sed
1406 3871 1419 3892 ,
1449 3828 1585 3882 Ecce
1607 3845 1723 3898 quae
1756 3828 1833 3883 fa-

263 3920 404 3972 ciunt
433 3918 721 3973 Christiani
752 3937 765 3972 :
796 3935 899 3973 non
931 3927 1174 3987 separat,
1210 3934 1312 3972 non
1347 3919 1616 3973 discernit.
1646 3919 1722 3973 illi
1760 3931 1834 3975 ta-

264 4023 380 4062 men
411 4010 512 4063 ista
543 4008 744 4075 dicunt,
785 4010 874 4079 qui
902 4009 1143 4063 accolunt
1174 4010 1223 4062 in
1252 4009 1491 4074 circuitu,
1517 4009 1567 4063 id
1596 4018 1697 4072 est,
1729 4012 1831 4064 cir-

264 4110 535 4167 cumeunt,
572 4108 625 4155 et
658 4116 760 4155 non
796 4102 1010 4156 intrant.
1056 4102 1229 4169 Quare
1257 4102 1616 4166 circumeunt,
1648 4112 1702 4155 et
1730 4119 1832 4156 non

224 4244 227 4245 ν
266 4192 493 4247 intrant?
523 4193 655 4261 Quia
680 4202 849 4247 rotam
881 4194 1134 4262 temporis
1161 4202 1337 4246 amant
1371 4212 1382 4247 :
1411 4210 1513 4249 non
1545 4194 1742 4247 intrant
1768 4194 1834 4249 ad

266 4283 563 4347 veritatem,
591 4283 712 4353 quia
735 4298 835 4337 non
852 4293 1028 4337 amant
1049 4283 1430 4347 aeternitatem;
1459 4285 1835 4353 temporalibus

264 4371 425 4426 dediti
456 4382 705 4441 tanquam
751 4383 881 4427 rota:
920 4373 1211 4436 constricti,
1240 4374 1305 4428 de
1336 4374 1522 4443 quibus
1548 4374 1671 4429 alibi
1703 4375 1835 4428 dici-

265 4475 370 4530 tur,
404 4463 551 4518 Pone
576 4465 822 4534 principes
846 4483 1015 4520 eorum
1040 4476 1093 4519 ut
1121 4475 1281 4519 rotam
1306 4465 1471 4535 (Psal.
1496 4482 1691 4533 Lxxxn,
1725 4467 1833 4536 {4);

264 4566 317 4611 et
343 4557 486 4622 alibi,
518 4554 583 4610 In
612 4556 820 4610 circuitu
847 4558 987 4627 impii
1007 4557 1262 4610 ambulant
1289 4554 1458 4626 (Psal.
1490 4573 1562 4621 XI,
1593 4556 1673 4626 9).
1702 4555 1837 4609 Dum

266 4658 688 4720 congregarentur
732 4648 826 4717 ipsi
868 4648 1016 4701 simul
1044 4648 1304 4701 adversum
1333 4664 1430 4713 me,
1480 4658 1530 4699 ut
1559 4649 1837 4715 acciperent

266 4740 486 4793 animum
517 4756 681 4792 meam
714 4740 960 4792 consiliati
989 4749 1122 4792 sunt.
1152 4738 1287 4806 Quid
1329 4748 1429 4802 est,
1469 4750 1519 4790 ut
1561 4740 1837 4807 acciperent

265 4834 485 4886 animam
511 4849 671 4885 meam
701 4834 946 4886 consiliati
970 4833 1121 4887 sunt?
1152 4832 1217 4887 Ut
1238 4832 1587 4886 consentirem
1613 4834 1839 4900 pravita-

268 4926 405 4980 tibus
421 4940 627 4980 eorum.
648 4922 754 4978 Illis
776 4925 915 4978 enim
944 4927 1027 4994 qui
1058 4923 1394 4986 maledicunt,
1425 4932 1597 4976 etnon
1621 4922 1834 4984 intrant,

264 5032 448 5086 parum
480 5026 566 5071 est
595 5016 714 5086 quia
762 5032 867 5070 non
909 5017 1135 5082 intrant;
1185 5025 1238 5070 et
1281 5014 1474 5083 ejicere
1504 5014 1628 5069 hinc
1656 5016 1840 5069 volunt

265 5107 634 5177 vituperando.
668 5107 723 5161 Si
754 5107 1021 5176 eiecerunt
1048 5118 1097 5161 te
1122 5107 1190 5162 de
1220 5105 1482 5169 Ecclesia,
1518 5115 1839 5175 acceperunt

265 5201 495 5253 animam
527 5208 689 5262 tuam,
720 5198 770 5252 id
801 5209 899 5262 est,
932 5210 1212 5253 tenuerunt
1237 5199 1639 5253 consensionem
1670 5210 1833 5263 tuam;

265 5301 321 5346 et
348 5293 454 5346 eris
479 5291 531 5345 in
558 5290 778 5347 circuitu
799 5332 813 5355 ,
845 5307 949 5343 non
977 5291 1026 5343 in
1057 5292 1346 5346 mansione.

342 5384 427 5438 l2.
458 5383 608 5456 [vers.
660 5382 774 5455 ‘15.]
804 5384 912 5452 Ego
939 5392 1111 5436 autem
1139 5426 1152 5449 ,
1188 5384 1322 5437 inter
1350 5384 1464 5438 lucc
1507 5384 1788 5453 opprobria
1822 5428 1837 5450 ,

266 5478 408 5531 inter
436 5478 551 5531 haec
592 5475 838 5530 scandala
863 5516 878 5539 ,
911 5474 1047 5527 inter
1070 5474 1179 5528 luce
1206 5475 1337 5527 mala
1366 5518 1378 5536 ,
1431 5476 1567 5529 inter
1596 5476 1721 5528 istas
1751 5492 1838 5529 sc-

268 5568 579 5633 ductiones,
623 5566 752 5622 foris
784 5566 1083 5635 iniquitates
1105 5607 1117 5627 ,
1150 5576 1202 5618 et
1234 5568 1606 5641 perversitates
1659 5568 1799 5620 intus
1823 5609 1837 5631 ,

270 5674 390 5713 cum
430 5658 758 5713 attenderem
813 5656 1054 5710 homines
1098 5655 1268 5724 justos
1314 5666 1369 5711 et
1415 5672 1747 5725 quaererem,
1788 5666 1844 5711 et

280 5749 534 5807 deessent
560 5764 691 5823 quos
722 5749 959 5806 imitarer
979 5789 992 5816 ,
1021 5746 1145 5817 quid
1177 5746 1319 5802 feci?
1369 5747 1510 5817 quod
1564 5748 1840 5803 consilium

1350 311 1741 373 ENAllRATIO
1781 311 1846 365 IN
1884 311 2200 371 PSALMUM
2244 318 2407 373 XXX.

3425 327 3531 382 2&6

1966 428 2178 484 inveni?
2199 430 2308 501 Ego
2324 440 2489 485 autem
2510 474 2525 497 ,
2556 432 2608 486 in
2630 442 2676 487 te
2698 436 2926 501 speravi,
2960 435 3188 491 Domine.
3222 437 3360 494 Nihil
3387 440 3530 494 salu-

1964 521 2108 576 brius
2133 565 2145 586 ,
2178 523 2307 577 nihil
2326 525 2582 580 securius.
2612 525 2836 583 Volebas
2865 528 3057 583 imitari
3102 529 3281 583 nescio
3326 546 3482 600 quem
3516 574 3529 586 .

1964 615 2209 670 invenisti
2242 616 2389 673 illum
2416 634 2520 673 non
2550 619 2744 674 bonum
2776 638 2790 675 :
2824 621 2948 675 tolle
2976 619 3322 676 imitationem
3374 622 3528 678 hanc.

1962 711 2136 765 Alium
2164 711 2394 782 quaesisti
2421 753 2435 778 ,
2463 712 2642 766 nescio
2670 711 2794 782 quid
2818 712 3084 782 displicuit
3111 730 3123 764 :
3153 719 3362 768 tertium
3383 726 3531 785 quas:

1940 804 2075 859 sisti
2099 846 2113 869 ,
2143 814 2197 860 et
2223 806 2333 875 ipse
2362 820 2464 860 non
2488 805 2682 874 placuit
2712 822 2723 857 :
2753 806 3005 874 numquid
3026 806 3147 876 quia
3166 816 3220 861 et
3246 806 3335 862 ille
3359 816 3415 863 et
3440 807 3532 862 1110
3582 816 3585 817 ⁷

1961 897 2256 968 displicuit,
2284 909 2335 953 et
2365 908 2415 953 tu
2442 899 2677 967 peribis?
2707 899 2856 952 Tolle
2877 898 2944 951 ab
2970 899 3185 955 homine
3214 914 3384 969 spem,
3406 902 3526 969 quia

1960 991 2273 1045 maledictus
2300 993 2473 1045 omnis
2520 992 2609 1060 qui
2654 1006 2801 1060 spem
2843 1006 2990 1045 suam
3023 991 3168 1059 ponit
3212 992 3264 1045 in
3312 991 3527 1047 homine

1961 1082 2170 1151 (Jerem.
2213 1100 2355 1149 xvn,
2406 1084 2484 1154 5).
2529 1085 2583 1138 Si
2631 1084 2859 1138 attendis
2909 1083 3081 1139 adhuc
3122 1084 3425 1150 hominem,
3473 1094 3529 1139 et

1959 1192 2079 1229 eum
2104 1178 2295 1244 qumris
2330 1175 2554 1239 imitari,
2579 1185 2631 1229 et
2668 1191 2731 1229 ex
2760 1176 2850 1229 illo
2877 1176 3140 1243 pendere,
3187 1175 3359 1230 adhuc
3390 1176 3524 1230 lacte

1959 1268 2034 1320 vis
2065 1269 2356 1331 nutriri;et
2382 1268 2475 1321 fies
2500 1270 2973 1335 mammothreptus
2996 1310 3009 1331 ,
3051 1267 3233 1335 quales
3276 1266 3527 1321 dicuntur

1957 1360 2105 1428 pueri
2134 1360 2219 1428 qui
2242 1359 2328 1413 diu
2356 1367 2584 1426 sugunt,
2607 1356 2746 1425 quod
2778 1372 2880 1410 non
2916 1356 3085 1410 decet.
3131 1357 3337 1411 Etenim
3388 1358 3523 1413 lacte

1956 1449 2069 1513 uti,
2103 1458 2345 1519 tanquam
2402 1465 2493 1517 per
2535 1464 2749 1503 carnem
2781 1449 2917 1502 velle
2962 1450 3060 1502 sibi
3090 1449 3265 1502 cibum
3306 1448 3469 1517 trajici
3505 1492 3518 1509 ,

1955 1539 2058 1594 hoc
2097 1540 2231 1594 idem
2263 1549 2343 1595 est
2374 1554 2468 1608 per
2513 1539 2778 1594 hominem
2811 1540 3007 1594 vivere.
3058 1539 3284 1593 ldoneus
3313 1550 3427 1593 esto
3455 1539 3521 1591 ad

1953 1646 2226 1695 mensam,
2262 1632 2383 1685 inde
2410 1646 2539 1701 cape
2560 1632 2699 1685 unde
2728 1630 2817 1687 ille
2840 1630 3014 1699 cepit,
3039 1640 3128 1685 aut
3152 1630 3379 1685 fortasse
3415 1645 3518 1684 non

1953 1726 2111 1794 cepit.
2144 1724 2301 1779 Forte
2323 1725 2521 1778 utiliter
2549 1734 2601 1777 et
2628 1725 2680 1778 in
2708 1723 2901 1777 malum
2929 1722 3154 1777 incidisti
3178 1763 3196 1789 ,
3239 1738 3395 1791 quem
3421 1722 3519 1776 bo-

1952 1828 2075 1867 num
2105 1813 2335 1883 putasti,
2367 1823 2423 1868 ut
2455 1815 2504 1867 in
2536 1813 2698 1867 ubere
2738 1814 2889 1880 quasi
2934 1805 3174 1867 materno
3215 1811 3521 1867 amaritudi-

1952 1920 2071 1959 nem
2100 1905 2395 1969 invenires,
2432 1914 2485 1959 et
2510 1920 2570 1959 ea
2604 1904 2896 1959 offensione
2940 1903 3303 1974 repellereris,
3352 1912 3408 1960 et
3451 1903 3518 1958 ad

1949 1996 2124 2049 cibmn
2158 1995 2462 2050 validiorem
2505 1996 2827 2051 iuvitareris.
2858 1993 3078 2048 Faciunt
3104 1993 3243 2049 enim
3293 1992 3394 2049 hoc
3419 2009 3521 2048 nn-

1949 2088 2105 2141 trices
2132 2087 2586 2156 mammothreptis
2612 2129 2625 2152 ,
2648 2096 2704 2140 111
2726 2086 2898 2154 aliqua
2924 2100 3102 2139 amara
3131 2093 3325 2153 ponant
3352 2084 3405 2139 in
3427 2099 3519 2154 pa-

1948 2180 2085 2249 pillis
2114 2181 2224 2235 suis
2247 2222 2259 2243 ,
2293 2180 2482 2249 quibus
2508 2179 2693 2233 ofl’ensi
2719 2178 2915 2248 parvuli
2941 2178 3007 2231 ab
3037 2177 3199 2231 ubere
3235 2176 3469 2231 resiliant
3496 2218 3511 2240 ,

1946 2278 1999 2323 et
2022 2270 2087 2323 ad
2120 2285 2355 2324 mensam
2399 2270 2618 2324 inhient.
2671 2270 2805 2339 Ergo
2832 2270 3001 2325 dicat:
3048 2269 3153 2340 Ego
3194 2279 3356 2321 autem
3393 2268 3445 2321 in
3471 2278 3517 2322 te

1945 2362 2140 2431 speravi
2164 2404 2177 2427 ,
2206 2360 2449 2422 Domine;
2476 2359 2584 2414 dixi
2607 2376 2624 2413 :
2644 2358 2723 2413 Tu
2748 2377 2799 2414 es
2847 2358 2983 2413 Deus
3007 2376 3162 2414 meus.
3195 2359 3272 2413 Tu
3296 2376 3353 2414 es
3378 2360 3515 2414 Deus

1944 2466 2137 2505 meus:
2184 2451 2397 2507 recedat
2452 2452 2722 2515 Donatus,
2769 2450 2983 2505 recedat
3029 2451 3373 2517 Caecilianus;
3418 2467 3516 2507 nec

1944 2544 2034 2597 ille
2054 2586 2067 2607 ,
2096 2559 2194 2598 nec
2214 2544 2315 2599 iste
2344 2545 2482 2598 Deus
2512 2559 2660 2599 meus
2685 2553 2785 2599 est.
2817 2544 2928 2598 Non
2956 2544 3023 2598 ad
3065 2545 3293 2599 hominis
3320 2559 3512 2599 nomen

1942 2635 2153 2689 ambulo
2177 2676 2192 2700 ,
2224 2635 2419 2689 Christi
2468 2650 2657 2688 nomen
2692 2645 2863 2689 teneo.
2917 2635 3089 2704 Ipsum
3129 2634 3347 2690 Paulum
3392 2634 3511 2688 audi

1942 2723 2206 2778 dicentem
2238 2742 2251 2776 ε
2284 2723 2547 2792 Numquid
2572 2722 2771 2778 Paulus
2794 2742 2883 2795 pro
2906 2724 3042 2777 vobis
3088 2724 3357 2793 cruciﬁxus
3399 2735 3508 2791 est,

1941 2824 2027 2867 aut
2048 2815 2097 2867 in
2125 2814 2323 2867 nomine
2347 2814 2497 2867 Pauli
2518 2815 2755 2883 baptizati
2781 2818 2895 2870 estis
2925 2816 2968 2883 (Ι
2998 2813 3115 2871 Cor.
3140 2831 3181 2882 t,
3215 2816 3339 2876 1517
3383 2817 3513 2872 Per-

1941 2907 2069 2961 irem
2101 2908 2145 2961 si
2196 2922 2369 2963 essem
2395 2909 2462 2963 de
2489 2921 2636 2976 parte
2676 2910 2860 2975 Pauli;
2892 2908 3159 2979 quomodo
3190 2926 3292 2964 non
3344 2926 3507 2981 pereo

1941 2998 1983 3049 si
2015 2996 2161 3051 fuero
2187 2996 2251 3051 de
2277 3009 2425 3066 parte
2458 2999 2643 3053 Donati
2664 2999 2693 3053 ⁸1η
2736 3000 2959 3054 Prorsus
2982 3001 3232 3055 recedant
3284 3000 3509 3058 humana

1940 3090 2185 3157 nomina,
2210 3089 2435 3144 humana
2457 3092 2676 3145 crimina
2699 3133 2716 3158 ,
2745 3092 2971 3147 humana
3023 3092 3287 3163 ﬁgmenta.
3318 3094 3383 3149 In
3424 3105 3472 3149 te
3492 3136 3509 3162 ,

1938 3178 2187 3244 Domine,
2216 3181 2411 3250 speravi
2433 3198 2452 3235 :
2479 3182 2587 3235 dixi
2606 3224 2622 3247 ,
2649 3180 2723 3235 Tu
2753 3198 2804 3235 es
2828 3182 2958 3237 Deus
2990 3200 3144 3237 meus.
3193 3184 3306 3238 Non
3351 3185 3510 3241 homo

1939 3270 2213 3340 quisquam
2240 3313 2253 3335 ,
2282 3272 2373 3326 sed
2404 3281 2456 3325 111
2487 3288 2547 3328 es
2575 3272 2712 3327 Deus
2756 3289 2924 3329 meus.
2959 3273 3106 3329 Unus
3131 3274 3343 3341 deﬁcit,
3374 3272 3509 3331 unus

1938 3364 2145 3431 proﬁcit
2178 3383 2189 3417 :
2224 3365 2363 3419 Deus
2388 3381 2538 3421 meus
2564 3383 2670 3421 non
2698 3366 2906 3433 deﬁcit,
2934 3384 3109 3438 neque
3144 3368 3381 3438 proﬁcit;
3411 3385 3509 3425 nec

1940 3455 2098 3509 habet
2121 3473 2225 3526 quo
2253 3457 2488 3525 proficiat
2517 3458 2801 3526 perfectus,
2834 3474 2932 3514 nec
2958 3459 3116 3518 habet
3135 3461 3275 3516 unde
3302 3461 3510 3516 deﬁciat

1937 3558 2187 3601 mternus.
2219 3547 2338 3607 Dixi
2357 3547 2577 3603 Domino
2596 3565 2614 3602 :
2636 3549 2768 3623 Deus
2793 3567 2929 3615 meus
2944 3566 2995 3605 es
3016 3562 3086 3603 tu.

2010 3639 2092 3692 15.
2125 3634 2272 3708 [vers.
2298 3637 2408 3710 16.]
2436 3639 2501 3692 lu
2549 3640 2777 3693 manibus
2800 3642 2897 3693 tuis
2927 3651 3082 3694 sortes
3111 3658 3234 3696 mea:
3262 3656 3281 3695 :
3320 3658 3425 3696 non
3455 3643 3507 3697 in

1939 3728 2485 3795 manibushominum,
2506 3731 2596 3784 sed
2621 3732 2669 3783 in
2688 3731 2928 3783 manibus
2958 3732 3079 3783 tuis.
3108 3730 3233 3799 Quze
3250 3742 3371 3785 sunt
3394 3731 3509 3787 ista:

1938 3822 2133 3875 sortes?
2148 3838 2309 3889 quare
2323 3822 2519 3876 sortes?
2536 3825 2573 3876 Α
2584 3822 2726 3876 udito
2745 3823 2955 3877 nomine
2969 3825 3206 3887 sortium,
3225 3840 3329 3877 non
3347 3825 3509 3880 debe-

1938 3929 2055 3993 mus
2066 3914 2343 3983 sortilegos
2353 3931 2611 3984 qumrere.
2628 3915 2756 3971 Sors
2776 3915 3034 3970 enimnon
3050 3916 3247 3986 aliquid
3263 3918 3383 3972 mali
3402 3927 3507 3973 est:

1939 3989 2148 4062 sed‘res
2184 4017 2265 4060 est
2303 4008 2354 4061 in
2385 4007 2715 4063 dubitatione
2747 4009 2974 4063 humana
2996 4008 3225 4063 divinam
3269 4009 3511 4067 indicans
3592 3989 3599 3999 ’

1936 4094 2281 4152 voluntatem.
2312 4097 2443 4151 Nam
2474 4106 2527 4152 et
2546 4108 2717 4165 sortes
2741 4099 2998 4153 miserunt
3019 4099 3276 4168 Apostoli,
3298 4101 3509 4171 quando

1937 4189 2099 4245 Judas
2129 4189 2319 4245 tradito
2348 4189 2570 4244 Domino
2594 4191 2765 4260 periit,
2794 4201 2866 4254 et,
2886 4192 3022 4247 sicut
3046 4192 3113 4248 de
3137 4192 3229 4246 illo
3253 4194 3508 4262 scriptum
3566 4196 3575 4207 '

1938 4293 2019 4337 est
2040 4325 2055 4349 ,
2086 4283 2216 4335 Abiit
2240 4283 2292 4335 in
2323 4282 2485 4335 locum
2511 4300 2653 4336 suum
2681 4298 2701 4336 :
2721 4284 2881 4351 carpit
2902 4284 3063 4353 quaeri
3096 4283 3213 4353 quis
3241 4285 3292 4336 in
3332 4283 3507 4337 locum

1939 4373 2053 4442 ejus
2079 4372 2439 4435 ordinaretur,
2464 4373 2616 4427 electi
2648 4384 2770 4427 sunt
2799 4374 2905 4427 duo
2929 4373 3128 4443 judicio
3172 4374 3424 4439 humano,
3455 4383 3509 4427 et

1939 4464 2137 4518 electus
2164 4463 2230 4517 de
2280 4462 2487 4518 duobus
2536 4480 2671 4518 unus
2713 4464 2911 4534 judicio
2957 4464 3138 4518 divino
3169 4482 3183 4519 :
3213 4463 3280 4519 de
3304 4464 3512 4521 duobus

1940 4556 2210 4610 consultus
2237 4565 2319 4611 est
2348 4557 2487 4612 Deus
2510 4598 2522 4619 ,
2555 4574 2834 4627 quemnam
2888 4557 3121 4625 ipsorum
3163 4571 3281 4610 esse
3306 4556 3467 4612 vellet
3491 4599 3508 4621 ,

1940 4658 1985 4702 et
2014 4650 2189 4703 cecidit
2200 4666 2321 4709 sors
2352 4668 2502 4719 super
2542 4652 2789 4705 Mat/tium
2815 4649 2947 4719 (Act.
2975 4664 3012 4714 t,
3038 4648 3151 4719 ‘26).
3178 4646 3311 4715 Quid
3354 4648 3514 4717 igitur

1941 4750 2052 4806 est,
2081 4740 2146 4795 In
2175 4744 2401 4796 manibus
2428 4744 2523 4796 tuis
2548 4752 2703 4795 sortes
2731 4743 2894 4795 ineat?
2922 4742 3117 4807 Sortes,
3142 4740 3271 4795 dixit
3294 4782 3310 4807 ,
3340 4757 3509 4812 quan-

1942 4841 2051 4886 tum
2082 4849 2181 4904 ego
2209 4834 2485 4897 existimo,
2537 4835 2759 4903 gratiam
2814 4849 2911 4902 qua
2961 4833 3089 4886 salvi
3141 4834 3259 4889 facti
3304 4848 3507 4890 sumus.

1942 4923 2115 4991 Quare
2144 4928 2302 4978 sortis
2352 4926 2563 4978 nomine
2591 4924 2819 4993 appellat
2862 4924 3081 4991 gratiam
3132 4924 3261 4978 Dei?
3287 4923 3419 4993 Quia
3457 4926 3509 4980 in

1943 5024 2086 5069 sorte
2112 5032 2217 5069 non
2246 5026 2325 5070 est
2347 5016 2539 5069 electio
2560 5056 2573 5078 ,
2610 5014 2704 5069 sed
2734 5015 2976 5069 voluntas
3008 5016 3120 5070 Dei.
3148 5014 3277 5069 Nam
3314 5016 3400 5070 ubi
3430 5014 3511 5070 di—

1944 5110 2111 5172 citur,
2132 5108 2235 5161 lstc
2266 5107 2404 5172 facit,
2440 5108 2538 5160 iste
2570 5122 2673 5160 non
2702 5106 2843 5169 facit,
2871 5110 3054 5163 merita
3084 5108 3505 5172 considerantur;

1945 5208 1998 5254 et
2024 5200 2108 5253 ubi
2136 5198 2781 5263 meritaconsiderantur,
2822 5200 3012 5255 electio
3041 5210 3159 5266 est,
3201 5217 3306 5256 non
3347 5215 3507 5256 sors:

1944 5288 2154 5360 quando
2179 5298 2352 5343 autem
2386 5290 2523 5343 Deus
2545 5290 2681 5344 nulla
2705 5292 2890 5345 merita
2916 5301 3093 5348 nostra
3116 5293 3335 5355 invenit,
3364 5299 3515 5346 sorte

1946 5380 2230 5433 voluntatis
2256 5394 2365 5433 sum
2386 5395 2481 5433 nos
2502 5382 2676 5435 salvos
2699 5381 2849 5447 fecit,
2878 5384 2997 5453 quia
3028 5384 3227 5447 voluit,
3258 5398 3361 5437 non
3388 5382 3509 5451 quia

1947 5473 2087 5543 digni
2110 5472 2319 5526 luimus.
2349 5472 2472 5527 11ωο
2504 5486 2585 5529 051
2610 5490 2743 5531 sors.
2776 5476 2962 5531 Merito
2989 5478 3161 5531 tunica
3190 5476 3275 5529 illa
3304 5469 3516 5529 Domini

1948 5566 2176 5635 desuper
2201 5574 2338 5620 texta
2363 5565 2537 5637 (Joan.
2585 5584 2674 5621 xix
2698 5610 2712 5632 ,
2740 5568 2833 5637 25)
2855 5608 2870 5634 ,
2904 5584 3019 5638 (ιοω
3050 5567 3309 5638 signiﬁcat
3335 5565 3514 5621 chari-

1951 5659 2071 5711 tatis
2100 5659 2448 5712 :etcrnitatem
2468 5702 2482 5725 ,
2512 5674 2633 5713 cum
2683 5659 2843 5713 dividi
2875 5677 2901 5711 a
2933 5659 3358 5728 persecutoribus
3404 5672 3512 5712 non

1953 5762 2157 5820 posset,
2189 5766 2302 5805 sors
2324 5766 2480 5821 super
2507 5765 2624 5806 eam
2654 5750 2809 5805 missa
2835 5759 2917 5805 est
2943 5766 2953 5801 :
2986 5749 3052 5803 ad
3080 5762 3211 5817 quos
3238 5748 3527 5819 pervenit,
