1994 3094
11 2464 25 2909 l

112 157 165 184 21."

112 222 173 240 rum
186 213 227 240 vix
251 220 378 248 apparent
392 216 470 250 boni,
484 220 604 252 tanquam
623 224 703 251 grana
719 218 744 245 in
765 226 824 246 area
835 240 843 253 ,
864 220 897 247 de

111 260 212 294 quibus
224 265 311 287 tamen
330 263 444 296 purgatis
462 262 554 290 horrea
576 263 700 297 replenda
718 269 779 291 sunt
797 265 898 292 Domini

111 305 224 338 (Manli.
237 313 283 338 ιιι,
302 306 348 337 4‘2;
364 307 426 334 Lut‘.
440 316 476 340 ιιι,
492 308 549 341 i7).
566 308 636 343 Ergo
650 309 717 336 inter
731 309 778 337 hos
790 318 900 344 gemens

110 351 164 377 iste
175 351 213 377 ait
226 360 233 378 :
249 350 356 378 Illustra
367 354 456 387 facient
469 359 535 380 tuam
547 363 621 389 super
631 363 726 381 servum
738 360 817 382 tuum.
829 356 899 383 Con-

110 395 185 423 fusio
199 397 270 423 enim
293 398 414 432 quzedam
433 403 556 432 putatur,
575 407 634 426 cum
648 408 740 427 omnes
757 401 899 428 Christiani

109 442 255 475 dicuntur.
273 448 299 469 et
318 445 362 478 qui
385 444 451 471 bene
475 445 581 477 vivunt,
598 450 624 472 et
640 446 683 479 qui
703 446 770 472 male
789 447 877 472 vivunt
891 467 898 480 ,

109 496 208 516 omnes
222 497 275 516 uno
290 490 444 517 charactere
458 491 608 525 signantur,
619 499 710 518 omnes
719 492 751 518 ad
768 500 845 518 unmn
859 493 898 519 al-

110 538 168 561 tare
179 534 319 567 accedunt,
336 542 428 562 omnes
443 535 534 562 eodem
546 536 673 571 baptismo
684 537 900 569 abluuntur,om-

111 587 160 607 nes
172 580 293 607 eamdem
309 581 453 608 orationem
466 582 623 609 dominicam
635 583 768 616 proferunt
785 602 792 615 ,
808 590 899 609 omnes

111 625 208 652 iisdem
226 626 360 661 mysteriis
379 626 545 654 celebrandis
561 627 700 655 intersunt.
723 627 831 661 Quando
844 628 898 654 dis-

114 675 265 697 cernuntur
280 671 323 704 qui
339 676 463 706 gemant,
475 676 501 699 et
511 680 559 706 pro
574 673 582 687 ¹
595 672 688 707 quibus
701 678 831 708 gematnr,
850 674 898 701 nisi

117 716 234 743 illustret
247 717 292 743 ille
304 717 396 744 faciem
411 725 485 744 suam
499 726 578 752 super
590 726 694 745 servum
710 727 787 745 stium
799 719 809 745 ?
831 719 898 752 Quid

112 767 152 788 est
166 769 248 796 ergo,
278 762 383 789 Illustra
408 763 498 797 faciem
519 768 587 789 luam
602 772 677 797 super
699 772 796 790 servum
809 764 898 789 tuum?

112 808 248 842 Appareat
259 808 318 843 quia
333 809 453 842 pertineo
466 809 497 836 ad
511 814 535 837 te
548 830 554 841 ,
569 817 620 836 nec
634 810 672 836 sic
685 810 755 837 dicat
773 815 800 837 ct
827 810 898 837 chri<

112 853 214 880 stianus
230 853 327 888 impius
336 854 395 888 quia
411 855 524 889 pertinet
538 855 570 881 ad
585 860 619 884 te.
639 863 671 881 ne
685 856 741 882 sine
760 863 837 883 causa
853 856 898 882 tibi

113 899 138 926 in
147 899 201 926 alio
215 900 318 934 psalmo
331 900 443 927 dixerim
457 910 463 927 :
479 900 574 927 Judica
584 910 633 934 me,
647 901 729 934 Deus,
748 907 770 928 et
788 902 899 928 discerne

113 953 215 971 causam
235 953 318 971 nterim
344 945 374 972 de
395 950 465 980 gente
486 954 536 972 non
551 951 636 972 sancta
656 945 741 980 (Psul.
765 954 815 972 an
829 967 835 978 ,
859 947 896 980 1).

113 990 185 1023 Quod
196 990 235 1017 ibi
249 990 332 1023 dixit,
346 990 467 1018 Discerne
480 1000 581 1018 causam
592 1000 690 1023 meam;
704 992 753 1019 hoc
766 992 831 1019 dicit
845 993 897 1024 hic,

112 1035 219 1062 “lustra
233 1035 324 1071 faciem
336 1041 404 1062 luant
425 1044 499 1070 super
510 1045 606 1063 servum
618 1042 696 1063 tuum.
711 1037 743 1064 Et
756 1041 843 1064 tamen
865 1045 898 1064 ne

112 1087 137 1108 et
150 1081 208 1116 ipse
226 1082 379 1116 superbiat,
401 1086 428 1109 et
445 1082 519 1116 quasi
541 1090 569 1109 se
590 1082 736 1117 jirstiﬁcare
756 1083 875 1109 videatur
889 1103 896 1115 ,

112 1127 230 1163 adjungit
240 1148 247 1159 ,
260 1133 285 1155 et
293 1128 330 1154 ait
341 1149 348 1161 ,
363 1127 469 1155 Saluum
484 1137 522 1155 me
539 1129 578 1163 fac
597 1129 623 1154 in
639 1133 682 1154 tua
701 1129 874 1155 misericordia
884 1137 894 1156 .'

111 1175 160 1202 hoc
171 1178 230 1206 est,
251 1182 303 1201 non
324 1175 350 1201 in
370 1182 427 1202 mea
447 1174 546 1209 jnstitia
557 1196 563 1206 ,
580 1182 633 1201 non
651 1175 675 1201 in
691 1175 757 1201 meis
773 1175 873 1201 meritis
885 1195 893 1208 ,

110 1219 155 1246 sed
168 1220 195 1246 in
208 1225 252 1247 tua
266 1221 436 1248 misericordia
447 1230 456 1253 ,-
468 1229 520 1248 non
531 1220 591 1255 quia
603 1228 651 1255 ego
662 1228 719 1247 smn
735 1220 838 1255 dignus,
850 1221 897 1247 sed

109 1267 168 1301 quia
180 1271 209 1293 tu
221 1267 374 1294 misericors
386 1274 424 1293 es.
437 1266 493 1293 Noli
510 1274 552 1293 me
564 1266 655 1293 audire
670 1266 813 1293 secundum
827 1266 897 1300 judi-

109 1313 220 1340 ciariam
242 1313 409 1341 severitatem
422 1334 428 1346 ,
456 1313 502 1340 sed
518 1312 664 1340 secundum
681 1312 897 1338 misericordissi-

110 1367 179 1386 mam
195 1359 350 1386 bonitatem.
366 1358 471 1385 Salvum
483 1367 521 1384 me
534 1360 573 1393 fac
584 1359 610 1384 in
622 1363 664 1384 tua
674 1357 855 1383 misericordia.

141 1404 168 1431 ι.
183 1402 261 1439 [rem
275 1402 330 1439 i8.]
347 1402 462 1436 Domine,
471 1411 520 1428 non
530 1402 680 1437 confundar,
693 1402 809 1436 quoniam
822 1401 895 1428 int/oo

109 1450 159 1476 cavi
173 1454 198 1476 te
215 1456 224 1476 :
241 1456 363 1484 magnam
379 1456 484 1476 causam
500 1448 574 1481 dixit,
591 1447 650 1474 Non
663 1447 817 1483 confundar,
835 1456 897 1482 quo-

110 1495 174 1521 niam
185 1495 298 1521 invocavi
309 1499 342 1521 te.
357 1494 401 1521 Vis
413 1499 440 1520 ut
453 1493 628 1521 confundatur
645 1494 688 1527 qui
702 1493 831 1520 invocavit
851 1493 896 1520 te?

111 1540 152 1567 Vis
165 1545 195 1567 ut
209 1540 314 1567 dicatur
327 1549 333 1566 :
350 1539 399 1567 Ubi
414 1540 496 1566 estde
509 1547 560 1574 quo
572 1539 759 1574 prmsumpsit?
773 1538 836 1571 Quis
849 1546 896 1565 au-

110 1590 159 1612 tem
181 1585 262 1612 etiam
287 1585 403 1619 ipsorum
430 1585 569 1619 impiorum
594 1592 646 1610 non
671 1584 775 1610 invocat
796 1585 895 1611 Deum?

110 1630 161 1658 Nisi
175 1637 241 1666 ergo
255 1630 362 1665 proprio
377 1630 455 1657 modo
470 1630 582 1665 quodam
598 1630 708 1662 diceret,
724 1629 840 1656 Inuocaui
855 1635 893 1661 te,

108 1677 149 1711 qui
164 1684 219 1704 non
233 1676 316 1711 possit
330 1676 477 1703 communis
492 1683 551 1703 esse
565 1683 624 1702 cum
640 1676 736 1708 multis,
753 1676 825 1702 nullo
836 1684 895 1702 mo-

110 1722 141 1749 do
155 1722 190 1749 de
205 1722 256 1749 hac
270 1722 435 1748 invocatione
449 1726 548 1748 tantam
562 1721 709 1748 mercedem
720 1721 828 1748 auderet
841 1721 895 1748 exi—

109 1775 179 1803 gere.
197 1767 381 1802 Rcspondcret
391 1767 460 1794 enim
476 1766 511 1793 illi
528 1767 596 1793 Deus
607 1766 800 1802 quodammodo
815 1767 839 1792 in
851 1774 896 1793 co-

109 1815 244 1850 gitatione,
260 1819 287 1841 et
302 1814 401 1841 diceret
417 1822 423 1840 :
440 1813 506 1846 Quid
517 1820 531 1839 a
547 1820 588 1839 me
599 1813 666 1847 petis
679 1817 706 1838 ut
720 1820 771 1839 non
785 1812 896 1839 confun.

110 1860 201 1887 daris?
220 1858 328 1893 Quare?
348 1859 414 1893 Quia
435 1859 561 1885 invocasti
585 1859 644 1885 me?
665 1858 757 1885 Nonne
780 1858 896 1893 quotidie

110 1906 248 1938 homines,
264 1910 294 1932 ut
307 1906 432 1940 impleant
455 1905 521 1932 forte
539 1904 666 1931 adulteria
690 1912 747 1939 quin
770 1904 895 1939 concupi-

109 1957 194 1984 scunt,
209 1952 335 1979 invocant
346 1951 405 1978 me?
420 1958 507 1978 nonne
522 1950 639 1985 quotidie
653 1950 783 1983 homines,
798 1954 825 1976 ut
840 1957 896 1976 mo-

109 1999 211 2026 riantur
229 1998 267 2025 illi
287 2004 301 2024 a
316 1998 411 2032 quibus
424 2000 579 2031 exspectant
600 1995 797 2027 haxrcditatcm,
820 1996 895 2022 invo-

109 2049 169 2071 cant
182 2044 244 2071 me?
259 2050 347 2070 nonne
358 2042 473 2078 quotidie
488 2042 607 2068 homines
623 2042 666 2076 qui
686 2041 804 2068 fraudem
824 2041 896 2075 cogi-

111 2094 176 2121 tant,
190 2094 220 2116 ut
230 2079 288 2116 eam
304 2096 430 2123 prospero
443 2088 517 2115 exitu
532 2087 690 2121 compleant,
705 2087 826 2113 invocant
837 2087 896 2113 me?

109 2134 176 2168 Quid
192 2141 257 2169 ergo
270 2139 312 2161 est
323 2134 392 2169 quod
406 2141 454 2168 pro
466 2140 556 2168 magna
573 2132 694 2159 mercede
708 2133 800 2166 exigis,
816 2137 843 2158 ut
853 2132 896 2158 di—

109 2189 154 2207 cas
170 2189 177 2206 ε
200 2180 259 2207 Non
276 2180 558 2215 confundar,quoniam
574 2179 686 2205 invocavi
705 2179 750 2204 te?
774 2179 897 2205 invocant

109 2226 215 2261 quidem
236 2226 291 2258 illi,
317 2224 363 2251 sed
388 2233 438 2251 non
462 2225 585 2251 invocant
607 2228 641 2250 to.
669 2223 775 2250 lnvocas
795 2223 894 2255 Deum,

61 2299 65 2304 _
109 2271 215 2306 quando
227 2271 251 2298 in
265 2276 289 2297 te
303 2278 381 2297 vocas
396 2270 486 2297 Deum.
503 2270 558 2296 lloc
569 2275 608 2296 est
622 2269 691 2296 enim
706 2270 777 2295 illum
792 2269 898 2296 invoca-

110 2325 149 2349 re,
163 2317 237 2344 illum
254 2317 281 2344 in
295 2321 320 2343 te
332 2324 436 2348 vocare,
448 2316 563 2351 quodam
582 2315 659 2341 modo
672 2323 731 2341 eum
748 2315 773 2341 in
789 2315 895 2342 domum

108 2363 198 2391 cordis
207 2363 243 2390 lui
255 2363 376 2389 invitare.
390 2362 446 2389 Non
459 2367 545 2389 autem
557 2361 668 2388 auderes
682 2365 781 2387 tantum
795 2366 895 2395 patroni

110 2410 225 2436 familias
239 2410 368 2441 invitare,
390 2409 438 2435 nisi
454 2416 545 2435 nosses
562 2408 585 2435 ei
607 2408 783 2434 habitaculum
798 2415 898 2442 praepa-

110 2464 179 2483 rare.
194 2455 220 2483 Si
232 2456 302 2483 enim
317 2456 361 2482 tibi
376 2455 445 2481 dicat
460 2455 527 2481 Deus
542 2463 548 2480 :
567 2454 634 2482 Ecce
648 2454 772 2481 invocasti
789 2462 840 2486 me,
852 2461 897 2480 ve-

109 2503 155 2528 nio
167 2502 198 2528 ad
209 2507 244 2532 te.
254 2510 306 2536 quo
321 2501 422 2528 intrabo
432 2501 443 2526 ?
455 2500 553 2528 Tantas
563 2500 655 2527 sordes
669 2500 835 2526 conscientire
847 2503 898 2525 tua:

109 2547 269 2575 sustinebo?
285 2547 314 2574 Si
332 2554 435 2573 servum
451 2554 537 2573 meum
559 2546 583 2572 in
599 2546 706 2573 domum
723 2550 792 2571 tuam
808 2544 898 2571 invita-

109 2601 165 2626 res,
185 2601 273 2620 rionne
288 2592 360 2627 prius
374 2600 431 2619 eam
452 2592 578 2618 mundare
591 2591 719 2619 curares?
735 2591 841 2617 invocas
855 2599 897 2618 me

109 2639 136 2665 in
159 2647 205 2666 ror
217 2644 290 2666 tuum
303 2659 311 2670 ,
336 2643 363 2665 et
381 2638 488 2673 plenum
503 2642 544 2664 est
564 2637 672 2672 rapinis.
687 2637 744 2671 Quo
763 2637 898 2664 invocatur

109 2687 181 2713 Deus
195 2685 299 2719 plenum
312 2688 353 2711 est
367 2683 545 2718 blasphemiis,
559 2683 665 2718 plenum
686 2687 727 2709 est
738 2682 873 2709 adulteriis
885 2702 894 2716 ,

107 2733 217 2766 plenum
232 2734 274 2757 est
288 2729 433 2762 fraudibus,
445 2729 552 2764 plenum
566 2732 606 2755 est
624 2728 700 2755 malis
712 2728 897 2762 concupiscen-

106 2778 170 2809 tiis,
184 2781 210 2803 et
224 2776 335 2803 invocas
354 2775 413 2802 me!
434 2775 472 2802 De
486 2774 581 2807 talibus
593 2773 707 2809 denique
719 2773 781 2808 quid
795 2772 833 2800 ait
846 2772 898 2800 alio

106 2825 172 2852 loco
185 2822 321 2858 psalnms?
334 2821 473 2856 ﬂaminum
488 2829 537 2848 non
550 2820 722 2848 invocaverunt
735 2819 819 2857 (Paul.
832 2827 878 2847 xm
889 2840 895 2852 ,

143 2901 152 2916 ³
167 2903 228 2930 uss,
241 2905 256 2923 a
266 2898 358 2930 qubus.

666 160 862 190 ENARRATIO
881 163 914 192 lN
933 163 1090 195 PSALMUM
1109 168 1190 196 XXX.

1683 180 1736 207 250

954 223 980 255 5,
991 228 1014 251 et
1022 233 1065 257 ιιι,
1074 225 1112 260 6).
1124 226 1252 262 Etutique
1263 228 1456 265 invocaverunt,
1470 241 1518 261 nec
1532 222 1617 263 tamen
1631 234 1736 263 invoca-

952 271 1190 305 veruutaBreviler
1203 274 1277 305 dico.
1294 277 1415 309 quoniam
1432 284 1491 306 nata
1505 285 1545 307 est
1564 287 1690 315 quarstio.
1707 288 1735 308 Ill

955 319 1052 342 tantam
1076 318 1223 345 mercedem
1238 320 1324 355 exigat
1344 321 1421 349 homo
1435 324 1551 359 allegatis
1564 334 1643 352 unum
1662 328 1732 353 meri

954 365 1007 388 tum
1018 382 1024 393 ,
1039 362 1150 390 dicendo
1160 384 1167 395 ,
1180 365 1237 398 quia
1252 366 1363 394 invocavi
1378 373 1418 401 te;
1431 377 1489 396 cum
1506 371 1641 399 videamus
1654 380 1667 399 a
1682 378 1733 400 lant

953 407 1041 434 multis
1054 409 1129 436 malis
1144 410 1257 437 invocari
1274 412 1354 439 Deum
1366 434 1373 445 ,
1388 418 1448 441 nata
1461 420 1502 442 est
1515 418 1626 451 quasstio
1643 426 1649 443 :
1667 419 1735 446 unde

953 461 1004 480 non
1017 456 1202 483 transeundum
1217 462 1266 484 est.
1280 458 1342 485 Dico
1355 466 1418 494 ergo
1432 460 1545 489 breviter
1560 462 1658 489 homini
1669 472 1732 490 ara-

953 506 983 524 ro
995 507 1001 524 :
1019 499 1125 527 lnvocas
1141 501 1220 528 Deum
1231 503 1241 529 ?
1253 503 1339 536 Quare
1350 505 1456 532 invocas
1469 507 1548 534 Deum
1560 508 1571 535 ?
1586 508 1617 536 Ut
1630 509 1675 536 det
1690 511 1734 537 mi-

952 542 978 569 hi
993 544 1103 572 lucrum.
1116 545 1228 574 Lucrum
1242 550 1427 583 ergoinvocas.
1441 560 1491 579 non
1504 553 1595 580 Deum.
1607 554 1671 588 Quia
1683 555 1733 583 huc

953 589 1051 616 lucrum
1067 591 1135 625 quod
1150 594 1322 627 concupiscis,
1338 603 1389 623 non
1407 602 1480 631 potes
1504 599 1600 627 habere
1616 609 1661 634 per
1675 609 1734 628 ser-

952 643 1012 662 vmn
1026 641 1107 670 tuum,
1123 645 1174 665 non
1188 644 1263 674 potes
1277 641 1373 669 habere
1387 650 1435 677 per
1448 644 1570 672 colonum
1586 651 1667 678 tuum,
1686 655 1733 681 per

952 681 1072 708 clientem
1091 688 1179 715 tuum,
1202 693 1250 720 per
1273 687 1386 715 amicum
1412 693 1482 716 tuum
1496 711 1503 723 ,
1528 698 1575 725 per
1595 688 1733 720 satellitem

954 731 1041 759 Innm;
1055 728 1160 755 invocas
1172 729 1263 763 Deum,
1276 732 1424 760 ministrum
1437 734 1500 762 lucri
1513 736 1548 762 tui
1564 735 1629 763 facis
1640 737 1731 764 Deum:

953 772 1026 799 viluit
1048 773 1093 800 tibi
1111 774 1187 802 Deus.
1204 775 1250 803 Vis
1265 776 1387 806 invocare
1408 779 1507 807 Deum?
1529 781 1615 808 Gratis
1631 783 1732 809 invoca.
1759 775 1761 778 ’

951 818 1050 849 Avare,
1067 826 1098 845 an
1122 827 1212 853 parum
1228 826 1268 848 est
1283 822 1327 849 tibi
1339 844 1346 855 ,
1369 824 1390 850 si
1413 829 1437 851 te
1452 825 1559 860 impleat
1576 827 1632 861 ipse
1648 827 1734 854 Deus?

951 862 1021 889 Deus
1032 863 1054 890 si
1067 864 1099 891 ad
1113 868 1137 891 te
1151 866 1237 893 veniat
1254 867 1311 894 sine
1330 875 1394 896 auro
1407 874 1433 896 ct
1447 876 1564 905 argento,
1579 880 1631 899 non
1647 873 1687 900 vis
1701 874 1734 900 il-

950 906 1002 934 lum
1012 907 1023 934 ?
1033 908 1099 941 Quid
1113 917 1175 944 ergo
1186 911 1230 938 tibi
1245 911 1278 939 de
1293 912 1334 940 his
1344 921 1402 948 qua:
1416 914 1477 942 fecit
1492 916 1560 943 Deus
1574 917 1679 950 sufﬁcit,
1692 919 1733 945 cui

951 953 1020 980 Deus
1039 954 1095 988 ipse
1114 963 1166 982 non
1182 956 1295 984 sufﬁcit?
1314 959 1406 987 Merito
1424 968 1486 995 ergo
1505 967 1579 996 rogat
1599 963 1656 995 iste,
1674 963 1734 990 Non

950 999 1101 1034 confundor,
1115 1002 1233 1034 quoniam
1252 1003 1363 1030 invocavi
1386 1009 1418 1032 te.
1433 1005 1555 1033 lnvocate
1575 1007 1732 1041 Dominum,

950 1043 1064 1078 fratres,
1087 1046 1109 1072 si
1131 1054 1183 1073 non
1200 1047 1279 1076 vultis
1298 1049 1434 1077 confundi.
1456 1049 1644 1079 Confusionem
1663 1053 1733 1080 enim

950 1088 1099 1123 quamdam’
1111 1091 1184 1118 timet
1208 1092 1267 1125 iste,
1281 1093 1315 1121 de
1329 1102 1378 1129 qua
1399 1095 1424 1122 in
1445 1097 1624 1131 superioribus
1638 1098 1733 1125 Psalmi

950 1133 1052 1162 locutus
1065 1140 1105 1162 est
1120 1135 1168 1163 :Irt
1184 1142 1216 1169 te,
1235 1135 1353 1172 Domine,
1365 1141 1473 1175 speravi,
1492 1150 1541 1169 non
1554 1143 1697 1178 confundor
1707 1144 1734 1170 in

949 1185 1078 1207 internum.
1098 1181 1162 1208 Nam
1178 1187 1206 1209 nt
1228 1184 1316 1211 sciatis
1330 1186 1390 1219 quia
1405 1186 1482 1213 istam
1498 1187 1678 1226 confusionem
1699 1190 1733 1215 ti-

948 1230 1018 1256 met.
1040 1227 1102 1261 quid
1120 1227 1235 1261 addidit,
1250 1236 1310 1256 cum
1324 1230 1452 1263 dixisset,
1472 1231 1532 1259 Non
1554 1234 1696 1268 confundar
1707 1234 1733 1260 in

948 1275 1077 1304 internum,
1088 1273 1206 1306 quoniam
1216 1274 1327 1300 invocavi
1338 1279 1360 1301 te
1370 1275 1382 1302 .7
1392 1275 1549 1303 Erubescant
1561 1278 1642 1312 impii,
1656 1283 1678 1304 et
1689 1278 1734 1304 de-

949 1314 1071 1342 ducantur
1077 1317 1102 1343 in
1109 1317 1234 1351 infernum
1245 1328 1251 1346 :
1260 1319 1413 1347 confusione
1420 1321 1507 1356 utique
1514 1322 1555 1348 illa
1563 1322 1587 1348 in
1594 1327 1731 1350 aeternum.

983 1361 1008 1388 5.
1031 1360 1105 1397 [uers.
1121 1362 1176 1398 19.]
1192 1363 1266 1389 Muta
1279 1365 1416 1399 efﬁciantur
1428 1366 1494 1392 labia
1511 1366 1607 1399 dolosa,
1623 1375 1679 1402 quia
1691 1368 1732 1396 lo-

947 1411 1057 1439 quuntur
1066 1407 1184 1434 adversus
1192 1408 1291 1444 justum
1302 1410 1467 1444 iniquitatem,
1476 1412 1502 1438 in
1516 1413 1631 1447 superbia
1643 1418 1666 1440 et
1676 1422 1732 1440 εοη-

948 1455 1051 1485 (emptu.
1065 1452 1156 1480 Justus
1168 1453 1217 1481 iste
1231 1454 1350 1482 Christus
1363 1460 1404 1483 est
1419 1465 1425 1483 :
1442 1457 1523 1483 multa
1535 1457 1601 1496 labia
1612 1458 1727 1493 laquun-

948 1500 990 1522 tur
1003 1496 1128 1525 adversus
1143 1506 1203 1526 eum
1217 1499 1381 1534 iniquitatem
1393 1501 1419 1528 in
1434 1502 1556 1536 superbia
1571 1507 1598 1530 et
1609 1509 1731 1532 contem-

948 1547 1004 1577 ptu.
1019 1544 1105 1577 Quare
1123 1545 1149 1571 in
1167 1546 1288 1580 superbia
1304 1551 1332 1574 et
1345 1549 1518 1583 contemptu?
1533 1549 1598 1582 Quia
1611 1554 1730 1578 contem-

947 1589 1044 1623 ptibilis
1058 1591 1177 1625 superbis
1189 1593 1320 1628 apparuit,
1334 1595 1377 1629 qui
1391 1599 1443 1622 tam
1455 1595 1562 1623 humilis
1575 1598 1654 1624 venit.
1670 1598 1729 1625 Non

948 1636 987 1662 vis
1000 1640 1031 1663 ut
1044 1642 1228 1665 contemnatur
1239 1639 1272 1666 ab
1287 1639 1325 1666 eis
1338 1640 1382 1674 qui
1394 1640 1509 1668 honores
1518 1647 1617 1675 amant,
1632 1643 1675 1670 ille
1686 1644 1729 1678 qui

948 1686 1033 1709 tantas
1046 1684 1219 1711 contumelias
1234 1685 1352 1720 accepit?
1371 1685 1427 1713 Non
1450 1687 1491 1714 vis
1506 1692 1534 1714 ut
1546 1693 1731 1716 contemnatur

947 1726 979 1753 ab
992 1726 1033 1755 his
1048 1728 1091 1762 qui
1114 1736 1161 1763 pro
1182 1736 1277 1764 magno
1298 1730 1396 1758 habent
1418 1732 1495 1759 istam
1519 1734 1610 1767 vitam,
1627 1734 1670 1761 ille
1684 1736 1728 1770 qui

947 1778 1065 1800 mortuus
1078 1774 1136 1800 est?
1149 1774 1206 1802 Non
1221 1775 1260 1802 vis
1270 1781 1299 1803 ut
1310 1781 1493 1805 contemnatur
1505 1778 1538 1806 ab
1550 1780 1588 1807 eis
1598 1780 1642 1814 qui
1655 1782 1728 1815 quasi

948 1818 1124 1847 damnationis
1143 1825 1256 1848 mortem
1275 1823 1361 1850 crucis
1371 1824 1379 1839 ¹
1395 1827 1500 1859 turpem
1512 1830 1613 1859 putant,
1628 1826 1671 1852 ille
1686 1828 1730 1861 qui

948 1864 1089 1891 crucifixus
1102 1866 1163 1892 est?
1183 1865 1239 1893 Non
1255 1867 1296 1894 vis
1317 1873 1345 1894 ut
1358 1873 1542 1896 contemnatur
1558 1877 1572 1896 a
1592 1870 1729 1902 divitibus,

948 1909 992 1936 ille
1003 1909 1047 1944 qui
1060 1917 1201 1944 pauperem
1214 1912 1294 1938 vitam
1312 1913 1393 1946 gessit
1408 1913 1433 1940 in
1454 1914 1552 1941 mundo
1562 1936 1569 1948 ,
1586 1923 1644 1942 cum
1660 1921 1732 1943 esset

948 1960 1051 1982 creator
1064 1956 1174 1983 mundi?
1188 1957 1281 1984 Omnia
1296 1958 1345 1985 ista
1356 1967 1414 1994 qua:
1426 1965 1515 1986 amant
1528 1960 1658 1994 homines,
1670 1963 1730 1997 quia

948 2000 1032 2027 noluit
1048 2001 1091 2028 illa
1106 2001 1202 2029 habere
1214 2002 1334 2031 Christus
1344 2025 1351 2037 ,
1367 2009 1395 2032 ut
1407 2013 1459 2032 non
1473 2005 1594 2034 habendo
1607 2008 1731 2036 ostende-

948 2050 989 2073 ret
1007 2048 1210 2081 contemnenda,
1231 2056 1282 2075 non
1297 2050 1356 2084 quia
1371 2050 1396 2077 in
1417 2056 1544 2084 potestate
1566 2060 1618 2080 non
1642 2053 1731 2081 habuit

948 2093 1124 2127 possidenda;
1140 2101 1232 2122 omnes
1250 2095 1293 2130 qui
1308 2101 1398 2123 amant
1418 2097 1475 2125 hmo
1486 2118 1493 2131 ,
1509 2103 1681 2126 contemnunt
1699 2100 1731 2127 il-

949 2138 1013 2166 lum.
1026 2139 1058 2166 Et
1067 2140 1225 2175 quicumque
1233 2141 1344 2169 voluerit
1353 2149 1489 2170 servorum
1501 2144 1557 2179 ejus
1567 2146 1640 2179 sequi
1651 2147 1731 2173 vesti-

947 2185 989 2219 gia
1002 2185 1093 2219 ipsius,
1107 2190 1135 2212 ut
1147 2186 1263 2213 ambulet
1273 2192 1299 2214 et
1313 2187 1369 2222 ipse
1384 2188 1408 2214 in
1423 2196 1453 2216 ea
1468 2189 1623 2222 lmmilitate,
1640 2191 1665 2217 in
1681 2199 1731 2226 qna

936 2230 1039 2257 ‘didicit
1066 2231 1215 2258 ambulasse
1240 2232 1378 2259 Dominum
1403 2241 1490 2267 suum,
1516 2236 1692 2262 contemnitur
1705 2237 1730 2263 in

948 2275 1054 2302 Christo
1078 2277 1152 2310 quasi
1177 2273 1323 2304 membrum
1344 2279 1440 2306 Christi
1458 2288 1464 2305 :
1479 2284 1504 2306 et
1526 2287 1586 2306 cum
1609 2286 1686 2315 caput
1705 2286 1732 2309 et

949 2322 1065 2348 membra
1076 2327 1290 2356 contemnuntur,
1303 2328 1371 2350 totus
1385 2324 1441 2358 ipse
1453 2324 1574 2352 Christus
1583 2327 1732 2353 contemni-

950 2370 1002 2398 tur,
1018 2366 1077 2401 quia
1093 2371 1162 2394 lotus
1173 2368 1229 2402 ipse
1239 2368 1326 2403 justus
1334 2374 1379 2396 est
1391 2363 1469 2403 caput
1481 2373 1507 2396 et
1519 2377 1624 2406 corpus.
1640 2372 1672 2398 Et
1683 2380 1731 2399 ne-

949 2418 1023 2438 cesse
1034 2416 1074 2438 est
1087 2416 1115 2439 ut
1126 2417 1310 2440 contemnatur
1326 2418 1395 2441 totus
1410 2414 1465 2449 ipse
1477 2415 1596 2444 Christus
1609 2425 1622 2443 a
1637 2417 1732 2453 Super-

953 2456 993 2483 bis
1003 2463 1029 2484 et
1042 2456 1138 2491 impiis,
1157 2463 1185 2484 ut
1199 2458 1244 2484 fiat
1259 2458 1310 2485 illis
1323 2458 1392 2493 quod
1407 2459 1502 2486 dicitur
1517 2469 1524 2487 :
1539 2461 1611 2488 Muta
1622 2463 1732 2497 efﬁci/m-

950 2506 990 2528 tur
1009 2502 1074 2529 labia
1093 2504 1196 2536 dolosa,
1216 2511 1273 2538 qum
1294 2503 1430 2539 [equitatur
1442 2505 1559 2533 adversus
1570 2508 1668 2542 justum
1682 2510 1732 2535 ini-

949 2550 1076 2584 quitatem,
1092 2549 1117 2575 in
1132 2549 1247 2584 superbia
1255 2553 1280 2576 ’et
1296 2555 1448 2585 contemptu.
1464 2551 1574 2584 Quando
1585 2554 1734 2582 afﬁcientur

950 2599 1020 2622 muta
1035 2595 1102 2622 labia
1115 2595 1185 2622 ista?
1200 2595 1228 2622 ln
1247 2595 1298 2623 hoc
1311 2597 1428 2623 sarculo?
1446 2597 1585 2633 Nunquam
1595 2600 1617 2626 ².
1639 2600 1732 2634 Quoti-

950 2641 994 2669 die
1017 2641 1132 2669 clamant
1154 2646 1246 2669 contra
1269 2642 1445 2676 Christianos,
1465 2644 1579 2672 maxime
1605 2645 1733 2678 humiles;

950 2688 1068 2724 quotidie
1077 2687 1269 2722 blasphemant,
1281 2689 1396 2724 quotidie
1406 2689 1503 2717 latrant
1514 2699 1520 2718 :
1532 2696 1628 2725 augent
1637 2692 1732 2726 linguis

951 2734 1006 2762 suis
1019 2741 1122 2770 pinnas,
1136 2734 1231 2770 quibus
1242 2735 1310 2770 apud
1324 2735 1424 2763 inferos
1437 2736 1536 2770 sitiant,
1548 2742 1575 2765 et
1588 2745 1661 2772 aqum
1676 2738 1731 2765 stil-

983 2834 990 2849 ¹
1005 2837 1061 2860 Vox.
1072 2840 1158 2863 crucis,
1171 2841 1217 2859 non
1227 2839 1346 2865 reperitur
1357 2836 1380 2859 in
1393 2838 1445 2860 Mss.

982 2865 991 2880 ²
1003 2866 1071 2889 (ξω-ι).
1088 2869 1127 2890 Ms.
1145 2872 1158 2890 a
1177 2867 1282 2891 secunda
1299 2873 1370 2891 manu
1391 2867 1470 2898 habet,
1487 2865 1510 2892 in
1528 2867 1570 2893 hoc
1593 2867 1679 2894 seculo
1690 2874 1731 2892 ne-

952 2902 1030 2928 quam.
