3988 6188
499 322 603 383 251

500 439 607 496 lam
643 438 758 494 sine
783 448 939 492 causa
967 432 1287 489 desiderent.
1329 427 1443 487 Non
1472 443 1600 500 ergo
1625 440 1764 485 nunc
1788 437 1932 482 muta
1958 423 2068 480 el'ﬁc

502 530 715 586 ciuntur
731 527 864 582 labia
886 527 1128 579 istorum.
1152 522 1257 579 Sed
1282 522 1528 595 quando?
1551 518 1773 588 Quaddo
1789 518 2068 574 traducent

500 636 593 677 eos
628 636 692 674 ex
714 618 940 672 adverso
970 616 1269 687 iniquitates
1297 629 1515 679 eorum;
1551 614 1680 668 sicut
1709 612 1896 667 dicitur
1924 611 1975 665 in
2005 610 2066 664 li-

500 713 594 769 bro
616 709 897 781 Sapientia:
925 727 938 764 :
965 707 1110 763 Tunc
1134 707 1332 763 stabunt
1349 708 1477 776 justi
1505 707 1558 759 in
1580 721 1762 775 magna
1783 702 2065 758 constantia

424 843 429 849 .
503 801 739 855 adversus
763 816 846 854 eos
874 800 956 869 qui
980 816 1034 854 se
1054 807 1462 871 angustaoerunt.
1485 795 1627 851 Tunc
1655 797 1817 851 dicent
1835 794 1912 849 illi
1942 810 1961 848 :
1990 792 2064 848 Hi

494 898 612 946 sunt
637 905 761 959 quos
788 889 1059 960 aliquando
1083 888 1348 943 habuimus
1366 888 1600 943 inrisum
1629 896 1675 942 et
1696 890 1750 940 in
1769 885 2063 941 similitudi-

498 996 608 1034 nem
621 980 927 1052 improperii.
953 979 1214 1048 Quomodo
1232 979 1507 1049 computati
1520 988 1635 1033 sunt
1652 978 1781 1031 inter
1795 977 1928 1046 ﬁlios
1942 973 2059 1041 Dei,

492 1082 540 1125 et
574 1071 703 1127 inter
724 1082 921 1128 sanctos
950 1088 1059 1126 sors
1092 1072 1293 1125 illorum
1322 1069 1432 1125 est?
1465 1067 1576 1123 Nos
1607 1069 1872 1132 insensati,
1908 1068 2060 1122 vitam

493 1142 699 1216 illorum
722 1161 1090 1216 mstimabamus
1115 1162 1363 1216 insaniam
1384 1160 1536 1231 (Sap.
1568 1176 1619 1227 ν,
1656 1157 1781 1231 ιοῦ).
1810 1158 1955 1212 Tunc
1982 1156 2061 1213 ef,-

496 1250 738 1306 licientur
761 1250 899 1306 labia
935 1266 1120 1307 eorum
1148 1260 1289 1305 muta
1309 1292 1325 1316 ,
1355 1250 1443 1321 qui
1488 1250 1771 1320 loquuntur
1810 1247 2061 1302 adversus

488 1342 691 1412 justum
732 1344 1082 1414 iniquitatem,
1109 1344 1161 1399 in
1189 1343 1431 1414 superbia
1452 1352 1505 1398 et
1523 1342 1576 1399 in
1605 1339 2061 1433 contemptu.bio-

492 1435 562 1490 do
577 1436 716 1490 enim
746 1435 928 1491 dicunt
949 1436 1101 1491 nobis
1129 1452 1146 1492 :
1176 1435 1274 1491 Ubi
1290 1445 1372 1491 est
1388 1435 1528 1490 Deus
1543 1434 1755 1489 vester?
1774 1431 1906 1499 Quid
1924 1430 2055 1485 coli-

495 1528 600 1583 tis?
626 1527 763 1596 Quid
790 1528 1015 1584 videtis?
1039 1528 1299 1595 Creditis,
1326 1536 1381 1584 et
1413 1528 1661 1583 laboratis
1692 1542 1706 1580 :
1747 1535 1947 1582 certum
1973 1530 2057 1579 est

492 1619 632 1687 quod
671 1619 952 1688 laboratis,
984 1621 1240 1675 incertum
1268 1630 1349 1675 est
1377 1619 1515 1691 quod
1555 1618 1799 1689 speratis.
1834 1615 2057 1685 Quando

488 1711 694 1765 venerit
719 1720 919 1768 certum
949 1712 1090 1782 quod
1114 1726 1407 1782 speramus,
1437 1719 1582 1767 muta
1600 1709 1895 1766 eiﬁcientur
1917 1707 2055 1764 labia

490 1799 694 1856 dolosa.

559 1893 611 1947 6.
646 1891 792 1965 [νει-ε.
813 1891 931 1968 20.]
958 1895 1185 1951 Proinde
1205 1894 1324 1951 vide
1343 1894 1466 1966 quid
1484 1894 1741 1965 sequitur,
1762 1893 1882 1963 quia
1909 1903 2052 1946 muta

490 1982 789 2040 el‘ﬁcientur
827 1986 963 2043 labia
990 1987 1194 2053 dolosa,
1222 2001 1341 2057 qua:
1378 1987 1664 2056 loquuntur
1687 1982 1940 2039 adversus
1961 1981 2054 2051 ju—

485 2085 626 2132 stum
653 2079 1003 2149 iniquitatem,
1029 2082 1080 2136 in
1107 2081 1352 2151 superbia
1377 2088 1431 2135 et
1456 2086 1782 2148 contemptu.
1815 2075 2054 2131 Attendit

475 2162 586 2224 iste
613 2171 700 2240 qui
725 2174 802 2226 sic
826 2172 1011 2243 gemit,
1044 2173 1175 2227 vidit
1199 2172 1333 2228 bona
1362 2172 1454 2227 Dei
1486 2172 1627 2226 intus
1666 2171 1717 2224 in
1746 2169 1955 2239 spiritu,
1984 2167 2052 2221 vi-

484 2261 563 2316 dit
602 2254 715 2319 ltzec
739 2264 876 2320 bona
904 2282 1025 2336 quae
1052 2267 1104 2321 in
1143 2267 1351 2321 occulto
1373 2265 1635 2333 videntur,
1664 2264 1756 2320 sed
1784 2264 1851 2319 ab
1877 2263 2052 2332 impiis

484 2367 589 2407 non
628 2354 892 2410 videntur.
940 2356 1077 2411 Vidit
1106 2372 1200 2413 eos
1229 2366 1506 2427 propterea
1533 2356 1671 2426 loqui
1700 2354 1953 2411 adversus
1974 2352 2055 2423 ju-
2138 2388 2142 2397 ι

482 2452 622 2496 stum
646 2445 971 2516 iniquitatem
1001 2447 1051 2501 in
1079 2447 1321 2519 superbia
1347 2457 1400 2502 et
1419 2454 1745 2516 contemptu,
1766 2445 1889 2515 quia
1914 2444 2050 2498 bona

488 2535 643 2604 hujus
671 2537 849 2592 seculi
879 2537 1060 2594 videre
1086 2548 1299 2604 norunt,
1321 2538 1458 2593 bona
1488 2545 1663 2592 autem
1691 2534 1850 2590 futuri
1871 2533 2050 2590 smculi

482 2643 582 2681 nec
609 2629 841 2699 cogitare
882 2631 1075 2685 sciunt.
1104 2629 1209 2687 Sed
1239 2641 1297 2686 ut
1335 2630 1733 2687 commendaret
1769 2629 1880 2700 ipsa
1910 2628 2046 2682 bona

483 2719 643 2774 hituri
683 2722 860 2776 steculi
906 2721 1239 2789 hominibus,
1279 2738 1412 2793 quos
1449 2721 1600 2792 jubet
1638 2720 1895 2783 tolerare,
1941 2733 2049 2773 non

481 2829 661 2869 amare
689 2817 988 2882 praesentia,
1018 2816 1336 2872 exclamavit
1360 2824 1414 2871 ct
1433 2814 1632 2869 addidit
1655 2831 1669 2868 :
1699 2813 1862 2881 Quam
1889 2811 2050 2866 multa

481 2905 750 2958 multitudo
776 2906 1053 2961 dulcedinis
1080 2917 1209 2973 tute,
1253 2905 1500 2960 Domine!
1542 2905 1639 2959 llic
1667 2904 1827 2957 homo
1856 2901 2049 2973 impius

480 2995 524 3048 si
553 2994 693 3049 dicat
719 3014 732 3050 :
764 2995 864 3052 Ubi
892 3006 973 3051 est
1011 2999 1109 3051 ista
1135 2996 1414 3051 multitudo
1447 2994 1777 3050 dulcedinis?
1822 3009 2047 3062 respon-

484 3084 664 3138 debo:
698 3086 973 3153 Quomodo
1012 3087 1103 3140 tibi
1142 3086 1415 3141 ostendam
1457 3080 1844 3140 multitudinem
1891 3083 2049 3152 hujus

482 3174 796 3241 dulcedinis,
822 3177 910 3247 qui
942 3177 1167 3246 palatum
1207 3178 1273 3231 de
1310 3176 1458 3232 febre
1484 3175 1773 3247 iniquitatis
1797 3174 2039 3244 perdidi-

483 3266 591 3319 sti?
617 3266 716 3320 Mcl
746 3267 788 3320 si
822 3283 924 3322 non
956 3284 1159 3333 nosses,
1190 3283 1347 3339 quam
1386 3267 1522 3323 bene
1549 3275 1758 3336 saperet
1794 3280 1901 3320 non
1940 3265 2050 3320 cla-

482 3372 688 3423 mores,
716 3357 815 3411 nisi
842 3368 1129 3428 gustasscs.
1159 3358 1398 3413 Pulatum
1440 3357 1615 3414 cordis
1656 3373 1761 3412 non
1792 3356 1956 3412 habes
1980 3353 2048 3409 ad

484 3445 601 3502 haec
654 3447 790 3503 bona
834 3449 1128 3520 gustanda;
1181 3450 1306 3520 quid
1359 3450 1449 3505 tibi
1506 3450 1727 3505 iaciam?
1771 3447 2049 3517 Quomodo

483 3540 793 3598 ostendam?
823 3542 934 3597 Neu
960 3552 1042 3598 est
1067 3544 1148 3597 cui
1177 3543 1253 3613 (a)
1293 3543 1471 3598 dicere
1500 3562 1513 3597 :
1546 3541 1785 3608 Gustate,
1814 3553 1861 3596 et
1890 3543 2050 3597 videte

482 3636 719 3705 quoniam
744 3637 913 3691 suavis
949 3647 1021 3692 est
1047 3637 1327 3708 Dominus(
1352 3637 1491 3693 Psal.
1524 3655 1713 3702 xxxnt,
1750 3638 1840 3709 9).
1886 3638 2049 3704 Quam

482 3727 639 3780 multa
664 3728 930 3782 multitudo
955 3728 1231 3783 dulcedinis
1249 3738 1367 3791 tute,
1398 3728 1630 3797 Domine,
1658 3746 1807 3800 quam
1835 3729 2047 3787 abscon-

485 3818 605 3871 disti
633 3818 914 3873 timentibus
951 3820 1036 3874 te!
1059 3820 1193 3887 Quid
1225 3832 1306 3875 est
1332 3821 1650 3875 abscondisti
1681 3820 1820 3875 illis?
1855 3820 2047 3876 Serva-

484 3908 551 3961 sti
580 3908 705 3972 illis,
738 3924 843 3964 non
868 3912 1090 3980 negasti,
1130 3921 1188 3966 ut
1212 3912 1309 3967 soli
1346 3912 1411 3966 ad
1440 3928 1556 3967 eam
1587 3913 1891 3982 perveniant
1937 3912 2051 3986 (bo-

486 4013 610 4051 num
635 4008 717 4054 est
753 4001 891 4055 enim
918 4003 1055 4072 quod
1097 4003 1256 4073 justis
1300 4013 1353 4059 ct
1380 4004 1553 4073 impiis
1596 4019 1699 4058 non
1731 4013 1903 4074 potest
1930 4018 2050 4061 esse

484 4090 830 4160 commune);
878 4102 935 4146 ut
980 4094 1212 4149 timendo
1235 4097 1561 4164 perveniant.
1604 4095 1863 4162 Quamdiu
1906 4097 2048 4151 enim

485 4179 659 4235 adhuc
686 4181 894 4253 timent,
930 4184 1164 4238 nondum
1190 4194 1246 4240 et
1276 4187 1372 4255 ipsi
1401 4197 1755 4256 pervenerunt
1780 4204 1792 4240 :
1824 4187 1916 4241 sed
1941 4202 2053 4242 cre-

484 4271 616 4327 dunt
642 4289 700 4329 se
723 4284 1088 4345 perventuros,
1111 4287 1208 4332 eta
1234 4279 1419 4334 timore
1448 4280 1719 4352 incipiunt.
1746 4278 1881 4333 Nihil
1906 4279 2049 4334 enim

484 4365 690 4423 dulcius
713 4376 794 4422 est
833 4369 1223 4425 immortalitate
1259 4372 1528 4441 sapientia:
1550 4416 1566 4440 ,
1608 4372 1701 4429 sed
1731 4374 1935 4429 initium
1963 4389 2049 4428 sa-

475 4458 695 4526 pientiae
741 4459 899 4514 timor
937 4460 1145 4515 Domini
1195 4460 1390 4536 (Prov.
1432 4480 1470 4529 ι,
1501 4465 1564 4530 7;
1600 4463 1746 4520 Psal.
1794 4480 1882 4530 cx,
1916 4465 2047 4535 10).

490 4552 651 4620 Quam
678 4552 979 4609 abscondisti
1007 4556 1287 4610 timentibus
1320 4563 1387 4610 te.

556 4646 610 4698 7.
651 4644 918 4718 Perfecisti
936 4656 1101 4702 autem
1127 4647 1440 4717 sperantibus
1466 4648 1518 4702 in
1548 4657 1594 4702 te
1618 4649 1670 4702 in
1695 4657 1959 4720 conspectu
1983 4649 2049 4719 [i-

393 4734 401 4741 ’
488 4737 667 4790 liorum
689 4739 964 4794 hominum.
986 4740 1122 4807 Non,
1150 4728 1419 4796 Perfecisti
1448 4741 1500 4796 in
1521 4751 1802 4810 conspectu
1826 4742 2050 4797 ﬁliorum

484 4826 791 4895 hominum;
823 4830 915 4886 sed
938 4872 953 4896 ,
988 4832 1301 4904 sperantibus
1322 4833 1373 4886 in
1403 4842 1449 4886 te
1469 4832 1519 4886 in
1546 4840 1809 4903 conspectu
1830 4833 2051 4902 ﬁliorum

491 4918 785 4975 hominum:
814 4921 862 4975 id
893 4932 992 4987 cst,
1022 4924 1103 4980 eis
1131 4924 1392 4993 perfecisti
1418 4923 1746 4980 dulcedinem
1773 4932 1935 4991 tuam,
1963 4926 2051 4996 qui

488 5020 702 5078 sperant
745 5011 797 5067 in
829 5022 878 5068 te
921 5015 972 5068 in
1009 5025 1293 5086 conSpectu
1334 5016 1560 5073 ﬁliorum
1597 5016 1890 5088 ho_minum.
1918 5015 2054 5085 Quo-

488 5102 645 5157 modo
673 5102 799 5157 dicit
828 5104 1124 5161 Dominus:
1158 5108 1257 5177 Qui
1287 5126 1363 5162 me
1397 5110 1647 5180 negaverit
1673 5125 1843 5165 coram
1883 5108 2051 5163 homi-

487 5200 651 5263 nibus,
672 5196 859 5269 negabo
880 5208 925 5251 et
959 5215 1048 5270 ego
1072 5201 1214 5254 illum
1234 5219 1402 5257 coram
1431 5202 1587 5258 Patre
1610 5221 1719 5258 meo
1747 5204 1959 5277 (Matth.
1990 5218 2048 5269 ι,

487 5288 602 5357 53).
632 5289 769 5359 Ergo
817 5290 860 5343 si
906 5304 1088 5359 speras
1130 5293 1180 5346 in
1231 5293 1491 5359 Domino,
1541 5310 1721 5350 coram
1753 5295 2052 5350 hominibus

488 5395 642 5450 Spera
670 5398 685 5434 :
718 5397 783 5435 ne
810 5379 943 5436 forte
968 5381 1261 5437 abscondas
1288 5384 1454 5451 ipsam
1478 5399 1625 5455 spem
1653 5395 1793 5441 tuam
1817 5386 1868 5440 in
1890 5386 2051 5441 corde

489 5480 600 5537 tuo,
627 5481 681 5527 et
709 5472 896 5528 timeas
920 5471 1178 5539 conﬁteri,
1208 5488 1327 5529 cum
1358 5475 1448 5529 tibi
1485 5491 1577 5545 pro
1601 5478 1818 5531 crimine
1845 5476 2056 5547 objicia-

490 5573 575 5619 tur
602 5564 721 5635 quia
748 5564 1066 5620 christianus
1083 5580 1160 5622 es.
1180 5564 1273 5622 Cui
1295 5576 1470 5622 autem
1492 5566 1649 5623 modo
1668 5568 1914 5636 objicitur
1931 5570 2053 5638 quia

489 5665 805 5723 christianus
842 5665 960 5722 est?
997 5664 1126 5721 Tam
1158 5665 1309 5738 pauci
1348 5679 1453 5721 non
1481 5662 1756 5721 christiani
1793 5676 2055 5719 remanse-

486 5826 491 5833 ,
550 5777 623 5843 (a)
646 5778 871 5839 Subaud.,

1654 314 1715 372 S.
1754 307 2114 369 AUGUSTINI
2155 309 2453 369 EPISCOPI

3624 325 3739 383 21".?

2175 434 2319 494 runt,
2350 437 2406 482 ut
2430 429 2506 486 eis
2531 431 2697 502 magis
2715 433 2997 505 objiciatur
3016 435 3135 509 quia
3158 437 3428 496 christiani
3455 457 3558 497 non
3583 458 3734 512 sunt,

2169 536 2325 592 quam
2361 523 2460 593 ipsi
2499 525 2727 583 audeant
2756 528 3021 602 aliquibus
3053 533 3283 604 objicere
3306 537 3427 607 quia
3456 538 3736 597 christiani

2168 625 2312 668 sunt.
2341 614 2538 672 Tamen
2560 617 2679 674 dico
2706 622 2855 677 vobis
2873 664 2889 686 ,
2913 622 3105 679 fratres
3132 625 3255 691 mei,
3286 627 3477 699 incipe,
3499 632 3735 702 quicum-

2167 718 2272 773 que
2295 720 2380 761 me
2413 707 2584 774 audis,
2611 712 2788 768 vivere
2814 716 3078 785 quomodo
3101 718 3439 793 christianus,
3466 735 3519 780 et
3541 726 3662 781 vide
3689 731 3736 784 si

2168 808 2275 850 non
2305 796 2395 852 tibi
2423 799 2703 870 objiciatur
2733 813 2787 859 et
2812 821 2842 860 a
2875 808 3199 879 ehristianis,
3232 813 3327 869 sed
3355 819 3587 882 nomine,
3624 839 3738 879 non

2164 886 2292 954 vita,
2324 902 2431 943 non
2461 891 2713 948 moribus.
2741 895 2909 952 Nemo
2932 901 3094 956 sentit
3120 904 3217 959 nisi
3242 907 3331 975 qui
3355 926 3603 983 expertus
3624 931 3728 977 est.

2165 976 2305 1049 Ergo
2326 980 2559 1050 intende,
2588 984 2795 1043 intuere
2823 991 2961 1059 quod
2992 994 3161 1051 audis.
3194 996 3284 1054 Vis
3311 976 3489 1061 vivere
3510 1019 3568 1063 ut
3594 976 3732 1069 chri-

2163 1068 2406 1125 stianus?
2453 1073 2532 1128 vis
2569 1077 2717 1146 sequi
2760 1081 2977 1151 vestigia
3029 1083 3233 1143 Domini
3279 1092 3393 1147 tui?
3438 1095 3731 1169 Objiciatur

2165 1157 2279 1224 tibi,
2316 1163 2605 1229 erubescis,
2636 1177 2690 1221 et
2728 1170 3086 1229 erubescendo
3109 1176 3348 1238 dimittis.
3382 1157 3534 1242 Viam
3563 1157 3733 1260 perdi.

2161 1250 2302 1304 disti.
2341 1252 2546 1315 Videris
2579 1258 2675 1313 tibi
2702 1260 2864 1317 corde
2888 1265 3179 1324 credidisse
3217 1271 3283 1327 ad
3311 1250 3605 1345 justitiani,
3633 1286 3732 1342 sed

2162 1342 2467 1413 perdidisti;
2497 1363 2591 1404 ore
2615 1350 2880 1408 confessio
2910 1355 2967 1410 ﬁt
2991 1357 3057 1412 ad
3082 1342 3505 1438 salutemlRom.
3530 1342 3728 1449 x,—lD).
3782 1382 3786 1385 ’

2159 1431 2215 1486 Si
2235 1448 2360 1505 ergo
2380 1436 2460 1493 vis
2484 1439 2755 1499 ambulare
2780 1443 2917 1500 viam
2948 1447 3191 1521 Domini,
3228 1431 3387 1513 etiam
3418 1461 3470 1516 in
3510 1431 3733 1538 conspe-

2158 1533 2247 1580 ctu
2273 1526 2548 1586 hominum
2581 1547 2732 1603 spera
2758 1537 2815 1590 in
2843 1538 3030 1608 Deum,
3057 1541 3111 1598 id
3139 1554 3243 1614 est,
3269 1549 3376 1604 noli
3406 1526 3732 1617 erubescere

2157 1617 2223 1674 de
2248 1634 2343 1691 spe
2354 1614 2471 1678 tua.
2493 1623 2770 1692 Quomodo
2793 1631 2919 1686 vivit
2941 1634 2992 1689 in
3017 1637 3179 1694 corde
3207 1648 3315 1709 tuo,
3345 1643 3423 1702 sic
3448 1647 3647 1708 habitet
3672 1654 3733 1710 in

2157 1728 2251 1770 ore
2279 1723 2369 1772 tuo
2399 1736 2411 1772 :
2443 1721 2563 1790 quia
2590 1738 2693 1777 non
2732 1723 2845 1780 sine
2876 1742 3033 1784 causa
3068 1730 3278 1805 signum
3302 1752 3455 1815 suum
3483 1742 3733 1805 Christus

2156 1804 2209 1859 in
2239 1805 2408 1863 fronte
2445 1812 2598 1867 nobis
2624 1812 2713 1883 ﬁgi
2738 1816 2924 1885 voluit,
2957 1828 3205 1892 tanquam
3232 1827 3283 1882 in
3311 1804 3439 1886 sede
3470 1837 3727 1905 pudoris,

2155 1911 2225 1998 rte
2258 1897 2455 1955 Christi
2480 1905 2762 1973 opprobria
2793 1907 3112 1969 christianus
3135 1918 3433 1979 erubescat.
3465 1897 3576 1982 l-loc
3597 1897 3734 2002 ergo

2155 1985 2207 2041 in
2236 2001 2523 2061 conspectu
2554 1992 2827 2053 hominum
2857 2000 2901 2055 si
2929 1999 3118 2059 feceris
3137 2047 3151 2072 ,
3183 2007 3229 2062 si
3267 2009 3391 2067 inde
3413 2028 3592 2072 coram
3622 1985 3730 2076 hb-

2155 2078 2382 2137 minibus
2403 2098 2508 2138 non
2528 2086 2825 2157 erubueris,
2850 2091 2895 2146 si
2920 2092 2970 2150 in
2991 2106 3277 2168 conspectu
3299 2101 3526 2161 ﬁliorum
3549 2106 3730 2165 homi-

2154 2185 2280 2226 num
2311 2189 2408 2227 nec
2436 2190 2529 2232 ore
2546 2192 2643 2233 nec
2662 2176 2816 2236 factis
2829 2181 3095 2241 Christum
3122 2194 3429 2263 negaveris;
3453 2211 3608 2268 spera
3630 2203 3729 2258 tibi

2160 2265 2338 2335 perﬁci
2366 2267 2694 2326 dulcedinem
2725 2274 2838 2330 Dei.

2225 2357 2276 2411 8.
2319 2356 2487 2431 [vers.
2535 2360 2671 2436 21.]
2710 2365 2845 2433 Quid
2897 2371 3175 2442 sequitur?
3221 2374 3509 2435 Abscondes
3550 2399 3633 2438 eos
3672 2386 3728 2439 in

2152 2449 2440 2505 abscondito
2468 2452 2630 2509 vultus
2657 2458 2747 2515 tui.
2772 2457 2953 2524 Qualis
2976 2471 3058 2518 est
3081 2462 3228 2520 locus
3254 2465 3393 2523 iste?
3419 2468 3537 2525 Non
3567 2473 3725 2545 dixit,

2152 2540 2460 2600 Abscondes
2502 2560 2597 2602 eos
2643 2549 2693 2603 in
2740 2551 2879 2607 coelo
2923 2562 3013 2610 tuo
3047 2574 3061 2611 :
3092 2573 3195 2612 non
3228 2559 3381 2629 dixit,
3414 2540 3729 2626 Abscondcs

2153 2648 2245 2688 eos
2285 2634 2336 2689 in
2379 2637 2667 2707 paradiso:
2722 2657 2826 2698 non
2868 2643 3020 2713 dixit,
3046 2648 3355 2708 Abscondes
3388 2669 3480 2710 eos
3522 2657 3573 2711 in
3603 2661 3728 2716 sinu

2151 2723 2398 2780 Abmbzc.
2429 2726 2605 2784 Multis
2636 2731 2776 2786 enim
2805 2733 3048 2792 ﬁdelibus
3069 2737 3141 2811 (a)
3174 2740 3285 2796 loca
3318 2742 3486 2800 futura
3512 2761 3729 2805 sancto~

2152 2829 2270 2869 rum
2302 2816 2355 2871 in
2379 2816 2666 2889 Scripturis
2691 2824 2886 2880 sancﬁs
2924 2828 3094 2897 posita
3123 2841 3262 2886 sunt.
3300 2832 3526 2891 Vilcscat
3555 2847 3727 2896 totum

2151 2905 2401 2978 quidquid
2441 2919 2632 2978 praeter
2672 2912 2837 2971 Deum
2875 2925 2978 2972 est.
3020 2918 3120 2988 Qui
3164 2936 3262 2976 nos
3300 2933 3475 2981 tuetur
3503 2929 3554 2983 in
3605 2930 3730 2988 loco

2151 2998 2274 3053 vita:
2306 2999 2480 3070 hujus,
2508 3002 2622 3072 ipse
2653 3014 2770 3074 post
2810 3008 2964 3063 istam
3004 3011 3165 3066 vitam
3207 3015 3276 3070 sit
3319 3016 3464 3073 locus
3506 3031 3727 3079 noster:

2150 3089 2270 3160 quia
2292 3100 2346 3144 et
2375 3093 2473 3147 iste
2498 3094 2733 3163 psalmus
2768 3098 2867 3153 hoc
2895 3100 2944 3154 ei
2989 3101 3065 3154 ait
3100 3108 3343 3177 superius
3377 3127 3391 3163 :
3432 3108 3558 3167 Esto
3604 3117 3730 3169 mihi

2149 3178 2206 3233 in
2242 3177 2406 3235 Deum
2446 3194 2789 3254 protectorem,
2819 3198 2867 3243 et
2893 3191 2944 3245 in
2970 3191 3174 3249 domum
3214 3200 3416 3271 refugii.
3447 3201 3588 3273 Ergo
3615 3208 3727 3261 eri-

2152 3286 2270 3327 mus
2310 3274 2362 3327 in
2390 3276 2531 3331 vultu
2578 3278 2671 3333 Dei
2710 3281 3026 3340 absconditi.
3056 3286 3184 3356 Quis
3229 3292 3374 3347 sinus
3402 3304 3483 3349 est
3511 3296 3561 3350 in
3592 3296 3731 3356 ﬁtcie

2118 3360 2267 3430 ,Dei,
2296 3378 2325 3416 a
2369 3380 2454 3420 me
2497 3371 2817 3438 exspectatis
2862 3374 3081 3431 audire?
3125 3378 3349 3450 Purgate
3373 3399 3484 3450 cor,
3517 3396 3576 3441 ut
3612 3389 3729 3457 ipse

2152 3452 2430 3520 illumiuet,
2461 3466 2515 3510 et
2537 3474 2691 3528 quem
2719 3461 2974 3520 invocatis
3000 3464 3179 3522 intret.
3221 3470 3349 3526 Esto
3369 3473 3557 3530 domus
3583 3452 3726 3548 ejus,

2153 3552 2209 3599 et
2233 3546 2334 3600 erit
2375 3547 2563 3627 domus
2606 3557 2730 3609 tua:
2765 3552 2965 3611 habitet
3008 3558 3060 3611 in
3109 3568 3178 3624 te,
3206 3571 3262 3617 et
3301 3571 3353 3617 tu
3382 3546 3641 3623 habitabis
3672 3570 3729 3626 in

2153 3650 2239 3691 eo.
2266 3635 2322 3692 Si
2352 3652 2472 3693 eum
2513 3638 2567 3697 in
2595 3640 2696 3697 hoc
2724 3646 2918 3701 sacculo
2963 3652 3235 3720 exceperis
3275 3655 3434 3711 corde
3476 3669 3586 3723 tuo,
3633 3661 3728 3719 ille

2152 3739 2271 3798 post
2299 3729 2397 3786 hoc
2426 3733 2672 3789 sarculum
2702 3738 2929 3808 excipiet
2967 3747 3020 3795 te
3057 3743 3201 3798 vultu
3247 3760 3363 3801 suo.
3412 3750 3723 3823 Abscondes,

2103 3874 2112 3885 _
2152 3821 2339 3894 inquit,
2371 3842 2473 3880 eos.
2504 3827 2648 3883 Ubi?
2693 3829 2761 3884 In
2802 3833 3094 3892 abscondito
3123 3841 3286 3896 vultus
3314 3845 3404 3898 tui.
3442 3846 3486 3900 Α
3513 3821 3725 3905 cantur;

2154 3914 2349 3971 batione
2389 3919 2694 3975 hominum:
2738 3923 2808 3978 ibi
2842 3926 2984 3980 enim
3028 3945 3132 3984 non
3174 3934 3574 4007 conturbantur,
3600 3955 3727 3997 cum

2153 4006 2581 4078 absconduntur;
2631 4012 2685 4066 in
2712 4013 3023 4073 abscondito
3049 4023 3224 4078 vultus
3270 4024 3346 4079 tui
3372 4041 3481 4082 non
3505 4006 3731 4085 cuntur.

2154 4098 2365 4181 bantur.
2393 4102 2553 4181 Putas
2583 4115 2663 4160 est
2690 4108 2965 4180 quisquam
3010 4112 3081 4194 ita
3127 4115 3247 4171 felix
3290 4119 3341 4174 in
3374 4120 3473 4177 hoc
3502 4126 3725 4194 mundo,

2156 4198 2212 4244 ut
2234 4207 2353 4245 cum
2385 4196 2803 4263 coeperitaudire
2832 4189 3110 4271 opprobria
3132 4205 3424 4277 hominum,
3444 4189 3734 4285 propterea.

2153 4282 2293 4351 quod
2320 4281 2531 4339 Christo
2551 4287 2732 4355 servit,
2760 4288 2925 4361 fugiat
2942 4292 3015 4347 ad
3039 4295 3198 4350 Deum
3224 4299 3403 4363 corde,
3426 4281 3480 4357 et
3508 4281 3729 4375 incipiat

2153 4389 2301 4443 spem
2333 4375 2525 4432 habere
2553 4378 2606 4433 in
2634 4380 2913 4440 dulcedine
2954 4386 3137 4456 ipsius,
3172 4400 3225 4444 ct
3255 4406 3285 4445 a
3326 4397 3729 4456 conturbatione

2156 4465 2448 4536 hominum,
2471 4484 2501 4523 a
2533 4471 2722 4540 quibus
2749 4474 2895 4529 audit
2920 4479 3222 4548 opprobria,
3257 4481 3494 4555 intretiu
3522 4490 3728 4547 vultum

2159 4558 2247 4613 Dei
2273 4575 2393 4615 cum
2430 4563 2747 4618 conscientia
2778 4568 2910 4622 sua?
2946 4567 3111 4625 Intrat
3138 4573 3312 4642 plane,
3344 4578 3436 4634 sed
3464 4581 3508 4635 si
3534 4576 3733 4640 habeat

2154 4664 2271 4704 cum
2301 4668 2406 4722 quo
2441 4653 2617 4723 intret,
2658 4656 2709 4710 id
2750 4667 2853 4725 est,
2878 4659 2921 4716 si
2952 4677 3056 4715 non
3101 4665 3170 4720 sit
3205 4682 3427 4724 onerosa
3458 4671 3567 4740 ipsa
3592 4688 3730 4728 cou-

2155 4743 2391 4807 scientia,
2421 4744 2465 4798 si
2506 4760 2607 4800 non
2638 4748 2711 4803 illi
2743 4747 2898 4804 faciat
2937 4755 3197 4810 sarcinam
3225 4761 3499 4829 grandem,
3529 4763 3595 4817 ad
3624 4782 3728 4819 an-

2154 4842 2357 4902 gustam
2374 4834 2610 4905 januam.
2630 4837 2913 4896 Abscondes
2932 4858 3059 4913 ergo
3080 4860 3161 4901 eos
3183 4849 3232 4902 in
3254 4850 3543 4906 abscondito
3560 4857 3734 4910 cultus

2155 4924 2245 4987 tui,
2273 4942 2305 4977 a
2336 4926 2715 4983 conturbatione
2735 4930 3013 4988 hominum.
3040 4934 3280 5010 Proteges
3306 4957 3388 4996 eos
3416 4943 3467 4996 in
3489 4944 3731 4999 taberna-

2156 5015 2267 5069 culo
2288 5026 2390 5084 tuo,
2407 5035 2439 5071 a
2458 5020 2847 5081 contradictione
2868 5023 3173 5096 linguarum.
3193 5031 3486 5103 Aliquando
3507 5036 3737 5093 abscon-

2155 5106 2251 5161 des
2275 5122 2368 5163 eos
2397 5109 2448 5163 in
2474 5109 2786 5168 abscondito
2811 5115 2985 5171 vultus
3015 5120 3110 5188 tui,
3138 5136 3168 5175 a
3197 5124 3599 5182 couturbatione
3631 5129 3737 5184 ho-

2157 5199 2387 5267 minum;
2416 5209 2474 5256 ut
2492 5217 2707 5272 prorsus
2729 5205 2779 5259 in
2797 5206 2874 5261 eis
2889 5211 3219 5267 conturbatio
3236 5213 3460 5270 humana
3478 5217 3738 5289 deinceps

2158 5307 2275 5347 esse
2319 5308 2423 5347 non
2470 5294 2680 5363 possit;
2722 5296 2815 5351 sed
2864 5297 3071 5357 interim
3099 5317 3217 5359 cum
3248 5307 3648 5377 peregrinantur
3679 5313 3743 5365 in

2158 5381 2261 5441 hoc
2301 5385 2516 5453 smculo,
2540 5386 2663 5456 quia
2701 5388 2893 5445 multas
2929 5395 3196 5460 patiuntur
3226 5396 3426 5467 linguas
3466 5403 3744 5460 contradi~

2158 5484 2340 5531 centes
2382 5477 2469 5547 qui
2500 5477 2595 5541 tibi
2621 5480 2882 5547 serviunt,
2919 5484 3044 5553 quid
3082 5487 3158 5542 eis
3184 5477 3350 5545 facis?
3380 5490 3619 5565 Protegc's
3651 5514 3746 5557 eos

2158 5566 2212 5620 in
2239 5567 2558 5623 tabernaculo
2588 5578 2693 5622 tuo.
2723 5569 2873 5638 Quod
2903 5584 2984 5628 est
3013 5577 3446 5638 tabernaculum?
3487 5584 3741 5646 Ecclesia

2161 5658 2316 5729 hujus
2363 5660 2658 5729 temporis;
2723 5664 3115 5725 tabernaculum
3171 5672 3289 5731 ideo
3346 5676 3563 5747 dicitur,
3608 5695 3736 5753 quia

2229 5772 2301 5835 (a)
2324 5777 2479 5833 Forte,
2503 5771 2791 5826 nomt'tttbus.
