3988 6188
229 333 346 392 253

232 451 414 508 adhuc
449 452 500 506 in
530 451 628 508 hac
656 462 795 508 terra
821 452 1198 526 peregrinatur.
1232 449 1650 506 Tabernaculum
1672 447 1816 503 enim

234 542 603 598 lxabitaculum
649 555 730 600 est
776 545 997 600 militum
1027 545 1078 600 in
1123 544 1457 614 expeditione
1500 543 1813 613 positorum.

233 635 356 706 Ipsa
383 636 641 712 dicuntur
667 639 1017 692 tabernacula.
1042 637 1239 691 Domus
1264 650 1368 689 non
1394 644 1475 689 est
1506 636 1815 690 tabernacu-

234 727 373 781 lum.
436 728 615 796 Pugna
662 727 716 780 in
761 726 1094 797 espeditione
1139 726 1482 795 peregrinus;
1532 734 1592 779 ut
1638 724 1815 779 salvus

231 815 408 870 factus
437 815 488 870 in
521 816 881 880 tabernaculo,
912 814 1176 885 gloriosus
1204 816 1474 885 recipiaris
1503 816 1553 869 in
1575 814 1809 869 domum.

231 907 355 961 Erit
382 908 524 962 enim
556 908 606 960 in
634 907 770 962 coelo
799 906 989 961 domus
1017 917 1107 962 tua
1144 916 1358 973 :eterna,
1388 908 1434 962 si
1480 907 1638 961 modo
1676 907 1813 962 bene

230 998 287 1053 in
331 997 435 1054 hoc
465 998 807 1053 tabernaculo
831 999 1051 1054 vixeris.
1087 1000 1225 1071 Ergo
1263 1000 1317 1053 in
1347 999 1446 1053 hoc
1473 999 1812 1055 tabernaculo

230 1099 489 1161 proteges
527 1105 620 1147 eos
658 1106 688 1145 a
733 1091 1147 1147 contradictione
1177 1091 1492 1161 linguarum.
1532 1090 1807 1145 Contradio

230 1192 361 1237 cunt
402 1183 594 1253 lingua:
625 1182 841 1249 multae;
886 1182 1110 1238 diversa:
1156 1182 1404 1249 haereses,
1436 1182 1643 1237 diversa
1673 1180 1813 1236 schi-

231 1283 402 1327 smata
450 1282 773 1343 personant;
826 1274 1015 1344 linguai
1041 1272 1218 1329 multa:
1244 1273 1609 1328 contradicunt
1638 1274 1811 1330 veraci

150 1374 158 1384 '
231 1363 534 1421 doctrinm:
571 1376 624 1420 tu
650 1382 807 1422 curre
843 1366 910 1421 ad
939 1366 1329 1422 tabernaculum
1376 1368 1488 1432 Dei,
1523 1367 1811 1421 Ecclesiam

231 1459 547 1513 catholicam
575 1468 717 1523 tene,
757 1474 787 1514 a
814 1459 995 1531 regula
1025 1461 1260 1516 veritatis
1296 1462 1400 1514 noli
1432 1461 1725 1527 discedere,
1757 1470 1813 1515 et

233 1549 531 1619 protegeris
583 1549 635 1603 in
683 1548 1018 1604 tabernaculo
1069 1565 1099 1604 a
1157 1550 1572 1605 contradictione
1612 1550 1813 1621 lingua-

233 1654 366 1693 rum.

299 1732 349 1787 9.
384 1730 537 1805 [cera
562 1730 676 1805 22.]
701 1731 1000 1787 Benedictus
1028 1733 1289 1797 Dominus,
1319 1734 1552 1803 quoniam
1573 1734 1812 1803 miri/ica-

234 1827 296 1878 tu't
321 1826 720 1879 misericordiam
759 1842 903 1878 suam
942 1827 994 1878 in
1019 1827 1215 1883 civitate
1254 1826 1655 1880 circumstantiae.
1682 1826 1810 1915 Quae

235 1925 309 1971 est
336 1916 528 1971 civitas
551 1916 1006 1971 circumstantiis?
1032 1915 1089 1971 In
1129 1931 1228 1970 una
1259 1915 1437 1971 Judaea
1465 1917 1688 1987 populus
1718 1916 1808 1970 Dci

238 2018 345 2063 erat
364 2010 594 2078 positus,
616 2008 771 2078 quasi
807 2008 860 2062 in
892 2008 1070 2063 medio
1123 2009 1341 2075 mundo,
1377 2009 1462 2063 ubi
1504 2005 1810 2063 dicebantur

232 2101 411 2157 laudes
436 2102 569 2167 Deo,
600 2102 756 2171 eique
781 2100 1038 2155 sacriﬁcia
1061 2101 1441 2167 oﬁ‘erebantur,
1471 2101 1556 2155 ubi
1582 2099 1809 2170 pr0phe-

232 2194 293 2247 tia
319 2208 429 2247 non
459 2192 706 2248 cessabat
728 2192 968 2247 canendo
1011 2192 1206 2257 futura,
1236 2208 1352 2262 qua:
1383 2190 1541 2245 modo
1566 2190 1807 2245 videmus

229 2284 437 2354 impleri
466 2302 479 2337 :
511 2284 610 2338 iste
639 2283 865 2353 papulus
910 2284 1060 2353 quasi
1110 2283 1162 2337 in
1191 2282 1367 2337 medio
1396 2281 1629 2351 gentium
1669 2289 1803 2335 erat.

227 2374 467 2429 Attendit
504 2373 759 2443 prOpbeta
804 2374 923 2440 iste,
975 2383 1029 2429 et
1074 2373 1201 2428 vidit
1250 2373 1475 2429 futuram
1516 2371 1804 2426 Ecclesiam

228 2467 316 2522 Dei
350 2469 404 2521 in
426 2467 672 2522 omnibus
695 2467 939 2537 gentibus
970 2484 983 2519 :
1015 2474 1069 2522 et
1094 2466 1214 2536 quia
1266 2479 1454 2521 omnes
1492 2472 1676 2536 gentes
1696 2464 1804 2517 cir-

225 2572 344 2612 cum
385 2557 616 2628 undique
664 2566 835 2622 erant,
880 2573 999 2627 qua:
1040 2557 1093 2611 iu
1137 2556 1315 2612 medio
1352 2545 1618 2626 ponebant
1646 2570 1803 2610 unam

224 2659 432 2719 gentem
462 2648 795 2714 Iudaeorum;
823 2651 917 2705 has
941 2648 1170 2719 undique
1195 2650 1598 2704 circumstantes
1618 2659 1804 2719 gentes

224 2742 508 2812 appellavit
529 2741 796 2797 civitatem
815 2743 1242 2798 circumstantiae.
1265 2742 1548 2796 Miriﬁcasti
1565 2741 1800 2811 quidem,

226 2831 464 2897 Domine,
499 2833 921 2888 misericordiam
968 2843 1109 2889 tuam
1144 2834 1194 2887 in
1225 2834 1437 2889 civitate
1473 2833 1799 2899 Jerusalem;

226 2926 292 2980 ibi
323 2942 513 2994 passus
543 2935 626 2981 est
669 2926 932 2993 Christus,
976 2926 1047 2981 ibi
1092 2928 1404 2992 resurrexit,
1451 2926 1521 2980 ibi
1569 2925 1804 2980 ascendit

226 3018 276 3071 in
305 3019 523 3083 coelum,
577 3018 648 3073 ibi
687 3019 852 3073 multa
878 3017 1138 3073 mirabilia
1167 3018 1289 3072 fecit
1320 3036 1332 3071 ε
1361 3017 1452 3071 sed
1496 3016 1662 3087 major
1691 3017 1804 3071 laus

227 3118 309 3163 tua
339 3118 441 3175 est,
465 3109 591 3179 quia
614 3109 904 3165 miriﬁcasti
943 3108 1363 3165 misericordiam
1394 3117 1537 3163 tuam
1584 3109 1635 3161 in
1674 3107 1804 3161 civi-

229 3208 329 3254 tate
349 3200 793 3267 circumstantize,
819 3199 871 3255 id
901 3208 1017 3266 est,‘
1037 3201 1090 3254 in
1133 3199 1379 3253 omnibus
1411 3199 1653 3269 gentibus
1697 3197 1802 3252 dif-

226 3289 397 3347 fudisti
425 3290 846 3346 miscricordiam
870 3299 1033 3345 tuam.
1066 3290 1174 3346 Nec
1200 3300 1526 3361 unguentum
1571 3299 1715 3343 tuum
1750 3290 1801 3344 in

225 3384 308 3437 illa
335 3384 657 3451 Jerusalem,
686 3384 835 3454 quasi
862 3384 915 3439 in
944 3397 1068 3439 vase
1112 3385 1360 3449 tenuisti;
1419 3382 1512 3437 sed
1557 3392 1801 3453 tanquam

225 3476 492 3530 contracto
512 3491 662 3541 vase,
689 3484 1013 3547 unguentum
1040 3491 1134 3546 per
1150 3475 1401 3531 mundum
1424 3474 1669 3529 diffusum
1698 3483 1800 3542 est,

225 3580 279 3619 ut
333 3567 657 3637 impleretur
707 3568 848 3637 quod
895 3568 1086 3623 dicitur
1132 3568 1183 3623 in
1237 3566 1519 3637 Scripturis
1565 3567 1799 3621 sanctis:

230 3655 550 3729 Unguentum
571 3657 788 3725 effusum
811 3668 884 3714 est
906 3676 1083 3713 nomen
1106 3668 1245 3713 tuum
1276 3658 1442 3729 (Cant.
1474 3675 1511 3725 ι,
1530 3657 1610 3732 2).
1640 3660 1701 3713 Et
1730 3660 1800 3712 ita

227 3751 513 3805 miriticasti
537 3751 953 3805 misericordiam
976 3760 1115 3804 tuam
1144 3752 1193 3805 in
1216 3750 1425 3804 civitate
1452 3750 1800 3804 circumstan-

226 3840 325 3893 tiae.
382 3840 640 3895 Ascendit
690 3841 831 3895 enim
878 3842 929 3895 in
979 3842 1190 3905 coelum,
1242 3841 1393 3895 sedet
1432 3840 1497 3894 ad
1524 3842 1800 3895 dexteram

224 3930 413 3999 Patris,
436 3942 554 4002 post
567 3932 753 3987 decem
773 3934 886 3988 dies
902 3934 1044 3987 misit
1060 3933 1311 4002 Spiritum
1325 3942 1559 3987 sanctum
1583 3933 1717 4002 (Act.
1738 3930 1796 4003 t):

224 4023 421 4093 impleti
444 4034 569 4079 sunt
598 4024 795 4093 Spiritu
824 4032 1009 4080 sancto
1032 4023 1296 4093 discipuli,
1319 4032 1592 4094 carperent
1610 4022 1800 4091 prmdi-

225 4128 345 4169 care
373 4114 633 4186 magnalia
669 4114 899 4180 Christi;
949 4114 1188 4184 lapidati,
1235 4114 1419 4177 occisi,
1468 4113 1629 4182 fugati
1677 4120 1800 4167 sunt.

222 4206 331 4275 (Id.
363 4204 499 4279 vm).
531 4207 597 4261 Et
623 4222 741 4262 cum
770 4208 893 4262 inde
916 4216 1163 4277 tanquam
1192 4222 1256 4261 ex
1278 4221 1383 4259 uno
1404 4205 1523 4259 loco
1548 4205 1797 4274 fugeren-

222 4308 323 4364 tur,
358 4295 506 4368 quasi
532 4298 671 4368 ligna
713 4298 949 4353 ardentia
992 4299 1113 4368 igne
1145 4297 1346 4362 divino,
1391 4305 1555 4352 totam
1611 4296 1795 4350 silvam

221 4392 402 4445 mundi
434 4406 713 4446 accensam
747 4392 953 4447 fervore
979 4391 1208 4461 Spiritus
1237 4399 1289 4445 et
1325 4390 1523 4445 lumine
1560 4390 1797 4445 veritatis

221 4484 575 4555 impleverunt
605 4499 618 4537 :
652 4494 706 4538 et
745 4484 1045 4538 miriﬁcavit
1092 4483 1345 4537 Dominus
1381 4482 1796 4537 misericordiam

219 4590 368 4629 suam
397 4575 451 4629 in
484 4575 697 4629 civitate
726 4575 1156 4630 circumstantiae.

289 4668 376 4721 ιι).
408 4665 559 4739 [νει-ε.
589 4666 706 4739 25.]
753 4666 863 4739 Ego
911 4668 1019 4721 dixi
1066 4668 1119 4720 in
1158 4666 1335 4720 ecstasi
1371 4681 1481 4719 mea
1504 4680 1523 4719 :
1550 4664 1796 4720 recorda-

217 4758 346 4811 mini
375 4759 583 4813 titulum
622 4758 838 4822 Psalmi,
895 4773 1023 4812 ecce
1068 4766 1152 4812 est
1190 4757 1279 4811 illa
1319 4757 1554 4812 ecstasis.
1610 4754 1797 4811 Videte

215 4851 344 4920 quid
387 4852 532 4907 dicat
561 4870 573 4905 :
618 4851 726 4923 Ego
755 4851 895 4918 dixi,
922 4850 1108 4920 inquit,
1146 4851 1201 4903 in
1235 4850 1410 4903 ecstasi
1451 4864 1594 4903 mea:
1618 4847 1797 4918 Proje-

216 4954 330 4995 ctus
359 4960 470 4995 sum
488 4960 519 4996 ιι
538 4944 667 5014 facie
693 4944 949 4997 oculorum
972 4952 1190 4995 tuorum.
1223 4939 1281 4994 ln
1308 4955 1500 5010 pavore
1522 4955 1641 4996 meo
1664 4939 1794 5003 dixi,

215 5031 320 5085 hoc
343 5042 442 5099 est,
473 5034 582 5087 dixi
616 5035 667 5087 in
706 5035 884 5087 ecstasi
911 5050 1038 5086 mea.
1064 5031 1204 5087 Vidit
1245 5047 1303 5086 se
1332 5040 1607 5102 paventem
1654 5032 1795 5085 intus

216 5128 406 5181 nescio
458 5141 560 5195 qua
617 5127 952 5180 tribulatione
981 5142 1187 5197 magna,
1237 5126 1375 5179 sicut
1413 5140 1517 5179 non
1564 5124 1789 5179 desunt:

210 5217 445 5271 attendit
473 5232 565 5272 cor
584 5232 737 5271 suum
766 5217 1009 5285 pavidum
1041 5228 1091 5271 et
1121 5215 1399 5285 trepidum,
1432 5224 1486 5270 et
1513 5216 1586 5269 ait
1617 5230 1630 5269 :
1662 5214 1795 5269 Pro-

200 5314 378 5382 jectus
405 5327 513 5364 sum
540 5328 568 5362 α
590 5311 719 5380 facie
740 5309 1000 5362 oculorum
1026 5319 1240 5361 tuorum.
1270 5307 1325 5364 Si
1354 5309 1404 5364 in
1433 5309 1564 5363 facie
1595 5318 1680 5361 tua
1702 5322 1791 5363 es-

210 5417 357 5467 sem,
390 5419 493 5457 non
512 5406 589 5458 sic
618 5404 896 5466 timerem;
930 5402 971 5454 si
1000 5418 1083 5455 me
1104 5402 1427 5465 attenderes,
1457 5418 1563 5455 non
1591 5402 1668 5455 sic
1692 5409 1790 5455 tre-

212 5495 483 5565 pidarem.
510 5494 611 5549 Sed
640 5494 885 5565 quoniam
911 5491 1038 5547 dicit
1060 5492 1110 5545 in
1138 5493 1242 5545 alio
1281 5494 1499 5561 psalmo,
1552 5491 1613 5546 Si
1659 5492 1791 5545 dice-

208 5585 353 5646 bam,
400 5596 565 5639 motus
619 5597 689 5638 est
734 5602 818 5654 pes
848 5601 1004 5650 meus,
1063 5584 1396 5637 misericordia
1424 5595 1529 5651 tua,
1555 5582 1787 5649 Domine,

209 5677 493 5745 adjuvabat
528 5693 605 5728 me
647 5676 817 5745 (Psal.
846 5692 989 5739 xcnt,
1017 5676 1125 5745 18);
1170 5677 1421 5731 continuo
1458 5686 1512 5732 et
1554 5677 1640 5731 hic
1680 5677 1784 5730 ait:

213 5768 349 5825 Ideo
374 5770 623 5829 ειτηεάὶςὶ
669 5787 833 5825 vocem
874 5770 1113 5824 orationis
1166 5785 1305 5825 mete.
1337 5770 1467 5839 Quia
1511 5770 1784 5829 confessus

1334 330 1724 391 ENARRATIO
1761 330 1825 387 IN
1862 330 2177 393 PSALMUM
2207 336 2371 395 XXX.

3379 357 3483 413 234

1928 462 2065 515 sum,
2089 452 2207 520 quia
2221 453 2349 520 dixi,
2379 453 2642 526 Projectus
2656 476 2765 513 sum
2782 477 2815 515 a
2830 465 2958 533 facie
2978 466 3237 524 oculorum
3262 480 3483 537 tuorum;

1923 542 2041 609 quia
2067 558 2171 598 non
2202 546 2460 615 superbus
2488 550 2686 617 exstiti,
2732 554 2823 608 sed
2868 570 2961 610 cor
2990 573 3164 612 meum
3219 565 3478 628 accusavi,

1919 642 1973 686 et
2021 633 2072 687 in
2114 635 2451 694 tribulatione
2495 657 2607 696 mea
2660 644 2891 701 titubans
2929 649 2995 702 ad
3047 660 3097 703 te
3148 654 3481 709 exclamavi:

1918 723 2177 779 exaudisti
2207 730 2498 785 orationem
2522 749 2715 789 meam.
2751 735 3024 806 lmpletum
3064 752 3145 796 εει
3172 756 3297 813 ergo
3338 749 3499 815 quod

1916 819 2276 910 commendavi
2322 821 2389 876 de
2432 824 2522 880 illo
2572 828 2792 897 psalmo.
2842 831 2993 896 Quod
3038 837 3176 890 enim
3219 848 3317 903 est,
3372 840 3481 910 Ego

1916 906 2023 960 dixi
2062 909 2114 963 in
2147 914 2321 967 ecstasi
2361 917 2795 989 mea:l’rojectus
2842 939 2954 976 sum
2987 941 3018 976 ιι
3054 927 3183 994 facie
3225 906 3478 985 oculorum

1916 1009 2149 1064 tuorum;
2189 1006 2289 1059 hoc
2316 1015 2397 1061 est
2420 1006 2473 1060 in
2501 1009 2590 1061 illo
2617 1011 2835 1079 psalmo,
2866 1014 2927 1068 Si
2948 1015 3187 1089 dicebam,
3217 1019 3386 1076 Motus
3412 1035 3481 1077 est

1915 1110 2001 1162 pes
2027 1110 2179 1150 meus.
2212 1096 2277 1150 Et
2304 1098 2444 1167 quod
2494 1110 2576 1155 est
2604 1103 2656 1155 in
2689 1104 2796 1171 illo,
2833 1106 3179 1164 Misericordia
3222 1123 3323 1175 tua,
3372 1115 3478 1170 Do-

1914 1185 2061 1250 mine,
2080 1187 2348 1252 adjuvabat
2370 1206 2480 1256 me;
2504 1191 2605 1247 hoc
2626 1204 2705 1248 est
2726 1195 2776 1249 in
2794 1196 2919 1263 isto,
2941 1198 3065 1254 Ideo
3081 1204 3347 1271 exaudisti,
3368 1206 3478 1259 Do-

1913 1282 2062 1341 mine,
2089 1293 2255 1331 vocem
2284 1282 2520 1336 orationis
2554 1300 2694 1339 mea.
2727 1287 2953 1343 Attende
2996 1291 3125 1345 illud
3175 1294 3227 1348 in
3272 1296 3427 1351 Petro
3468 1315 3480 1349 :

1914 1368 2057 1424 videt
2084 1371 2357 1425 Dominum
2386 1374 2738 1431 ambulantem
2767 1379 2819 1433 in
2867 1382 3037 1451 aquis,
3080 1396 3224 1453 putat
3248 1388 3473 1456 phanta-
3515 1377 3521 1383 λ

1914 1476 2046 1515 sma.
2080 1463 2353 1520 Exclamat
2376 1467 2640 1532 Dominus,
2668 1471 2778 1541 Ego
2800 1488 2939 1539 sum,
2970 1477 3075 1531 noli
3102 1478 3307 1534 timere.
3331 1482 3474 1535 Con-

1914 1552 2027 1607 ﬁdit
2054 1554 2261 1619 Petrus,
2300 1568 2354 1611 et
2390 1558 2533 1625 dicit,
2564 1561 2617 1615 Si
2648 1571 2700 1615 tu
2729 1578 2807 1627 es,
2849 1565 2970 1634 iube
2996 1582 3082 1622 me
3122 1572 3303 1626 venire
3329 1575 3393 1626 ad
3426 1583 3477 1629 te

1915 1659 2073 1714 super
2098 1662 2259 1715 aquas
2292 1665 2305 1702 :
2338 1648 2460 1704 hinc
2488 1653 2654 1721 probo
2675 1656 2716 1709 si
2744 1664 2796 1709 tu
2822 1673 2900 1719 es,
2924 1659 2966 1713 si
2994 1661 3044 1713 in
3073 1663 3234 1716 verbo
3263 1674 3351 1718 tuo
3380 1681 3473 1734 po—

1916 1744 2067 1790 tuero
2092 1739 2230 1806 quod
2261 1749 2311 1793 tu
2334 1750 2502 1810 potes.
2556 1746 2641 1799 Ait
2672 1746 2780 1814 ille,
2813 1748 2962 1803 Veni.
2997 1753 3059 1805 Et
3084 1753 3100 1784 ¹
3146 1756 3359 1809 verbum
3396 1758 3469 1826 ju-

1876 1880 1881 1885 ,
1913 1826 2085 1882 bentis
2112 1829 2246 1885 facta
2291 1841 2371 1886 est
2410 1843 2641 1903 potestas
2676 1838 2955 1894 audientis.
2991 1843 3142 1911 Veni,
3191 1846 3377 1915 inquit.
3409 1849 3476 1904 Et

1912 1915 2221 1975 descendit:
2252 1924 2413 1992 cmpit
2454 1926 2552 1992 ire,
2606 1924 2716 1983 ibat
2771 1929 3093 2001 intrepidus,
3147 1944 3389 2006 tanquam
3421 1942 3471 1994 in

1913 2008 2003 2063 illo
2024 2024 2241 2079 sperans
2272 2032 2283 2066 :
2318 2015 2499 2069 videns
2524 2027 2697 2072 autem
2726 2030 2937 2074 ventum
2978 2023 3229 2092 validum,
3280 2028 3467 2083 timuit.

1913 2099 2022 2170 Ego
2050 2102 2154 2159 dixi
2188 2105 2239 2157 in
2281 2109 2458 2159 ecstasi
2499 2125 2608 2162 mea
2632 2126 2650 2163 :
2671 2109 2931 2182 Projectus
2955 2132 3065 2169 sum
3089 2133 3119 2168 a
3156 2117 3283 2184 facie
3302 2123 3473 2173 oculo-

1910 2211 2019 2247 rum
2049 2204 2263 2251 tuorum.
2321 2199 2388 2253 Et
2428 2214 2546 2255 cum
2575 2204 2822 2273 cmpisset
2851 2208 3035 2277 mergi,
3065 2209 3328 2277 clamavit,
3366 2212 3470 2265 Du-

1910 2285 2071 2351 mine,
2104 2302 2283 2355 pereo.
2315 2290 2377 2344 Et
2402 2291 2555 2347 Jesus
2583 2297 2855 2366 porrigens
2901 2299 2948 2352 ei
2996 2315 3229 2369 manum,
3283 2303 3472 2358 levavit

1909 2392 2028 2431 cum
2057 2380 2257 2447 dicens,
2308 2383 2523 2440 Medicae
2572 2386 2711 2454 ﬁdei,
2758 2406 2920 2459 quare
2961 2391 3206 2447 dubitasti
3261 2395 3469 2464 (Manli.

1909 2484 2016 2535 xw,
2045 2469 2113 2524 26
2143 2472 2257 2542 '52)?
2282 2474 2393 2527 Dixi
2416 2492 2542 2545 ergo
2573 2478 2621 2531 in
2651 2494 2847 2547 pavore
2888 2496 3027 2546 meo,
3058 2482 3318 2553 Projectus
3357 2503 3467 2539 smn

1907 2574 1939 2610 a
1968 2560 2095 2629 facie
2117 2562 2373 2617 oculorum
2403 2575 2599 2618 tuorum
2628 2583 2647 2621 :
2667 2576 2719 2622 et
2741 2579 2984 2639 tauquam
3004 2572 3111 2640 jam
3142 2575 3309 2641 perire
3338 2576 3467 2628 inei-

1908 2650 2098 2719 pientis
2143 2653 2192 2705 in
2224 2656 2375 2717 mari,
2418 2659 2681 2724 exaudiui,
2726 2659 2966 2727 Domine,
3018 2677 3181 2716 vocem
3232 2666 3469 2719 orationis

1907 2758 2045 2795 mete.
2077 2741 2341 2799 Exaudiin
2368 2756 2564 2813 autem,
2606 2765 2719 2801 cum
2745 2751 3012 2804 clamarem
3057 2753 3125 2805 ad
3165 2763 3228 2807 te.
3261 2755 3470 2810 Clamor

1906 2833 1972 2887 ad
2005 2834 2166 2889 Deum
2198 2851 2302 2890 non
2330 2848 2408 2891 est
2428 2854 2575 2905 voce,
2608 2840 2699 2896 sed
2743 2841 2925 2897 corde.
2953 2842 3099 2897 Multi
3143 2845 3360 2901 silentes
3390 2847 3468 2899 la-

1905 2925 2027 2994 biis,
2049 2927 2208 2983 corde
2234 2930 2590 2986 clamaverunt
2612 2950 2628 2987 :
2650 2933 2805 2988 multi
2844 2948 2937 2991 ore
2958 2943 3271 3007 strepentes,
3309 2940 3469 2994 corde

1905 3033 2094 3074 averso
2126 3020 2255 3075 nihil
2295 3021 2575 3090 impetrare
2622 3035 2920 3093 potuerunt.
2974 3026 3030 3082 Si
3074 3044 3200 3095 ergo
3248 3030 3465 3097 clamas,

1906 3103 2071 3157 clama
2098 3104 2258 3171 intus,
2289 3106 2375 3160 ubi
2403 3107 2547 3161 audit
2589 3109 2744 3163 Deus.
2774 3108 2903 3164 Cum
2947 3111 3249 3179 clamarem,
3280 3115 3466 3186 inquit,

1905 3197 1971 3250 ad
2000 3205 2069 3261 te,
2100 3198 2357 3253 exaudisti
2387 3214 2565 3253 vocem
2595 3202 2845 3257 orationis
2874 3218 3027 3259 mem.

1979 3289 2062 3341 ll.
2088 3287 2235 3359 [vers.
2263 3288 2376 3361 24.]
2420 3290 2536 3345 Jam
2564 3307 2691 3365 ergo
2728 3304 2981 3363 expertus
3007 3298 3129 3367 quid
3160 3294 3257 3353 nos
3292 3298 3469 3355 horta-

1907 3382 2028 3435 tur?
2056 3380 2259 3452 Diligite
2290 3381 2576 3447 Dominum,
2625 3402 2793 3440 omnes
2843 3389 3002 3441 sancti
3027 3390 3155 3459 ejus.
3200 3392 3467 3462 Tanquam

1905 3472 2124 3536 diceret,
2147 3473 2359 3530 Credite
2401 3476 2548 3542 mihi,
2594 3492 2692 3548 ego
2734 3493 2851 3533 sum
2877 3492 3155 3547 expertus;
3189 3482 3341 3537 habui
3374 3487 3467 3538 tri-

1904 3561 2235 3629 bulationes;
2265 3564 2519 3629 invocavi,
2548 3576 2599 3619 et
2626 3583 2731 3621 non
2756 3582 2871 3622 sum
2922 3570 3203 3639 deceptus;
3253 3574 3467 3642 speravi

1905 3654 1956 3708 in
1989 3656 2175 3724 Deum,
2222 3666 2405 3713 etnon
2454 3674 2570 3713 sum
2615 3659 2863 3715 confusus
2896 3679 2909 3713 :
2939 3662 3281 3731 cogitationes
3323 3679 3468 3718 meas

1906 3748 2235 3815 illuminavit,
2291 3751 2694 3820 trepidationem
2749 3766 2917 3805 meam
2972 3751 3215 3807 ﬁrmavit.
3265 3752 3470 3825 Ditigite

1906 3837 2197 3906 Dominum,
2228 3857 2397 3894 omnes
2419 3843 2579 3894 sancti
2604 3843 2711 3911 ejus
2739 3856 2757 3896 :
2780 3841 2830 3895 id
2859 3850 2957 3906 est,
2982 3858 3075 3897 vos
3096 3846 3115 3874 ²
3141 3844 3336 3915 diligite
3363 3846 3466 3899 Do-

1904 3929 2127 3995 minum,
2172 3932 2258 3999 qui
2297 3945 2401 3984 non
2444 3931 2655 4000 diligitis
2704 3932 2977 3996 mundum,
3026 3932 3128 3989 hoc
3173 3944 3271 3999 est,
3300 3953 3467 3991 omnes

1903 4015 2063 4073 sancii
2101 4024 2226 4089 ejus.
2277 4019 2407 4075 Nam
2434 4022 2517 4076 cui
2545 4021 2664 4077 dico
2714 4033 2768 4076 ut
2806 4024 2985 4093 diligat
3028 4026 3326 4094 Dominum,
3379 4030 3466 4097 qui

1903 4111 2073 4167 adhuc
2098 4112 2267 4183 diligit
2305 4113 2787 4183 amphitheatrum?
2813 4113 2905 4169 Cui
2928 4115 3045 4170 dico
3076 4125 3133 4170 ut
3159 4117 3339 4187 diligat
3364 4120 3465 4172 Do-

1904 4190 2125 4267 minum.
2155 4208 2241 4276 qui
2273 4205 2441 4261 adhuc
2474 4206 2643 4276 diligit
2675 4206 2913 4271 inimum,
2957 4209 3043 4279 qui
3083 4210 3254 4263 adhuc
3302 4210 3468 4280 diligit

1904 4299 2283 4367 pantomimum
2314 4298 2411 4368 (a),
2440 4298 2527 4367 qui
2554 4297 2727 4352 adhuc
2771 4297 2938 4369 diligit
2975 4300 3334 4366 vinolentiam,
3379 4302 3465 4370 qui

1901 4383 2073 4447 adhuc
2101 4392 2271 4462 diligit
2292 4406 2513 4461 pompas
2551 4392 2749 4456 saeculi,
2784 4401 2837 4447 et
2861 4393 3121 4447 vanitates
3158 4406 3362 4457 omnes,
3412 4401 3466 4447 et

1901 4484 2132 4539 insanias
2160 4484 2475 4539 mendaces?
2504 4485 2595 4540 Cui
2622 4484 2740 4540 dico
2769 4503 2781 4538 :
2813 4486 2964 4541 Disce
3003 4500 3107 4539 non
3145 4485 3379 4555 diligere,
3410 4497 3467 4541 ut

1848 4582 1851 4585 '
1902 4574 2074 4628 discas
2095 4574 2346 4646 diligere;
2378 4584 2639 4641 avertere,
2685 4584 2741 4629 ut
2786 4575 3140 4640 convertaris;
3196 4574 3375 4643 funde,
3409 4588 3466 4633 ut

1903 4669 2191 4740 implearis.
2221 4671 2432 4744 Diligite
2452 4672 2745 4735 Dominum,
2770 4689 2937 4726 omnes
2960 4674 3121 4725 sancti
3136 4674 3262 4744 ejus.

1976 4763 2059 4817 12.
2092 4764 2336 4830 Quoniam
2384 4754 2633 4819 veritatem
2696 4766 2909 4831 requiret
2970 4765 3233 4819 Dominus.
3288 4767 3463 4825 Nostis

1900 4857 2020 4926 quia
2043 4857 2198 4911 modo
2224 4858 2372 4912 multi
2399 4850 2619 4912 maleﬁci
2636 4856 2657 4887 ³
2684 4856 2953 4921 videntur;
2978 4857 3143 4911 nostis
3163 4858 3283 4928 quia
3306 4860 3462 4915 modo

1902 4949 1953 5004 in
1983 4950 2092 5004 suis
2135 4951 2448 5005 vanitatibus
2504 4950 2830 5005 extolluntur
2862 4965 2875 5002 :
2905 4950 3180 5005 veritatem
3228 4954 3465 5023 requiret

1901 5041 2171 5095 Dominus.
2204 5041 2270 5095 Et
2291 5040 2521 5095 retribuet
2544 5041 2620 5094 Itis
2651 5042 2734 5111 qui
2760 5042 3067 5097 abundanter
3091 5044 3280 5114 faciunt
3299 5062 3464 5113 super.

1901 5134 2053 5188 biam.
2084 5134 2242 5189 Ferte
2269 5133 2437 5188 donec
2464 5134 2713 5196 efferatis,
2737 5134 2951 5189 tolerate
2994 5136 3163 5191 donec
3192 5139 3413 5191 carentis
3447 5155 3460 5191 :

1899 5241 2118 5281 necesse
2161 5234 2240 5279 est
2287 5225 2427 5279 enim
2473 5234 2529 5278 ut
2580 5224 2832 5281 Dominus
2868 5227 3139 5282 veritatem
3169 5229 3460 5297 requirens,

1964 5408 1979 5439 ί
2008 5412 2135 5465 Lov.,
2176 5412 2225 5453 Et
2264 5406 2327 5455 ad
2365 5404 2573 5454 verbum.
2603 5410 2749 5452 AtEr.
2787 5409 2838 5453 et
2874 5411 2978 5455 Mss.
3014 5411 3179 5453 carent
3216 5402 3461 5466 particula,

1896 5466 1978 5563 adi
2000 5540 2122 5587 Mss,
2147 5529 2200 5595 id
2218 5536 2300 5587 est,
2326 5530 2397 5579 illi
2421 5529 2735 5595 diuquam.
2964 5590 2973 5595 _
3001 5588 3011 5595 ,
3336 5584 3348 5595 ,

1960 5597 1979 5626 ³
2003 5586 2217 5645 Nonnulli
2251 5586 2311 5642 es
2338 5586 2681 5656 antiquiin‘ihus
2725 5600 2849 5651 Mss,
2874 5588 3011 5639 multi
3049 5588 3277 5651 matiﬁces
3304 5586 3462 5637 riden-

1893 5660 2030 5780 mt’a)
2059 5716 2388 5774 Pantomimos,
2404 5716 2617 5780 saltator,
2654 5717 2733 5780 qui
2761 5729 2922 5764 mo'es
2942 5708 3460 5780 ειιεπεςιιιδειιιρξιὶιιει

1896 5772 2042 5845 gesut
2067 5772 2384 5844 exprimebat.
2411 5780 2522 5828 vide
2542 5772 2620 5827 lib.
2646 5772 2683 5828 Ξ
2699 5778 2762 5828 de
2782 5780 2995 5828 Doctrina
3018 5774 3208 5833 duist.,
3227 5784 3272 5821 c.
3288 5772 3368 5822 25.
