3988 6188
469 316 577 376 2‘55

467 431 722 491 retribuat
750 429 831 484 his
856 422 943 496 qui
973 423 1300 479 abundanter
1328 420 1522 475 faciunt
1544 416 1883 487 superbiam.
1911 412 2027 468 iam

470 524 705 577 dicturus
724 534 781 573 es
811 535 822 569 :
850 515 1070 584 Quando
1122 511 1417 569 retribuet?
1445 506 1666 577 Quando
1716 505 1848 559 vult.
1899 502 2032 572 Quia

468 616 723 671 retribuet
744 620 919 663 certus
938 609 1043 673 sis;
1073 606 1140 662 de
1175 603 1519 661 retributione
1572 617 1674 655 non
1708 599 1939 661 dubites,
1965 596 2033 651 de

469 719 702 774 tempore
734 716 836 756 non
863 701 1056 754 audeas
1085 698 1192 753 Deo
1217 696 1344 750 dare
1366 693 1663 749 consilium.
1694 690 1917 747 Prorsus
1943 702 2033 741 ve-

468 799 673 850 ritatem
710 794 960 863 requiret,
992 799 1046 845 et
1072 789 1328 845 retribuet
1367 787 1450 842 his
1475 785 1564 855 qui
1594 782 1924 838 abundanter
1952 779 2030 831 fa-

468 889 613 940 ciunt
635 884 954 951 superbiam.
1000 881 1275 951 Aliquibus
1302 887 1355 933 et
1381 876 1467 932 hic
1492 871 1768 939 retribuet,
1804 881 1859 927 et
1894 869 2030 924 vidi-

472 995 591 1032 tuus
639 986 691 1030 et
735 977 1014 1031 didicimus
1069 974 1187 1044 quia
1238 969 1497 1027 retribuit.
1546 966 1753 1022 Etenim
1820 962 2033 1032 quantis

469 1071 806 1126 humiliantur
826 1069 913 1139 qui
940 1068 1102 1122 Dennt
1126 1066 1331 1130 timent,
1362 1064 1404 1117 si
1427 1060 1627 1115 fortein
1656 1058 1830 1127 aliqua
1856 1055 2030 1123 digni-

469 1172 574 1217 tate
603 1162 756 1230 hujus
795 1159 970 1214 saeculi
998 1147 1330 1219 rcfulse'rant,
1362 1150 1620 1207 humiliati
1668 1163 1777 1203 non
1819 1146 2030 1202 cecide-

470 1262 612 1317 runt,
645 1251 764 1321 quia
795 1250 960 1305 Deum
980 1248 1046 1302 de
1074 1244 1234 1301 corde
1275 1259 1384 1298 non
1409 1241 1782 1298 excluserunt:
1811 1234 2030 1289 altitudo

428 1340 431 1343 ’
470 1343 699 1411 ipsorum
732 1342 870 1394 Deus
899 1348 995 1393 est.
1049 1335 1360 1390 llumiliatus
1386 1332 1663 1386 videbatur
1689 1327 1789 1382 Job
1826 1324 2030 1396 perdita

480 1431 772 1486 substantia
793 1444 904 1490 sua,
941 1427 1155 1496 perditis
1175 1425 1295 1480 ﬁliis
1308 1424 1437 1489 suis,
1469 1420 1685 1491 perditis
1698 1434 1822 1489 qua:
1846 1430 2029 1471 serva-

473 1523 578 1584 bat,
604 1522 819 1591 perditis
835 1519 1023 1590 quibus
1034 1516 1294 1580 servabat;
1312 1511 1687 1591 remansitsine
1705 1507 2028 1572 hzeredit-ate,

467 1615 681 1686 et,quod
697 1624 778 1669 est
796 1613 1015 1675 tristius,
1034 1612 1149 1666 sine
1162 1607 1368 1663 hacrede
1386 1605 1502 1677 (Job
1520 1605 1556 1676 ι)
1576 1599 1934 1669 ;remansitad
1944 1612 2032 1653 so-

467 1707 572 1761 lam
599 1721 836 1767 uxorem,
865 1719 967 1758 non
985 1717 1131 1757 suam
1159 1697 1582 1762 consolatriccm,
1609 1693 1701 1749 sed
1724 1691 1914 1747 diaboli
1939 1705 2032 1760 po-

466 1799 571 1853 tius
591 1797 897 1867 adjutricem
929 1793 1035 1865 (Id.
1065 1810 1121 1857 ll,
1141 1792 1196 1864 9)
1222 1807 1237 1844 :
1264 1790 1565 1844 humiliatus
1592 1785 1884 1849 videbatur;
1911 1782 2031 1837 vide

470 1893 514 1948 si
533 1870 694 1946 misei'
710 1890 876 1944 factus
892 1897 992 1951 est,
1011 1886 1129 1940 vide
1154 1886 1197 1939 si
1212 1900 1314 1939 non
1331 1890 1444 1937 erat
1460 1881 1509 1934 in
1536 1876 1841 1933 abscondito
1860 1874 2032 1930 vultus

470 1984 582 2038 Dei.
604 1981 810 2048 Nudus,
830 1981 922 2046 ait,
942 1980 1039 2033 exii
1061 1978 1273 2031 deutero
1290 1974 1464 2028 matris
1481 1987 1617 2035 meat,
1636 1968 1798 2024 nudus
1817 1975 2034 2021 reuertar

464 2054 518 2127 in
558 2082 786 2126 terram:
824 2069 1071 2123 Dominus
1123 2067 1291 2129 dedit,
1328 2064 1574 2119 Dominus
1619 2060 1858 2124 abstulit;
1904 2058 2033 2111 sicut

470 2164 684 2217 Domino
710 2162 917 2231 placuit,
941 2161 1011 2214 ita
1040 2162 1226 2228 factum
1258 2166 1327 2211 est
1356 2171 1373 2211 :
1399 2156 1462 2210 sit
1487 2169 1665 2207 nomen
1702 2149 1907 2204 Domini
1951 2150 2037 2202 be-

468 2256 719 2309 nedictum
746 2252 853 2324 (Id.
882 2268 919 2317 t,
943 2251 1053 2323 2|).
1105 2250 1224 2304 Ista:
1263 2262 1486 2319 gemma:
1541 2244 1711 2298 laudis
1748 2243 1839 2297 Dei
1893 2239 2031 2295 unde

467 2344 857 2400 sunt?'Videte
910 2342 1039 2397 foris
1085 2356 1389 2411 pauperem,
1448 2338 1588 2392 intus
1627 2336 1864 2390 divitem.
1915 2332 2032 2387 ista:

467 2451 693 2506 genimat
710 2434 880 2490 laudis
906 2434 999 2488 Dei
1026 2433 1230 2509 exirent
1247 2430 1313 2485 de
1336 2430 1448 2501 ejtts
1467 2445 1578 2492 ore,
1603 2427 1701 2482 nisi
1729 2427 2032 2480 thesaurum

468 2520 768 2582 haberetiin
793 2524 992 2580 corde?
1018 2524 1118 2591 Qui
1140 2521 1334 2577 divites
1362 2535 1482 2576 esse
1519 2519 1693 2583 vultis,
1726 2516 1857 2571 tales
1895 2514 2034 2569 divi-

469 2621 568 2674 tias
594 2608 970 2687 concupiscite,
1002 2630 1131 2687 quas
1148 2630 1246 2670 nec
1267 2615 1317 2669 in
1348 2613 1618 2684 naufragio
1638 2609 1858 2682 potestis
1881 2610 2036 2664 amit-

470 2723 598 2768 tere.
628 2713 767 2782 Ergo
794 2711 927 2766 tales
962 2709 1174 2780 quando
1203 2707 1563 2772 humiliantur,
1594 2705 1755 2760 nolite
1801 2718 1895 2758 eos
1942 2717 2036 2771 pu-

471 2814 582 2859 tare
606 2806 850 2859 miseros.
884 2803 1100 2868 Erratis,
1130 2816 1233 2855 non
1264 2800 1408 2855 scitis
1429 2796 1554 2869 quid
1599 2797 1739 2851 intus
1782 2793 2032 2848 habeant.

472 2896 549 2950 Ex
571 2895 725 2949 vobis
768 2893 1046 2962 conjicitis,
1089 2892 1178 2962 qui
1202 2889 1454 2945 mundum
1499 2887 1734 2957 diligitis,
1779 2886 1900 2956 quia
1940 2897 2037 2938 vos

469 3003 589 3040 cum
613 2986 731 3039 talia
761 2984 1001 3055 perditis,
1050 2983 1230 3037 miseri
1260 2980 1564 3036 remanetis.
1595 2979 1820 3033 Prorsus
1871 2975 2036 3030 nolite

471 3077 573 3131 hoc
603 3087 820 3145 putare;
848 3074 1042 3128 habent
1070 3074 1208 3127 intus
1247 3087 1351 3143 quo
1376 3069 1654 3141 gaudeant.
1701 3068 1928 3122 Interior
1954 3074 2038 3120 est

471 3168 771 3223 dominator
810 3181 1015 3227 eorum,
1048 3165 1267 3219 interior
1294 3172 1377 3218 est
1404 3172 1582 3231 pastor
1632 3169 1687 3215 et
1736 3158 2037 3215 consolator

472 3259 725 3329 ipsorum.
755 3246 858 3326 ipsi
883 3265 1005 3311 sunt
1030 3255 1120 3326 qui
1155 3254 1291 3309 male
1318 3253 1533 3318 cadunt,
1568 3253 1654 3323 qui
1694 3265 1843 3322 spem
1887 3263 2036 3304 suam

474 3351 539 3404 in‘
565 3347 667 3404 hoc
707 3348 902 3403 szeculo
950 3355 1169 3417 ponunt.
1199 3344 1446 3400 Aufertur
1478 3341 1619 3413 quod
1649 3340 1846 3396 nitebat
1885 3340 2035 3405 forts,

473 3441 609 3519 nihil
653 3448 894 3497 remanet
936 3440 1074 3494 intus
1127 3438 1226 3492 nisi
1268 3437 1440 3492 fumus
1491 3436 1642 3489 malae
1679 3433 2035 3489 conscientia}.

440 3585 450 3601 ,
474 3535 624 3592 Unde
646 3549 705 3590 se
731 3533 1070 3588 consolentur
1096 3546 1200 3586 non
1228 3529 1444 3596 habent,
1472 3542 1577 3582 non
1609 3524 1809 3580 habent
1828 3538 1933 3595 quo
1958 3522 2036 3577 fo-

474 3642 561 3684 ras
589 3633 801 3692 exeant,
852 3639 957 3679 non
1003 3623 1198 3678 habent
1243 3636 1349 3693 quo
1392 3620 1529 3674 intro
1568 3618 1805 3683 redeant,
1842 3615 2037 3671 deserti

475 3735 666 3791 pompa
691 3717 954 3783 saeculari,
987 3715 1172 3770 inanes
1198 3714 1364 3786 gratia
1412 3711 1690 3782 spirituali,
1717 3725 1842 3766 vere
1868 3708 2040 3764 humi-

475 3814 687 3868 liantur.
713 3811 782 3866 Et
804 3809 985 3865 multis
1015 3808 1136 3863 facit
1175 3806 1313 3862 Deus
1340 3805 1437 3860 ista
1454 3804 1507 3859 in
1532 3804 1634 3858 isto
1659 3810 1918 3872 tempore,
1945 3798 2040 3855 sed

476 3919 581 3958 non
603 3902 868 3957 omnibus.
899 3900 955 3955 Si
985 3901 1126 3954 enim
1157 3896 1355 3954 nemini
1385 3894 1604 3962 faceret,
1629 3893 1779 3965 quasi
1823 3907 1927 3947 non
1955 3891 2039 3947 vi-

474 3993 691 4048 deretur
708 3990 924 4062 vigilare
952 3989 1127 4044 divina
1155 3986 1480 4058 providentia
1510 4004 1523 4039 :
1548 3985 1593 4040 si
1611 3983 1855 4039 omnibus
1898 3982 2039 4038 face—

478 4091 580 4150 ret,
610 4096 717 4136 non
746 4089 1046 4135 servaretur
1072 4079 1246 4134 divina
1269 4077 1540 4147 patientia.
1563 4076 1640 4131 Tu
1672 4085 1866 4138 tamen,
1894 4073 2041 4129 ειη-ἰ.

479 4175 669 4238 stiane,
700 4171 925 4226 tolerare
967 4169 1217 4236 didicisti,
1263 4183 1367 4223 non
1395 4167 1678 4222 vindictam
1723 4166 2039 4220 retribuere.

477 4263 745 4320 Vindicari
796 4261 896 4328 vis,
947 4261 1271 4317 christiane‘!
1325 4259 1571 4316 Nondum
1611 4257 1905 4312 vindicatus
1962 4265 2045 4312 est

477 4356 740 4413 Christus.
765 4356 845 4410 An
877 4362 931 4409 tu
960 4368 1143 4424 passus
1162 4368 1221 4409 es
1238 4353 1556 4422 improbum,
1583 4361 1637 4407 ct
1666 4350 1755 4405 ille
1784 4365 1890 4404 non
1916 4328 2040 4420 pas-

479 4464 571 4505 sns
589 4447 710 4505 est?
733 4446 918 4502 Nonne
942 4446 1086 4517 prior
1112 4460 1209 4515 pro
1230 4453 1281 4500 te
1309 4459 1494 4515 passus
1536 4451 1638 4509 est,
1675 4444 1764 4514 qui
1807 4458 1913 4497 non
1946 4442 2043 4497 ha-

480 4543 640 4599 bebat
664 4556 826 4613 quare
847 4539 1149 4610 pateretur?
1189 4538 1320 4594 Nam
1369 4538 1421 4592 in
1467 4547 1518 4593 te
1560 4537 1830 4593 tribulatio
1858 4535 2042 4593 foruax

479 4634 706 4689 auriﬁcis
722 4641 803 4689 est
828 4631 894 4705 (si
920 4640 1093 4687 tamen
1111 4644 1294 4685 aurum
1319 4629 1412 4695 sis,
1428 4637 1481 4683 et
1502 4642 1603 4682 non
1629 4627 1833 4697 palea),
1852 4637 1911 4682 ut
1931 4640 2046 4682 sor-

481 4727 632 4782 dibus
655 4740 857 4791 careas,
890 4740 993 4780 non
1023 4724 1074 4778 in
1099 4706 1336 4779 icinerem
1366 4721 1709 4776 convertaris.

552 4819 637 4874 1'5.
669 4817 815 4890 [vers.
844 4816 959 4889 25.]
991 4815 1195 4888 Diligite
1218 4814 1506 4878 Dominum,
1537 4828 1705 4867 omnes
1728 4814 1888 4866 sancti
1904 4812 2046 4882 ejus:

481 4910 713 4982 quoniam
754 4909 1007 4962 ueritatem
1045 4907 1256 4977 requiret
1297 4904 1572 4969 Dominus,
1619 4910 1666 4958 et
1701 4903 1934 4957 retribuet
1970 4902 2048 4956 Itis

480 5004 565 5074 qui
601 5002 911 5057 abundanter
947 5001 1139 5071 faciunt
1175 4998 1479 5070 superbiam.
1517 4995 1621 5053 Sed
1660 4995 1868 5067 quando
1893 4996 2049 5050 retri-

484 5095 648 5149 buet?
675 5093 720 5149 0
750 5093 796 5148 si
832 5092 989 5147 modo
1021 5091 1372 5147 retribueret!
1402 5089 1560 5145 modo
1585 5103 1678 5145 eos
1699 5089 1939 5161 volebam
1968 5088 2049 5142 vi-

480 5188 610 5245 dere
644 5185 947 5242 humiliatos
982 5194 1138 5256 atque
1173 5191 1484 5254 prostratos.
1511 5182 1699 5239 Audite
1726 5182 1850 5253 quid
1876 5182 2053 5252 sequi-

483 5289 569 5336 tur
599 5297 614 5334 :
652 5278 872 5333 Viriliter
906 5277 1052 5348 agite.
1079 5274 1251 5332 Nolite
1279 5275 1443 5331 lassas
1472 5290 1658 5329 manus
1682 5259 1733 5329 iit
1762 5272 2053 5329 tribulatio-

484 5371 639 5428 nibus
674 5369 940 5425 dimittere
967 5408 983 5436 ,
1024 5384 1130 5423 non
1171 5375 1354 5423 nutent
1389 5381 1558 5438 genua
1596 5374 1791 5421 vestra.
1836 5364 2054 5418 Viriliter

484 5464 650 5535 agite,
686 5469 732 5515 et
773 5463 1080 5531 confartetur
1122 5474 1210 5513 cor
1249 5467 1462 5513 vestrum
1489 5473 1509 5510 :
1534 5455 1601 5510 ad
1638 5454 1977 5525 perpetienda
2002 5462 2054 5509 et

487 5552 754 5611 toleranda
800 5552 976 5607 omnia
1019 5550 1157 5607 mala
1199 5548 1353 5618 hujus
1388 5545 1566 5602 saeculi
1604 5545 1928 5600 confortetur
1963 5558 2056 5600 cor

489 5659 739 5701 vestrum.
778 5644 881 5701 Sed
920 5642 1009 5714 qui
1052 5649 1176 5697 sunt
1216 5641 1405 5710 quibus
1442 5637 1554 5692 hzec
1594 5637 1723 5691 dicit
1747 5635 2006 5705 Propheta
2038 5653 2052 5690 :

499 5736 716 5793 Virititer
731 5742 859 5809 agite
881 5779 894 5798 ,
927 5744 972 5788 et
993 5736 1295 5803 confortatur
1315 5746 1400 5785 cor
1425 5730 1680 5784 vestrum?
1704 5729 1954 5801 numquid
1977 5728 2058 5786 his

1622 306 1677 363 S.
1720 295 2074 361 AUGUSTINI
2116 296 2413 356 EPlSCOPl

3597 294 3709 351 2:36

2140 412 2229 481 qui
2274 413 2497 485 diligunt
2535 412 2829 470 mundum?
2868 412 3004 469 Non.
3043 412 3146 469 Sed
3185 410 3373 485 quibus
3410 409 3577 478 dicit,
3613 424 3708 464 au-

2139 505 2247 560 dite
2275 524 2288 560 :
2315 505 2498 560 Omnes
2523 507 2608 576 qui
2632 506 2842 577 speratis
2862 506 2914 561 in
2935 503 3175 563 Domina.

2538 722 2619 784 IN
2661 720 2916 784 PSALM
2925 718 3037 781 UM
3078 712 3301 779 XXXI

2663 840 3061 898 ENARRATIO
3096 839 3139 894 l.

2576 954 2689 1026 Ipsi
2711 953 2874 1008 David
2896 951 3255 1023 intelligentiat.

2212 1071 2261 1124 l.
2296 1068 2444 1143 [verm
2478 1067 2553 1142 l.]
2593 1068 2697 1140 Ipsi
2724 1050 2886 1123 David
2916 1065 3308 1135 iutelligentize,
3338 1077 3442 1135 qua
3465 1060 3717 1133 intelligi-

2137 1169 2220 1216 tur
2240 1178 2342 1218 non
2366 1161 2567 1216 meritis
2593 1176 2808 1231 operum
2825 1202 2840 1227 ,
2869 1158 2960 1214 sed
2986 1159 3151 1229 gratia
3181 1156 3273 1213 Dei
3294 1156 3563 1211 hominem
3583 1153 3715 1209 libe-

2134 1252 2273 1317 rari,
2304 1252 2639 1308 conﬁtentem
2672 1260 2883 1321 peccata
2906 1266 3022 1305 sua.

2203 1345 2256 1398 2.
2294 1342 2442 1416 [vers.
2466 1343 2549 1417 2.]
2591 1343 2735 1398 Beati
2760 1344 2971 1416 quorum
2998 1342 3217 1396 remissa:
3242 1349 3359 1396 sunt
3386 1338 3672 1409 iniquitates
3695 1379 3716 1405 ,

2134 1444 2180 1489 et
2222 1452 2434 1505 quorum
2476 1445 2603 1490 tecta
2644 1444 2757 1489 sunt
2794 1443 2995 1505 peccata
3033 1448 3052 1487 :
3089 1442 3143 1488 et
3165 1446 3386 1502 quorum
3413 1440 3630 1500 peccata
3660 1430 3715 1483 in

2133 1526 2449 1581 oblivionem
2497 1525 2653 1580 ducta
2695 1534 2837 1581 sunt.
2888 1523 3070 1578 Beatus
3108 1524 3182 1577 vir
3214 1523 3294 1577 cui
3322 1539 3421 1576 non
3450 1523 3717 1592 imputavit

2135 1616 2379 1671 Dominus
2425 1627 2678 1687 peccatum
2700 1658 2716 1685 ,
2759 1632 2848 1671 nec
2883 1625 2954 1670 est
2980 1615 3032 1669 in
3068 1630 3155 1669 ore
3179 1615 3287 1684 ejus
3310 1612 3457 1667 dolus
3487 1628 3508 1666 :
3533 1627 3632 1667 nec
3661 1611 3715 1664 in

2135 1724 2228 1763 ore
2248 1723 2343 1762 suo
2365 1708 2521 1764 habet
2545 1708 2951 1764 ostentationem
2973 1706 3191 1778 iustitiae
3211 1748 3227 1775 ,
3251 1719 3371 1761 cum
3393 1702 3719 1761 conscientia

2134 1800 2248 1871 ejus
2275 1801 2501 1870 peccatis
2530 1801 2681 1870 plena
2707 1808 2809 1855 est.

2205 1892 2258 1947 '5.
2289 1891 2438 1964 [uers.
2466 1890 2543 1963 5.]
2584 1890 2832 1959 Quoniam
2854 1889 3004 1957 tacui,
3027 1890 3418 1943 inveteraverunt
3437 1902 3550 1940 ossa
3566 1901 3714 1942 mea:

2135 1985 2382 2055 quoniam
2431 2000 2535 2039 non
2583 1984 2772 2055 protuli
2817 1998 2910 2037 ore
2949 1980 3343 2037 confessionem
3386 1978 3451 2033 ad
3483 1978 3718 2032 salutem

2140 2076 2312 2147 (Rom.
2342 2093 2406 2144 χ,
2443 2076 2564 2147 10),
2596 2075 2768 2129 omnis
2798 2074 3018 2128 firmitas
3044 2087 3160 2126 mea
3190 2072 3242 2125 in
3266 2068 3571 2123 inﬁrmitate
3589 2082 3722 2121 con-

2134 2169 2330 2226 senuit.
2376 2170 2419 2221 A
2457 2166 2721 2222 clantando
2760 2183 2838 2220 me
2879 2174 2982 2220 tota
3023 2163 3103 2217 die
3128 2177 3291 2217 :cum
3319 2176 3491 2216 essem
3522 2159 3721 2229 impius

2135 2272 2292 2331 atque
2334 2259 2711 2329 blasphemus,
2763 2255 3042 2311 clamando
3084 2262 3269 2310 contra
3315 2252 3479 2331 Deum
3505 2293 3521 2318 ,
3567 2249 3722 2321 quasi

2137 2352 2428 2409 defendens
2453 2358 2508 2405 et
2532 2364 2792 2405 excusans
2818 2357 3029 2419 peccata
3053 2361 3190 2401 mea.
3402 2330 3405 2335 ’

2206 2446 2260 2500 4.
2292 2443 2441 2517 [vers.
2470 2440 2548 2514 4.]
2601 2441 2847 2508 Quoniam
2877 2440 2957 2494 die
2988 2455 3047 2492 ac
3073 2444 3214 2492 nocte
3240 2442 3444 2507 gravata
3469 2442 3544 2488 est
3569 2447 3723 2501 super

2139 2554 2216 2592 me
2248 2553 2426 2590 manus
2455 2543 2541 2587 tua
2571 2550 2589 2587 :
2615 2533 2863 2604 quoniam
2891 2530 3136 2586 continua
3167 2527 3453 2582 afflictione
3481 2523 3721 2594 ﬂagello-
3752 2572 3761 2587 ,

2137 2645 2253 2683 runt
2297 2636 2540 2692 tuorum,
2584 2624 2859 2680 Conversus
2896 2640 3006 2676 sum
3037 2624 3090 2675 in
3129 2636 3355 2676 (erumna
3380 2633 3489 2672 mea
3518 2618 3565 2684 ί,
3598 2616 3726 2670 dum

2138 2721 2468 2792 conﬁgeretur
2503 2718 2669 2789 spina.
2696 2717 2854 2772 Miser
2877 2715 3045 2771 factus
3068 2730 3187 2769 sum
3218 2712 3586 2784 cognoscendo
3616 2709 3723 2764 nti-

2138 2813 2330 2869 seriam
2359 2826 2527 2866 meam
2554 2851 2570 2879 ,
2601 2817 2948 2878 compunctus
2977 2806 3113 2862 mala
3137 2804 3479 2861 conscientia.

2209 2906 2264 2960 5.
2293 2904 2440 2975 [vers.
2473 2901 2550 2974 5.]
2596 2901 2671 2972 (a)
2700 2900 2973 2956 Peccatum
2998 2915 3161 2953 meum
3182 2898 3387 2969 cognovi
3408 2938 3424 2962 ,
3451 2904 3496 2949 et
3515 2895 3727 2964 injusti-

2140 2999 2262 3054 tiam
2286 3016 2445 3053 meam
2472 3014 2571 3052 non
2596 2997 2775 3069 aperui
2801 3012 2819 3051 :
2848 2996 2899 3050 id
2926 3003 3042 3062 est,
3072 2994 3381 3064 iniustitiam
3410 3007 3581 3048 meam
3611 3005 3727 3046 non

2138 3092 2416 3148 occultavi.
2454 3090 2579 3144 Dixi
2608 3109 2627 3145 :
2653 3088 2999 3144 Pronuntiabo
3024 3088 3287 3142 adversum
3313 3103 3392 3140 me
3417 3086 3729 3157 injustitiam

2139 3200 2302 3237 meam
2345 3182 2580 3237 Domino.
2626 3182 2743 3236 Dixi
2790 3199 2805 3236 :
2852 3178 3248 3247 Pronuntiabo,
3287 3193 3393 3234 non
3436 3177 3728 3232 adversum

2142 3275 2306 3330 Deum
2330 3315 2345 3341 ,
2376 3274 2513 3329 sicut
2537 3275 2588 3328 in
2614 3274 2848 3329 clamore
2877 3273 3165 3343 impietatis
3193 3270 3403 3342 quando
3431 3268 3597 3335 tacui,
3624 3268 3729 3324 sed

2140 3365 2419 3421 adversum
2439 3380 2525 3420 me
2549 3364 2855 3434 injustitiam
2881 3379 3051 3420 meam
3078 3363 3320 3418 Domino.
3344 3358 3412 3414 Et
3442 3371 3493 3413 tu
3521 3360 3730 3413 remisi-

2140 3457 2205 3511 sti
2228 3457 2533 3528 impietatem
2561 3455 2725 3510 cordis
2752 3456 2849 3509 mei
2872 3471 2892 3509 :
2920 3454 3138 3508 audiens
3166 3467 3349 3507 vocem
3373 3449 3734 3506 confessionis

2140 3549 2194 3604 in
2215 3547 2374 3604 corde
2392 3589 2407 3613 ,
2429 3555 2709 3617 antequam
2735 3560 2865 3601 voce
2891 3544 3235 3615 proferretur.

2213 3640 2265 3695 6.
2310 3637 2457 3712 [σεῖε.
2525 3637 2601 3710 6.]
2647 3636 2752 3692 Pro
2789 3638 2883 3691 hac
2908 3636 3067 3690 orabit
3091 3635 3158 3688 ad
3183 3643 3229 3689 te
3252 3634 3413 3689 omnis
3440 3641 3641 3687 sanctus
3668 3633 3735 3687 in

2152 3743 2372 3804 tempore
2407 3740 2687 3803 opportuno
2732 3747 2751 3785 :
2792 3746 2886 3802 pro
2922 3731 3021 3785 hac
3057 3728 3328 3799 impietate
3359 3726 3535 3783 cordis
3566 3724 3631 3779 ad
3673 3736 3737 3781 te

2138 3826 2318 3882 orabit
2359 3824 2533 3881 omnis
2574 3832 2810 3878 sanctus.
2853 3821 2968 3876 Non
3011 3821 3151 3876 enim
3191 3818 3392 3875 meritis
3415 3818 3526 3874 suis
3554 3818 3737 3871 sancti

2144 3926 2331 3983 erunt,
2362 3916 2455 3972 sed
2482 3915 2871 3986 opportunitate
2896 3912 3169 3983 temporis,
3192 3912 3294 3968 hoc
3315 3921 3396 3967 est
3418 3911 3471 3966 in
3493 3910 3739 3967 adventu

2145 4013 2259 4084 eius
2284 4012 2370 4084 qui
2398 4026 2494 4066 nos
2521 4025 2551 4064 a
2579 4010 2807 4080 peccatis
2827 4006 3068 4063 redemit.
3097 4003 3447 4060 Verumtamen
3468 4003 3522 4058 in
3538 4004 3738 4058 diluvio

2145 4119 2391 4175 aquarum
2416 4102 2721 4164 multarunt,
2750 4099 2817 4153 ad
2840 4116 2951 4153 eum
2977 4114 3075 4152 non
3099 4095 3568 4169 appropinquabant
3592 4110 3613 4148 :
3634 4109 3740 4149 vc—

2146 4206 2442 4251 rumtamen
2473 4208 2629 4248 nemo
2657 4191 2940 4246 arbitretur
2963 4231 2980 4258 ,
3010 4205 3131 4246 cum
3160 4196 3380 4258 repente
3415 4186 3534 4240 ﬁnis
3560 4200 3742 4239 vene-

2146 4287 2247 4353 rit,
2289 4286 2425 4340 sicut
2462 4284 2514 4339 in
2551 4281 2735 4339 diebus
2776 4281 2919 4361 Noe,
2963 4293 3239 4336 remanere
3270 4276 3616 4333 confessionis
3644 4275 3739 4331 lo-

2147 4393 2267 4434 cum
2287 4419 2303 4445 ,
2336 4391 2430 4446 per
2455 4391 2610 4446 quam
2638 4373 3016 4445 propinquetur
3041 4373 3107 4427 ad
3135 4373 3324 4427 Deum.

2217 4472 2270 4525 7.
2317 4468 2462 4542 [vers.
2504 4466 2583 4540 7.]
2648 4466 2723 4521 Tu
2761 4467 2884 4518 mihi
2925 4481 2975 4519 es
3008 4465 3258 4535 refugium
3290 4480 3321 4516 a
3356 4478 3588 4532 pressura
3616 4475 3746 4529 qua

2149 4560 2476 4617 circumdedit
2514 4576 2594 4614 me
2622 4574 2641 4613 :
2671 4567 2726 4613 tu
2752 4556 2879 4612 mihi
2907 4571 2965 4612 es
2990 4554 3246 4626 refugium
3276 4571 3305 4608 a
3336 4568 3577 4624 pressura
3608 4568 3746 4621 poc—

2148 4664 2386 4710 eatorum
2411 4692 2426 4720 ,
2451 4667 2568 4723 qua:
2589 4648 2934 4707 circumdedit
2960 4644 3053 4703 cor
3071 4664 3269 4704 meum.
3293 4647 3575 4701 Exsultatio
3595 4662 3743 4712 uteri,

2148 4746 2337 4801 redime
2373 4760 2451 4798 me
2487 4759 2525 4796 α
2557 4739 2978 4797 circumdantibus
3022 4756 3100 4793 me
3127 4755 3145 4793 :
3177 4738 3229 4792 in
3261 4747 3313 4794 te
3340 4737 3467 4792 mihi
3498 4745 3579 4790 est
3604 4750 3749 4806 gau-

2149 4836 2294 4891 dium
2315 4876 2330 4903 ,
2375 4833 2578 4890 redime
2610 4847 2697 4888 me
2722 4830 2788 4887 ab
2814 4845 2876 4887 ea
2903 4829 3110 4884 tristitia
3135 4872 3151 4896 ,
3178 4844 3334 4900 quam
3363 4828 3487 4883 mihi
3516 4839 3746 4897 peccata

2152 4942 2269 4982 mea
2295 4924 2512 4981 faciunt.

2223 5019 2276 5075 8.
2319 5016 2469 5091 [vers.
2509 5015 2587 5088 8.]
2632 5013 2712 5089 (b)
2764 5013 3058 5085 Responsio
3089 5012 3182 5067 Dei
3214 5030 3226 5066 :
3259 5010 3575 5065 Intellectum
3603 5009 3748 5065 dabo

2155 5111 2279 5177 tibi,
2318 5121 2365 5166 et
2402 5120 2619 5166 statuam
2662 5119 2709 5163 te
2749 5110 2802 5163 in
2827 5108 2907 5162 via
2940 5108 3034 5159 hac
3057 5122 3157 5172 qua
3180 5104 3423 5177 gradieris
3451 5105 3491 5158 ³.
3522 5102 3745 5159 Intelle-

2155 5214 2297 5259 ctum
2337 5202 2473 5260 dabo
2514 5203 2605 5258 tibi
2644 5210 2767 5272 post
2791 5198 3178 5256 confessionem
3202 5239 3216 5264 ,
3250 5207 3306 5251 ut
3334 5212 3436 5250 non
3465 5196 3683 5251 recedas
3712 5213 3747 5252 a

2156 5297 2238 5351 via
2268 5311 2371 5367 qua
2400 5294 2738 5367 ingrediaris,
2768 5308 2835 5349 ne
2870 5301 2971 5346 tute
3002 5290 3274 5362 potestatis
3301 5304 3419 5345 esse
3445 5288 3593 5343 velis.
3632 5289 3747 5344 0b-

2226 5488 2242 5518 ι
2269 5484 2615 5561 Plerique
2641 5484 2815 5533 omisso
2844 5494 2966 5543 mea,
2993 5486 3270 5532 constanter
3291 5480 3473 5531 habent
3492 5479 3544 5532 in
3565 5493 3758 5532 crum—

2159 5561 2289 5607 nam,
2310 5559 2410 5596 sec.
2434 5552 2561 5594 Lxx.
3691 5576 3701 5587 .

2226 5611 2248 5640 ³
2273 5616 2375 5656 MSS.
2402 5609 2451 5655 in
2475 5607 2562 5657 hac
2586 5613 2637 5657 et
2659 5620 2708 5659 tn
2729 5612 2887 5658 βω.
2914 5618 3041 5668 seq.,
3064 5604 3364 5669 ingredieris.

2228 5670 2299 5792 in)
2327 5670 2605 5739 Diapsatma.

2256 5730 2304 5792 b)
2333 5730 2605 5792 Diapsahna.

2256 5730 2304 5793 b)
2333 5730 2608 5792 Diapsahna.
