3988 6188
193 337 292 392 9.57

196 447 407 513 ﬁrmabo
439 461 590 516 super
631 455 678 500 te
716 444 884 500 oculos
913 460 1044 499 meos
1069 459 1085 496 :
1112 441 1179 497 ita
1205 455 1364 511 super
1385 449 1434 494 te
1460 439 1647 495 faciam
1673 437 1766 492 ﬁr-

194 554 332 592 mam
365 538 698 592 dilectionem
727 552 917 591 meam.

263 631 318 686 9.
356 629 517 701 [vera
550 629 628 702 9.]
661 629 835 683 Nolite
863 645 967 682 esse
990 627 1116 681 sicut
1141 641 1294 697 equus
1337 634 1384 678 et
1415 625 1579 677 mulus
1603 663 1618 687 ,
1650 623 1764 691 qui—

196 721 280 774 bus
323 737 427 773 non
465 730 536 772 est
572 720 869 773 intellectus.
911 718 1031 773 Ideo
1072 715 1232 786 seipsi
1267 731 1450 785 regere
1473 715 1676 768 volunt.
1708 714 1773 766 Et

196 829 299 866 vox
334 813 614 885 Propheta:
648 829 660 864 :
694 810 758 863 In
788 813 929 882 freno
951 820 997 864 et
1023 826 1164 863 ramo
1193 808 1429 861 maxillas
1458 822 1628 859 eorum
1656 821 1772 857 con-

196 906 402 973 stringe.
441 904 577 972 Ergo
609 901 690 957 fac
731 901 1042 966 illis,Deus,
1088 898 1226 970 quod
1267 899 1324 952 ﬁt
1353 912 1489 968 equo
1512 907 1566 951 et
1595 895 1769 960 mulo,

197 1007 251 1050 ut
287 995 462 1065 pmnis
486 1009 581 1049 eos
606 1009 760 1064 cogas
785 996 920 1048 ferre
947 993 1180 1062 regimen
1211 1000 1355 1046 tuum
1377 1031 1390 1057 ,
1418 989 1503 1060 qui
1531 1005 1627 1042 non
1655 1002 1773 1056 pro-

199 1089 445 1157 pinquant
473 1086 540 1138 ad
571 1094 636 1138 te.

268 1178 357 1232 10.
403 1175 552 1247 [υεγδ.
600 1173 712 1246 10.]
756 1172 922 1226 Multa
959 1173 1160 1244 ﬂagella
1189 1171 1507 1241 peccatoris:
1547 1168 1770 1223 multum

201 1268 494 1338 ﬂagellatur
515 1307 530 1330 ,
568 1266 658 1335 qui
699 1282 800 1319 non
845 1265 1104 1319 conﬁtens
1135 1264 1241 1317 Deo
1271 1270 1481 1330 peccata
1512 1275 1604 1315 sua
1629 1300 1644 1324 ,
1691 1275 1778 1313 se-

205 1361 376 1430 ipsum
399 1358 498 1412 sibi
518 1367 779 1411 rectorem
799 1369 918 1410 esse
939 1354 1066 1408 vult.
1093 1353 1389 1425 Sperantem
1409 1361 1574 1404 autem
1592 1351 1644 1404 in
1668 1349 1775 1402 Do-

204 1454 336 1506 mino
381 1450 722 1504 misericordia
765 1446 1091 1502 circumdabit
1136 1463 1154 1500 :
1198 1446 1286 1516 qui
1323 1453 1496 1500 autem
1523 1454 1700 1514 sperat
1724 1443 1777 1496 in

206 1544 430 1599 Domino
453 1583 467 1607 ,
492 1550 542 1596 et
571 1541 618 1595 ei
648 1554 707 1595 se
730 1538 907 1596 subdit
933 1536 1220 1608 regendum
1242 1578 1257 1602 ,
1287 1534 1647 1591 misericordia
1677 1532 1781 1588 cir-

207 1631 477 1689 cumdabit
501 1646 642 1687 eum.

274 1728 359 1782 H.
410 1723 559 1796 [vers
600 1721 712 1796 1Ι.]
757 1721 1021 1776 Laztamini
1063 1721 1113 1774 in
1137 1693 1390 1784 Domino,
1420 1727 1466 1773 et
1498 1717 1740 1772 exsultate
1764 1758 1778 1781 ,

209 1817 322 1890 justi
351 1834 368 1870 :
401 1813 683 1877 lmtamini,
715 1821 768 1868 et
793 1812 1072 1878 exsultate,
1097 1811 1244 1880 justi,
1279 1825 1382 1863 non
1415 1808 1466 1862 in
1493 1807 1660 1871 vobis,
1688 1806 1783 1862 sed

212 1910 263 1962 in
300 1907 544 1962 Domino.
567 1904 632 1958 Et
660 1904 966 1976 gloriamini,
995 1919 1164 1956 omnes
1190 1903 1310 1955 recti
1335 1901 1484 1954 corde
1514 1915 1534 1952 :
1561 1907 1614 1954 et
1640 1899 1690 1952 in
1717 1912 1784 1952 eo

211 1997 504 2069 gloriamini
549 2009 768 2060 omnes,
817 1993 905 2064 qui
951 1992 1282 2049 intellexistis
1328 2002 1528 2048 rectum
1567 2003 1685 2045 esse
1711 1985 1785 2043 illi

213 2089 390 2153 subdi,
422 2097 480 2142 ut
510 2087 718 2142 caeteris
744 2084 1120 2178 prmferamini.

758 2217 1148 2274 ENARRATIO
1188 2216 1248 2270 ΙΙ.

753 2349 924 2388 SERMO
951 2349 1016 2388 AD
1045 2347 1265 2387 PLEBEII.

280 2451 329 2503 l.
381 2447 622 2503 Psalmus
664 2447 680 2477 ¹
727 2445 908 2516 gratia:
954 2445 1045 2500 Dei
1088 2453 1141 2498 et
1177 2441 1564 2513 jnstiﬁcationis
1598 2448 1790 2494 nostrm

215 2542 370 2595 nullis
401 2538 822 2610 prmcedentihns
847 2536 1049 2590 meritis
1077 2535 1290 2592 nostris.
1323 2534 1414 2588 sed
1443 2532 1792 2602 praeveniente

215 2648 308 2688 nos
333 2629 695 2686 misericordia
714 2627 921 2683 Domini
951 2627 1041 2680 Dei
1059 2626 1247 2691 nostri,
1270 2623 1669 2679 commendatus
1683 2637 1792 2675 ma-

215 2726 355 2778 xime
394 2737 490 2776 ore
520 2720 812 2791 apostolico
833 2762 847 2784 ,
878 2719 1014 2773 sicut
1043 2717 1344 2788 praecedens
1374 2716 1511 2769 hunc
1538 2715 1793 2783 psalmum

216 2814 368 2869 lectio
411 2813 659 2867 omnibus
697 2811 990 2875 intimavit,
1036 2825 1066 2863 a
1111 2818 1290 2863 nostra
1334 2808 1584 2862 tenuitate
1610 2821 1792 2860 susce-

221 2915 332 2973 ptus
373 2913 458 2959 est
495 2885 613 2957 cum
646 2902 830 2956 Vestra
861 2901 1127 2956 Charitate
1152 2899 1474 2954 tractandus.
1503 2896 1653 2953 Unde
1684 2897 1794 2965 pri-

219 3012 358 3050 mum
412 2993 772 3049 inﬁrmitatem
818 3007 988 3047 meam
1036 2990 1362 3046 orationibus
1411 2989 1601 3044 vestris
1647 3001 1796 3041 com-

221 3086 408 3142 mendo
432 3128 448 3152 ,
491 3085 627 3140 sicut
666 3084 794 3139 dicit
828 3085 1141 3153 Apostolus,
1169 3091 1220 3136 ut
1247 3082 1390 3136 detur
1414 3082 1536 3134 mihi
1560 3095 1720 3134 sermo
1743 3079 1796 3133 in

221 3179 476 3248 apertione
517 3179 618 3232 oris
658 3177 756 3232 mei
798 3175 1011 3246 (Ephes.
1053 3191 1141 3243 vr,
1175 3175 1262 3245 l9)
1288 3217 1302 3241 ,
1335 3175 1411 3229 sic
1441 3175 1582 3244 loqui
1611 3173 1793 3239 vobis,

222 3271 662 3342 quemadmodum
691 3279 746 3326 et
768 3269 897 3324 mihi
929 3269 1107 3324 dicere
1137 3268 1485 3338 periculosum
1510 3281 1612 3320 non
1636 3266 1722 3329 sit,
1745 3273 1799 3320 et

227 3365 365 3420 vobis
390 3363 577 3418 audire
605 3361 834 3416 salutare
864 3361 951 3416 sit.
983 3362 1186 3429 Anceps
1213 3359 1352 3414 enim
1380 3360 1586 3412 animus
1613 3358 1797 3410 huma-

225 3470 357 3522 nus,
403 3465 460 3509 et
499 3453 759 3508 ﬂuctuans
795 3452 932 3506 inter
971 3451 1353 3521 confessionem
1397 3449 1712 3504 inﬁrmitatis
1747 3456 1800 3503 et

223 3547 494 3602 audaciam
523 3545 952 3616 prmsumptionis
973 3587 987 3609 ,
1023 3545 1332 3614 plerumque
1354 3542 1476 3598 hinc
1500 3550 1657 3612 atque
1677 3541 1799 3597 inde

224 3638 565 3693 contunditur
586 3677 604 3704 ,
647 3644 699 3690 et
724 3637 795 3691 ita
823 3635 1108 3706 impellitur
1134 3644 1190 3689 ut
1216 3635 1263 3690 ei
1293 3634 1346 3688 in
1371 3632 1656 3704 quamlibet
1683 3647 1800 3702 par—

228 3741 323 3787 tem
370 3730 568 3786 cadere
609 3726 952 3799 prmcipitium
999 3727 1086 3781 sit.
1135 3726 1191 3782 Si
1231 3726 1372 3781 enim
1410 3740 1468 3780 se
1507 3723 1796 3778 inﬁrmitati

225 3823 451 3893 propria:
487 3821 630 3875 omni
652 3835 719 3874 ex
757 3827 910 3889 parte
947 3817 1252 3883 donaverit,
1281 3828 1335 3871 et
1360 3817 1411 3869 in
1438 3814 1574 3869 hanc
1600 3815 1800 3884 cogita-

229 3921 418 3968 tionem
460 3927 520 3967 se
557 3911 927 3976 inelinaverit,
974 3917 1031 3963 ut
1067 3908 1238 3972 dicat,
1278 3907 1400 3976 quia
1441 3905 1800 3961 misericordia

229 4005 316 4060 Dei
364 4003 613 4058 omnibus
661 4000 1022 4072 peccatoribus
1051 4040 1066 4064 ,
1112 4000 1164 4054 in
1213 3997 1530 4068 quibuslibet
1575 3997 1802 4067 peccatis

229 4094 688 4165 perseverantibus
711 4134 725 4158 ,
765 4101 964 4147 tantum
1001 4089 1336 4145 credentibus
1358 4090 1478 4158 quia
1505 4087 1641 4142 Deus
1668 4087 1802 4141 libe-

229 4199 327 4254 rat,
360 4188 502 4242 Deus
528 4185 768 4256 ignoscit,
796 4183 866 4237 ita
898 4183 952 4236 in
978 4180 1082 4236 ﬁne
1107 4189 1286 4251 parata
1307 4187 1469 4235 estut
1497 4192 1653 4233 nemo
1680 4191 1800 4247 per-

227 4289 313 4335 eat
349 4279 580 4334 ﬁdelium
611 4277 944 4347 iniquorum;
977 4273 1029 4329 id
1059 4282 1172 4337 est,
1204 4287 1360 4328 nemo
1404 4280 1584 4342 pereat
1620 4285 1803 4325 eorum

229 4375 313 4441 qui
359 4372 461 4427 sibi
505 4369 723 4434 dicunt,
770 4367 986 4436 Quidvis
1011 4365 1233 4432 faciam,
1265 4363 1586 4435 quibuslibet
1609 4362 1805 4416 facino-

229 4466 374 4517 ribus
415 4470 469 4517 et
510 4461 719 4531 ﬂagitiis
760 4459 1032 4529 inquiner,
1061 4455 1442 4527 quantumlibet
1472 4469 1714 4524 peccem,
1743 4454 1806 4507 li-

231 4557 380 4609 berat
403 4569 490 4608 me
519 4553 658 4606 Deus
679 4549 1039 4606 misericordia
1059 4563 1174 4612 sua,
1215 4548 1338 4618 quia
1367 4545 1564 4602 credidi
1588 4545 1638 4599 in
1659 4560 1801 4600 eum.

229 4648 329 4716 Qui
375 4662 504 4715 ergo
544 4645 673 4699 dicit
715 4644 977 4698 neminem
1026 4642 1196 4711 perire
1238 4640 1447 4704 talium,
1491 4639 1806 4710 cogitatione

229 4741 370 4794 mala
407 4739 691 4792 inclinatur
718 4737 766 4789 in
799 4734 1157 4805 impunitatem
1190 4741 1560 4801 peccatorum;
1587 4739 1640 4784 et
1671 4730 1807 4783 Deus

229 4833 319 4885 ille
365 4829 540 4898 justus
573 4869 587 4892 ,
639 4827 722 4881 cui
771 4834 1012 4880 cantatur
1056 4820 1413 4876 misericordia
1458 4829 1512 4874 et
1550 4819 1807 4888 judicium

225 4927 244 4990 ς
261 4920 406 4974 Psal.
439 4934 469 4973 c
489 4959 505 4985 ,
536 4917 589 4988 i)
615 4958 629 4982 ,
663 4931 765 4970 non
795 4917 903 4970 sola
929 4912 1310 4979 misericordia,
1335 4911 1428 4966 sed
1454 4920 1507 4966 et
1526 4910 1802 4980 judicium,

228 5013 436 5067 invenit
460 5009 728 5066 hominem
759 5008 894 5063 male
921 5007 987 5062 de
1014 5021 1072 5062 se
1103 5015 1504 5076 praesumentem
1524 5044 1539 5070 ,
1567 5011 1620 5060 et
1643 5003 1708 5058 ad
1731 5004 1808 5057 in-

230 5108 450 5161 teritum
497 5118 653 5159 suum
697 5099 1052 5154 misericordia
1095 5099 1187 5154 Dei
1228 5098 1527 5152 abutentem
1559 5135 1574 5161 ,
1621 5105 1677 5150 et
1715 5111 1807 5150 ne-

228 5213 387 5252 cesse
422 5207 501 5252 est
535 5206 594 5250 ut
617 5195 847 5248 damnet.
879 5193 1019 5246 Talis
1049 5193 1222 5260 itaque
1249 5191 1494 5260 cogitatio
1518 5189 1809 5257 pratcipitat

229 5289 506 5342 hominem
555 5305 568 5341 :
613 5301 714 5356 qua
749 5285 968 5354 quisque
994 5283 1201 5336 territus
1221 5284 1240 5313 *
1263 5323 1278 5346 ,
1304 5281 1349 5335 si
1374 5296 1431 5336 se
1457 5281 1506 5334 in
1535 5280 1805 5334 audaciam

227 5378 519 5449 quamdam
569 5375 990 5447 przesumptionis
1015 5374 1264 5438 erexerit,
1295 5383 1347 5427 et
1384 5373 1448 5428 de
1474 5373 1582 5428 suis
1610 5373 1807 5428 viribus

224 5471 544 5541 justitiaque
580 5467 1012 5539 prtesumpserit,
1050 5474 1104 5520 et
1141 5466 1469 5534 proposuerit
1503 5464 1679 5519 animo
1705 5465 1806 5519 im-

289 5607 306 5636 ¹
341 5606 456 5653 Huic
471 5605 684 5654 sermoni
710 5602 874 5653 titulus
903 5603 952 5650 in
977 5608 1088 5662 Reg.
1107 5606 1204 5662 rats.
1236 5600 1460 5662 prteﬁxus
1481 5603 1572 5649 iste
1597 5608 1671 5649 est
1695 5614 1707 5648 :
1738 5609 1807 5648 m-

229 5666 358 5729 cipit
381 5667 444 5729 de
467 5665 652 5729 Psalmo
673 5665 910 5729 tricesimo
932 5664 980 5722 1,
1006 5661 1191 5713 habitus
1225 5661 1379 5712 Sermo
1398 5663 1448 5712 in
1469 5661 1633 5724 quinta
1663 5665 1806 5724 ferta,

228 5726 289 5780 υί
309 5727 508 5776 bnsilica
531 5726 768 5775 Restituto.

299 5815 324 5843 ³
352 5811 587 5871 Ἐλωηφια
610 5809 803 5872 quisque
825 5816 1034 5864 terretur.
1069 5816 1122 5859 At
1147 5808 1310 5869 plures
1325 5818 1448 5870 Mss,
1473 5808 1681 5861 territus.

1265 323 1664 382 ENARBATIO
1702 323 1764 380 IN
1804 321 2121 378 PSALMUM
2150 320 2341 376 XXXI.

3340 329 3446 384 258

1882 434 2027 504 plere
2062 435 2316 504 justitiam
2337 474 2352 499 ,
2394 443 2448 489 et
2485 437 2659 492 omnia
2685 453 2801 508 quae
2827 439 3199 511 praecipiuntur
3213 440 3277 501 .in
3305 442 3449 512 Lege

1876 524 1946 578 ita
1981 525 2150 580 facere
2187 533 2242 577 ut
2271 525 2322 578 in
2354 525 2498 580 nullo
2522 526 2778 595 oﬂ‘endat,
2805 539 2961 599 atque
2990 531 3040 584 in
3068 541 3327 600 potestate
3352 549 3449 588 sua

1875 630 1934 669 se
1976 614 2169 676 habere
2200 615 2356 670 vitam
2386 631 2532 672 suam
2557 661 2570 684 ,
2603 627 2661 672 ut
2687 621 2901 675 omnino
2928 637 3186 692 nusquam
3209 624 3445 691 labatur,

1876 724 2134 778 nusquam
2161 709 2403 773 deﬁciat,
2429 727 2684 781 nusquam
2709 713 2926 779 titubet,
2959 730 3214 784 nusquam
3235 717 3447 787 caliget,

1878 802 2084 870 sibique
2132 803 2232 856 hoc
2275 803 2500 870 tribuat,
2547 813 2600 858 et
2643 806 2939 873 potentatui
2980 807 3264 861 voluntatis
3291 823 3399 862 suae
3433 827 3446 862 :

1877 891 2037 946 etiam
2065 893 2107 946 si
2131 892 2266 948 forte
2288 894 2585 963 impleverit
2609 897 2782 950 omnia
2805 913 2920 967 qua:
2939 899 3078 966 justa
3100 899 3342 954 videntur
3363 916 3454 954 co-

1879 997 1992 1036 ram
2041 984 2207 1038 oculis
2243 985 2512 1039 hominum
2539 1029 2554 1052 ,
2599 987 2666 1041 ita
2706 998 2763 1042 ut
2791 989 2916 1042 nihil
2949 990 3244 1044 inveniatur
3269 991 3321 1044 in
3348 991 3451 1044 vita

1879 1072 1996 1142 ejus
2022 1115 2035 1138 ,
2078 1073 2214 1142 quod
2259 1075 2422 1144 possit
2459 1077 2774 1146 reprehendi
2813 1079 2880 1132 ab
2920 1079 3220 1136 hominibus
3242 1122 3258 1148 ,
3287 1081 3454 1150 ipsam

1879 1167 2348 1236 prmsumptioaem
2415 1168 2862 1239 jactationemque
2926 1173 3184 1240 superbia:
3241 1173 3456 1227 damnat

1883 1255 2038 1310 Deus.
2061 1257 2196 1324 Quid
2227 1259 2383 1328 igitur
2409 1260 2494 1326 ﬁt,
2519 1261 2560 1314 si
2589 1277 2648 1315 se
2678 1263 2835 1316 homo
2859 1263 3260 1331 justiﬁcaverit,
3304 1275 3358 1320 et
3385 1267 3458 1319 de

1884 1345 2082 1414 justitia
2125 1362 2220 1402 sua
2262 1350 2696 1420 praesumpserit?
2735 1351 2904 1406 Cadit.
2949 1354 3004 1409 Si
3039 1356 3380 1410 considerans
3403 1367 3458 1410 et

1882 1437 2119 1506 cogitans
2158 1438 2512 1496 inﬁrmitatem
2546 1457 2690 1497 suam
2723 1453 2776 1498 et
2804 1461 3130 1513 praesumens
3157 1447 3222 1501 de
3247 1447 3455 1502 miseri—

1883 1528 2060 1582 cordia
2091 1530 2181 1584 Dei
2205 1572 2219 1595 ,
2251 1531 2540 1601 neglexerit
2567 1534 2724 1588 vitam
2752 1550 2900 1590 suam
2926 1538 3183 1593 mundare
3210 1554 3240 1592 a
3269 1553 3459 1608 pecca-

1885 1617 1953 1671 tis
1973 1619 2082 1672 suis
2101 1661 2116 1685 ,
2143 1629 2197 1674 et
2223 1634 2281 1674 se
2308 1623 2449 1676 omni
2473 1625 2679 1695 gurgite
2701 1625 3014 1696 ﬂagitiorum
3041 1629 3385 1695 demerserit;
3407 1641 3464 1687 et

1885 1708 1999 1778 ipse
2027 1711 2186 1765 cadit.
2217 1711 2568 1784 Praisumptio
2591 1715 2654 1770 de
2675 1717 2906 1787 justitia,
2931 1721 3077 1789 quasi
3100 1721 3315 1776 dextera
3342 1731 3459 1778 est:

1887 1802 2136 1871 cogitatio
2175 1804 2500 1874 impunitatis
2540 1818 2872 1877 peccatorum
2895 1853 2909 1873 ,
2939 1813 3086 1880 quasi
3115 1813 3326 1866 sinistra
3356 1822 3459 1868 est.

1886 1891 2178 1948 Audiamus
2206 1895 2222 1925 ι
2269 1909 2451 1950 vocem
2494 1897 2582 1951 Dei
2621 1899 2884 1953 dicentem
2912 1901 3064 1956 nobis
3095 1918 3108 1954 :
3141 1901 3224 1955 Ne
3248 1903 3466 1957 declines

1887 1982 1940 2034 in
1981 1983 2240 2038 dexteram
2279 1997 2363 2039 aut
2401 1988 2656 2042 sinistram
2696 1989 2874 2062 (Prov.
2906 2009 2990 2058 IV,
3019 1991 3132 2064 27).
3162 1993 3238 2050 Ne
3266 2010 3464 2065 primu-

1889 2089 2004 2129 mas
2040 2076 2106 2130 ad
2137 2082 2354 2148 regnum
2385 2078 2452 2134 de
2474 2080 2675 2150 justitia
2708 2092 2821 2149 tua,
2853 2098 2920 2138 ne
2943 2099 3232 2154 priesumas
3254 2087 3319 2142 ad
3345 2102 3466 2156 peo-

1891 2166 2114 2221 candum
2154 2168 2220 2224 de
2263 2170 2622 2227 misericordia
2663 2173 2778 2228 Dei.
2821 2176 2904 2230 Ab
2931 2185 3149 2246 utroque
3177 2187 3228 2232 te
3256 2187 3473 2233 revocat

1891 2269 2211 2328 prmeeptum
2250 2261 2482 2316 divinum
2510 2280 2525 2325 ;
2570 2264 2716 2318 etab
2743 2263 2829 2318 illa
2858 2261 3162 2332 altitudine,
3191 2276 3244 2322 et
3272 2267 3339 2320 ab
3365 2268 3470 2330 ista.

1892 2348 2266 2418 profunditate.
2320 2351 2449 2406 Illuc
2521 2353 2564 2408 si
2617 2353 2954 2422 ascenderis,
3005 2357 3454 2427 praecipitaberis;

1893 2440 1994 2496 hac
2013 2441 2058 2494 si
2089 2441 2264 2511 lapsus
2287 2442 2448 2499 fueris
2469 2487 2482 2508 ,
2513 2444 2855 2515 demergeris.
2882 2445 2963 2501 Ne
2981 2488 2994 2510 ,
3019 2449 3223 2515 inquit,
3252 2449 3470 2503 declines

1895 2531 1945 2584 in
1985 2531 2238 2586 dexteram
2281 2545 2365 2588 aut
2406 2536 2678 2589 sinistram.
2713 2536 2906 2591 lterum
2932 2538 3052 2592 dico
3076 2539 3215 2608 quod
3241 2539 3473 2594 breviter
3522 2601 3528 2609 ,

1896 2621 2054 2676 ﬁxum
2094 2639 2279 2678 omnes
2319 2627 2494 2679 animo
2541 2628 2802 2682 teneatis:
2848 2629 2926 2683 Ne
2970 2643 3257 2698 praesumas
3297 2629 3362 2682 ad
3388 2645 3476 2684 re-

1897 2730 2054 2784 gnum
2083 2715 2148 2771 de
2169 2717 2370 2786 justitia
2404 2726 2526 2783 tua,
2559 2735 2623 2772 ne
2654 2735 2940 2788 praesumus
2964 2720 3028 2774 ad
3060 2722 3377 2790 peccandum
3405 2721 3476 2776 de

1897 2807 2259 2861 misericordia
2306 2807 2422 2862 Dei.
2467 2808 2831 2879 Respondebis
2876 2828 2888 2863 :
2930 2810 3220 2880 Quidﬂergo
3246 2811 3475 2866 faciam?

1898 2896 2139 2954 Psalmus
2166 2900 2264 2954 iste
2289 2899 2444 2955 docet
2463 2917 2559 2956 nos
2591 2919 2604 2956 ε
2637 2918 2742 2972 quo
2771 2903 3003 2972 perlecto
3030 2913 3190 2974 atque
3216 2913 3435 2960 tractato
3453 2946 3473 2970 ,

1899 2990 2127 3044 arbitror
2166 2991 2445 3061 adjuvante
2491 2993 2851 3048 misericordia
2879 2994 3117 3060 Domini,
3148 2995 3351 3050 visuros
3376 3011 3477 3051 nos

1900 3083 2035 3137 viam
2079 3083 2164 3138 vel
2207 3084 2293 3140 ubi
2329 3085 2437 3153 jam
2478 3086 2845 3150 ambulemus,
2875 3087 2958 3142 vel
2985 3103 3138 3172 quam
3175 3095 3354 3142 tenere
3375 3087 3474 3143 de—

1900 3178 2139 3232 beamus.
2179 3177 2547 3249 Unusquisque
2574 3194 2668 3248 pro
2693 3179 2907 3234 modulo
2937 3194 3033 3234 suo
3055 3179 3265 3244 audiat;
3293 3191 3347 3235 et
3373 3179 3478 3235 sic-

1901 3277 1959 3323 ut
1993 3268 2093 3323 sibi
2132 3269 2373 3324 conscius
2412 3270 2564 3324 fuerit
2589 3312 2603 3337 ,
2646 3272 2716 3325 ita
2756 3270 2840 3326 vel
2875 3270 3051 3326 doleat
3097 3270 3471 3341 corrigendos,

1898 3360 1983 3414 vel
2028 3361 2253 3441 gaudeat
2293 3363 2680 3431 approbandus.
2726 3361 2780 3417 Si
2823 3379 2881 3418 se
2914 3363 3153 3418 deviasse
3182 3363 3472 3430 invenerit,

1901 3455 2085 3510 redeat
2126 3463 2180 3508 ut
2206 3455 2259 3509 in
2283 3456 2363 3509 via
2391 3455 2626 3510 ambulet
2653 3472 2666 3508 :
2698 3455 2742 3508 si
2772 3471 2829 3510 se
2856 3456 2907 3509 in
2933 3456 3015 3510 via
3045 3455 3334 3519 invenerit,
3362 3471 3476 3540 am-

1901 3545 2047 3601 bulet
2088 3555 2144 3600 ut
2183 3546 2475 3615 perveniat.
2520 3545 2689 3601 Nemo
2728 3545 2797 3600 sit
2836 3549 3092 3616 superbus
3118 3555 3264 3600 extra
3295 3545 3430 3600 viam
3455 3586 3472 3612 ,

1901 3652 2058 3693 nemo
2089 3637 2236 3707 piger
2264 3638 2315 3690 in
2344 3637 2444 3691 via.

1971 3729 2025 3782 Ξ.
2054 3729 2203 3783 llunc
2227 3735 2400 3782 autem
2431 3728 2689 3798 psalmum
2716 3727 2782 3782 ad
2801 3715 2920 3783 eam
2944 3727 3162 3798 gratiam
3184 3726 3472 3796 pertinere,

1903 3834 2006 3889 qua
2055 3818 2325 3874 christiani
2380 3833 2592 3884 sumus,
2635 3827 2855 3873 testatus
2905 3827 2987 3874 est
3026 3817 3294 3887 apostolus
3336 3818 3475 3872 Pau-

1903 3908 1986 3963 lus
2029 3925 2041 3960 :
2091 3907 2230 3962 unde
2273 3907 2438 3976 ipsam
2484 3909 2763 3962 lectionem
2832 3907 2983 3962 vobis
3038 3908 3140 3979 legi
3191 3908 3471 3964 Voluimus.

1905 4000 2017 4055 lloc
2040 3998 2170 4054 dixit
2195 3999 2498 4070 Apostolus,
2526 4015 2646 4054 cum
2669 3999 3064 4056 commendaret
3080 4001 3330 4072 justitiam
3357 4017 3476 4071 quae

1905 4105 1969 4144 ex
2000 4089 2102 4146 ﬁde
2129 4097 2211 4145 est
2233 4131 2247 4155 ,
2302 4089 2555 4146 adversus
2591 4105 2684 4146 eos
2728 4091 2815 4160 qui
2857 4091 3146 4162 gloriantur
3185 4092 3251 4146 de
3273 4092 3474 4162 justitia

1906 4197 2027 4252 quae
2051 4190 2221 4238 estex
2244 4182 2510 4252 operibus,
2540 4182 2640 4238 hoc
2677 4183 2751 4236 ait
2780 4200 2792 4236 :
2830 4182 2964 4248 Quid
3005 4199 3122 4254 ergo
3147 4183 3366 4237 dicemus
3390 4184 3472 4238 in-

1907 4274 2098 4329 venisse
2119 4273 2370 4328 Abraham
2397 4283 2588 4343 patrem
2609 4282 2831 4327 nostrum
2854 4274 3125 4326 secundum
3144 4289 3343 4328 carnem
3364 4275 3388 4328 .9
3413 4273 3476 4329 Si

1908 4368 2040 4423 enim
2077 4367 2332 4422 Abraham
2375 4383 2436 4419 ea:
2458 4365 2688 4436 aperibus
2709 4365 3023 4436 justi/Scalas
3051 4376 3143 4431 est,
3173 4365 3316 4418 habet
3363 4364 3474 4435 glo-

1907 4460 2072 4524 riam,
2101 4459 2188 4512 sed
2213 4476 2312 4512 non
2337 4458 2404 4510 ad
2429 4457 2591 4511 Deum
2629 4457 2804 4526 (llam.
2836 4473 2905 4521 Iv,
2941 4457 2990 4521 1,
3014 4456 3094 4525 2).
3122 4457 3336 4510 Avertat
3364 4456 3476 4524 ipse

1910 4554 2050 4608 Deus
2078 4569 2105 4604 a
2132 4551 2284 4605 nobis
2329 4551 2482 4605 talem
2527 4550 2768 4621 gloriam,
2809 4559 2862 4604 et
2926 4549 3052 4603 illud
3090 4548 3261 4617 potius
3299 4547 3478 4602 audia-

1909 4659 2027 4696 mus
2055 4658 2067 4694 :
2099 4640 2196 4707 Qui
2220 4641 2483 4711 gloriatur,
2512 4642 2564 4694 in
2583 4639 2798 4694 Domino
2821 4640 3062 4710 glorietur
3087 4638 3129 4706 (l
3155 4639 3268 4691 Cor.
3297 4654 3334 4701 ι.
3358 4640 3472 4708 51).

1909 4731 2052 4786 Multi
2082 4731 2222 4786 enim
2249 4731 2538 4802 gloriantur
2565 4730 2631 4786 de
2656 4731 2925 4801 operibus,
2955 4737 3008 4784 et
3052 4729 3255 4784 invenis
3281 4730 3474 4786 multos

1910 4840 2142 4897 paganos
2177 4836 2450 4895 pr0pterea
2479 4823 2616 4878 nolle
2643 4823 2752 4878 ﬁeri
2783 4821 3098 4877 christianos
3118 4864 3133 4889 ,
3163 4821 3281 4892 quia
3321 4823 3468 4893 quasi

1913 4917 2179 4973 sufﬁciunt
2204 4918 2300 4972 sibi
2329 4917 2397 4972 de
2425 4916 2559 4972 bona
2582 4916 2687 4970 vita
2716 4931 2830 4970 sua.
2856 4915 2996 4970 Bene
3019 4915 3194 4970 vivere
3222 4929 3354 4986 opus
3373 4927 3481 4982 est,

1913 5010 1986 5063 ait
2016 5027 2030 5063 :
2061 5009 2182 5078 quid
2210 5008 2338 5062 mihi
2361 5016 2719 5077 praecepturus
2745 5016 2826 5061 est
2853 5005 3132 5062 Christus?
3158 5007 3225 5062 Ut
3240 5007 3375 5062 bene
3401 5011 3479 5061 vi-

1910 5101 2067 5155 vam?
2108 5099 2224 5156 Jam
2260 5099 2393 5154 bene
2438 5100 2559 5154 vivo
2607 5117 2621 5153 :
2671 5099 2794 5169 quid
2849 5099 2974 5154 mihi
3025 5101 3358 5156 necessarius
3393 5111 3477 5157 est

1911 5193 2198 5249 Christus?
2219 5191 2428 5247 Nullum
2457 5191 2794 5247 homicidium
2819 5231 2837 5260 ,
2865 5193 3062 5247 nullum
3091 5194 3314 5259 furtum,
3357 5195 3478 5248 nul-

1911 5286 2014 5341 lam
2042 5287 2274 5356 rapinam
2314 5283 2467 5350 facio,
2507 5300 2595 5340 res
2621 5285 2820 5340 alienas
2845 5301 2949 5340 non
2971 5286 3308 5357 concupisco,
3334 5287 3477 5339 nullo

1911 5377 2171 5431 adulterio
2210 5376 2562 5430 contaminor.
2592 5375 2722 5430 Nam
2747 5376 3046 5432 inveniatur
3070 5377 3266 5446 aliquid
3293 5377 3344 5430 in
3372 5377 3476 5430 vita

1913 5483 2028 5522 mea
2052 5466 2192 5538 quod
2221 5466 2661 5536 reprehendatur,
2698 5478 2751 5522 et
2781 5467 2868 5537 qui
2896 5465 3294 5536 reprehenderit
3323 5465 3474 5518 faciat

1913 5559 2273 5615 christianum.
2309 5559 2475 5614 [labet
2507 5559 2748 5627 gloriam,
2780 5559 2872 5614 sed
2901 5573 3003 5613 non
3050 5556 3116 5610 ad
3144 5557 3327 5610 Deum.
3360 5553 3476 5610 Non

1913 5661 2085 5707 autem
2113 5652 2188 5707 sic
2214 5661 2363 5721 pater
2387 5658 2568 5706 noster
2600 5649 2887 5706 Abraham.
2917 5649 3039 5704 Haec
3077 5648 3218 5702 enim
3260 5654 3476 5701 sentcn-

1978 5806 1995 5836 ί
2021 5805 2205 5870 Aliquot
2229 5815 2356 5869 Mss,
2372 5806 2635 5858 mdivimus
