3988 6188
485 327 586 384 259

487 449 555 498 tia
582 443 872 512 Scriptura:
915 439 981 494 ad
1018 439 1117 492 hoe
1141 437 1250 492 vult
1280 436 1621 492 intentionem
1651 443 1886 490 nostram
1911 431 2042 487 diri-

487 554 628 609 gere.
669 537 799 604 Quia
847 534 987 588 enim
1015 530 1259 597 fatemur,
1289 540 1344 585 et
1367 531 1477 600 ipsa
1505 539 1587 584 est
1627 527 1756 582 ﬁdes
1783 536 1960 581 nostra
1980 525 2048 581 de

486 637 669 683 sancto
693 623 990 681 Patriarcha
1008 663 1022 684 ,
1051 623 1140 692 qui
1170 622 1362 692 placuit
1404 622 1510 675 Deo
1535 663 1549 687 ,
1579 627 1637 673 ut
1665 619 1900 672 dicamus
1925 631 2049 671 eum

488 733 538 776 et
564 718 866 774 noverimus
905 715 970 768 ad
1004 716 1169 768 Deum
1200 715 1396 768 habere
1439 713 1657 782 gloriam
1681 751 1694 775 ,
1732 711 1804 764 ait
1828 711 2053 779 Aposto-

486 814 565 865 lus
596 828 610 864 :
643 810 798 864 Certe
822 792 1003 862 notum
1027 815 1109 860 est
1131 806 1281 860 nobis
1299 814 1350 859 et
1367 802 1718 869 manifestum,
1748 803 1866 870 quia
1883 800 2050 854 Abra-

486 902 603 954 ham
637 901 703 955 ad
733 901 893 954 Deum
922 899 1080 953 habet
1106 897 1326 967 gloriam
1357 915 1369 949 :
1401 905 1457 950 at
1482 895 1524 948 si
1553 909 1616 948 ex
1636 889 2053 963 operibusjusti-

487 997 670 1047 licatus
687 999 770 1046 est
786 990 1070 1056 Abraham,
1087 991 1244 1043 habet
1263 989 1503 1057 gloriam,
1526 985 1617 1040 sed
1639 984 1827 1038 nonad
1854 984 2048 1036 Deum:

486 1079 559 1135 ad
585 1084 747 1138 Deum
773 1090 949 1135 autem
983 1080 1406 1148 habctgloriam;
1439 1092 1542 1130 non
1573 1089 1698 1144 ergo
1717 1090 1780 1129 ex
1807 1072 2053 1142 operibus

475 1176 802 1247 -justiﬁcatus
847 1183 946 1231 est.
975 1173 1032 1227 Si
1074 1187 1200 1241 ergo
1230 1186 1333 1224 non
1375 1184 1440 1223 ex
1469 1167 1716 1237 Operibus
1738 1164 2055 1235 justiﬁcatus

388 1285 411 1321 ἢ
491 1279 573 1324 est
598 1267 882 1329 Abraham,
906 1265 1042 1324 unde
1063 1262 1378 1334 justiﬁeatus
1400 1260 1523 1315 est?
1549 1258 1816 1328 Sequitur,
1849 1266 1903 1310 et
1929 1254 2056 1309 dicit

489 1358 629 1413 unde
657 1376 670 1411 :
705 1355 839 1421 Quid
869 1356 1000 1408 enim
1047 1353 1313 1422 Scriptura
1340 1350 1503 1404 dicit?
1528 1348 1578 1402 id
1604 1356 1716 1411 est,
1749 1345 1898 1401 Unde
1929 1343 2055 1397 dicit

488 1448 755 1517 Scriptura
782 1445 1120 1516 justiﬁcatum
1145 1440 1451 1496 Abraham?
1478 1438 1696 1492 Credidit
1716 1447 1881 1490 autem
1899 1434 2057 1488 Abra-

491 1541 608 1593 ham
633 1537 761 1604 Deo,
781 1545 826 1590 et
847 1543 1132 1604 reputatum
1161 1542 1231 1586 est
1254 1533 1329 1585 illi
1358 1531 1424 1584 ad
1444 1529 1695 1602 justitiam
1715 1527 1890 1596 (Rom.
1909 1541 1980 1589 tv,
1999 1525 2053 1590 5;

493 1631 619 1687 Gen.
644 1647 733 1695 xv,
763 1631 836 1698 6).
862 1630 1000 1699 Ergo
1027 1643 1091 1682 ex
1120 1627 1219 1680 ﬁde
1245 1625 1562 1695 justiﬁeatus
1583 1631 1668 1677 est
1697 1620 1982 1675 Abraham.

563 1726 616 1778 5.
647 1722 760 1777 Jam
787 1721 875 1790 qui
901 1719 1047 1773 audit
1073 1761 1088 1786 ,
1134 1733 1236 1772 non
1262 1732 1326 1771 ex
1365 1715 1643 1784 operibus,
1675 1711 1766 1766 sed
1805 1725 1871 1765 ex
1915 1709 2053 1773 ﬁde;

491 1818 736 1872 observet
757 1815 898 1868 illam
925 1813 1248 1882 voraginem,
1281 1811 1347 1864 de
1365 1825 1465 1880 qua
1495 1809 1698 1862 locutus
1723 1821 1874 1860 sum:
1896 1803 2057 1858 Vides

491 1925 617 1978 ergo
639 1950 652 1971 ,
702 1907 822 1977 quia
852 1922 913 1960 ex
960 1905 1093 1971 ﬁde,
1127 1919 1230 1957 non
1259 1918 1323 1956 ex
1351 1900 1598 1970 cperihus
1624 1896 1936 1968 justiﬁcatus
1977 1901 2060 1949 est

495 2000 796 2063 Abraham;
827 1997 1013 2051 faciam
1043 2010 1170 2065 ergo
1190 1991 1443 2063 quidquid
1477 1992 1615 2052 volo,
1650 1990 1770 2060 quia
1791 1987 1893 2042 etsi
1922 1986 2058 2040 bona

493 2107 651 2161 opera
683 2105 786 2143 non
819 2088 1074 2153 habuero,
1108 2095 1160 2141 et
1189 2095 1392 2139 tantum
1442 2078 1717 2138 credidero
1760 2081 1811 2134 in
1857 2081 2054 2145 Deum,

496 2184 779 2253 deputatur
805 2181 931 2235 mihi
961 2179 1028 2234 ad
1045 2171 1324 2250 justitiam.
1351 2177 1406 2231 Si
1442 2176 1582 2230 dixit
1617 2184 1670 2228 et
1697 2173 1949 2238 decrevit,
1977 2170 2059 2225 la-

498 2289 624 2344 psus
653 2273 928 2328 demersus
955 2279 1037 2326 est
1069 2288 1081 2324 :
1105 2271 1150 2325 si
1178 2269 1349 2323 adhuc
1369 2270 1562 2338 cogitat
1588 2274 1642 2321 et
1658 2266 1891 2329 ﬁuctuat,
1922 2263 2061 2334 peri-

495 2365 726 2420 clitatur.
779 2360 1049 2431 Scriptura
1097 2369 1272 2415 autem
1315 2361 1404 2414 Dei
1461 2373 1718 2426 verusque
1741 2356 2058 2421 intellectus,

497 2473 600 2512 non
619 2457 786 2510 stilum
820 2455 1205 2525 periclitantem
1223 2468 1250 2506 a
1276 2452 1508 2522 periculo
1537 2451 1740 2511 liberat,
1771 2447 1863 2503 sed
1892 2456 1946 2503 et
1964 2447 2060 2502 de-

499 2561 730 2601 mersum
750 2562 778 2598 a
810 2543 1068 2615 profundo
1096 2545 1287 2598 elevat.
1319 2542 1632 2612 Respondeo
1660 2555 1786 2611 ergo
1813 2551 2059 2609 tanquam

495 2650 676 2694 contra
709 2638 1040 2707 Apostolum,
1085 2644 1140 2690 et
1182 2635 1303 2690 dico
1337 2635 1402 2689 de
1444 2635 1557 2703 ipso
1595 2632 1890 2695 Abraham,
1919 2627 2059 2699 quod

496 2729 794 2783 invenimus
811 2729 967 2783 etiam
999 2727 1050 2781 in
1076 2726 1309 2796 Epistula
1335 2725 1549 2779 alterius
1583 2722 1826 2792 apostoli,
1853 2721 1942 2791 qui
1969 2735 2061 2772 vo-

499 2821 637 2876 lebat
656 2820 920 2889 corrigere
942 2818 1206 2884 homines,
1239 2817 1327 2887 qui
1345 2817 1482 2871 male
1508 2815 1878 2870 intellexerant
1903 2812 2059 2866 istum

500 2910 818 2982 apostolum.
849 2910 1078 2966 Jacobus
1105 2909 1244 2964 enim
1283 2909 1334 2962 in
1363 2908 1602 2976 Epistola
1623 2921 1738 2973 sua,
1765 2911 1947 2961 contra
1968 2919 2062 2959 eos

497 3004 585 3074 qui
613 3003 860 3058 nolebant
887 3002 1022 3057 bene
1051 3001 1258 3072 Operari
1280 2999 1348 3054 de
1382 3000 1492 3053 sola
1522 2998 1625 3054 ﬁde
1651 3006 2058 3068 praesumentes,

498 3097 663 3164 ipsius
710 3094 937 3171 Abrahge
992 3109 1153 3163 opera
1206 3091 1618 3155 commendavit,
1662 3090 1814 3159 cujus
1870 3089 2061 3144 Paulus

500 3187 656 3241 ﬁdem
687 3203 700 3238 :
726 3194 780 3240 et
818 3200 924 3239 non
950 3193 1070 3237 sunt
1098 3183 1196 3237 sibi
1226 3181 1429 3236 adversi
1453 3179 1708 3248 Apostoli.
1733 3178 1866 3233 Dicit
1885 3187 2057 3232 autem

499 3291 631 3346 opus
657 3275 899 3328 omnibus
948 3281 1128 3328 notum
1149 3312 1162 3335 ,
1190 3272 1454 3326 Abraham
1485 3270 1649 3325 ﬁlium
1688 3286 1838 3324 suum
1869 3269 2060 3324 immo-

501 3367 716 3423 landum
765 3367 873 3420 Deo
916 3364 1104 3420 obtulit
1139 3363 1342 3434 (Jacobi
1387 3379 1443 3429 ιι,
1472 3362 1591 3433 2|).
1622 3362 1864 3432 Magnum
1892 3375 2023 3430 opus
2043 3405 2058 3426 ,

508 3459 602 3516 sed
659 3476 722 3513 ex
801 3457 922 3512 lide.
989 3455 1169 3511 Laudo
1227 3454 1790 3526 superiediﬁcationcm
1848 3454 2056 3523 operis,

500 3531 590 3607 sed
643 3551 796 3605 video
831 3549 953 3604 ﬁdei
1003 3548 1400 3603 fundamentum
1434 3564 1448 3600 :
1481 3545 1636 3620 laudo
1682 3545 1905 3600 fructum
1936 3545 2062 3600 boni

499 3642 706 3712 operis,
735 3640 825 3695 sed
858 3642 908 3693 in
953 3639 1056 3693 ﬁde
1081 3653 1307 3709 agnosco
1337 3636 1590 3692 radicem.
1643 3635 1697 3690 Si
1739 3644 1913 3690 autem
1933 3663 1942 3676 ι
1961 3635 2064 3689 hoc

498 3737 690 3803 praeter
708 3729 863 3785 ﬁdem
893 3742 1089 3784 rectam
1117 3731 1311 3782 iaceret
1334 3725 1618 3789 Abraham,
1651 3725 1776 3779 nihil
1806 3725 1880 3779 illi
1909 3724 2064 3794 prod-

501 3831 642 3876 esset
671 3819 1049 3890 qualecttmque
1095 3817 1220 3872 illud
1260 3831 1391 3886 opus
1419 3824 1580 3871 esset.
1620 3815 1846 3870 Rursum
1893 3816 1936 3870 si
1987 3816 2064 3870 sic

500 3921 705 3965 teneret
732 3910 885 3964 ﬁdem
931 3909 1219 3974 Abraham,
1254 3917 1311 3962 ut
1355 3923 1476 3962 cum
1508 3908 1556 3962 ei
1600 3907 1736 3961 Deus
1782 3907 2064 3976 imperaret

501 4001 691 4056 offerre
717 4002 818 4055 sibi
867 4001 1245 4056 immolandum
1288 3999 1449 4054 ﬁlium
1487 4014 1636 4054 suum
1658 4041 1672 4066 ,
1702 3999 1902 4053 diceret
1924 3997 2063 4069 apud

500 4094 879 4162 semetipsum,
924 4092 1037 4147 Non
1083 4093 1252 4156 facio,
1299 4101 1354 4146 et
1395 4102 1568 4147 tamen
1617 4092 1778 4146 credo
1805 4093 1925 4161 quia
1977 4107 2064 4146 me

499 4184 662 4239 etiam
715 4191 1138 4237 contemnentem
1189 4183 1334 4251 iussa
1379 4198 1472 4236 sua
1503 4183 1692 4237 liberat
1733 4183 1901 4247 Deus;
1934 4181 2064 4236 ﬁdes

500 4274 619 4329 sine
643 4273 892 4345 cperibus
937 4280 1143 4326 mortua
1181 4282 1356 4338 esset,
1387 4283 1440 4327 et
1487 4284 1730 4343 tanquam
1763 4269 1912 4326 radix
1949 4271 2064 4327 sine

502 4369 675 4424 fructu
701 4367 894 4422 sterilis
921 4374 1078 4436 atque
1102 4363 1245 4419 arida
1275 4375 1593 4419 remaneret.

573 4464 626 4518 4.
655 4459 790 4528 Quid
833 4457 1008 4530 ergo?
1058 4457 1320 4513 Debemus
1372 4458 1513 4511 nulla
1551 4472 1710 4527 opera
1755 4471 2063 4528 praeponere

506 4553 646 4618 ﬁdei,
680 4551 733 4607 id
773 4558 854 4606 est
889 4559 947 4605 ut
973 4558 1096 4605 ante
1143 4547 1301 4603 ﬁdem
1332 4588 1347 4612 ,
1378 4548 1652 4618 quisquam
1679 4548 1883 4603 dicatur
1927 4547 2062 4603 bene

503 4642 795 4713 operatus?
835 4641 910 4696 Ea
959 4641 1099 4697 enim
1153 4640 1264 4711 ipsa
1292 4654 1451 4712 opera
1499 4655 1616 4708 quia
1659 4639 1903 4695 dicuntur
1939 4650 2063 4697 ante

509 4737 683 4800 ﬁdem,
710 4735 950 4806 quamvis
978 4733 1253 4789 videantur
1277 4730 1580 4786 hominibus
1613 4731 1911 4799 laudabilia,
1945 4733 2058 4788 ina-

503 4828 589 4882 nia
619 4838 759 4883 sunt.
783 4827 860 4882 Ita
889 4827 1015 4881 mihi
1058 4825 1301 4880 videntur
1325 4839 1462 4891 esse,
1497 4834 1558 4878 ut
1606 4840 1807 4896 magna:
1835 4825 1972 4881 vires
2010 4836 2065 4883 et

507 4935 691 4974 cursus
715 4919 1022 4974 celerrimus
1041 4927 1234 4989 praeter
1259 4919 1416 4972 viam.
1440 4916 1606 4972 Nemo
1632 4932 1757 4988 ergo
1793 4928 2065 4990 computet

505 5011 642 5067 bona
678 5025 836 5080 opera
863 5023 954 5064 sua
982 5017 1104 5064 ante
1133 5007 1289 5064 ﬁdem
1324 5025 1339 5064 :
1365 5007 1455 5062 ubi
1481 5005 1610 5062 ﬁdes
1638 5023 1740 5062 non
1785 5016 1898 5064 erat
1919 5049 1934 5075 ,
1966 5011 2061 5064 bo-

503 5117 629 5156 num
655 5113 911 5170 opusnon
939 5108 1070 5154 erat.
1103 5099 1303 5154 Bonum
1329 5100 1472 5153 enim
1495 5113 1630 5168 opus
1665 5100 1885 5155 intentio
1915 5100 2058 5167 facit,

503 5192 845 5248 intentionem
885 5188 1016 5245 ﬁdes
1062 5189 1257 5260 dirigit.
1299 5188 1415 5244 Non
1463 5189 1617 5246 valde
1659 5190 1898 5247 attendas
1939 5192 2063 5261 quid

503 5287 663 5340 homo
684 5283 856 5349 faciat,
889 5281 982 5337 sed
997 5281 1121 5352 quid
1147 5297 1266 5336 cum
1297 5281 1420 5336 facit
1442 5283 1682 5353 aspiciat,
1705 5299 1808 5353 quo
1837 5283 2064 5339 lacertos

501 5379 711 5448 Optimae
764 5374 1158 5445 gubernationis
1205 5374 1415 5444 dirigat.
1460 5374 1563 5429 Fac
1617 5375 1755 5430 enim
1795 5375 2062 5430 hominem

500 5473 696 5542 optimc
737 5470 1029 5541 gubernare
1052 5467 1229 5522 navim
1253 5508 1269 5534 ,
1317 5477 1370 5523 et
1395 5466 1690 5538 perdidisse
1734 5482 1840 5537 quo
1865 5467 2059 5534 tendit;

499 5563 621 5633 quid
647 5563 788 5618 valet
809 5562 927 5633 quia
950 5571 1276 5615 artemonem
1297 5554 1658 5631 Optime'tenet
1676 5601 1691 5623 ,
1720 5561 1917 5630 optime
1943 5576 2059 5616 mo-

427 5695 436 5704 .
499 5665 606 5719 vet,
646 5654 737 5710 dat
763 5669 970 5726 proram
1014 5652 1278 5714 ﬂuctibus.
1327 5659 1480 5708 cavet
1505 5665 1573 5708 ne
1597 5651 2061 5723 latcra‘inﬁigan-

559 5807 576 5837 ¹
602 5806 819 5873 Plerique
843 5814 968 5869 Mss,
988 5801 1143 5856 lateri.

1670 321 1725 376 S.
1761 315 2120 377 AUGUSTINI
2162 316 2462 374 EPISCOPI

3606 318 3718 375 360

2155 441 2270 496 tur;
2303 433 2459 486 tantis
2484 441 2566 487 est
2591 431 2788 488 viribus
2805 474 2818 498 ,
2852 441 2909 488 ut
2934 417 3246 504 detorqueat
3273 433 3448 488 navim
3488 447 3596 503 quo
3622 450 3714 488 ve-

2153 525 2244 589 lit,
2277 534 2434 595 atque
2477 522 2616 580 unde
2644 525 2808 579 velit:
2841 535 2894 580 et
2929 525 3133 580 dicatur
3157 526 3225 588 ei,
3258 524 3538 594 Usquequo
3555 525 3634 590 is;
3665 535 3722 579 et

2155 615 2315 679 dicat,
2343 615 2530 671 Nescio
2562 633 2574 668 :
2604 625 2692 670 aut
2737 628 2842 671 non
2879 616 3051 681 dicat,
3080 617 3301 681 Nescio;
3329 616 3422 671 sed
3447 616 3606 680 dicat,
3640 616 3719 670 Ad

2157 707 2304 760 illum
2331 717 2537 777 portum
2566 721 2651 770 eo,
2679 723 2772 762 nec
2795 709 2845 762 in
2875 720 3104 778 portum,
3128 708 3220 763 sed
3242 709 3292 762 in
3319 723 3440 762 saxa
3469 707 3721 762 festinet?

2155 799 2341 854 Nonne
2392 800 2489 854 iste
2529 810 2725 870 quanto
2776 801 2874 854 sibi
2906 801 3111 856 videtur
3151 801 3207 855 in
3239 801 3354 854 navi
3381 800 3721 870 gubernanda

2157 891 2342 960 agilior
2370 901 2420 946 et
2462 891 2751 957 efﬁcacior,
2785 900 2930 945 tanto
2968 892 3312 960 periculosius
3363 907 3479 946 eam
3513 893 3589 946 sic
3627 907 3727 961 gu-

2158 982 2363 1047 bernat,
2387 992 2443 1037 ut
2471 984 2535 1038 ad
2564 984 2885 1056 naufragium
2909 986 3241 1054 properando
3271 986 3558 1055 perducat?
3583 985 3724 1043 Talis

2157 1084 2238 1129 est
2260 1083 2311 1128 et
2336 1076 2421 1146 qui
2449 1077 2644 1146 optime
2667 1079 2829 1131 currit
2855 1089 3048 1147 praeter
3067 1079 3227 1132 viam.
3256 1078 3438 1132 Nonne
3461 1093 3588 1149 ergo
3609 1089 3725 1133 erat

2159 1167 2346 1222 melius
2377 1179 2428 1222 et
2460 1169 2815 1235 tolerabilius,
2849 1179 2906 1223 ut
2954 1180 3095 1225 esset
3123 1159 3446 1241 gubernator
3493 1174 3582 1228 ille
3624 1174 3724 1227 ali—

2159 1271 2355 1330 quanto
2381 1262 2674 1329 invalidior,
2704 1271 2759 1317 ut
2783 1278 2902 1317 cum
2927 1264 3105 1318 labore
3132 1272 3186 1318 et
3210 1265 3381 1334 aliqua
3409 1265 3722 1324 difﬁcultate

2158 1351 2506 1421 gubernacula
2537 1362 2764 1423 regeret,
2816 1365 2870 1408 et
2921 1365 3093 1410 tamen
3129 1365 3331 1412 rectum
3378 1357 3725 1429 debitumque

2160 1458 2371 1497 cursum
2399 1453 2640 1510 teneret;
2673 1461 2988 1516 rursumque
3020 1448 3106 1502 ille
3131 1447 3327 1518 pigrius
3353 1450 3512 1504 etiam
3543 1460 3596 1504 et
3621 1451 3725 1504 im-

2163 1533 2419 1599 becillius,
2455 1545 2627 1590 tamen
2654 1537 2704 1590 in
2746 1537 2826 1590 via
2851 1537 3162 1603 ambularet,
3191 1556 3344 1609 quam
3367 1551 3561 1612 praeter
3588 1543 3726 1597 viam

2162 1625 2365 1680 fortiter
2389 1629 2662 1682 curreret?
2687 1629 2926 1704 Optimus
2943 1645 3068 1700 ergo
3096 1631 3180 1686 ille
3202 1631 3289 1700 qui
3317 1643 3367 1687 et
3393 1633 3530 1688 viam
3559 1644 3726 1698 tenet,

2159 1726 2215 1774 et
2243 1719 2376 1774 bene
2422 1720 2490 1774 ibi
2534 1719 2765 1774 ambulat
2795 1740 2806 1773 :
2839 1723 3107 1792 sequentis
3144 1733 3318 1778 autem
3349 1725 3483 1796 spei,
3506 1727 3597 1796 qui
3627 1729 3732 1783 etsi

2161 1811 2481 1881 aliquantum
2527 1813 2830 1879 claudicat,
2867 1829 2970 1868 non
3003 1815 3218 1869 omnino
3243 1824 3297 1869 ut
3324 1827 3482 1881 erret,
3517 1827 3608 1872 aut
3636 1834 3731 1875 re-

2161 1913 2373 1959 maneat
2399 1907 2438 1970 ί,
2487 1906 2579 1961 sed
2627 1907 2957 1977 progreditur
3002 1909 3101 1964 etsi
3156 1910 3428 1979 paulatim.
3479 1909 3734 1969 Fortasse

2162 1996 2301 2050 enim
2331 1997 2647 2066 sperandum
2700 2008 2799 2065 est,
2830 2015 2951 2054 eum
2991 2014 3094 2070 quo
3137 2001 3306 2056 tendit
3330 2002 3489 2056 etiam
3520 2004 3726 2060 tardius

2163 2097 2557 2156 perventurum.

2234 2176 2284 2232 5.
2315 2179 2472 2248 Ergo,
2497 2177 2713 2244 fratres,
2742 2195 2806 2235 ex
2832 2179 2936 2236 ﬁde
2970 2181 3287 2250 justiﬁcatus
3313 2193 3393 2238 est
3419 2185 3684 2241 Abraham
3712 2205 3729 2241 :

2159 2269 2256 2323 sed
2284 2269 2326 2323 si
2359 2268 2512 2324 ﬁdem
2541 2285 2702 2340 opera
2732 2286 2838 2325 non
2873 2283 3292 2340 praecesserunt,
3327 2284 3504 2330 tamen
3547 2287 3735 2333 secuta

2163 2369 2306 2414 sunt.
2338 2360 2597 2430 Numquid
2628 2362 2769 2416 enim
2790 2361 2924 2419 ﬁdes
2957 2372 3041 2418 tua
3070 2365 3266 2420 sterilis
3301 2366 3435 2420 erit?
3459 2366 3514 2422 Si
3539 2369 3738 2424 sterilis

2164 2467 2267 2507 non
2296 2466 2372 2518 es,
2400 2453 2592 2507 sterilis
2621 2468 2722 2507 non
2753 2462 2834 2508 est
2859 2454 2991 2524 ipsa.
3031 2455 3240 2525 Aliquid
3264 2447 3386 2510 mali
3428 2458 3729 2527 credidisti,

2162 2553 2216 2599 et
2241 2545 2358 2614 igne
2383 2545 2595 2600 malitia;
2625 2554 2727 2600 tua:
2773 2547 3008 2602 radicem
3048 2557 3150 2602 tua:
3190 2547 3311 2603 ﬁdei
3354 2552 3736 2606 concremasti.

2164 2636 2308 2690 Tene
2336 2651 2462 2706 ergo
2489 2635 2642 2690 ﬁdem
2673 2647 3004 2706 Operaturus.
3034 2639 3139 2694 Sed
3165 2638 3297 2694 dicis
3321 2681 3336 2707 ,
3384 2639 3496 2695 Non
3529 2641 3633 2696 hoc
3657 2644 3742 2698 ait

2163 2727 2430 2796 apostolus
2450 2727 2655 2782 Paulus.
2677 2727 2786 2782 lmo
2808 2728 2907 2783 hoc
2922 2730 2994 2783 ait
3011 2730 3204 2785 Paulus
3219 2732 3488 2801 apostolus
3514 2751 3527 2783 :
3554 2732 3714 2789 Fides
3726 2779 3740 2798 ,

2165 2820 2369 2889 inquit,
2421 2837 2532 2890 qua:
2575 2838 2663 2890 per
2704 2821 3016 2876 dilectionem
3046 2832 3285 2893 operatur
3315 2823 3453 2894 (Cal.
3481 2841 3537 2892 v,
3558 2826 3636 2897 6);
3679 2838 3745 2884 et

2164 2913 2269 2967 alio
2306 2913 2422 2968 loco
2451 2930 2462 2967 :
2496 2914 2768 2968 Plenitudo
2817 2931 2936 2986 ergo
2967 2916 3109 2986 legis,
3158 2917 3380 2971 charitas
3412 2917 3582 2990 (Rom.
3617 2936 3744 2987 xui,

2166 3003 2278 3073 i0);
2311 3012 2365 3057 et
2387 3003 2489 3057 alio
2522 3005 2636 3058 loco
2669 3021 2682 3057 :
2712 3003 2887 3058 Omnis
2907 3006 3039 3059 enim
3072 3007 3154 3060 lex
3184 3008 3235 3060 in
3266 3024 3365 3062 uno
3391 3026 3614 3064 sermone
3637 3011 3745 3063 im-

2165 3093 2345 3164 pletur,
2368 3095 2420 3147 in
2443 3109 2500 3147 eo
2523 3094 2655 3164 quod
2674 3085 3046 3164 scriptnm'est:
3074 3095 3262 3168 Diliges
3283 3100 3566 3168 proximum
3593 3111 3746 3157 tuum

2168 3194 2406 3254 tanquam
2426 3185 2634 3253 leipsum
2663 3185 2800 3257 (Gal.
2823 3200 2874 3249 v,
2904 3187 3014 3256 H).
3047 3188 3176 3243 Vide
3203 3191 3245 3242 si
3275 3205 3376 3244 non
3407 3191 3514 3245 vult
3533 3201 3584 3248 te
3602 3207 3746 3262 cpe-

2166 3278 2269 3331 rari
2297 3277 2383 3346 qui
2412 3277 2540 3331 dicit
2573 3295 2585 3331 :
2620 3277 2739 3332 Non
2787 3279 3116 3346 adulterabis,
3150 3279 3271 3334 Non
3299 3282 3621 3336 homicidium
3646 3285 3745 3354 fa-

2164 3367 2283 3432 cies,
2314 3365 2432 3421 Non
2457 3371 2844 3437 concupisces,et
2861 3369 2906 3423 si
2930 3370 3064 3436 quod
3087 3371 3320 3425 estaliud
3345 3373 3658 3441 mandatum,
3681 3375 3746 3430 in

2165 3457 2258 3510 hoc
2280 3475 2503 3512 sermone
2517 3461 2875 3530 recapitulatur
2900 3478 2912 3514 :
2936 3460 3128 3533 Diliges
3156 3464 3440 3533 proximum
3460 3475 3597 3520 tuum
3621 3475 3750 3522 tan-

2164 3564 2313 3616 quam
2344 3549 2555 3619 teipsum
2584 3565 2603 3604 :
2623 3550 2821 3603 dilectio
2848 3553 3061 3621 proximi
3090 3554 3278 3606 malum
3306 3572 3406 3608 non
3447 3567 3686 3625 operatur
3726 3576 3747 3614 :

2167 3638 2437 3694 Plenitudo
2487 3650 2652 3695 autem
2691 3643 2847 3711 legis,
2899 3644 3117 3698 charitas
3149 3644 3338 3717 (Rom.
3369 3657 3482 3714 XIII,
3519 3648 3572 3711 9,
3602 3649 3669 3704 10
3695 3652 3743 3720 ).

2165 3731 2428 3802 Numquid
2458 3733 2687 3787 charitas
2716 3733 2976 3804 permittit
3003 3735 3201 3806 aliquid
3242 3738 3365 3791 mali
3399 3746 3449 3792 te
3481 3738 3655 3794 facere
3683 3743 3744 3797 ei

2166 3833 2321 3894 quem
2343 3825 2550 3894 diligis?
2575 3824 2678 3880 Sed
2710 3825 2847 3880 forte
2875 3826 3240 3882 tantummodo
3268 3829 3390 3883 mali
3421 3829 3550 3884 nihil
3582 3831 3744 3899 facis,

2166 3932 2272 3970 non
2301 3916 2455 3970 etiam
2490 3917 2684 3986 aliquid
2712 3917 2857 3972 boni.
2903 3918 3113 3989 Ergone
3144 3921 3164 3950 ²
3204 3918 3432 3974 charitas
3475 3923 3750 3992 permittit

2171 4017 2222 4062 te
2269 4024 2372 4061 non
2426 4018 2674 4078 praestare
2725 4007 2976 4079 quidquid
3012 4019 3160 4079 potes
3208 4011 3256 4065 ei
3305 4027 3462 4081 quem
3507 4012 3684 4082 diligis
3721 4016 3748 4068 ἲ

2166 4097 2348 4154 Nonne
2373 4100 2454 4152 illa
2494 4109 2575 4153 est
2598 4100 2822 4154 charitas
2844 4114 2960 4170 quae
2985 4109 3103 4156 orat
3142 4103 3300 4156 etiam
3333 4117 3430 4173 pro
3456 4104 3690 4160 inimicis
3721 4105 3748 4160 ?

2168 4189 2306 4260 Ergo
2328 4190 2523 4244 deserit
2548 4191 2774 4245 amicum
2795 4231 2810 4256 ,
2840 4191 2926 4260 qui
2950 4191 3084 4245 bene
3109 4201 3255 4262 optat
3275 4193 3525 4248 inimico?
3555 4193 3749 4264 Itaque

2166 4280 2210 4333 si
2239 4279 2366 4333 ﬁdes
2386 4280 2500 4334 sine
2525 4281 2802 4334 dilectione
2830 4280 2934 4346 sit,
2966 4282 3081 4336 sine
3108 4297 3267 4351 opere
3293 4284 3413 4337 erit.
3443 4284 3518 4338 Ne
3551 4295 3744 4341 autem

2167 4370 2327 4422 multa
2358 4369 2556 4440 cogites
2577 4369 2641 4424 de
2669 4383 2830 4439 opere
2872 4369 3024 4437 ﬁdei,
3054 4371 3187 4427 adde
3212 4371 3282 4426 illi
3312 4387 3460 4443 spem
3503 4385 3558 4429 et
3593 4375 3747 4431 dile-

2167 4462 2419 4543 ctionem,
2447 4469 2500 4515 et
2529 4461 2634 4515 noli
2671 4462 2901 4532 cogitare
2928 4463 3050 4533 quid
3077 4465 3335 4534 opereris.
3373 4464 3486 4536 ipsa
3517 4465 3747 4524 dilectio

2168 4559 2356 4598 vacare
2383 4560 2484 4598 non
2523 4555 2711 4615 potest.
2759 4545 2898 4613 Quid
2941 4547 3082 4601 enim
3125 4547 3193 4602 de
3220 4565 3485 4620 quoquam
3517 4550 3746 4610 homine

2168 4637 2325 4690 etiam
2357 4637 2492 4692 male
2521 4647 2787 4706 Operatur,
2823 4638 2921 4692 nisi
2968 4640 3160 4694 amor?
3200 4641 3272 4695 Da
3305 4642 3430 4696 mihi
3459 4655 3746 4701 vacantem

2166 4743 2399 4782 amorem
2429 4739 2481 4782 et
2520 4729 2649 4782 nihil
2676 4739 3006 4799 operantem.
3037 4729 3255 4801 Flagitia
3277 4774 3292 4796 ,
3323 4733 3577 4788 adulteria
3600 4777 3616 4802 ,
3650 4735 3746 4790 fa-

2168 4819 2366 4884 cinora,
2401 4818 2704 4886 homicidia,
2736 4821 2966 4876 luxurias
2994 4837 3201 4890 omnes,
3231 4839 3406 4880 nonne
3425 4841 3574 4880 amor
3599 4842 3744 4897 epe-

2167 4911 2338 4964 ratur?
2363 4910 2529 4981 Purga
2557 4927 2684 4981 ergo
2707 4926 2941 4966 amorem
2971 4922 3116 4968 tuum
3147 4933 3162 4968 :
3192 4930 3380 4985 aquam
3402 4917 3653 4973 fluentem
3685 4921 3745 4976 in

2166 5001 2421 5068 cloacam,
2444 5011 2690 5058 converte
2725 5003 2789 5057 ad
2823 5002 3030 5058 hortum
3060 5022 3073 5057 :
3101 5007 3282 5076 quales
3311 5006 3535 5076 impetus
3567 5007 3748 5065 habe-

2169 5092 2258 5147 bat
2281 5093 2348 5149 ad
2369 5095 2642 5159 mundum,
2667 5096 2798 5150 tales
2814 5093 3075 5150 habeatad
3096 5096 3351 5152 artiﬁcem
3374 5098 3571 5154 mundi.
3597 5097 3677 5153 Nu
3690 5116 3751 5157 ιιι

2167 5186 2316 5240 vobis
2344 5186 2532 5240 dicitur
2555 5203 2569 5238 :
2593 5185 2729 5240 Nihil
2759 5186 2978 5241 ametis?
3003 5187 3172 5242 Absit.
3198 5188 3360 5258 Pigri,
3390 5189 3608 5256 mortui,
3635 5189 3749 5245 de-

2170 5277 2416 5343 testandi,
2462 5277 2638 5330 miseri
2683 5277 2866 5341 eritis,
2899 5277 2940 5332 si
2987 5278 3116 5333 nihil
3159 5282 3370 5334 ametis.
3403 5281 3608 5343 Amate,
3639 5283 3748 5336 sed

2169 5368 2292 5438 quid
2315 5369 2500 5422 ametis
2522 5368 2712 5421 videte.
2747 5370 2911 5422 Amor
2938 5369 3050 5437 Dei,
3075 5385 3223 5425 amor
3247 5372 3470 5441 proximi
3496 5413 3510 5437 ,
3552 5372 3749 5426 chari-

2171 5471 2251 5514 tas
2271 5461 2465 5515 dicitur
2495 5477 2506 5512 :
2529 5475 2680 5513 amor
2704 5461 2906 5528 mundi,
2930 5476 3079 5516 amor
3102 5462 3257 5532 hujus
3284 5465 3460 5519 saeculi
3481 5505 3495 5529 ,
3526 5465 3744 5535 cupidi-

2169 5564 2248 5607 tas
2275 5551 2482 5606 dicitur.
2527 5549 2794 5620 Cupiditas
2833 5552 3154 5623 refrenetur,
3194 5556 3425 5612 charitas
3453 5559 3743 5618 excitetur.

2205 5685 2246 5753 ,ι
2273 5686 2344 5734 Sic
2361 5683 2540 5753 aliquot
2573 5691 2675 5734 Mss.
2699 5683 2780 5735 Alii
2807 5699 2939 5747 vero,
2965 5686 3152 5741 cumino
3173 5697 3223 5741 ut
3254 5691 3451 5743 harem.
3477 5690 3569 5742 add
3592 5725 3608 5752 ,
3627 5702 3749 5743 omo

2163 5751 2276 5797 nino
2295 5751 2445 5804 errat,
2465 5753 2546 5796 aut
2570 5754 2793 5796 remanet.

2231 5804 2334 5858 ’lta
2357 5817 2457 5858 Mss.
2485 5816 2539 5858 at
2563 5808 2692 5870 edd.,
2717 5818 2837 5872 Ergo
2850 5821 2952 5860 nec.
