1994 3094
112 152 158 179 ΞΕ]

92 235 94 239 .
110 210 169 244 Ipsa
184 209 256 238 enim
270 209 387 238 eharitas
400 209 470 239 bene
492 210 625 246 operantis
636 210 714 238 datei
728 217 802 245 spem
816 210 892 237 bonae

111 256 291 284 conscientiae.
307 257 387 291 Spem
399 257 469 284 enim
481 257 547 292 gerit
557 257 624 284 bona
633 256 794 284 conscientia
808 264 816 283 :
831 263 896 289 quo-

111 302 192 328 mmlo
214 303 282 329 mala
303 303 464 330 conscientia
493 308 545 329 tota
572 302 598 329 in
623 302 806 336 desperatione
834 306 893 334 est,

111 349 147 375 sic
165 348 233 375 bona
252 349 414 375 conscientia
435 353 487 375 tota
504 349 528 375 in
544 356 601 381 spe.
625 349 656 375 Et
667 353 744 374 erunt
764 347 811 374 tria
828 347 893 378 haec,

109 393 143 419 de
159 393 255 428 quibus
271 393 333 419 dicit
348 394 508 427 Apostolus,
536 392 624 425 Fides,
641 394 714 428 Spes,
729 393 844 419 Charitas
864 393 872 426 (
886 392 894 419 Ι

109 437 172 466 Cor.
188 446 233 465 xui
243 459 249 470 ,
264 439 319 471 15).
335 439 367 466 Ει
381 440 432 466 alio
445 440 502 466 loco
517 440 573 473 ipsa
586 439 651 471 tria,
665 439 712 465 sed
726 447 773 473 pro
786 446 832 472 spe
847 438 896 464 bo-

112 492 174 511 nam
195 485 383 511 conscientiam
399 485 486 518 posuit
507 494 514 511 :
539 484 611 511 Finis
625 485 688 511 enim
705 484 821 518 prtecrpti
836 489 872 510 cst
887 502 895 514 ,

110 530 188 558 dixit.
203 530 269 564 Quid
282 534 323 556 est
346 530 404 557 ﬁnis
417 531 561 565 prmecpti?
575 531 632 563 Quo
647 530 817 564 perﬁciuntur
831 538 897 572 pra:-

111 580 200 610 cepta,
217 583 268 603 non
282 583 335 610 quo
354 581 555 603 consumuntur.
577 576 659 603 Aliter
680 576 750 602 enim
766 575 876 602 dicimus
888 595 895 608 ,

112 621 218 649 Finitus
240 626 282 648 est
303 622 391 653 cibus;
417 623 493 649 aliter
505 623 630 653 dicimus.
651 622 734 649 Finita
749 626 790 649 est
810 621 897 649 tunica

113 675 172 703 qua:
193 668 332 695 texebatur
347 677 353 695 :
370 668 459 695 ﬁnitur
478 669 552 696 cibus
568 674 595 696 ιιι
611 677 661 696 non
673 670 726 701 sit;
748 669 836 695 ﬁnitur
858 674 898 694 lu-

114 714 171 741 nica
188 713 344 748 utperfecta
363 714 398 741 sit
413 723 420 741 :
434 718 461 741 et
475 713 516 741 hic
536 715 595 741 ﬁnis
617 714 722 747 dicitur,
738 718 765 741 et
780 715 825 740 ibi.
840 713 897 741 Non

113 766 176 794 ergo
188 759 231 786 hic
241 758 321 786 ﬁnem
333 761 455 793 prmcepti
470 760 544 793 dixit,
559 768 611 795 quo
624 760 698 794 quasi
710 765 818 794 pereant
831 767 898 794 pra:-

114 809 186 839 cepta
200 812 208 835 ς
225 804 272 832 sed
292 812 344 839 quo
358 806 537 839 perﬁciantur,
562 810 589 832 et.
603 810 827 837 t‘ousmnmenlur,
847 813 896 832 non

114 855 314 877 consumantur.
329 850 402 877 Finis
420 858 482 884 ergo
496 856 602 885 propter
613 851 650 886 (a)
667 852 714 877 tria
730 851 772 878 illa
791 860 797 877 :
816 851 896 884 Finit,

115 895 208 930 inquit,
225 896 345 931 prwrcpti
358 901 393 923 est
405 896 516 923 rltaritas
526 897 556 923 de
567 897 639 923 corde
651 889 723 931 puro,
740 902 762 924 et
772 899 898 925 conscien-

115 942 146 967 tia
166 941 233 968 bona
243 961 251 973 ,
276 946 299 967 et
311 941 362 975 ﬁde
383 950 432 968 non
449 942 509 976 ﬁcta
524 942 545 975 (Ι
559 942 623 969 Tim.
641 950 659 974 ι,
676 943 715 978 5).
730 943 780 970 Pro
793 950 839 977 spe
850 944 898 970 bo-

117 994 172 1013 nam
181 986 373 1013 conscientiam
389 987 485 1021 posuit.
498 987 543 1014 ille
555 988 623 1014 enim
636 993 733 1022 sperat,
746 989 789 1023 qui
803 989 897 1016 bonam

116 1031 304 1059 conscientiam
316 1032 395 1066 gerit.
411 1033 493 1065 Quem
511 1040 573 1059 vero
583 1034 673 1068 pungit
686 1034 752 1060 mala
762 1034 898 1061 conscien-

116 1077 158 1110 tia,
171 1077 286 1105 retrahit
308 1085 336 1105 se
348 1085 363 1105 a
378 1086 436 1113 spe,
451 1084 477 1105 ct
492 1086 543 1105 non
560 1079 608 1106 sibi
624 1084 711 1113 sperat
723 1080 772 1106 nisi
786 1080 897 1107 damna-

116 1122 224 1150 tionem.
249 1122 282 1150 Ut
294 1131 357 1158 crgo
369 1129 458 1158 speret
472 1132 580 1159 regnum
590 1145 597 1157 ,
614 1124 710 1152 habeat
723 1125 817 1152 bonam
832 1132 897 1152 con-

115 1168 252 1196 scientiam
265 1177 272 1202 ;
289 1174 315 1196 et
328 1173 356 1195 ut
370 1169 465 1197 habeat
475 1170 569 1197 bonam
585 1171 782 1204 conscientiam,
797 1171 897 1204 credat,

114 1219 138 1241 et
150 1220 290 1250 operetur.
304 1215 378 1249 Quod
387 1216 470 1242 credit
482 1216 541 1243 ﬁdei
556 1222 606 1247 est,
618 1217 686 1251 quod
699 1222 823 1252 operatur
836 1217 899 1244 cha-

113 1259 198 1286 ritalis
213 1264 264 1287 est.
278 1259 325 1287 Illo
339 1268 401 1295 ergo
422 1261 479 1288 loco
496 1269 510 1288 τι
528 1261 578 1289 ﬁde
589 1262 668 1296 erepit
683 1262 838 1296 Apostolus,
852 1262 900 1289 Fi-

114 1304 165 1338 des,
176 1304 253 1340 Spes,
265 1304 381 1332 Charitas
393 1314 402 1332 :
416 1306 469 1332 alio
482 1306 540 1333 loco
552 1307 586 1333 ab
599 1307 654 1341 ipsa
665 1307 793 1334 charitate
806 1307 896 1342 coepit,

114 1349 232 1376 Charitas
242 1349 272 1376 de
284 1350 360 1376 corde
373 1359 444 1385 puro,
462 1355 485 1377 et
497 1351 646 1377 conscientia
660 1351 734 1384 bona,
750 1357 772 1378 et
788 1352 838 1385 fide
845 1361 896 1380 non

114 1393 180 1428 ﬁcta.
197 1394 276 1422 Modo
290 1403 337 1421 nos
350 1402 365 1421 a
379 1395 465 1422 medio
479 1395 618 1429 coepimus,
632 1396 665 1422 ab
683 1396 740 1430 ipsa
757 1397 896 1424 conscien-

116 1439 148 1465 tia
159 1443 187 1466 et
209 1446 270 1475 spe.
292 1439 342 1474 Qui
355 1439 427 1471 vult,
442 1440 565 1475 inquam,
581 1440 677 1467 habere
697 1441 792 1468 bonam
807 1448 897 1476 spem,

116 1483 211 1519 habeat
223 1484 321 1512 bonam
331 1485 536 1518 conscientiam;
550 1490 578 1513 ut
591 1490 678 1513 autem
695 1486 790 1514 habeat
802 1486 898 1514 bonam

114 1530 304 1558 conscientiam
316 1552 324 1563 ,
338 1531 439 1565 credat,
453 1536 481 1559 et
502 1537 635 1566 operetur.
649 1532 669 1559 A
684 1532 770 1559 medio
783 1533 851 1561 imus
865 1533 899 1561 ad

115 1575 217 1603 initium
232 1580 260 1603 et
275 1575 353 1604 linem
368 1586 375 1604 :
390 1576 499 1610 credat,
514 1581 540 1604 et
554 1582 688 1612 operetur.
705 1577 780 1611 Quod
795 1578 897 1613 credit,

115 1619 173 1648 ﬁdei
193 1625 236 1648 est
250 1630 256 1648 :
271 1621 341 1656 quod
355 1627 489 1658 operatur,
504 1621 638 1650 ebaritatis
652 1627 703 1650 est.

147 1666 174 1694 6.
188 1666 329 1701 Quomodo
352 1675 415 1702 ergo
434 1668 497 1694 dicit
509 1668 650 1702 Apostolus
661 1668 798 1703 iustiﬁcari
811 1669 899 1696 homi-

114 1718 184 1744 nem,
205 1711 264 1739 sine
287 1712 413 1746 operibus
435 1721 466 1739 ex
482 1712 629 1748 ﬁde(Rom.
642 1722 680 1747 ιιι,
694 1714 826 1749 28);ειιπι
846 1715 899 1742 alio

115 1757 171 1784 loco
180 1757 252 1786 dicat
269 1766 276 1784 :
293 1757 369 1784 Fides
388 1766 445 1792 quae
459 1766 503 1793 per
523 1759 680 1786 dilectionem
702 1765 819 1794 operatur
827 1759 897 1794 (Gal.

115 1808 141 1834 ν,
155 1801 202 1837 6)?
214 1801 272 1829 Non
284 1809 346 1836 ergo
356 1801 482 1830 Jacobum
493 1803 639 1837 apostolum
651 1804 741 1838 Paulo,
756 1805 801 1832 sed
811 1805 898 1840 ipsum

115 1845 224 1874 Paulum
248 1846 298 1882 ipsi
316 1847 397 1874 Paulo
420 1855 592 1883 opponamus,
608 1854 635 1876 et
649 1849 767 1877 dicamus
781 1851 805 1878 ei
821 1859 828 1877 :
845 1851 900 1878 Ilac

115 1899 162 1920 nos
182 1892 380 1928 quodammodo
406 1895 536 1928 permittis
559 1895 663 1930 impune
688 1903 814 1930 peccare,
839 1904 898 1924 cum

114 1930 188 1972 dicis,
206 1939 368 1965 Arbitramur
382 1939 522 1974 justi/icari
539 1940 665 1967 hominem
685 1950 728 1975 per
751 1942 828 1975 [idem
841 1942 898 1970 sine

114 1983 229 2018 operibus
239 1991 249 2010 .'
262 1989 289 2011 et
301 1984 350 2012 hac
362 1984 437 2018 dicis,
453 1984 530 2012 Fides
544 1994 599 2021 qua:
609 1995 652 2021 per
664 1986 819 2013 dilectionem
840 1995 901 2021 ope-

117 2035 197 2056 ratur.
217 2029 356 2064 Quomodo
380 2033 430 2058 hac
450 2032 524 2066 quasi
545 2039 654 2059 securus
675 2032 719 2064 lio,
733 2033 754 2059 si
774 2038 898 2068 operatus

115 2082 164 2102 non
179 2075 256 2103 fuero
273 2085 279 2102 :
295 2076 344 2104 hac
362 2083 448 2104 autem
471 2086 520 2104 nec
542 2085 627 2112 spem,
644 2087 692 2106 nec
715 2079 798 2114 ipsam
820 2080 899 2108 ﬁdem

115 2121 204 2149 videor
225 2122 323 2151 habere
345 2123 453 2155 bonam,
466 2124 515 2150 nisi
530 2129 654 2158 operatus
672 2125 748 2153 fuero
766 2133 812 2160 per
835 2126 901 2154 dile-

113 2167 245 2195 ctionem?
260 2167 384 2202 Teipsum
398 2169 487 2203 audio,
499 2169 635 2204 Apostole.
650 2170 728 2198 Certe
741 2170 818 2199 ﬁdem
836 2172 899 2200 mihi

115 2212 156 2240 hic
169 2214 228 2254 siue
241 2215 368 2249 operibus
383 2215 422 2242 vis
435 2216 623 2244 commendare
638 2225 644 2243 :
658 2224 724 2252 opus
734 2223 823 2246 autem
838 2218 899 2246 ﬁdei

113 2257 220 2287 dilectio
232 2265 291 2293 est;
305 2268 364 2296 qute
382 2260 490 2289 dilectio
504 2269 597 2289 vacare
610 2270 662 2289 non
686 2268 782 2298 potest,
798 2264 847 2291 nisi
871 2269 898 2292 et

114 2305 176 2332 mali
187 2305 251 2333 nihil
265 2311 398 2341 operetur,
408 2311 435 2335 et
447 2308 573 2343 quidquid
588 2314 673 2344 potest
688 2309 749 2336 boni
763 2315 896 2345 operetur.

112 2350 180 2384 Quid
193 2353 266 2379 enim
281 2352 343 2379 facit
356 2353 478 2381 dilectio?
493 2354 595 2381 Declina
604 2363 618 2381 a
628 2356 703 2388 malo,
715 2361 738 2383 et
756 2358 797 2392 [ac
809 2357 901 2384 bonum

113 2394 206 2430 (Paul.
226 2405 318 2430 xxxvr,
334 2398 390 2432 57).
417 2398 489 2427 Hanc
512 2407 575 2435 ergo
596 2400 674 2427 ﬁdem
698 2401 756 2430 sine
775 2403 899 2437 operibus

111 2442 300 2476 commendas;
313 2448 340 2470 et
357 2444 408 2472 alio
430 2445 487 2472 loco
507 2445 574 2473 dicis
588 2455 595 2473 :
609 2446 664 2473 Etsi
682 2447 757 2481 [idem
780 2448 898 2482 habeam,

111 2488 147 2514 ita
157 2494 185 2514 ut
195 2494 291 2517 montes
303 2491 461 2525 transferam,
470 2492 615 2520 charitalem
627 2498 710 2520 autent
723 2503 771 2522 non
783 2495 897 2530 habeam,

112 2533 179 2560 nihil
191 2534 254 2561 mihi
279 2537 379 2570 prodest
390 2537 415 2572 (l
429 2537 551 2572 Conxtu,
563 2539 609 2575 ‘2).
625 2540 693 2575 Ergo
705 2541 727 2568 si
740 2541 803 2569 nihil
818 2543 898 2577 prod-

110 2585 155 2608 est
174 2580 239 2608 ﬁdes
259 2581 317 2609 sine
337 2582 483 2615 charitate,
505 2584 620 2612 eharitas
646 2590 733 2614 autem
756 2587 799 2615 ubi
823 2588 900 2616 fuerit

111 2632 223 2653 necesse
237 2630 318 2653 estut
339 2634 474 2662 eperetur,
494 2629 559 2657 ﬁdes
582 2631 636 2665 ipsa
660 2639 709 2666 per
731 2632 898 2660 dilectionem

111 2675 250 2705 operatur.
266 2671 405 2704 Quomodo
427 2681 489 2709 ergo
506 2675 690 2709 jnstiﬁcabitur
713 2677 791 2705 homo
804 2687 850 2713 per
865 2679 898 2706 ﬁ-

112 2715 175 2743 dem
187 2716 244 2743 sine
259 2718 400 2752 operibus?
415 2719 564 2755 Respondet
575 2722 630 2757 ipse
641 2723 782 2758 Apostolus
803 2733 810 2752 :
835 2725 899 2753 Pro-

111 2765 205 2796 pterea
220 2761 270 2789 hoc
284 2762 330 2790 tibi
340 2763 404 2796 dixi,
416 2772 432 2792 o
440 2765 530 2798 homo,
539 2774 571 2794 nc
579 2768 651 2802 quasi
665 2769 698 2796 de
706 2770 830 2804 operibus
845 2773 896 2799 tuis

111 2813 276 2847 presumere
299 2809 433 2844 videreris,
446 2817 473 2839 et
497 2813 591 2841 merito
611 2821 720 2850 operum
743 2820 847 2848 tuorum
871 2822 896 2846 te

143 2883 182 2915 (a)
195 2887 274 2915 Forte,
287 2888 409 2919 pra'ceptt'.

654 152 849 182 ENARBATIO
867 152 900 180 IN
919 152 1081 182 PSALMUM
1101 153 1196 182 XXXI.

1673 157 1727 186 εις

947 209 1082 244 accepisse
1102 209 1163 238 ﬁdei
1185 210 1311 245 gratiam.
1335 210 1395 239 Noli
1420 218 1483 248 ergo
1511 218 1671 247 pnsumcre
1694 214 1728 242 de

947 255 1071 290 operibus
1080 260 1142 283 ante
1154 255 1242 283 ﬁdem.
1253 255 1363 284 Noveris
1375 257 1436 292 quia
1449 261 1613 292 peccatorem
1626 263 1652 286 te
1663 259 1729 287 ﬁdes
1741 279 1743 282 -

947 300 1057 333 invenit,
1073 301 1123 328 etsi
1138 306 1163 328 te
1177 301 1241 328 ﬁdes
1253 301 1311 328 data
1326 301 1386 329 fecit
1402 302 1511 336 justum.
1528 303 1635 338 impium
1654 304 1728 332 iuve-

948 347 983 373 uit
996 355 1072 382 quem
1088 347 1186 375 faceret
1204 348 1313 382 justum.
1329 349 1452 381 Creoenti,
1466 350 1557 384 inquit,
1572 359 1597 377 in
1612 359 1668 377 eum
1687 352 1729 385 qui

942 393 1065 427 justi/icui
1075 393 1189 428 impium,
1196 395 1328 429 deputatur
1338 395 1400 428 ﬁdes
1410 395 1463 430 ejus
1473 396 1506 422 ad
1510 397 1633 430 justitiam
1641 399 1649 431 (
1655 397 1728 424 Rom.

947 446 983 470 tv,
999 439 1038 473 5).
1053 439 1080 466 Si
1096 439 1254 473 justiﬁcatur
1276 440 1382 474 impius,
1398 448 1429 468 ex
1446 441 1525 476 impio
1539 442 1567 468 ﬁt
1587 442 1673 476 justus
1688 452 1694 470 :
1707 443 1729 471 si

947 491 979 510 ex
994 484 1076 518 impio
1089 484 1175 518 justus
1190 485 1229 518 ﬁt,
1241 493 1299 520 qua:
1315 491 1375 512 sunt
1388 494 1468 520 opera
1482 487 1636 521 impiorum?
1647 488 1731 516 Jactet

948 529 1026 556 etiam
1052 530 1147 564 impius
1169 539 1249 565 opera
1273 539 1331 564 sua,
1354 537 1381 559 et
1404 532 1491 559 dicat:
1509 533 1548 560 Do
1561 535 1729 569 pauperibus,

948 574 1012 600 nihil
1024 574 1100 602 alieni
1116 574 1217 606 aufero,
1231 583 1283 603 non
1296 584 1406 603 uxorem
1421 576 1534 604 alienam
1559 580 1728 613 concupisco,

948 627 1001 646 non
1014 627 1170 654 quemquam
1194 621 1295 654 occido,
1311 622 1374 649 nulli
1393 622 1510 650 fraudem
1533 623 1610 658 l‘acio,
1623 625 1730 659 deposl-

949 668 1003 691 tnm
1023 665 1092 700 apud
1117 673 1158 693 me
1181 667 1252 693 nullo
1279 672 1345 694 teste
1366 674 1540 702 reprzesento;
1563 670 1619 697 haec
1643 672 1731 698 omnia

948 710 1019 737 dicat
1034 719 1041 738 :
1055 719 1145 746 qua‘ro
1160 718 1245 739 utrum
1261 713 1319 747 pius
1331 714 1375 746 sit,
1387 722 1419 740 an
1434 715 1536 749 impius.
1555 715 1586 742 Et
1599 717 1732 751 quomodo

947 763 1005 782 smn
1028 756 1135 791 impius.
1160 758 1253 792 inquit,
1280 760 1328 785 ista
1352 759 1469 786 faciens?
1482 760 1619 794 Quomodo
1638 762 1684 792 illi.
1698 762 1732 789 de

948 800 1043 835 quibus
1056 802 1154 828 dictum
1169 807 1209 829 est
1226 811 1232 828 :
1248 802 1282 829 Et
1298 804 1433 830 servierunt
1448 810 1567 832 creatum
1577 807 1731 841 potiusqnant

948 845 1070 878 Creatori,
1085 847 1126 881 qui
1140 853 1174 874 est
1189 847 1330 874 benedictus
1349 848 1374 874 in
1386 849 1478 876 uacula
1491 849 1544 884 (Id.
1560 850 1646 886 ι,
1660 851 1732 885 Quo-

948 890 1029 917 modo
1041 899 1069 918 es
1082 892 1193 927 impius?
1208 892 1275 926 Quid
1290 893 1311 919 si
1325 892 1358 919 de
1370 893 1410 920 his
1423 894 1560 921 omnibus‘
1577 895 1652 922 bonis
1666 904 1730 930 ope-

949 936 1031 969 ribus,
1045 941 1091 963 aut
1111 937 1172 963 illud
1187 945 1278 972 speras
1290 938 1359 972 quod
1380 939 1538 973 sperandum
1554 945 1604 973 cst,
1618 941 1664 968 sed
1680 950 1733 968 non

948 981 981 1007 ab
996 981 1040 1007 illo
1053 989 1068 1007 ει
1083 989 1134 1016 quo
1160 982 1318 1016 sperandum
1341 987 1395 1016 est;
1409 989 1454 1010 aut
1477 985 1526 1011 hoc
1547 992 1647 1019 speras,
1663 987 1733 1020 quod

948 1026 1106 1059 sperandqu
1129 1034 1181 1053 nou
1207 1032 1256 1060 est,
1283 1028 1361 1055 etiam
1383 1028 1416 1055 ab
1441 1028 1486 1056 illo
1504 1038 1518 1055 a
1546 1037 1598 1064 quo
1633 1036 1731 1059 aeterna

947 1070 1000 1097 vita
1024 1071 1151 1105 speranda
1177 1072 1233 1099 est?
1249 1073 1298 1099 Pro
1319 1073 1393 1100 bouis
1413 1074 1536 1108 operibus
1550 1076 1660 1109 sperasti
1678 1082 1732 1103 ter-

948 1123 1038 1142 renam
1061 1116 1200 1151 quamdam
1216 1116 1378 1149 felicitatem,
1394 1119 1489 1153 impius
1503 1127 1540 1146 es.
1559 1120 1616 1146 Non
1628 1125 1668 1147 est
1682 1121 1732 1149 ista

950 1168 1053 1188 merces
1073 1161 1144 1188 ﬁdei.
1173 1161 1239 1189 Cara
1262 1170 1305 1189 res
1332 1168 1372 1190 est
1401 1164 1477 1197 lides,
1497 1165 1541 1191 vili
1566 1165 1635 1192 illam
1656 1166 1732 1194 addi-

949 1206 1036 1233 xisti'.
1048 1207 1145 1241 impius
1157 1215 1220 1243 ergo
1234 1216 1273 1242 es,
1285 1213 1312 1235 et
1337 1209 1407 1236 nulla
1434 1215 1495 1237 sunt
1514 1211 1562 1237 ista
1577 1219 1655 1246 opera
1677 1216 1732 1240 tua.

949 1251 1055 1279 Mos-eas
1077 1252 1137 1280 licet
1154 1253 1179 1280 in
1200 1253 1276 1280 bonis
1298 1255 1420 1289 operibus
1439 1254 1562 1289 lacertos,
1579 1261 1605 1283 el.
1620 1257 1734 1285 videaris

950 1297 1037 1324 navim
1061 1298 1159 1332 optime
1182 1299 1339 1333 gubernare,
1356 1300 1382 1326 in
1406 1307 1468 1327 saxa
1492 1301 1610 1328 festinas.
1623 1301 1689 1335 Quid
1709 1303 1733 1330 si

950 1342 1020 1377 quod
1033 1342 1190 1377 sperandum
1216 1348 1256 1370 est
1268 1352 1370 1378 speras,
1385 1345 1410 1371 id
1434 1350 1475 1372 est
1495 1346 1573 1372 vitam
1595 1352 1733 1382 a‘teruam,

950 1388 997 1415 sed
1022 1396 1074 1415 non
1089 1396 1105 1416 a
1120 1389 1230 1416 Domino
1257 1390 1311 1417 Deo
1338 1398 1385 1425 per
1403 1391 1493 1419 Jesum
1520 1392 1663 1426 Christum,
1686 1402 1733 1429 per

949 1441 1027 1468 quem
1042 1434 1126 1461 solum
1139 1435 1216 1462 datur
1229 1436 1280 1462 vita
1294 1441 1406 1470 aeterna;
1418 1438 1464 1464 sed
1476 1444 1551 1473 putas
1563 1444 1588 1466 te
1602 1441 1635 1467 ad
1649 1442 1729 1468 vitam

948 1482 1072 1506 uernam
1095 1487 1171 1514 posse
1192 1481 1327 1515 peneuire
1349 1490 1395 1516 per
1409 1483 1528 1510 militiam
1544 1485 1614 1518 cceli,
1631 1493 1677 1520 per
1689 1494 1734 1514 so-

949 1524 1000 1552 lent
1015 1529 1041 1552 et
1055 1526 1154 1559 lunam,
1165 1535 1211 1561 per
1225 1533 1368 1562 potestates
1378 1530 1489 1562 aeris,et
1506 1531 1596 1564 maris,
1608 1536 1634 1558 et
1645 1537 1734 1567 terrm,

949 1575 976 1597 et
988 1571 1124 1598 siderum?
1138 1572 1234 1607 Impius
1258 1580 1297 1600 es.
1313 1573 1397 1602 Crede
1417 1575 1441 1602 in
1465 1583 1524 1602 eum
1546 1577 1588 1610 qni
1609 1577 1734 1612 jnstiﬁcat

950 1615 1069 1651 impium,
1097 1621 1125 1644 ut
1147 1618 1248 1652 possint
1270 1623 1297 1645 et
1313 1618 1380 1646 bona
1404 1627 1484 1654 opera
1508 1625 1549 1647 tua
1574 1630 1632 1649 esse
1653 1631 1733 1658 opera

949 1660 1027 1688 bona.
1038 1662 1103 1690 Nam
1118 1671 1168 1690 nec
1184 1663 1251 1690 bona
1266 1664 1308 1690 illa
1323 1665 1519 1699 appellaverint,
1536 1667 1661 1701 quamdiu
1680 1677 1733 1696 nou

949 1708 983 1736 de
1004 1709 1092 1737 radice
1113 1709 1181 1737 bona
1203 1711 1357 1744 procedunt.
1371 1711 1441 1744 Quid
1456 1717 1495 1739 est
1511 1712 1576 1740 hoc?
1590 1714 1641 1741 Aut
1653 1714 1732 1742 vitam

951 1755 1123 1789 temporalem
1137 1755 1169 1782 ab
1182 1759 1281 1782 :etcrno
1302 1756 1355 1783 Deo
1378 1764 1480 1791 speras,
1492 1763 1537 1784 aut
1558 1758 1637 1785 vitam
1657 1764 1735 1787 icter-

950 1807 1010 1826 uam
1019 1807 1034 1826 a
1046 1800 1209 1827 daemonibus
1219 1809 1311 1835 speras
1324 1810 1330 1828 :
1343 1801 1368 1828 in
1379 1802 1493 1836 qualibet
1503 1808 1576 1836 parte
1589 1803 1682 1838 impius
1693 1812 1732 1831 cs.

950 1843 1058 1880 Corrige
1069 1844 1248 1881 ﬁdem,dirige
1261 1846 1366 1879 ﬁdem',
1377 1847 1461 1882 dirige
1475 1848 1544 1874 viam
1561 1857 1568 1875 :
1584 1854 1609 1875 et
1618 1849 1639 1875 si
1652 1849 1735 1877 habes

950 1890 1138 1925 bonos’pedes,
1152 1890 1255 1917 ambula
1263 1891 1318 1926 jam
1331 1899 1448 1925 securus,
1460 1900 1547 1926 curre,
1559 1894 1626 1920 viam
1640 1899 1713 1922 tenes
1725 1905 1734 1923 :

950 1940 1048 1970 quanto
1070 1936 1164 1963 melius
1187 1938 1344 1969 cucurreris,
1359 1942 1431 1965 tanto
1452 1938 1553 1966 facilius
1576 1941 1727 1975 pervenies.

950 1980 1002 2009 Sed
1028 1982 1094 2010 forte
1115 1983 1246 2011 claudicas
1270 1983 1442 2023 aliquantum.
1467 1984 1565 2014 Saltem
1581 1994 1596 2014 a
1610 1988 1652 2015 via
1674 1989 1730 2016 noli

951 2028 1153 2062 recedere;etsi
1177 2029 1287 2062 tardius,
1311 2035 1484 2065 perventurus
1504 2039 1534 2059 es
1548 2042 1554 2060 :
1569 2033 1623 2061 uoli
1646 2042 1735 2062 rema-

953 2082 1028 2107 nere,
1045 2075 1098 2102 noli
1114 2080 1185 2103 retro
1198 2076 1326 2110 converti,
1341 2076 1394 2103 noli
1407 2076 1523 2105 deviare.

987 2120 1013 2146 7.
1030 2119 1097 2154 Quid
1114 2122 1193 2156 ergo?
1208 2121 1256 2155 Qui
1276 2126 1338 2148 sunt
1351 2122 1436 2149 beati?
1450 2122 1508 2150 Non
1522 2124 1547 2151 in
1561 2125 1658 2159 quibus
1679 2133 1733 2154 non

952 2165 1079 2193 invenerit
1099 2167 1169 2194 Deus
1191 2173 1416 2202 pcccatummam
1436 2169 1461 2196 in
1484 2170 1606 2197 omnibus
1622 2171 1732 2200 invertit.

952 2210 1049 2238 Omnes
1061 2212 1131 2238 enim
1146 2218 1330 2247 peccaverunt,
1344 2218 1371 2240 ct
1383 2219 1460 2248 egent
1471 2214 1555 2249 gloria
1570 2215 1616 2242 Dei
1631 2215 1732 2252 (ld.ut,

951 2255 1008 2287 25).
1024 2256 1051 2284 Si
1066 2264 1130 2292 ergo
1151 2257 1176 2284 in
1192 2257 1313 2285 omnibus
1338 2264 1442 2293 peccata
1456 2260 1633 2293 inveniuntur.
1647 2269 1735 2292 rema-

952 2307 996 2329 net
1010 2308 1037 2329 ut
1050 2310 1101 2330 non
1117 2304 1168 2331 sint
1182 2304 1262 2338 beati,
1279 2305 1328 2331 nisi
1343 2313 1454 2340 quorum
1474 2307 1585 2334 remissa
1599 2313 1659 2335 sunt
1671 2317 1734 2344 pee-

952 2353 1019 2375 cata.
1037 2349 1090 2376 lloc
1104 2357 1167 2385 ergo
1181 2350 1322 2385 Apostolus
1337 2351 1375 2377 sic
1387 2352 1582 2379 commendavit
1595 2362 1603 2381 :
1619 2354 1731 2382 Credidit

932 2430 935 2434 ν
950 2393 1076 2421 Abraham
1096 2394 1162 2428 Deo,
1178 2400 1202 2422 et
1225 2401 1368 2430 reputatum
1382 2401 1417 2423 est
1429 2397 1451 2423 ei
1463 2397 1497 2423 ad
1514 2398 1653 2432 justitiam.
1667 2400 1699 2427 Et
1710 2402 1733 2428 ei

950 2439 993 2474 qui
1007 2445 1123 2474 operatur
1142 2439 1178 2476 (id
1194 2445 1244 2474 est,
1261 2440 1294 2468 de
1308 2440 1432 2475 operibus
1445 2444 1589 2477 praesumit,
1601 2448 1628 2471 et
1641 2453 1733 2474 eorum

949 2484 1043 2511 merito
1050 2485 1098 2512 sibi
1111 2485 1175 2512 dicit
1186 2485 1273 2512 datam
1287 2493 1346 2513 esse
1358 2487 1467 2521 gratiam
1483 2487 1565 2523 ﬁdei),
1581 2497 1674 2518 utercea
1683 2499 1734 2518 non

950 2530 1088 2564 imputatur
1109 2531 1246 2557 secundant
1268 2532 1386 2567 gratiam,
1400 2533 1444 2560 sed
1466 2534 1601 2562 secundant
1624 2537 1734 2564 debitum

950 2574 1004 2609 (Id.
1019 2583 1055 2608 tv,
1071 2575 1097 2608 5,
1108 2575 1148 2611 Δ).
1159 2576 1226 2609 Quid
1241 2583 1281 2604 est
1295 2577 1355 2610 hoc,
1370 2578 1419 2605 nisi
1431 2579 1518 2614 quod‘
1532 2588 1633 2608 merces
1645 2589 1732 2611 nostra

948 2621 1030 2656 gratia
1059 2623 1186 2649 vocatur?
1200 2622 1227 2649 Si
1242 2624 1323 2658 gratia
1338 2629 1389 2656 est,
1403 2626 1483 2658 gratis
1495 2626 1580 2654 datur.
1599 2628 1665 2661 Quid
1681 2636 1730 2660 est,

951 2667 1033 2701 gratis
1055 2665 1148 2694 datur?
1167 2668 1254 2695 Gratis
1281 2673 1393 2696 constat.
1417 2670 1485 2697 Nihil
1512 2672 1573 2700 boni
1589 2672 1690 2707 fecisti,
1704 2680 1730 2701 tet

981 2711 1067 2748 ιιχιιιν
1080 2715 1138 2748 Ecce
1150 2713 1400 2748 qttontodoest‘mpiua.
1410 2715 1491 2748 Abest,
1504 2721 1576 2748 Ecce,
1588 2725 1601 2742 a
1621 2723 1673 2743 Mss.
1686 2720 1732 2744 sed

948 2742 1086 2798 ᾗιόιιο
1097 2742 1188 2768 habent
1202 2745 1237 2769 sic
1249 2752 1255 2769 ς
1268 2742 1387 2776 (rumiodo
1397 2752 1422 2771 es
1433 2742 1496 2778 pius",
1508 2748 1548 2779 qui
1566 2742 1595 2773 de
1606 2742 1649 2774 Itis?
1658 2742 1734 2775 animi:

993 2792 1000 2798 .
1040 2779 1062 2797 c.
1294 2787 1297 2790 ~

993 2792 1000 2802 ,
1015 2778 1062 2798 etc.
1294 2787 1297 2790 ~

980 2805 989 2836 ξ
1002 2803 1111 2836 Plerique
1119 2807 1182 2835 Mss,
1195 2804 1327 2831 adduxisti.

980 2834 991 2869 ξ
1000 2838 1026 2869 tn
1037 2834 1088 2860 Mss.
1100 2835 1180 2869 deest,
1193 2836 1270 2869 dirige
1276 2836 1358 2869 ﬁdem.

979 2866 990 2880 δ
1000 2867 1211 2906 Iss.'}'atic.:iieg.
1224 2866 1251 2906 ei
1259 2866 1334 2899 colu,
1346 2867 1407 2900 Quid
1416 2872 1450 2895 cst
1467 2869 1527 2894 hoc?
1539 2874 1628 2896 Meroe:
1643 2875 1732 2906 nostra,

950 2901 1008 2927 etc,
1017 2898 1112 2927 omisso,
1125 2898 1170 2922 nisi
1181 2898 1251 2928 quod.
