3988 6188
485 311 592 369 263

488 422 644 478 datur
689 419 777 476 tibi
829 414 1068 472 remissio
1098 418 1471 482 peccatorum.
1506 404 1863 461 Attenduntnr
1887 415 2047 471 opera

492 527 600 583 tua,
624 524 677 567 et
702 509 1040 566 Inveniuntur
1069 504 1244 559 omnia
1274 502 1433 558 mala.
1465 499 1520 554 Si
1551 496 1690 581 quod
1713 496 1935 550 debetur
1952 494 2055 547 illis

492 606 756 679 operibus,
792 602 926 656 Deus
969 597 1235 664 redderet,
1263 596 1443 665 utique
1490 592 1765 647 damnaret
1797 606 1811 641 :
1842 586 2055 657 Stipen-

490 678 632 764 dium
660 698 798 751 enim
837 694 1038 765 peccati
1082 705 1225 746 mors
1253 688 1425 762 (Rom.
1456 701 1531 751 vt,
1556 684 1672 754 23).
1705 681 1851 736 Malis
1876 678 2055 750 operi-

492 794 588 846 bus
613 788 737 861 quid
767 788 1009 851 debetur,
1028 784 1128 839 nisi
1150 779 1455 836 damnatio?
1481 776 1640 832 Bonis
1655 773 1780 844 quid
1806 770 2060 827 debetur?

494 889 731 958 Regnum
778 884 1055 940 caelorum.
1082 879 1122 933 T
1130 895 1161 933 ιι
1207 885 1383 931 autem
1422 874 1473 927 in
1505 870 1656 926 malis
1697 866 1946 939 operibus
1972 864 2056 918 in-

494 955 678 1034 ventus
703 993 761 1032 es
790 994 802 1030 :
835 976 879 1031 si
917 972 1168 1029 reddatur
1197 968 1290 1023 tibi
1314 965 1452 1037 quod
1498 963 1737 1023 debetur,
1765 955 2061 1029 puniendus

495 1086 574 1125 es.
624 1067 761 1137 Quid
808 1081 934 1136 ergo
980 1063 1077 1137 liti
1122 1061 1237 1116 Non
1286 1057 1378 1112 tibi
1427 1056 1567 1109 Deus
1613 1050 1786 1106 reddit
1832 1047 2059 1137 debitam

496 1132 741 1232 poenam,
795 1132 892 1214 sed
960 1132 1124 1209 donht
1189 1147 1477 1204 indebitam
1525 1143 1779 1215 gratiam.
1830 1136 2064 1192 Debebat

495 1230 800 1315 vindictam,
845 1249 935 1303 dat
977 1243 1374 1315 indulgentiam.
1421 1238 1615 1324 Incipis
1671 1248 1797 1304 ergo
1843 1246 1963 1288 esse
2008 1230 2061 1283 itt

497 1347 599 1400 ﬁde
630 1362 721 1415 per
752 1340 1155 1411 indulgentiam;
1185 1337 1290 1406 jam
1320 1333 1448 1388 lides
1473 1332 1562 1386 illa
1590 1334 1859 1396 assumpta
1892 1339 1996 1415 sper
2012 1331 2066 1376 et

496 1437 777 1491 dilectione
823 1432 1005 1500 incipit
1052 1429 1187 1484 bene
1228 1424 1437 1496 operari
1470 1440 1483 1475 ε
1511 1420 1604 1489 sed
1642 1433 1741 1474 nec
1790 1427 1913 1471 tunc
1949 1414 2065 1484 glo-

496 1529 668 1593 rieris,
701 1536 754 1581 et
805 1524 1028 1579 extollas
1054 1531 1105 1576 te
1131 1538 1143 1573 :
1170 1525 1436 1574 memento
1463 1528 1493 1567 a
1522 1511 1625 1583 q'no
1652 1511 1703 1565 in
1730 1510 1814 1563 via
1862 1505 2064 1577 positus

500 1625 601 1683 sis;
635 1626 899 1673 memento
931 1614 1051 1684 quia
1095 1620 1149 1666 et
1173 1609 1313 1665 sanis
1338 1605 1559 1678 pedibus
1582 1612 1636 1659 et
1677 1599 1944 1656 velocibus
1976 1612 2064 1651 er-

501 1714 684 1776 rabas;
713 1717 979 1765 memento
1022 1704 1142 1774 quia
1167 1701 1270 1759 etsi
1294 1697 1600 1770 languebas,
1630 1702 1685 1750 et
1710 1694 1760 1747 in
1796 1691 1879 1745 via
1909 1688 2068 1744 semi-

497 1804 646 1857 vivus
688 1800 920 1871 jacebas,
952 1798 1154 1853 levatus
1182 1808 1240 1848 es
1271 1793 1322 1845 in
1362 1790 1675 1861 iumentum,
1706 1793 1759 1839 et
1787 1781 2068 1853 perductus

497 1894 551 1949 in
577 1894 838 1949 stabulum
862 1889 1010 1961 (Luc.
1036 1904 1089 1954 x,
1118 1885 1233 1956 30).
1257 1882 1322 1936 Ei
1341 1890 1529 1945 autem,
1560 1875 1747 1947 inquit,
1770 1873 1857 1946 qui
1880 1886 2064 1941 apera-

499 1996 597 2049 tur,
628 2000 812 2038 merces
845 1998 943 2035 non
986 1980 1258 2049 imputatur
1297 1971 1567 2027 secundum
1608 1966 1851 2038 gratiam,
1871 1962 1959 2017 sed
1985 1976 2067 2015 se-

497 2076 717 2128 cundum
759 2072 994 2126 debitum.
1033 2068 1091 2123 Si
1137 2066 1217 2120 vis
1260 2078 1379 2119 esse
1417 2060 1620 2114 alienus
1648 2072 1677 2110 a
1703 2053 1889 2126 gratia,
1926 2052 2067 2122 jacta

499 2167 685 2221 merita
729 2174 836 2218 tua.
870 2163 961 2217 llle
1005 2168 1179 2213 autem
1215 2154 1360 2209 videt
1399 2149 1525 2223 quid
1556 2149 1625 2204 sit
1664 2148 1721 2201 in
1745 2155 1816 2211 te,
1845 2152 1900 2199 et
1923 2143 2069 2197 novit

497 2256 621 2326 quid
649 2255 730 2310 cui
753 2252 991 2306 ‘deheat.
1010 2249 1075 2302 Ei
1102 2262 1214 2303 vero
1242 2244 1325 2316 qui
1354 2258 1453 2296 non
1482 2248 1735 2309 operatur,
1758 2233 1914 2305 quid?
1931 2231 2069 2286 Ecce

502 2361 640 2415 pone
693 2344 919 2412 aliquem
972 2338 1188 2407 impium
1240 2343 1593 2404 peccatorem,
1644 2343 1749 2381 non
1790 2334 2063 2394 Operatur.

497 2438 631 2505 Quid
660 2434 869 2490 autem?
892 2431 1074 2488 Credit
1101 2428 1315 2483 autcm'
1347 2426 1398 2480 in
1427 2439 1548 2480 eum
1569 2422 1656 2492 qui
1676 2416 1931 2490 justiﬁeat
1960 2416 2064 2470 im-

500 2530 661 2601 pium.
696 2529 773 2583 Ex
797 2542 860 2581 eo
904 2525 1044 2581 enim
1073 2522 1193 2592 quia
1242 2534 1350 2574 non
1394 2524 1639 2587 operatur
1676 2515 1830 2578 bene,
1876 2508 2067 2580 impius

500 2632 582 2679 est
610 2642 622 2676 :
651 2622 750 2677 etsi
791 2620 928 2674 bona
956 2616 1193 2670 videatur
1216 2612 1407 2678 facere,
1429 2619 1625 2673 tamen,
1653 2607 1774 2676 quia
1801 2606 1913 2660 sine
1941 2602 2063 2671 ﬁde,

500 2730 598 2769 nec
614 2712 761 2767 bona
785 2708 1018 2765 vocanda
1043 2716 1184 2760 sunt.
1202 2702 1428 2758 Credenti
1453 2709 1623 2753 autem
1647 2699 1699 2751 in
1726 2713 1838 2750 eum
1861 2696 1946 2767 qui
1970 2695 2069 2764 ju-

500 2805 680 2871 stiﬁcat
705 2802 933 2869 impium,
963 2797 1231 2866 deputatur
1265 2794 1389 2863 ﬁdes
1413 2793 1522 2862 ejus
1549 2790 1615 2843 ad
1635 2788 1920 2859 justitiam;
1940 2785 2068 2839 sicut

498 2903 541 2947 et
572 2891 736 2946 Dauid
761 2891 900 2952 dicit,
932 2885 1284 2942 beatitudinem
1304 2882 1538 2946 hominis,
1569 2880 1651 2933 cui
1693 2878 1830 2931 Deus
1866 2883 2067 2945 accepto

500 2986 592 3052 fert
623 2981 872 3054 justitiam
909 2979 1017 3032 sine
1057 2976 1284 3047 operibus
1310 2960 1485 3042 (Rom.
1514 2988 1586 3038 tv,
1616 2970 1671 3037 5,
1701 2970 1780 3039 6).
1802 2967 2067 3023 Justitiam

501 3083 678 3128 autent
724 3069 919 3140 quam?
952 3067 1118 3133 Fidei,
1148 3079 1305 3136 quam
1348 3064 1483 3118 bona
1513 3075 1674 3132 opera
1706 3075 1811 3115 non
1838 3072 2065 3129 praeces-

499 3169 699 3226 serunt,
723 3160 814 3213 sed
835 3174 988 3229 quam
1020 3158 1154 3211 bona
1182 3170 1339 3225 opera
1367 3161 1783 3223 consequuntur.

570 3253 625 3308 8.
654 3248 912 3305 lntenditc
938 3262 1065 3318 ergo
1106 3261 1201 3300 vos
1229 3261 1243 3299 :
1274 3244 1507 3315 alioquin
1552 3242 1691 3297 male
1733 3239 2068 3311 intelligendo

501 3345 757 3417 projicilis
785 3357 879 3397 vos
924 3344 976 3396 in
1006 3341 1147 3394 illam
1190 3338 1492 3409 voraginem
1521 3337 1732 3406 impune
1769 3332 2017 3404 peccandi
2050 3351 2065 3388 :

500 3450 554 3495 et
598 3453 695 3508 ego
730 3436 863 3491 liber
885 3450 1024 3500 sum,
1054 3434 1189 3488 sicut
1226 3431 1340 3501 ipse
1388 3429 1671 3499 Apostolus
1708 3427 1775 3482 ab
1817 3425 2063 3481 omnibus

504 3529 643 3585 male
681 3525 1090 3596 intelligentibus
1139 3522 1272 3577 liber
1301 3520 1417 3576 fuit.
1445 3520 1694 3575 Libenter
1740 3518 1880 3573 enim
1924 3516 2064 3583 male

502 3620 895 3682 intellexerunt,
920 3632 989 3671 ne
1013 3616 1147 3669 bona
1166 3628 1345 3685 .opera
1367 3620 1730 3682 sequerentur.
1760 3608 1931 3663 Nolite
1950 3622 2069 3664 esse

502 3711 569 3766 de
596 3723 817 3766 numero
843 3708 1042 3772 talium,
1075 3707 1280 3761 fratres.
1298 3704 1497 3759 Dicitur
1524 3702 1576 3757 in
1594 3700 1819 3771 quodam
1841 3699 2064 3769 psalmo,

509 3803 577 3858 de
604 3801 830 3872 quodam
862 3798 1076 3853 homine
1107 3796 1216 3863 tali,
1250 3795 1301 3851 id
1327 3804 1409 3850 est
1433 3793 1503 3849 de
1528 3794 1617 3847 tali
1664 3808 1876 3865 genere,
1919 3792 2069 3863 quasi

510 3895 579 3950 de
608 3909 711 3948 uno
736 3911 748 3945 :
775 3891 972 3956 Noluit,
993 3890 1180 3961 inquit,
1211 3888 1480 3958 intelligere
1498 3894 1554 3940 ut
1575 3884 1693 3939 bene
1710 3894 1875 3956 ageret
1899 3883 2065 3956 (Psal.

507 4001 672 4051 xxxv,
693 3986 772 4054 4).
797 3984 908 4039 Non
941 3984 1137 4038 dictum
1167 3991 1265 4045 est,
1288 3980 1402 4036 Non
1444 3982 1612 4051 potuit
1631 3980 1939 4051 intelligere.
1965 3980 2069 4035 Vos

505 4094 633 4147 ergo
652 4085 857 4146 oportet
880 4085 934 4130 ut
955 4075 1124 4130 velitis
1145 4074 1454 4144 intelligere,
1470 4082 1527 4128 ut
1547 4074 1681 4129 bene
1699 4074 1883 4144 agatis.
1907 4071 2069 4128 Intel-

510 4170 675 4225 lectus
694 4166 835 4222 enim
865 4165 1013 4220 vobis
1041 4180 1145 4219 non
1170 4164 1339 4219 deerit
1359 4164 1686 4219 manifestus.
1702 4163 1829 4232 Quis
1854 4172 1937 4218 est
1955 4178 2069 4217 ma-

509 4261 729 4315 nilestus
759 4256 1087 4312 intellectus?
1110 4254 1277 4310 Nemo
1297 4256 1460 4326 jactet
1491 4256 1626 4310 bona
1652 4270 1814 4325 opera
1835 4270 1928 4308 sua
1948 4263 2072 4309 ante

512 4353 690 4418 ﬁdem,
721 4363 877 4404 nemo
905 4349 972 4402 sit
994 4347 1140 4419 piger
1167 4347 1217 4401 in
1241 4347 1392 4402 bonis
1422 4349 1669 4418 operibus
1696 4357 1908 4417 accepta
1937 4347 2066 4402 fide.

516 4445 613 4499 Dat
658 4445 797 4498 Deus
832 4454 958 4510 ergo
987 4438 1362 4510 indulgentiam
1390 4440 1634 4507 omnibus
1658 4439 1852 4511 impiis,
1879 4450 1930 4494 et
1954 4453 2048 4496 eos

510 4534 762 4606 jttstiﬁcat
784 4549 848 4587 ex
875 4531 995 4586 ﬁde.

579 4626 631 4681 9.
662 4624 817 4697 [ναῖε.
846 4624 898 4690 1,
919 4621 1012 4694 2.]
1037 4620 1180 4675 Beati
1212 4619 1233 4652 ³
1263 4635 1472 4689 quorum
1505 4620 1725 4675 remissa:
1749 4631 1862 4675 sunt
1887 4621 2072 4692 iniqui-

510 4730 653 4785 tates,
693 4728 738 4772 et
762 4733 974 4786 quorum
1015 4724 1141 4769 tecta
1168 4721 1283 4769 sunt
1307 4722 1529 4781 peccata.
1555 4710 1739 4766 Beatus
1763 4714 1837 4765 vir
1864 4715 1944 4765 cui
1972 4730 2073 4767 non

508 4809 763 4880 imputauit
805 4807 1049 4861 Dominus
1075 4814 1350 4876 peccatum,
1375 4820 1464 4857 nec
1482 4813 1554 4858 est
1576 4804 1629 4857 iu
1664 4820 1748 4858 ore
1775 4805 1882 4874 ejus
1906 4804 2069 4859 dolus.

508 4901 624 4956 .lam
652 4899 893 4953 Psnlmus
922 4899 1121 4968 incipit,
1144 4905 1198 4952 et
1221 4896 1406 4966 incipit
1429 4896 1740 4951 intellectus.
1770 4894 2086 4952 Intellectus.

510 5005 638 5060 ergo
668 4988 748 5043 vel
776 4988 1112 5058 iuteliigentia
1138 4988 1249 5057 ipsa
1278 4997 1389 5055 est,
1425 4995 1481 5041 ut
1506 4987 1714 5041 noveris
1740 5001 1838 5042 nec
1873 4986 2074 5055 jactare

513 5098 563 5142 te
589 5083 784 5139 debere
818 5082 885 5137 de
911 5081 1113 5136 meritis
1140 5082 1261 5149 tuis,
1290 5095 1388 5136 nec
1414 5095 1732 5151 praesumere
1754 5080 1821 5135 de
1847 5081 2075 5150 impuni-

519 5187 624 5234 tate
653 5179 874 5247 peccati.
906 5173 1097 5228 Psalmi
1126 5173 1267 5228 enim
1293 5174 1476 5227 titulus
1506 5173 1572 5227 ita
1604 5182 1684 5227 est
1708 5190 1720 5224 :
1757 5172 1890 5226 Huic
1911 5170 2076 5225 David

509 5272 805 5327 intellectus.
825 5264 1216 5336 Intelligentiaz‘
1241 5275 1458 5319 vocatur
1487 5266 1722 5335 psalmus
1749 5265 1867 5320 iste.
1896 5265 2072 5320 Prima

571 5387 584 5416 ¹
615 5390 770 5439 Forte,
792 5387 838 5431 et
858 5377 955 5440 cui,
974 5376 1072 5436 vel,
1090 5378 1283 5441 cuique.
1339 5384 1396 5426 Μ.

568 5449 587 5513 ξ
612 5438 873 5513 Fortepro,
897 5438 1069 5499 autem,
1088 5438 1571 5513 legendum,_.tamen.
1635 5445 1691 5511 at.

570 5510 590 5541 ³
612 5506 683 5556 sic
717 5500 902 5555 in'tdss.
938 5500 1171 5564 superiori
1219 5502 1484 5564 praelationi
1516 5500 2077 5564 proxime_conjungitur

504 5572 654 5621 altera
679 5569 842 5623 isthcec
859 5562 1022 5615 Psahni
1037 5564 1090 5612 51
1114 5562 1367 5626 expositio.
1394 5572 1449 5612 At.
1467 5562 1668 5625 inprith
1690 5562 1832 5626 editis
1847 5562 1906 5626 ab
1929 5566 2001 5609 Er.
2028 5568 2080 5609 et

922 5627 1024 5677 loco
1056 5622 1336 5689 interposita
1372 5622 1548 5673 Enarr.‘
1566 5626 1587 5675 ⁴1
1606 5658 1620 5684 ,
1644 5635 1785 5686 quam
1812 5622 1964 5671 babes
1992 5635 2076 5671 su-

536 5705 604 5745 ra,
640 5692 727 5738 ecl.
1732 5712 1739 5729 .

502 5707 727 5806 "Tolle"
754 5707 927 5815 33in,
968 5750 1091 5802 Huic
1131 5749 1286 5803 David
1321 5749 1601 5811 intellectus,
1634 5712 1744 5798 edd:
1778 5757 1950 5797 omnes
1987 5743 2073 5797 ha-

1675 292 1733 350 S.
1772 286 2134 347 AUGUSTINI
2173 283 2469 341 EPISCOPI

3620 275 3732 332 265

2161 414 2287 469 ergo
2336 395 2697 467 intelligentia,
2731 405 2786 449 ut
2811 405 2862 451 te
2892 393 3101 451 noveris
3130 401 3482 463 peccatorum.
3514 389 3728 446 Conse-

2159 505 2327 562 quens
2352 489 2689 560 intelligentia
2706 496 2808 552 est,
2837 498 2894 541 ut
2917 501 3037 542 cum
3058 502 3123 541 ex
3149 484 3251 539 (ide
3270 500 3364 553 per
3387 482 3734 538 dilectionem

2162 586 2297 640 bene
2325 582 2548 652 coeperis
2575 580 2803 652 operari,
2832 594 2898 635 ne
2928 578 3030 634 hoc
3051 578 3252 632 viribus
3278 576 3396 640 tuis,
3431 574 3523 630 sed
3550 575 3738 645 gratia

2162 677 2255 733 Dei
2281 674 2636 746 deputavcris.
2668 673 2742 728 Ita
2782 688 2886 727 non
2917 672 3017 728 erit
3041 670 3195 727 dolus
3226 670 3275 724 in
3303 668 3464 723 corde
3492 678 3606 732 tuo,
3636 669 3739 722 hoc

2163 770 2317 825 estin
2342 783 2436 823 ore
2470 767 2721 822 interiore
2770 774 2896 831 tuo;
2927 779 3026 820 nec
3053 762 3194 817 aliud
3230 762 3281 816 in
3308 762 3457 816 labiis
3484 761 3731 819 habebis.

2163 859 2302 913 aliud
2331 859 2382 913 in
2423 858 2759 928 cogitatione.
2795 855 2910 910 Non
2949 857 3057 910 eris
3078 855 3146 910 de
3190 853 3292 907 illis
3335 852 3640 917 Phariszeis,
3671 852 3740 906 de

2163 950 2356 1021 quibus
2368 949 2565 1005 dictum
2579 957 2688 1003 est:
2704 948 2907 1003 Similes
2919 946 3033 999 estis
3058 944 3390 998 monumentis
3401 944 3679 1006 dealbatis;
3710 958 3739 993 α

2166 1043 2289 1110 {oris
2311 1042 2511 1111 quidem
2533 1041 2786 1111 apparetis
2807 1038 3088 1091 hominibus
3100 1037 3393 1106 justi,intus
3415 1044 3578 1087 autem
3604 1032 3741 1103 pleni

2165 1134 2282 1187 estis
2300 1132 2415 1187 dolo
2443 1141 2489 1187 et
2511 1132 2772 1203 iniquitate
2799 1128 3008 1200 (Matth.
3028 1143 3185 1190 xxm,
3206 1126 3323 1197 27).
3345 1126 3442 1192 Qui
3463 1140 3592 1195 ergo
3616 1140 3740 1178 cum

2165 1226 2233 1278 sit
2263 1224 2467 1294 iniquus
2506 1222 2705 1292 justum
2737 1235 2796 1275 se
2822 1218 3123 1291 praetendit,
3147 1232 3320 1271 nonne
3356 1215 3572 1270 dolosus
3623 1210 3740 1270 est?

2165 1314 2279 1370 Non
2310 1314 2401 1369 ille
2423 1312 2715 1368 Nathanael
2758 1320 2840 1366 est
2861 1352 2875 1375 ,
2905 1310 2973 1364 de
2998 1323 3104 1380 quo
3126 1306 3380 1363 Dominus
3403 1307 3532 1361 dicit
3562 1325 3575 1361 :
3611 1304 3744 1362 Ecce

2166 1422 2276 1460 vere
2299 1405 2533 1459 Israelita
2553 1405 2606 1457 in
2633 1420 2731 1474 quo
2749 1402 2899 1456 dolus
2929 1417 3029 1454 non
3057 1400 3165 1455 est?
3183 1398 3336 1454 Unde
3363 1408 3540 1453 autem
3572 1400 3626 1453 in
3649 1399 3742 1452 illo

2166 1496 2489 1553 Nathanaele
2524 1493 2678 1550 dolus
2721 1507 2825 1548 non
2870 1491 3017 1547 erat?
3059 1489 3187 1545 Cum
3228 1505 3377 1553 esses,
3415 1489 3603 1559 inquit,
3647 1489 3739 1543 sub

2166 1588 2343 1642 arbore
2363 1586 2466 1655 ﬁci,
2483 1585 2584 1639 uidi
2602 1594 2649 1638 te
2668 1582 2843 1655 (Joan.
2864 1598 2903 1651 ι,
2921 1583 3010 1648 47,
3025 1581 3136 1653 48).
3154 1580 3264 1636 Sub
3288 1579 3477 1635 arbore
3493 1579 3577 1634 ﬁci
3602 1590 3742 1644 erat,

2167 1678 2266 1734 sub
2275 1676 2574 1733 conditione
2584 1674 2759 1731 carnis
2776 1682 2909 1729 erat.
2924 1672 3092 1729 Sisub
3103 1671 3404 1727 conditione
3413 1671 3588 1725 carnis
3605 1682 3744 1738 erat,

2167 1770 2287 1839 quia
2309 1768 2574 1837 impietate
2597 1764 2897 1835 pr0paginis
2919 1763 3223 1827 tenebatur;
3246 1762 3346 1818 sub
3366 1761 3453 1816 illa
3473 1762 3668 1817 arbore
3679 1764 3745 1815 ti-

2168 1858 2214 1913 ei
2257 1867 2389 1922 erat,
2423 1859 2474 1911 in
2500 1872 2603 1927 qua
2630 1857 2858 1927 gemitur
2886 1855 2939 1910 in
2961 1855 3065 1910 alio
3104 1855 3309 1924 psalmo
3332 1873 3347 1909 :
3374 1853 3500 1908 Ecce
3535 1854 3670 1909 enim
3692 1855 3748 1909 in

2168 1951 2426 2022 iniquitate
2461 1959 2728 2020 conceptus
2763 1965 2873 2002 sum
2890 1946 3213 2021 (Psal.L,7).
3234 1947 3338 2003 Sed
3365 1947 3631 2003 viditeum
3659 1950 3751 2005 illo

2168 2041 2259 2112 qui
2297 2041 2439 2095 venit
2471 2056 2591 2095 etin:
2627 2039 2814 2109 gratia.
2842 2038 2977 2107 Quid
3021 2047 3121 2102 est,
3156 2038 3294 2094 Vidit
3318 2040 3473 2095 eum?
3502 2039 3750 2111 Misprtns

2169 2141 2252 2188 est
2293 2133 2428 2203 ejus.
2462 2131 2603 2203 Ergo
2624 2131 2890 2187 hominem
2935 2131 3051 2186 sine
3090 2129 3213 2185 dolo
3258 2130 3335 2186 sic
3371 2132 3744 2195 commendat.

2170 2234 2230 2279 ut
2273 2225 2495 2295 gratiam
2530 2238 2677 2278 suam
2709 2225 2758 2277 in
2785 2223 2875 2278 illo
2917 2222 3273 2277 commendet.
3324 2222 3452 2278 Cum
3484 2240 3618 2278 esses
3655 2225 3748 2278 sub

2169 2314 2345 2368 arbore
2369 2314 2471 2384 ﬁci,
2500 2314 2601 2368 vidi
2629 2323 2693 2367 te.
2718 2313 2832 2367 Vidi
2847 2323 2911 2378 te,
2934 2312 3059 2384 quid
3072 2328 3317 2384 magnum
3339 2322 3440 2381 est,
3462 2315 3563 2370 nisi
3595 2316 3751 2370 intel-

2168 2406 2301 2477 ligas
2327 2406 2503 2476 aliquo
2544 2404 2703 2460 modo
2722 2402 2955 2460 dictum?
2993 2403 3128 2471 Quid
3171 2419 3414 2475 magnum
3455 2415 3538 2460 est
3565 2405 3751 2461 videre

2170 2496 2438 2553 hominem
2482 2496 2580 2553 sub
2607 2496 2796 2551 arbore
2816 2494 3002 2552 ﬁci?Si
3024 2510 3129 2561 non
3151 2492 3367 2551 vidisset
3389 2495 3489 2551 sub
3518 2497 3615 2550 ista
3646 2496 3750 2552 lica

2168 2603 2334 2660 genus
2371 2590 2659 2643 humanum
2698 2586 2960 2653 Christus,
2990 2597 3079 2642 aut
3114 2601 3476 2642 aresceremus
3505 2588 3747 2650 omnino.

2168 2691 2279 2748 aut,
2316 2681 2581 2752 quomodo
2630 2680 2898 2746 Pharisaei,
2954 2680 3007 2747 in
3043 2678 3234 2749 quibus
3296 2678 3450 2733 dolus
3500 2686 3635 2743 erat,
3697 2678 3751 2734 id

2169 2783 2271 2841 est,
2311 2772 2662 2844 justiﬁcabant
2698 2788 2759 2828 se
2788 2772 2982 2839 verbis,
3027 2770 3177 2827 fauetis
3204 2779 3383 2825 autent
3409 2770 3533 2825 mali
3571 2780 3750 2838 erant,

2169 2866 2290 2921 folia
2305 2864 2415 2921 sola
2441 2865 2799 2920 invenirentur
2816 2864 2868 2917 in
2884 2862 3055 2929 nobis,
3073 2877 3176 2916 non
3198 2855 3419 2915 fructus.
3437 2860 3566 2915 Nam
3587 2861 3759 2916 talcm'

2168 2957 2412 3014 arborem
2440 2958 2524 3011 tici
2558 2956 2769 3028 quando
2786 2955 3187 3023 viditChristus,
3214 2954 3502 3020 maledixit,
3516 2963 3570 3010 et
3584 2955 3751 3009 aruit.

2168 3047 2356 3116 Video,
2380 3048 2567 3119 inquit,
2584 3047 2696 3103 sola
2725 3044 2936 3112 folia,id
2953 3054 3035 3101 est
3061 3045 3171 3101 sola
3192 3045 3370 3111 verba,
3399 3046 3600 3115 absque
3636 3045 3753 3101 fru-

2170 3151 2259 3198 ctu
2282 3143 2512 3197 :Arescat
2528 3138 2970 3214 (Mattli.xxt,l9),
2988 3141 3177 3211 inquit,
3192 3150 3250 3194 ut
3275 3155 3373 3196 nec
3396 3139 3514 3196 folia
3533 3140 3753 3195 habeat.

2172 3234 2364 3304 thuid
2406 3244 2459 3290 et
2496 3234 2657 3290 verba
2696 3234 2862 3289 tollit?
2888 3233 3063 3288 Arbor
3108 3232 3255 3288 arida
3297 3233 3439 3289 enim
3480 3248 3579 3288 nec
3622 3231 3755 3289 folia

2170 3334 2345 3397 potest
2373 3326 2584 3382 habere.
2612 3326 2699 3382 Sic
2727 3340 2854 3396 ergo
2876 3334 3030 3381 erant
3069 3324 3259 3393 Judaei,
3288 3324 3542 3380 Pharisaei
3588 3325 3757 3381 arbor

2170 3418 2256 3473 illa
2294 3426 2444 3472 erant
2470 3434 2491 3473 :
2520 3417 2680 3473 verba
2709 3416 2992 3483 habebant,
3022 3415 3161 3471 facta
3197 3431 3302 3472 non
3328 3415 3603 3472 habebant
3636 3434 3650 3470 :
3681 3432 3756 3473 ex

2169 3508 2432 3565 sententia
2484 3508 2689 3563 Domini
2718 3506 3015 3562 ariditatem
3048 3516 3377 3563 meruerunt.
3399 3506 3589 3563 Videat
3619 3522 3756 3578 ergo

2170 3607 2268 3653 nos
2299 3598 2541 3655 Christus
2579 3597 2678 3653 sub
2701 3598 2893 3653 arbore
2914 3597 3000 3652 (lci
3030 3616 3044 3652 :
3075 3597 3253 3654 videat
3273 3599 3323 3652 in
3365 3612 3526 3653 carne
3560 3609 3751 3653 nostra

2171 3691 2327 3745 etiam
2347 3689 2569 3745 fructum
2596 3689 2719 3744 boni
2737 3689 2949 3763 operis,
2978 3704 3046 3745 ne
3079 3689 3195 3760 ejus
3219 3690 3589 3746 maledictione
3601 3703 3759 3745 ares-

2171 3783 2448 3845 camus.Et
2467 3783 2589 3853 quia
2604 3790 2771 3837 totum
2788 3781 2968 3854 gratia:
2983 3781 3099 3852 ejus
3114 3781 3529 3853 imputatur,non
3545 3782 3758 3837 meritis

2171 3878 2386 3937 nostris,
2413 3872 2553 3928 Beati
2575 3888 2788 3943 quarunt
2813 3872 3032 3928 remissae
3071 3883 3188 3927 sunt
3214 3873 3516 3943 iniquitates,
3548 3883 3595 3927 et
3615 3890 3753 3944 quo-

2171 3982 2285 4020 rum
2326 3975 2453 4020 tecta
2492 3975 2606 4020 sunt
2653 3975 2893 4035 peccata:
2926 3979 3031 4020 non
3064 3965 3116 4019 in
3146 3965 3339 4035 quibus
3381 3980 3485 4019 non
3515 3975 3639 4020 sunt
3663 3967 3756 4020 in-

2175 4066 2328 4113 venta
2348 4066 2579 4126 peccata,
2597 4056 2692 4113 sed
2703 4071 2927 4127 quorum
2942 4066 3076 4113 tecta
3097 4066 3218 4112 sunt
3238 4067 3471 4127 peccata.
3488 4057 3758 4126 CoOpcrta

2173 4159 2297 4204 sunt
2323 4158 2554 4219 peccata,
2584 4157 2721 4205 tecta
2746 4156 2888 4213 sunt,
2918 4148 3113 4204 abolita
3142 4157 3284 4203 sunt.
3308 4146 3364 4202 Si
3388 4147 3515 4202 texit
3538 4157 3757 4217 peccata

2176 4241 2345 4307 Deus,
2391 4241 2557 4296 noluit
2594 4229 2899 4306 advertere;
2938 4242 2981 4295 si
3022 4241 3190 4296 noluit
3230 4237 3532 4305 advertere,
3583 4242 3762 4297 noluit

2173 4333 2624 4397 animadvertere;
2647 4331 2691 4387 si
2709 4332 3330 4396 noluitanimadvertere,
3355 4332 3523 4387 noluit
3542 4334 3757 4402 punire;

2174 4424 2219 4479 si
2250 4424 2417 4478 noluit
2444 4424 2652 4493 punire,
2684 4423 2853 4478 noluit
2888 4438 3196 4493 agnoscere,
3222 4422 3409 4478 maluit
3446 4424 3752 4494 ignoscere.

2174 4514 2318 4569 Beati
2356 4532 2567 4587 quorum
2589 4516 2810 4570 remissa:
2834 4525 2951 4570 sunt
2975 4516 3281 4585 iniquitates,
3307 4525 3354 4571 et
3376 4533 3588 4587 quorum
3617 4529 3756 4571 tecta

2174 4618 2290 4663 sunt
2337 4618 2558 4679 peccata.
2586 4607 2693 4663 Nec
2732 4608 2810 4663 sic
2841 4608 3143 4677 intelligatis
3188 4606 3329 4679 quod
3356 4607 3509 4676 dixit,
3534 4619 3761 4678 peccata

2174 4710 2422 4770 cooperta
2467 4710 2609 4767 sunt,
2633 4701 2781 4770 quasi
2821 4700 2891 4754 ibi
2938 4700 3046 4754 sint
3089 4708 3145 4755 ct
3177 4701 3373 4755 vivant.
3420 4700 3583 4754 Tecta
3624 4715 3763 4773 ergo

2177 4801 2391 4863 peccata
2435 4807 2598 4862 quare
2642 4789 2901 4846 dixit‘illt
2928 4805 3032 4845 non
3081 4790 3404 4847 viderentur.
3435 4790 3568 4857 Quid
3607 4792 3762 4847 enint

2178 4891 2291 4938 erat
2322 4883 2413 4938 Dci
2450 4882 2627 4937 videre
2667 4891 2904 4953 peccata,
2928 4882 3029 4936 nisi
3056 4882 3243 4951 punire
3277 4881 3530 4952 peccata?
3557 4880 3625 4938 Ut
3652 4899 3763 4937 no-

2177 4976 2316 5030 veris
2343 4976 2463 5045 quia
2508 4973 2609 5029 hoc
2650 4986 2732 5029 est
2764 4973 2855 5028 Dei
2895 4973 3077 5027 videre
3121 4983 3355 5043 peccata,
3392 4972 3531 5043 quod
3564 4974 3764 5043 punire

2179 5076 2411 5135 peccata,
2440 5064 2564 5135 quid
2585 5066 2631 5120 ei
2660 5063 2885 5119 dicitur?
2916 5064 3091 5118 Avertc
3113 5063 3453 5133 faciem-tuam
3477 5081 3509 5116 a
3532 5067 3760 5134 peccatis

2178 5161 2300 5215 meis
2326 5158 2491 5233 (Psal.
2518 5176 2565 5223 1.,
2588 5159 2695 5228 Η).
2723 5158 2938 5213 Peccata
2977 5172 3103 5224 ergo
3130 5165 3218 5211 tua
3246 5171 3351 5211 non
3375 5156 3572 5221 videat,
3617 5169 3671 5210 ut
3707 5168 3763 5212 te

2180 5252 2373 5307 videat.
2403 5249 2679 5320 Quomodo
2724 5260 2773 5303 te
2800 5247 3011 5303 videat?
3037 5248 3314 5314 Quomodo
3342 5247 3756 5316 Nathanaelem,

2181 5346 2307 5402 Cum
2331 5363 2458 5401 esses
2481 5346 2571 5398 sub
2597 5342 2773 5396 arbore
2793 5341 2895 5411 ﬁci.
2914 5342 3016 5395 uidi
3038 5351 3101 5394 te.
3118 5340 3318 5398 Umbra
3344 5341 3428 5396 ﬁci
3460 5358 3564 5397 non
3593 5343 3756 5411 impc~

2180 5437 2311 5492 divit
2339 5435 2520 5490 oculos
2548 5432 2927 5487 misericordia:
2957 5432 3069 5487 Dei.

2251 5527 2338 5582 10.
2380 5524 2489 5579 Nec
2517 5534 2589 5579 est
2616 5525 2669 5577 in
2710 5540 2795 5579 ore
2839 5525 2949 5594 ejus
2974 5524 3141 5580 dolus.
3178 5524 3249 5579 At
3284 5539 3410 5580 vero
3452 5523 3540 5595 qui
3565 5523 3764 5578 uolunt

2182 5685 2328 5739 bent;
2355 5693 2405 5731 et
2439 5692 2809 5744 prosequuntur,
2838 5680 3149 5745 Intelligentia
3170 5687 3377 5745 rocatur,
3413 5692 3507 5733 etc.
3533 5689 3589 5734 Αι,
3622 5688 3761 5742 διες..

2181 5748 2344 5798 verbis
2365 5744 2459 5795 illis
2476 5748 2680 5807 caussis,
2702 5750 2879 5805 terunt,
2904 5744 3226 5809 mtelliyeutia:
3246 5750 3456 5794 vocatur.
