1994 3094
138 143 187 170 265

136 208 258 236 confiteri
281 216 404 244 peccata,
422 210 540 237 laborant
560 211 615 238 sine
630 218 708 238 causa
723 213 747 238 in
770 212 923 240 defensione

137 260 304 289 peccatorum
321 264 438 283 suorum.
463 257 493 283 Et
518 263 615 291 (punito
641 257 760 284 laborant
781 259 804 285 in
832 259 923 286 defeti-

135 309 210 328 stone
226 307 396 335 peccatorum
413 310 519 329 suorum
532 303 662 335 jactautes
684 305 776 331 merita
790 313 836 331 sua
851 326 857 336 ,
873 315 924 333 non

136 347 259 375 ridentes
272 347 423 382 iniquitates
445 356 505 375 suas
515 369 522 380 ,
537 354 610 375 tanto
623 350 680 384 plus
696 351 775 377 robur
789 359 880 378 eorum
896 358 922 380 et

136 392 264 420 fortitudo
278 393 376 420 deficit.
392 393 435 420 Ille
454 395 524 421 enim
539 393 613 421 fortis
626 400 683 426 est.
707 397 750 430 qui
766 404 816 424 non
840 398 864 423 in
878 406 923 431 se,

135 440 182 466 sed
192 440 218 466 in
235 439 290 467 Deo
302 440 376 466 fortis
388 445 438 467 est.
455 440 565 475 Propter
579 441 652 473 illud,
669 441 718 468 Ter
732 442 868 470 Dominum
881 453 924 471 ro-

135 485 192 519 gavi
217 490 243 511 at
257 487 365 520 auferret
376 494 430 512 cum
446 494 461 511 (ι
476 494 529 517 me;
544 492 567 513 et
584 486 647 513 dixit
666 487 727 514 milii
740 496 749 514 :
770 488 866 524 Sufﬁcit
881 490 924 517 tibi

135 532 217 565 gratia
232 539 297 558 mea.
314 530 405 558 Gratia
415 539 469 557 mea
479 552 486 562 .
501 532 581 564 dixit;
598 541 650 559 non
661 553 668 563 .
686 533 773 560 Virtus
793 539 845 560 tua.
859 534 924 570 Suf-

139 577 206 608 ficir,
224 577 309 610 inquit
321 597 328 607 ,
343 576 386 602 libi
398 577 479 610 gratia
493 585 566 609 mea;
580 586 639 604 nam
650 578 726 604 virtus
740 579 766 604 in
779 580 924 613 inﬁrmitate

135 623 276 656 perficitur.
292 621 366 649 Unde
388 622 439 648 alio
460 622 518 649 loco
532 623 587 657 ipse
600 623 654 650 ait:
673 624 781 657 Quando
798 626 921 659 inﬁrmor,

135 674 193 695 tunc
205 669 278 704 [ortis
292 677 347 695 sum
363 668 400 704 (ll
411 667 470 695 Cor.
482 676 519 695 xn
531 690 537 699 ,
550 669 577 695 8-
587 670 645 703 10).
662 670 730 704 Ergo
744 671 786 704 qui
802 671 857 698 vult
872 671 925 698 for—

135 715 168 742 tis
188 722 250 741 esse
260 735 268 747 ,
291 714 364 742 velut
379 722 542 748 prmsumens
560 714 592 741 de
606 723 634 742 se
644 736 650 746 ,
672 720 699 741 et
714 716 816 749 jactans
831 718 923 744 merita

134 769 196 794 sua,
218 761 422 796 qualiacumque
444 761 487 787 illa
510 761 580 793 sint,
608 762 657 788 erit
677 762 768 789 similis
791 763 923 790 Pliarisax‘)

134 807 178 838 illi,
194 807 240 842 qui
256 806 325 842 quod
338 814 353 833 a
370 806 422 833 Deo
433 814 461 833 se
475 806 736 842 dicebataccepisse,
750 809 862 842 superbe
878 814 918 836 ta-

134 861 191 880 men
202 852 321 888 jactabat
333 861 339 878 :
351 851 462 884 Gratias,
479 853 579 887 inquit,
593 853 647 879 tibi.
662 854 794 881 Attendite
805 876 811 885 ,
830 855 922 882 fratres

133 899 182 925 mei
193 919 201 930 ,
218 898 299 932 quale
314 905 398 932 genus
420 897 551 931 superbiae
572 898 740 925 commendet
755 899 822 926 Deus
838 909 843 926 :
861 908 922 928 vere

132 944 208 978 quale
224 947 313 978 potest
348 943 497 970 subintrare
516 943 589 977 justo
604 941 702 970 Inoinini
714 965 720 976 ,
747 946 822 978 quale
836 951 922 979 potest

132 990 278 1024 subrepere
291 989 369 1016 etiam
384 989 460 1017 bonae
473 989 529 1023 spei
542 989 607 1016 viro.
620 988 720 1016 Gratias
729 990 773 1017 tibi
782 1012 788 1023 ,
804 991 919 1018 dicebat.

132 1035 201 1070 Ergo
209 1043 271 1062 cum
282 1034 397 1066 dicebat,
411 1033 512 1060 Gratias
523 1035 577 1068 tibi,
592 1034 724 1062 fatebatur
733 1037 766 1062 ab
779 1036 824 1063 illo
834 1044 862 1063 se
878 1045 921 1063 ac-

131 1081 233 1116 cepisse
240 1080 312 1115 quod
321 1079 517 1112 babebat.Quid
529 1080 598 1106 enim
611 1080 692 1108 babes
700 1082 769 1115 quod
782 1089 831 1108 non
845 1091 921 1110 il('Ct'-.

132 1127 189 1162 pisti
211 1126 232 1162 (I
243 1125 302 1154 Cor.
313 1134 350 1158 tv,
361 1125 401 1160 7)?
414 1126 493 1160 Ergo,
504 1125 603 1152 Gratias
613 1125 655 1152 tibi
665 1134 722 1161 ago.
735 1127 809 1158 dixit;
820 1127 891 1154 Grati
902 1138 920 1154 As

133 1172 177 1198 tibi
189 1179 250 1207 oga,
264 1171 324 1204 quia
338 1179 387 1197 non
401 1179 456 1198 sum
469 1171 533 1197 sicut
545 1171 630 1197 cwtcri
645 1171 768 1201 homines,
784 1177 897 1201 raptores
908 1194 914 1203 .

131 1217 221 1252 iujusti
232 1216 376 1248 ,adulteri,
393 1216 457 1242 sicut
471 1221 493 1242 et
516 1215 670 1242 Pttblicanus
688 1217 744 1243 iste.
771 1216 844 1243 Unde
856 1226 919 1253 ergo

130 1262 344 1298 superbus?Non
353 1262 413 1296 quia
428 1261 460 1288 de
474 1261 548 1288 bonis
557 1262 611 1288 suis
625 1262 679 1288 Deo
702 1262 799 1296 gratias
813 1264 917 1297 agebat,

129 1309 175 1336 sed
190 1309 252 1344 quia
265 1315 345 1343 super
358 1308 469 1335 alterunt
485 1315 513 1334 se
525 1307 559 1335 dc
572 1308 635 1342 ipsis
649 1307 725 1335 bonis
742 1309 894 1336 extollebat.

163 1355 207 1382 11.
229 1353 380 1385 Attendite,
397 1354 490 1380 fratres
508 1361 516 1379 :
534 1361 593 1379 nam
615 1353 683 1380 unde
705 1355 815 1388 cmperit
831 1355 919 1382 direre

129 1400 332 1427 similitudinem
344 1399 428 1434 ipsam
442 1399 583 1429 Dominus.
609 1400 767 1434 cvangelism
782 1402 916 1434 praemisit.

129 1447 192 1474 Cum
205 1446 278 1473 enim
299 1445 419 1473 Christus
433 1445 552 1478 dixisset,
566 1445 643 1472 Putas
662 1446 760 1472 venit-ns
775 1446 798 1472 F
799 1447 856 1473 ilius
870 1447 917 1474 lto-

128 1493 202 1520 minis
214 1492 323 1519 inveniet
346 1492 421 1523 ﬁdem
435 1492 460 1518 in
475 1497 540 1518 terra
551 1492 562 1518 ἔ)
573 1497 598 1518 et
608 1501 639 1518 ne
651 1492 796 1520 existerent
809 1493 916 1527 quidam

130 1539 258 1570 bteretici,
273 1538 319 1573 qui
333 1538 503 1565 attendentes
522 1543 549 1564 ct
572 1542 695 1572 putantes
715 1539 790 1573 quasi
814 1540 914 1574 lapsum

131 1589 211 1612 totum
226 1583 366 1616 mundum,
377 1591 470 1611 omnes
485 1584 554 1610 enim
570 1584 686 1611 bzcretici
702 1584 727 1610 in
744 1585 834 1619 paucis
845 1592 872 1613 et
886 1587 914 1614 in

130 1631 418 1665 partesunt,jactarcnt
427 1636 466 1662 se,
476 1629 544 1664 quod
557 1630 581 1656 in
591 1630 653 1664 ipsis
661 1632 789 1658 remansit
801 1633 869 1667 quod
883 1633 915 1661 de

128 1683 182 1705 ωιο
191 1677 294 1705 mundo
303 1677 425 1711 perierit;
438 1676 472 1703 ibi
486 1677 574 1703 statim
588 1677 630 1703 ubi
644 1677 680 1704 ait
689 1678 826 1711 Dominus,
834 1679 914 1707 Putas

130 1725 227 1751 veniam
243 1723 265 1749 F
266 1724 325 1750 ilius
339 1723 448 1749 hominis
462 1722 567 1749 inveniat
579 1722 656 1756 ﬁdem
669 1723 694 1750 in
710 1724 792 1751 terra?
803 1725 914 1759 subjecit

128 1769 294 1804 Evangelista
301 1773 327 1795 et
334 1768 369 1795 ait
380 1776 386 1794 :
397 1767 467 1794 Dixit
474 1772 555 1793 autent
564 1773 586 1794 ct
593 1768 626 1793 ad
633 1768 763 1803 quosdam,
773 1770 915 1805 quisibiju-

127 1815 318 1846 uiuidebantur,
331 1818 354 1840 et
361 1813 508 1848 spernebant
517 1818 628 1845 rwleros,
637 1815 823 1841 similitudinem
832 1817 895 1843 lianc
905 1825 914 1843 :

129 1861 236 1894 Quirinal
250 1859 396 1887 Pharisqu
407 1863 430 1885 et
445 1858 600 1885 Publirauus
611 1864 726 1886 venerunt
742 1860 767 1886 in
792 1861 913 1894 templum

127 1915 196 1934 orare
207 1927 215 1938 ,
229 1912 256 1933 et
271 1910 366 1934 cetera
390 1912 449 1939 quae
465 1904 558 1931 nostis.
575 1904 724 1931 [‘liarismus
738 1913 800 1939 ergo
814 1906 856 1933 ille
870 1906 911 1932 di-

127 1953 222 1984 cebat,
250 1950 352 1978 Gratias
374 1950 416 1976 tibi
431 1958 489 1985 ago.
513 1949 564 1976 Sed
590 1950 660 1976 ttndc
680 1951 826 1983 superbus?
847 1952 911 1984 Quia

125 1999 394 2034 spernebatczctcros.
405 1995 480 2023 Unde
495 1996 605 2029 probas?
618 1996 644 2022 In
659 1996 721 2029 ipsis
733 1996 830 2023 verbis.
840 1998 912 2031 Qun-

126 2044 222 2072 modo?
238 2043 387 2071 Pltarisaans
404 2063 411 2072 .
424 2041 522 2076 inquit,
536 2042 578 2067 illc.
593 2042 599 2056 '
614 2041 772 2075 contempsit
786 2042 820 2068 de
833 2042 909 2078 longe

125 2096 240 2119 stantem
252 2110 260 2122 ,
276 2089 319 2116 cui
330 2088 400 2116 Deus
415 2087 552 2115 confitenti
574 2087 773 2120 propinquabat.
789 2087 910 2115 Publica-

125 2145 182 2167 ηιμ,
193 2135 298 2171 inquit,
314 2135 344 2161 dc
366 2134 502 2169 longinquo
517 2133 598 2159 stabat
615 2141 623 2159 :
638 2133 685 2159 sed
703 2133 771 2160 Deus
792 2134 824 2161 ad
840 2134 909 2162 illum

127 2182 159 2208 ιιι·
173 2181 318 2216 lrnginquo
331 2187 384 2207 non
404 2178 508 2205 stabat?
519 2178 605 2210 Quare
621 2178 690 2205 Deus
700 2179 732 2204 ab
747 2179 791 2205 illo
804 2180 837 2206 de
852 2181 909 2207 lon-

124 2227 220 2262 ginquo
247 2234 301 2253 non
328 2224 432 2252 stabat?
455 2224 521 2257 Quia
536 2223 588 2250 alio
604 2223 660 2250 loco
679 2223 774 2251 dicitur
794 2234 800 2251 :
828 2225 911 2261 Prope

124 2258 157 2301 est
170 2258 294 2300 Dominus
304 2271 343 2298 liis
355 2271 398 2306 qui
412 2270 562 2296 abtrivcrunt
573 2277 615 2295 cor
628 2268 711 2303 (Psal.
728 2278 825 2302 xxxiii,
850 2271 905 2306 19).

127 2319 216 2346 ﬁdele
230 2317 252 2344 si
267 2317 426 2344 Publicanus
438 2316 486 2342 iste
505 2314 648 2341 obtriverat
661 2322 722 2345 cor,
745 2319 772 2341 et
786 2315 820 2342 ibi
836 2317 907 2343 \‘itle-

122 2365 184 2391 bilis
196 2364 257 2399 quia
274 2369 356 2397 prope
365 2366 406 2388 cst
418 2361 544 2387 Dominus
560 2360 600 2386 bis
614 2359 658 2393 qui
670 2360 836 2388 obtriverunt
850 2370 906 2389 cor.

123 2410 279 2438 Publiconus
291 2413 373 2435 autem
384 2408 414 2434 de
427 2407 560 2442 longinquo
569 2406 658 2439 stabat,
676 2412 698 2432 et
714 2415 793 2441 neque
812 2408 908 2435 volebat

117 2458 153 2484 ad
160 2457 249 2484 calum
260 2454 346 2482 oculos
356 2462 414 2480 suos
423 2454 513 2486 levare,
524 2453 566 2480 sed
576 2453 724 2487 percntiebal
734 2459 817 2487 pectus
824 2463 905 2481 suum.

118 2503 219 2531 Tunsio
234 2501 360 2536 pectoris,
370 2500 477 2527 obtritio
486 2498 582 2526 cordis.
592 2497 661 2531 Quid
680 2498 783 2525 dicebat
795 2500 906 2527 tundcns

117 2548 221 2583 pectus?
232 2547 298 2573 Deus
308 2545 429 2580 irrepilius
443 2550 493 2571 esto
502 2543 562 2569 nti/ti
576 2543 707 2577 precaturi.
720 2542 753 2570 Et
766 2544 828 2578 quid
843 2552 904 2572 sen-

117 2596 208 2622 tentia:
222 2594 350 2622 Dominns
358 2592 382 2618 ’ἲν
395 2591 472 2617 Amen
481 2590 535 2616 dico
548 2589 626 2620 vobis,
639 2589 766 2615 descendit
776 2590 904 2624 justi/ica—

113 2648 155 2669 lus
170 2640 201 2668 de
217 2639 310 2674 templo
329 2637 485 2664 I’ublicanus
500 2635 552 2667 ille,
568 2635 646 2668 magis
662 2643 735 2668 quam
750 2635 793 2661 ille
810 2634 902 2661 Pliari-

112 2697 190 2716 rcus.
204 2686 313 2721 Quare?
324 2685 381 2712 Hoc
394 2689 433 2710 est
453 2682 580 2717 judicium
605 2682 662 2708 Dvi.
689 2681 746 2708 Non
767 2691 822 2709 smn
837 2684 900 2709 sicut

115 2734 271 2762 Publicanus
287 2732 341 2762 iste,
358 2738 407 2756 non
420 2737 475 2755 sum
485 2728 549 2754 sicut
562 2727 643 2753 cwteri
657 2727 778 2757 homines,
794 2728 879 2760 injuin
894 2749 900 2759 ,

110 2787 227 2815 raptores
237 2800 245 2811 ,
259 2776 368 2805 adutltrl
384 2784 393 2802 :
404 2775 488 2809 ieiuna
508 2773 544 2799 bis
557 2774 583 2799 in
598 2773 700 2800 sabbato
711 2794 717 2805 ,
745 2773 853 2800 decimas
867 2775 899 2799 do

143 2839 150 2853 ¹
163 2836 254 2867 Aliquot
261 2837 324 2858 ωδ
332 2837 451 2867 ουονηοιψ
455 2826 689 2867 ειὶἠίῗῖίέωέψνᾷίέἕίῗ
694 2826 897 2867 {Wfll'i'sf'ﬂf‘i‘ii'

141 2844 151 2884 ἔ
163 2844 899 2895 ’ἶ;ἶῖἱ]ἶξ⁰ἓῗ’ῗηῗὲἶς¹ἓ“ἶίὶ“ε”γῖὶ“ίῖ”ὁᾶἓιζὲἓῖίῗᾘ’ᾆιὲἓἹὶάὲὶῗὶἓὶιὶἆῖὶ

108 2901 149 2927 απ
163 2901 284 2925 Dominus.
431 2926 433 2928 ι

252 2935 386 2966 ΡΑΤιιοι.
403 2935 547 2966 XXXVI.

669 153 865 191 ENARliATlli
886 154 916 181 ΙΝ
939 155 1097 186 I’SMMUM
1120 159 1213 187 XXXI.

1713 177 1763 205 266

982 217 1091 243 ουιηίιηη
1101 226 1156 251 qm:
1166 220 1289 252 possideo.
1309 222 1354 251 Ille
1370 232 1421 253 non
1434 228 1512 255 audet
1526 231 1559 257 ad
1568 233 1666 261 caelum
1678 236 1764 265 levare

978 263 1068 289 oculos
1078 271 1154 295 suos,
1169 266 1279 294 attendit
1292 271 1480 300 conscientiam
1494 282 1579 309 suam,
1601 278 1678 315 longe
1693 288 1742 310 stat
1753 305 1760 316 ,

977 307 1174 350 et'justilicatus
1184 316 1224 338 est
1237 314 1320 349 magis
1335 324 1412 350 quam
1426 319 1470 346 ille
1485 307 1761 360 PilariSIellS.uQ|lar(-;

980 351 1052 386 llogo
1064 358 1097 382 te.
1115 355 1234 390 Domine,
1252 366 1355 393 expone
1368 363 1521 393 noblsbanc
1534 351 1760 405 justitiam‘tuam.

978 404 1079 430 expone
1094 400 1169 427 nobis
1185 403 1335 437 a-quitatem
1347 405 1415 440 juris
1429 410 1475 436 tui.
1503 400 1618 448 Exponit
1632 417 1700 446 Deus

977 443 1063 476 gulam
1084 444 1148 479 legis
1165 454 1219 474 sua:
1234 449 1252 474 ¹.
1266 448 1355 479 Vultis
1373 453 1465 482 audire
1481 443 1581 491 quare?
1601 462 1667 493 Quia
1680 469 1760 496 omnis

977 489 1019 522 qui
1033 497 1059 514 se
1072 491 1174 524 exultat,
1190 493 1382 531 liumiliabitur;
1392 504 1414 526 et
1424 501 1469 535 qui
1482 489 1509 529 se
1522 489 1647 541 Itttmiliat,

977 533 1126 570 bitur(Luc.
1141 545 1214 569 xvut.
1231 540 1320 576 8-H).
1430 533 1434 535 Π
1459 550 1462 553 ’

1013 581 1054 607 12.
1077 581 1197 611 lntendat
1218 593 1282 621 ergo
1304 588 1425 618 Charitas
1438 591 1542 622 Vestra.
1566 597 1684 629 Diximus
1708 612 1760 632 non

976 634 1070 654 ausum
1094 628 1175 657 fuisse
1199 633 1289 660 oculos
1303 635 1336 661 ad
1358 636 1455 665 ccelum
1468 639 1556 670 levare
1577 644 1758 678 Publieanum.

976 671 1062 705 Quare
1072 674 1168 702 cmlum
1183 684 1234 704 non
1250 680 1422 709 attendebat?
1431 682 1498 717 Quia
1511 694 1539 714 se
1549 671 1760 724 attendebat:

975 719 1140 774 ξιιμ-11116231,
1157 727 1185 755 ut
1196 723 1280 756 primo
1295 724 1346 753 sibi
1359 727 1528 765 displiceret,
1548 738 1575 761 et
1588 735 1626 763 sic
1641 719 1761 774 Deo-plin:

975 768 1055 797 ceret.
1081 763 1120 791 Tu
1140 772 1227 793 autem
1244 768 1329 802 jactas
1354 775 1395 804 te,
1416 780 1504 803 erecta
1520 763 1633 808 cervice
1648 790 1686 809 es.
1706 763 1757 812 rAit

976 809 1102 837 Dominus
1124 814 1254 847 superbo,
1272 815 1328 843 Non
1351 818 1390 845 vis
1404 819 1437 847 ad
1452 825 1478 848 te
1487 824 1641 854 attendere?
1658 836 1706 864 ego
1719 837 1759 857 at-

975 856 1063 882 tendo.
1079 857 1121 884 \‘is
1136 863 1223 886 autem
1236 866 1262 887 ut
1278 870 1330 889 non
1349 865 1501 894 attendam?
1516 873 1543 896 tu
1563 856 1688 902 attende?
1699 856 1760 905 ideo

975 901 1133 929 Publicanus
1144 912 1194 931 non
1204 905 1316 937 audebat
1327 910 1417 937 oculos
1427 911 1460 938 ad
1473 914 1568 942 (uelum
1582 917 1684 952 levare;

974 947 1088 981 st-ipsum
1106 949 1270 984 intui-batur,
1299 955 1489 984 conscientiam
1513 967 1586 988 suam
1610 947 1756 997 puniebat:

975 993 1030 1026 ipa:
1044 993 1093 1020 sibi
1107 994 1186 1028 judcx
1203 1002 1275 1029 erat,
1288 1002 1316 1025 ut
1326 999 1369 1026 ille
1384 1001 1577 1038 intercederet;
1595 993 1651 1042 ipse
1666 1012 1759 1044 punie-

974 1038 1034 1068 bat.
1052 1043 1078 1065 ut
1092 1040 1136 1066 illc
1152 1041 1293 1074 liberaret;
1309 1044 1365 1079 ipse
1378 1041 1537 1085 accusabat,
1565 1057 1593 1079 ιιι
1606 1038 1652 1081 ille
1665 1038 1757 1085 defen-

972 1082 1057 1111 dcrcl.
1082 1085 1154 1113 Adeo
1176 1087 1295 1116 defendit
1315 1097 1375 1117 eum
1387 1112 1394 1124 ,
1412 1083 1471 1127 quia
1485 1094 1551 1123 dixit
1563 1104 1611 1130 pro
1627 1082 1756 1134 ipsoisreii-

974 1130 1082 1157 tentiam
1123 1131 1256 1160 Descendit
1271 1136 1429 1172 justi/iectus
1449 1139 1603 1170 Publiconus
1616 1130 1659 1183 ilic
1678 1133 1756 1185 magis

972 1183 1045 1208 quam
1056 1176 1098 1202 ille
1110 1176 1258 1206 PItarisa'us
1265 1188 1274 1206 :
1282 1181 1340 1215 quia
1346 1184 1425 1210 onmis
1435 1185 1479 1220 qui
1489 1195 1516 1213 se
1525 1189 1629 1224 exultat,
1640 1176 1757 1223 immitia-

972 1220 1047 1250 bitur;
1057 1225 1078 1246 et
1087 1222 1128 1256 qui
1138 1231 1164 1249 se
1171 1224 1298 1258 humili/tt,
1310 1228 1469 1257 excitabitur.
1481 1231 1601 1261 Attendit
1612 1220 1651 1268 se.
1662 1220 1753 1273 inquit,

971 1269 997 1290 et
1009 1265 1077 1292 nolui
1087 1273 1135 1301 ego
1143 1268 1280 1296 attendere
1291 1278 1297 1295 :
1308 1271 1395 1300 audivi
1408 1273 1538 1304 dicentem
1549 1298 1555 1308 .
1568 1265 1659 1309 Acme
1670 1265 1755 1312 acido;

971 1314 1025 1336 tuos
1045 1319 1059 1336 (ι
1074 1316 1181 1345 peccatis
1192 1316 1262 1342 meis.
1277 1316 1340 1351 Quis
1354 1323 1395 1345 est
1408 1320 1478 1348 enim
1493 1323 1536 1357 qui
1546 1323 1608 1352 illud
1618 1327 1691 1362 dixit,
1705 1330 1754 1359 nisi

971 1356 1101 1388 quietiam
1124 1358 1184 1385 illud
1201 1360 1275 1393 dixit,
1289 1361 1414 1394 Quoniam
1439 1365 1595 1401 iniquitalem
1617 1380 1697 1400 meum
1710 1384 1754 1411 ego

970 1408 1077 1434 agnosco
1091 1403 1173 1437 (Psal.
1186 1413 1211 1435 L.
1226 1407 1252 1439 5,
1270 1406 1328 1443 H)?
1340 1408 1443 1445 Itaque,
1458 1411 1553 1442 fratres
1565 1417 1629 1450 mei,
1654 1424 1711 1448 erat
1723 1403 1755 1449 :3!

970 1445 1119 1474 Pharisa-us
1130 1449 1172 1477 ille
1187 1457 1318 1484 peccator.
1336 1453 1393 1487 Non
1406 1457 1476 1484 enim
1493 1459 1553 1493 quia
1564 1445 1678 1497 dicebat,
1692 1465 1755 1493 Non

969 1498 1024 1517 sum
1051 1493 1113 1519 sicut
1127 1496 1210 1522 sceleri
1225 1496 1346 1530 homines,
1363 1500 1458 1535 injusti,
1475 1509 1588 1539 raptores
1599 1509 1736 1547 “adulteri
1744 1521 1752 1545 ;

970 1538 1054 1572 neque
1062 1539 1121 1573 quia
1131 1540 1267 1575 j--junabat
1281 1543 1321 1570 bis
1334 1545 1360 1572 in
1371 1547 1482 1576 sabbato
1493 1538 1669 1589 {neque-quia
1680 1538 1753 1585 deci:

969 1592 1025 1610 nias
1052 1585 1148 1619 dabat,
1176 1595 1227 1615 non
1243 1595 1300 1617 erat
1314 1597 1446 1625 peccator.
1475 1585 1562 1629 Quod?
1576 1599 1599 1626 si
1613 1585 1671 1629 sine
1694 1604 1753 1632 ullis

969 1631 1083 1664 peccatis
1096 1637 1183 1665 esset,
1201 1633 1255 1668 ipsa
1277 1636 1399 1670 superbia
1414 1640 1513 1673 grande
1526 1643 1626 1671 crimen
1640 1651 1713 1675 erat:
1727 1654 1754 1677 et

969 1679 1055 1703 tamen
1069 1684 1131 1704 ecce
1140 1678 1184 1705 illa
1195 1680 1281 1707 omnia
1297 1681 1410 1710 dicebat.
1424 1684 1488 1718 Quis
1503 1679 1606 1717 tandem
1621 1692 1679 1719 sine
1691 1701 1753 1729 peo-

967 1723 1045 1749 cato?
1055 1723 1119 1757 Quis
1131 1724 1289 1759 gloriabitur
1300 1732 1401 1757 castum
1415 1738 1445 1758 se
1456 1732 1554 1762 habere
1569 1742 1624 1770 cor,
1636 1743 1682 1766 aut
1691 1723 1752 1774 quis

966 1768 1119 1801 gloriabitur
1133 1770 1259 1798 mundum
1275 1779 1303 1800 se
1317 1781 1376 1802 esse
1387 1783 1401 1802 a
1415 1779 1529 1810 peccatis
1543 1768 1632 1814 (ΡΙ-011.
1646 1792 1691 1818 xx,
1702 1768 1751 1821 '9)?

966 1814 1086 1842 Habebat
1097 1823 1159 1850 ergo
1174 1817 1217 1844 ille
1231 1823 1352 1854 peccata;
1368 1822 1414 1848 sed
1429 1830 1581 1859 perversus,
1591 1832 1617 1854 et
1630 1814 1751 1858 nesciens

965 1867 1018 1894 quo
1031 1861 1162 1895 venisset,
1181 1857 1239 1889 erat
1265 1868 1387 1900 tanquam
1409 1867 1435 1894 in
1450 1870 1563 1898 statione
1582 1873 1677 1901 medici
1703 1883 1749 1902 cu-

966 1905 1077 1938 randus,
1093 1910 1119 1932 et
1132 1914 1195 1934 sana
1211 1909 1328 1935 membra
1345 1911 1518 1947 ostendebat,
1544 1916 1650 1945 vulnera
1676 1924 1748 1955 tege-

966 1950 1019 1976 bat.
1041 1951 1109 1978 Deus
1122 1957 1192 1987 tegat
1205 1955 1334 1987 vulnera;
1358 1957 1411 1984 noli
1435 1962 1473 1985 tu.
1495 1960 1561 1988 Nam
1582 1963 1603 1990 si
1618 1968 1644 1991 tu
1661 1950 1749 2001 tegere

966 1995 1080 2022 \olueris
1095 1997 1254 2025 erubescens
1266 2020 1273 2031 ,
1291 2000 1409 2029 medicus
1423 2010 1474 2030 non
1499 2007 1610 2035 curabit.
1633 1995 1749 2039 Medicus

965 2045 1051 2074 tegat,
1073 2047 1098 2067 et
1121 2048 1210 2076 curet;
1225 2045 1368 2079 emplastro
1380 2047 1450 2075 enim
1466 2050 1538 2085 tegit.
1558 2052 1613 2079 Sub
1635 2057 1748 2090 tegmine

965 2087 1058 2113 lllC(“l'i
1072 2093 1180 2116 sanatur
1197 2090 1290 2117 vulnus
1300 2111 1308 2125 ,
1335 2093 1384 2120 sub
1397 2095 1512 2130 tegmine
1533 2087 1748 2130 vulnerati-cela-

965 2138 1006 2158 Iur
1018 2134 1121 2161 vulnus.
1133 2135 1180 2162 Cui
1194 2136 1284 2164 celas?
1298 2138 1347 2171 Qui
1363 2141 1435 2168 novit
1448 2143 1546 2170 omnia.
1738 2151 1741 2153 ’

1002 2179 1042 2205 15.
1058 2179 1140 2215 [rei-5.
1154 2181 1179 2211 5,
1197 2181 1236 2218 6.]
1248 2182 1337 2219 Itaque
1347 2185 1399 2219 bic,
1413 2187 1514 2219 fratres.
1530 2191 1617 2219 videte
1629 2194 1691 2228 quid
1707 2196 1747 2221 di-

964 2224 999 2250 xit
1015 2233 1020 2250 :
1038 2226 1162 2258 Quoniam
1178 2229 1245 2255 tacui
1254 2250 1261 2261 ,
1289 2230 1485 2260 inveteraverunt
1499 2242 1556 2261 ossa
1581 2245 1652 2270 mea,
1666 2247 1682 2265 α
1694 2241 1746 2267 ela«

963 2271 1053 2297 mando
1075 2280 1114 2298 mc
1139 2278 1190 2298 tota
1207 2274 1256 2301 die.
1272 2274 1339 2308 Quid
1354 2282 1394 2304 est
1408 2278 1476 2305 hoc?
1490 2280 1569 2313 Quasi
1584 2285 1746 2313 contrarium

963 2317 1074 2348 videtur,
1089 2318 1215 2350 Qttoniant
1229 2322 1305 2354 tacui,
1321 2323 1517 2351 inveteraverunt
1531 2335 1588 2353 ossa
1601 2336 1655 2356 mea
1666 2338 1681 2356 a
1694 2332 1748 2358 cla-

962 2363 1064 2390 mando.
1077 2364 1103 2391 Si
1117 2372 1131 2391 a
1145 2366 1294 2398 clamando,
1309 2369 1443 2402 quomodo
1455 2371 1552 2398 tacuit?
1566 2372 1746 2412 Tacuitquid-

960 2407 1037 2439 dam.
1063 2417 1114 2436 non
1130 2412 1209 2437 tacuit
1231 2412 1375 2446 quiddam:
1399 2415 1479 2442 tacuit
1501 2417 1569 2445 unde
1585 2407 1725 2453 proficeret
1738 2445 1745 2454 .

960 2461 1012 2479 non
1024 2455 1103 2481 tacuit
1116 2456 1185 2482 unde
1199 2456 1340 2489 deficeret;
1368 2460 1449 2486 tacuit
1468 2461 1673 2497 confessionem,
1689 2468 1745 2494 cla-

960 2506 1040 2525 ltluvtt.
1055 2502 1296 2535 prmsumptibnein.
1315 2502 1393 2530 Tacui
1410 2505 1480 2532 enirn
1501 2506 1582 2542 dixit,
1610 2517 1661 2537 non
1685 2519 1743 2539 smn

958 2546 1107 2572 confessus.
1123 2547 1159 2572 lbi
1173 2547 1310 2580 oportebat
1330 2554 1357 2575 ut
1372 2550 1545 2586 loqueretur;
1575 2558 1672 2583 taceret
1688 2566 1743 2586 me—

956 2591 1006 2617 rita
1021 2599 1078 2622 sua,
1092 2592 1220 2619 clamaret
1231 2598 1338 2627 peccata
1348 2602 1394 2622 sua
1413 2605 1419 2622 ἒ
1436 2605 1506 2625 1111110
1518 2604 1605 2626 autem
1620 2607 1744 2634 perverse

957 2636 1038 2663 tacuit
1053 2644 1159 2671 peccata
1173 2648 1220 2667 sua
1230 2659 1237 2670 ,
1261 2639 1384 2667 clamavit
1399 2643 1491 2670 merita
1505 2651 1564 2672 Sua.
1580 2645 1613 2674 Et
1627 2648 1689 2682 quid
1706 2648 1743 2676 illi

956 2682 1088 2717 contigit?
1114 2684 1330 2713 luveteraverunt
1345 2695 1404 2714 ossa
1419 2688 1488 2723 ejus.
1502 2689 1633 2721 lntcndite
1646 2695 1706 2729 quia
1722 2696 1743 2722 s'i

956 2730 1082 2757 clamaret
1098 2736 1202 2764 peccata
1216 2739 1274 2764 sua,
1286 2737 1313 2760 et
1325 2738 1425 2762 taceret
1440 2737 1532 2764 merita
1549 2746 1608 2773 sua,
1635 2740 1744 2767 innovao

956 2780 1046 2803 rentur
1058 2784 1117 2803 ossa
1129 2777 1195 2811 ejus,
1209 2777 1234 2804 id
1248 2780 1407 2808 eswirtutes
1421 2781 1478 2816 ejus
1494 2792 1501 2810 :
1516 2791 1587 2811 esset
1602 2786 1740 2813 robustus'

943 2842 962 2872 ις
985 2831 1117 2877 sane
1129 2836 1190 2877 “iis”
1202 2835 1303 2877 ἔξωεὲ
1315 2834 1509 2877 exsoletos
1519 2845 1578 2877 we
1603 2874 1608 2877 _
1722 2873 1726 2877 .

937 2863 1091 2899 {siticines
1107 2870 1181 2895 [rupe
1202 2863 1265 2896 Mss,
1277 2865 1303 2891 id
1314 2870 1349 2892 est
1370 2863 1444 2893 virtus
1455 2863 1507 2899 eius
1529 2869 1624 2894 robusta
1642 2876 1701 2897 esset
1719 2873 1743 2898 iu

955 2891 1059 2918 Dontino.
1107 2891 1113 2895 '
1151 2891 1157 2895 ‘
1258 2891 1263 2896 '
1331 2891 1334 2892 '
1374 2891 1506 2899 "“'

1509 2930 1628 2970 (Neu/2)
