3988 6188
454 318 559 371 ἳϐτ

465 432 519 484 in
546 429 800 491 Domino,
853 426 968 495 quia
1015 423 1339 482 inveniretur
1382 424 1438 481 in
1481 440 1542 480 se
1570 424 1830 508 infirmus.
1877 421 2033 476 Modo

466 531 642 577 autem
668 522 787 589 quia
818 519 868 572 in
897 533 956 575 se
980 518 1142 572 voluit
1167 532 1286 574 esse
1328 519 1509 573 firmus
1535 558 1550 584 ,
1581 518 1750 572 factus
1777 525 1860 571 est
1885 515 2031 569 infir-

470 627 607 673 mus,
631 620 684 665 et
712 611 1282 665 inveteraverunt'ossa
1327 611 1463 682 ejus.
1504 610 1777 666 Remansit
1806 611 1857 663 in
1882 617 2035 663 vetu—

467 712 637 760 state.
678 702 764 769 qui
811 702 977 756 noluit
1019 702 1321 757 confitendo
1365 717 1543 757 amare
1591 702 1894 757 novitatem.
1935 699 2033 768 Qui

467 794 605 844 cnim
638 792 768 845 tiunt
795 791 938 857 novi,
972 793 1137 847 nostis
1158 835 1173 859 ,
1203 792 1394 847 fratres
1425 810 1437 845 :
1469 792 1588 863 quia
1611 833 1623 855 ,
1654 791 1798 846 Beati
1821 807 2034 860 quorum

466 884 683 937 remissa!
703 892 820 936 sunt
844 883 1128 954 iniquitates
1148 926 1161 951 ,
1210 896 1255 937 et
1285 900 1497 954 quorum
1525 894 1651 936 tecta
1679 893 1791 935 sunt
1815 890 2032 950 peccata.

457 976 641 1030 Noluit
674 977 771 1029 iste
799 976 895 1029 sibi
924 976 1115 1031 dimitti
1145 976 1444 1046 iniquitates
1464 1017 1478 1038 ,
1508 976 1880 1045 exaggeravit,
1926 973 2024 1027 de-

467 1066 633 1118 fendit
659 1066 795 1128 illas,
818 1066 1037 1133 jactavit
1068 1067 1252 1120 merita
1284 1080 1398 1119 sua.
1433 1066 1576 1135 Ergo
1602 1064 1847 1133 quoniam
1877 1064 2038 1116 tacuit

467 1173 493 1207 a
522 1157 878 1220 confessione,
900 1158 1330 1213 inveteraverunt
1360 1150 1491 1209 ossa
1527 1156 1663 1224 ejus.
1704 1154 1757 1207 Α·
1772 1154 2037 1207 clamando

469 1266 546 1303 me
574 1260 676 1303 tota
700 1250 801 1304 die.
824 1250 958 1317 Quid
988 1260 1089 1313 est,
1119 1249 1163 1302 Α
1190 1249 1455 1303 clamando
1476 1264 1555 1301 me
1581 1258 1684 1301 tota
1704 1247 1821 1301 die?
1848 1246 2037 1301 Perse-

469 1342 701 1398 verando
730 1343 781 1396 in
813 1341 1120 1396 defensione
1138 1350 1473 1411 peccatorum
1499 1355 1735 1394 suorum.
1766 1340 1833 1393 Et
1863 1349 2037 1393 tamen

470 1434 646 1488 videte
672 1435 843 1504 qualis
887 1436 972 1499 sit,
1000 1438 1119 1503 quia
1150 1436 1387 1504 agnoscit
1416 1449 1496 1489 se.
1559 1434 1669 1487 Erit
1713 1434 1853 1486 enim
1885 1432 2041 1486 modo

471 1524 815 1594 iuteiiigentia
853 1544 864 1577 :
897 1525 1025 1577 nihil
1059 1533 1250 1593 praeter
1275 1539 1333 1578 se
1357 1523 1628 1593 respiciet,
1661 1531 1717 1578 et
1741 1521 2043 1591 displicebit

471 1617 602 1680 sibi,
633 1616 755 1687 quia
784 1618 1019 1686 agnoscit
1040 1631 1117 1670 se.
1150 1616 1305 1670 Modo
1332 1616 1592 1681 audietis,
1640 1625 1697 1670 ut
1720 1613 1999 1669 sanemiui.

544 1712 627 1765 14.
670 1708 853 1764 Beatus
878 1711 951 1764 vir
965 1711 1047 1763 cui
1071 1727 1171 1763 non
1193 1710 1455 1779 imputavit
1483 1709 1728 1763 Dominus
1760 1718 2036 1780 peccatum,

475 1818 559 1855 nec
588 1809 657 1855 est
682 1800 732 1853 iu
764 1818 848 1854 ore
868 1803 975 1871 ejus
996 1802 1160 1854 dolus.
1185 1800 1432 1865 Quoniam
1458 1800 1609 1866 tacui,
1651 1801 2044 1853 inveteraverunt

474 1908 584 1946 ossa
609 1909 738 1958 mea,
762 1909 793 1945 a
822 1891 1087 1946 clamando
1110 1909 1188 1946 me
1207 1903 1311 1946 tota
1332 1892 1432 1945 die.
1458 1891 1707 1956 Quoniam
1724 1892 1807 1944 die
1823 1907 1882 1943 ac
1904 1901 2044 1944 nocte

471 1992 678 2051 gravata
699 1992 770 2036 est
798 1999 950 2052 super
969 2000 1045 2036 me
1075 1999 1253 2037 manus
1273 1993 1379 2036 tua.
1422 1980 1561 2050 Quid
1606 1990 1707 2047 cst,
1742 1992 1948 2053 gravata
1973 1990 2045 2035 est

473 2091 620 2142 super
649 2092 727 2128 me
753 2092 930 2128 manus
968 2076 1096 2129 tua?
1144 2076 1325 2142 Magna
1365 2091 1484 2143 res,
1538 2074 1750 2130 fratres.
1779 2075 2046 2151 Respicite

475 2165 614 2217 illum
645 2167 957 2220 sententiam
985 2176 1185 2221 rectam
1214 2168 1230 2198 ³
1259 2168 1396 2221 inter
1418 2167 1552 2233 duos
1573 2208 1588 2234 ,
1618 2166 1942 2221 Pharismum
1993 2175 2047 2220 et

477 2256 838 2311 Publicanum.
869 2257 1005 2324 Quid
1032 2259 1228 2312 dictum
1252 2269 1333 2314 est
1352 2259 1420 2314 de
1447 2259 1753 2315 Pharismo?
1777 2259 2042 2328 Quoniam

478 2348 798 2402 humiliatur.
827 2347 965 2414 Quid
992 2348 1192 2403 dictum
1244 2358 1327 2404 est
1349 2349 1416 2405 de
1442 2349 1763 2405 Publicano?
1786 2350 2045 2418 Quoniam

476 2433 754 2495 cxaltatui‘.
787 2439 961 2506 Quare
992 2441 1082 2496 ille
1123 2441 1468 2497 humiliatur?
1514 2442 1646 2509 Quia
1672 2443 1924 2498 exultavit
1966 2459 2044 2497 se.

476 2533 654 2598 Quare
700 2532 799 2588 iste
839 2533 1141 2588 exaltatur?
1188 2533 1320 2602 Quia
1340 2522 1647 2589 'bumiliavit
1689 2551 1766 2591 se.
1821 2536 2050 2616 Ergqut

480 2624 800 2679 cxaltantem
827 2638 886 2679 se
913 2625 1153 2680 ltumiliet
1183 2626 1354 2693 Deus,
1385 2636 1741 2697 gravatsuper
1765 2627 1909 2680 illum
1938 2641 2049 2679 ma-

476 2733 623 2771 num.
654 2717 833 2772 Noluit
872 2718 1132 2773 humiliari
1181 2719 1514 2775 confessione
1560 2719 1848 2789 iniquitatis
1897 2734 2047 2785 sum,

481 2808 785 2863 humiliatus
813 2817 896 2864 est
923 2810 1155 2877 pondere
1181 2825 1367 2866 manus
1396 2811 1508 2866 Dei.
1555 2810 1777 2879 Quando
1811 2811 1901 2866 ille
1929 2828 2051 2882 per-

476 2897 637 2969 ferret
664 2915 875 2953 manum
919 2915 1134 2970 gravem
1182 2900 1541 2957 humiliantis?
1594 2901 1762 2969 Quam
1806 2902 1935 2956 levis
1958 2902 2052 2956 fuit

478 3005 665 3042 manus
709 2990 1031 3045 sublevantis
1060 2988 1156 3063 (a)!
1210 2992 1276 3045 Et
1313 2991 1365 3045 in
1395 2991 1484 3046 illo
1534 2991 1702 3059 fortis,
1754 3001 1810 3047 et
1856 2994 1906 3045 in
1961 2992 2052 3046 illo

480 3081 665 3136 fortis:
699 3082 850 3136 fortis
874 3084 939 3136 ad
979 3082 1123 3137 illum
1178 3084 1556 3152 premendum,
1617 3084 1767 3138 fortis
1795 3083 1860 3138 ad
1900 3084 2049 3138 illum

474 3173 879 3228 sublevandum.

551 3267 636 3321 {5.
679 3266 837 3336 Ergo.
872 3265 1122 3330 Quoniam
1166 3266 1247 3319 die
1287 3283 1345 3319 ac
1388 3276 1532 3320 nocte
1568 3275 1775 3335 gravata
1804 3276 1872 3318 cst
1899 3283 2051 3323 super

476 3374 554 3411 me
575 3373 752 3410 ntanus
779 3368 865 3410 tua
888 3373 905 3411 :
932 3373 1195 3411 conversus
1222 3374 1332 3410 sum
1369 3358 1421 3409 in
1462 3372 1690 3411 aerumna
1738 3372 1847 3408 mea
1866 3398 1879 3418 ,
1930 3356 2049 3409 dum

477 3450 808 3519 conﬁgeretur
834 3449 999 3514 spina.
1031 3448 1110 3502 Ex
1140 3448 1253 3517 ipsa
1296 3448 1669 3517 aggravatione
1695 3462 1882 3502 manus
1912 3457 2013 3501 tum
2032 3488 2047 3511 ,

478 3557 540 3597 ex
574 3544 682 3612 ipsa
713 3542 1078 3596 humiliatione
1102 3556 1391 3597 conversus
1420 3556 1535 3595 sum
1569 3541 1619 3595 in
1643 3556 1877 3595 mruuma
1907 3554 2047 3606 mea,

478 3636 645 3691 foetus
670 3652 786 3689 smn
812 3636 992 3696 miser,
1016 3634 1221 3690 conﬁxa
1251 3645 1333 3689 est
1364 3633 1491 3688 mihi
1523 3634 1695 3701 spina,
1728 3636 2048 3703 compttnc'ta

479 3741 560 3786 est
583 3731 904 3785 conscientia
938 3744 1073 3784 mea.
1106 3727 1240 3795 Quid
1269 3726 1462 3782 factum
1495 3737 1575 3781 est
1603 3741 1721 3780 cum
1760 3728 2054 3796 conligere-

483 3833 566 3875 tur
595 3821 782 3889 spina?
815 3821 974 3874 Datus
1004 3829 1084 3873 est
1111 3820 1157 3874 ei
1185 3834 1374 3874 sensus
1395 3818 1626 3883 doloris,
1669 3818 1873 3873 invenit
1903 3818 2051 3872 infir-

479 3911 714 3963 mitatem
746 3926 915 3963 suam.
945 3910 1008 3963 Et
1036 3910 1122 3963 ille
1144 3910 1229 3979 qui
1254 3908 1893 3964 tacuerateonfessionem
1926 3925 2049 3977 pec-

480 4001 579 4054 cati
610 4001 687 4052 sui
713 4042 727 4063 ,
758 4009 813 4052 ut
838 4000 1114 4053 clamando
1144 3999 1196 4052 in
1227 3999 1536 4055 defensione
1563 4000 1764 4067 peccati
1795 3998 1878 4052 sui
1899 3999 2049 4052 inve-

482 4097 768 4145 terascerct
786 4090 950 4142 virtus
967 4090 1101 4155 ejus,
1127 4090 1178 4143 id
1201 4100 1300 4154 est,
1320 4106 1439 4144 ossa
1469 4090 1586 4157 ejus
1615 4098 2055 4144 converterentur

480 4185 530 4238 in
561 4190 895 4242 vetustatem.
927 4181 1083 4233 modo
1108 4182 1228 4249 quid
1263 4182 1386 4237 fecit
1411 4182 1616 4239 confixa
1642 4181 1834 4251 spina?
1861 4180 2051 4234 Pecca-

480 4287 586 4329 tum
613 4290 775 4328 meum
799 4275 1026 4343 cognovi.
1060 4272 1195 4342 Ergo
1213 4272 1320 4342 jam
1352 4276 1639 4343 cognoscit.
1661 4273 1715 4329 Si
1745 4274 1832 4329 ille
1856 4289 2053 4345 cogno-

486 4372 606 4435 scit,
633 4369 718 4422 ille
741 4366 985 4437 ignoscit.
1016 4365 1207 4420 Audite
1233 4365 1356 4435 quid
1380 4368 1615 4436 sequitur
1641 4385 1653 4420 :
1682 4367 1855 4422 videte
1873 4368 1918 4421 si
1945 4382 2049 4423 non

481 4462 594 4530 ipse
620 4460 775 4521 dicit,
836 4455 1111 4511 Peccatum
1156 4472 1321 4509 meum
1365 4458 1572 4527 cognovi
1596 4501 1610 4524 ,
1656 4467 1703 4510 et
1752 4458 2053 4528 iniustitiam

478 4570 642 4607 meam
671 4569 769 4605 non
816 4549 1011 4621 operui.
1058 4547 1169 4602 lloc
1194 4547 1301 4617 jam
1353 4546 1549 4601 dudum
1601 4547 1884 4603 dicebam:
1934 4548 2051 4603 Noli

485 4643 693 4711 operire
725 4653 777 4695 tu
798 4684 810 4706 ,
842 4650 895 4695 et
916 4638 1087 4710 operit
1113 4639 1271 4693 Deus.
1301 4637 1443 4691 Beati
1468 4653 1680 4704 quorum
1702 4640 1923 4692 remissa:
1938 4648 2054 4693 sunt

482 4734 786 4800 iniquitates,
818 4742 863 4786 et
904 4747 1119 4802 quorum
1143 4738 1269 4784 tecta
1295 4738 1413 4783 sunt
1455 4740 1680 4798 peccata.
1734 4728 1830 4795 Qui
1874 4739 2055 4799 tegunt

487 4836 699 4894 peccata
727 4868 740 4887 ,
776 4824 1040 4879 nudantur
1071 4842 1086 4880 :
1118 4824 1218 4879 iste
1246 4832 1421 4877 autem
1448 4821 1687 4882 nudavit,
1722 4830 1781 4875 ut
1804 4824 2052 4893 cooperi-

486 4927 645 4971 retur.
678 4916 997 4986 Iniquitatem
1039 4931 1201 4969 nteant
1233 4931 1333 4968 non
1376 4913 1572 4977 operui.
1614 4912 1750 4980 Quid
1781 4922 1898 4981 est,
1953 4932 2051 4969 non

482 5008 691 5075 operui?
740 5006 856 5061 Jam
910 5005 1107 5061 dudum
1155 5015 1466 5059 tacueram:
1508 5002 1666 5058 modo
1703 5004 1866 5075 quid?
1908 5005 2050 5061 Dixi.

482 5099 742 5166 Quiddam
780 5097 1105 5150 contrarium
1137 5095 1208 5149 illi
1240 5095 1599 5150 taciturnitati.
1628 5093 1767 5148 Dixi.
1810 5095 1943 5164 Quid
1968 5096 2051 5150 di-

483 5191 602 5246 xisti
622 5192 644 5242 2’
666 5187 1010 5243 Pronuntiabo
1036 5187 1296 5240 adversum
1318 5204 1395 5240 me
1422 5188 1716 5257 injustitiam
1755 5205 1915 5241 meam
1943 5187 2050 5242 Do-

485 5286 647 5341 mino;
677 5289 722 5332 et
737 5290 790 5331 tu
813 5277 1046 5331 dimisisti
1070 5276 1381 5344 impietatem
1401 5278 1566 5330 cordis
1595 5278 1711 5330 mei.
1746 5276 1887 5332 Dia‘i.
1916 5279 2050 5345 Quid

481 5369 696 5425 dixisni?
726 5368 841 5423 Non
864 5369 974 5439 jam
998 5369 1334 5437 pronuntiat,
1359 5368 1619 5436 promittit
1649 5383 1706 5421 se
1739 5368 2047 5435 pronuntia-

482 5474 689 5526 turum;
717 5472 771 5517 et
795 5462 882 5516 ille
903 5463 1012 5531 jam
1035 5460 1271 5515 dimittit.
1321 5460 1589 5513 Attendite
1611 5502 1625 5519 ,
1676 5460 1896 5517 fratres;
1933 5476 2044 5512 ma-

479 5570 578 5623 gna
606 5570 691 5607 res
718 5573 731 5608 :
758 5553 888 5606 dixit
908 5595 923 5615 ,
956 5550 1297 5605 Pronuntiabo
1315 5565 1333 5601 :
1366 5564 1467 5602 non
1494 5548 1619 5602 dixit
1645 5590 1658 5607 .
1686 5549 2044 5612 Pmnuntiavi,

540 5644 1070 5712 ηδοηριρεζηάὶειωη.
1118 5703 1126 5711 _
1180 5702 1260 5712 -.Α
1481 5702 1491 5712 _
1711 5700 1739 5712 η
1820 5708 1830 5712 _
1939 5700 1950 5712 _
2013 5703 2024 5712 ,

477 5768 511 5825 ο
538 5710 609 5779 _(a)
632 5716 767 5759 Forte
782 5700 968 5767 ,"(ntam
990 5703 1158 5770 gravis
1170 5702 1262 5763 fuit
1283 5716 1454 5751 manus
1473 5700 1788 5758 lmmiliantiv,
1814 5708 1909 5750 tam
1934 5700 2047 5755 teris

510 5779 582 5825 tu,
606 5780 698 5820 etc.

1689 310 1743 364 S.
1787 307 2139 365 AUGLS’ll-Nl
2184 306 2478 365 [PISCOPI

3606 320 3714 374 9.63

2140 432 2193 479 et
2225 432 2276 473 tu
2297 412 2572 488 dimisisti;
2600 422 2751 491 dixit,
2778 423 3127 481 Pronuntiubo
3148 437 3193 481 et
3209 438 3262 481 tu
3288 430 3518 485 dimisisti
3545 448 3565 487 :
3590 436 3716 503 quia

2140 528 2203 563 eo
2230 514 2344 581 ipso
2372 513 2511 583 quod
2535 513 2702 579 dixit,
2730 513 3098 583 Pronuntiabo,
3154 519 3388 575 ostendit
3402 522 3525 592 quia
3573 538 3716 579 non-

2141 603 2264 655 dum
2295 618 2389 658 ore
2434 606 2897 673 pronuntiaverat,
2927 608 3021 662 sed
3051 609 3213 665 corde
3257 613 3716 680 pronuntiaverat.

2145 693 2252 747 lloe
2321 695 2489 762 ipsum
2543 694 2720 750 dicere
2769 696 3149 765 Pronuntiabo,
3198 704 3538 770 pronuntiare
3589 718 3719 762 est:

2143 785 2260 838 ideo
2290 796 2335 837 et
2354 795 2405 837 tu
2439 785 2674 840 dimisisti
2716 789 3020 855 impietatem
3073 792 3240 845 cordis
3278 792 3395 847 mei.
3439 790 3723 849 Confessio

2142 891 2268 943 ergo
2295 892 2405 927 mea
2439 875 2503 928 ad
2556 892 2631 935 os.
2663 878 2898 931 nondum
2949 891 3201 942 venerat;
3253 882 3495 937 dixeram
3538 886 3720 950 enim,

2149 965 2490 1021 Prouuntiabo
2519 968 2779 1023 aduersum
2816 987 2932 1025 me:
2964 982 3327 1028 verumtamen
3352 976 3490 1031 Deus
3519 978 3725 1033 audivit

2147 1074 2328 1111 vocem
2354 1060 2531 1113 cordis
2562 1061 2686 1115 mei.
2722 1061 2834 1117 \‘ox
2860 1078 2975 1117 mea
3003 1065 3052 1117 in
3075 1081 3168 1120 ore
3194 1067 3424 1122 nondum
3454 1080 3592 1137 erat,
3629 1073 3724 1125 sed

2144 1151 2287 1202 auris
2318 1151 2406 1205 Dei
2430 1152 2536 1220 jam
2568 1152 2616 1205 itt
2646 1154 2807 1208 corde
2844 1164 2980 1208 erat.
3021 1154 3100 1209 Tu
3140 1158 3375 1213 dimisisti
3415 1160 3724 1232 impietatem

2145 1243 2309 1295 cordis
2329 1244 2454 1305 mei;
2482 1243 2602 1313 quia
2629 1244 2753 1308 dixi,
2781 1244 3150 1302 Pronuntiabo.

2214 1334 2433 1388 ‘16.'Sed
2462 1352 2564 1390 non
2602 1336 2883 1392 suffecerat
2927 1357 2942 1394 :
2974 1354 3076 1395 non
3110 1343 3128 1373 ί
3165 1341 3329 1409 dixit,
3376 1343 3725 1401 Prouuntiabo

2145 1428 2441 1498 injustiliam
2463 1447 2620 1483 meam
2648 1429 2865 1485 Domino
2894 1448 2913 1486 :
2945 1451 3045 1487 non
3078 1435 3193 1489 sine
3213 1451 3370 1490 causa
3396 1438 3550 1502 dixit,
3584 1439 3723 1494 Pro-

2146 1520 2383 1575 nuntiabo
2416 1522 2676 1576 adversum
2704 1540 2780 1578 me
2820 1540 2838 1577 :
2862 1534 2914 1579 et
2960 1525 3057 1581 hoc
3102 1527 3359 1583 interesu
3385 1530 3530 1585 Multi
3577 1535 3724 1589 enim

2149 1613 2486 1677 pronuntiant
2526 1612 2852 1683 iniquitatem
2898 1631 3078 1681 suam,
3120 1618 3211 1673 sed
3255 1619 3509 1675 adversus
3549 1624 3723 1692 ipsum

2149 1702 2427 1757 Dominum
2460 1706 2625 1760 Deum
2656 1725 2669 1760 :
2694 1708 2904 1777 quando
2933 1709 3274 1765 inveniuntur
3303 1713 3354 1766 in
3385 1717 3616 1783 peccatis
3636 1717 3720 1770 di-

2147 1802 2292 1858 cunt,
2324 1797 2464 1851 Deus
2493 1798 2591 1852 hoc
2617 1800 2801 1853 voluit.
2829 1800 2884 1854 Si
2912 1802 3054 1856 enim
3085 1802 3241 1858 homo
3269 1804 3428 1871 dicat,
3454 1807 3568 1861 Non
3598 1807 3721 1872 feci;

2148 1896 2258 1950 aut,
2288 1885 2398 1940 Hoc
2420 1887 2610 1941 factum
2650 1888 2788 1958 quod
2819 1891 2993 1960 arguis
3023 1906 3125 1945 non
3157 1901 3240 1948 est
3265 1905 3537 1963 peccatum
3572 1916 3586 1952 :
3614 1914 3725 1955 non

2150 1978 2450 2043 pronuntiat
2477 1994 2572 2031 nec
2600 1979 2876 2035 adversum
2914 1997 3004 2049 se,
3036 1999 3136 2038 nec
3170 1984 3424 2040 adversus
3454 1989 3640 2043 Deum.
3667 1991 3727 2045 Si

2148 2066 2309 2129 dicat,
2339 2068 2559 2123 Prorsus
2584 2071 2701 2137 feci,
2728 2082 2783 2126 et
2808 2083 3077 2140 peccatum
3099 2083 3199 2142 est,
3223 2076 3316 2131 sed
3348 2079 3484 2133 Dens
3509 2080 3611 2135 hoc
3633 2099 3727 2135 vo-

2152 2157 2283 2223 luit,
2315 2159 2438 2228 quid
2476 2176 2572 2231 ego
2619 2161 2757 2217 feci?
2801 2162 2911 2219 Hoc
2956 2173 3038 2219 est
3083 2169 3427 2236 pronuntiare
3468 2171 3728 2229 adversus

2154 2249 2336 2302 Deum.
2378 2250 2538 2307 Forte
2564 2252 2750 2308 dicatis
2774 2295 2788 2319 ,
2818 2254 2984 2310 Nemo
3013 2257 3112 2313 hoc
3150 2258 3284 2314 dicit
3317 2278 3328 2313 :
3356 2264 3474 2330 quis
3513 2273 3596 2319 est
3635 2267 3728 2336 qui

2150 2340 2286 2394 dicat
2314 2382 2327 2404 ,
2360 2342 2499 2397 Deus
2526 2344 2624 2398 hoc
2649 2345 2851 2400 voluit?
2877 2346 3025 2401 Multi
3071 2359 3124 2403 et
3153 2350 3253 2405 hoc
3282 2352 3465 2408 dicunt
3505 2373 3518 2408 :
3550 2359 3642 2412 sed
3674 2369 3730 2414 et

2151 2435 2238 2501 qui
2267 2433 2364 2488 hoc
2393 2450 2497 2488 non
2527 2436 2744 2503 dicunt,
2775 2439 2898 2509 quid
2929 2441 3069 2494 aliud
3106 2442 3317 2509 dicunt,
3363 2447 3450 2515 qui
3499 2447 3725 2516 dicunt,

2152 2522 2336 2579 Fatum
2373 2525 2498 2579 milii
2541 2526 2664 2582 fecit
2687 2570 2701 2592 ,
2734 2529 2903 2584 stella:
2929 2546 3059 2585 mete
3091 2533 3364 2588 fecerunt?
3385 2537 3457 2591 lla
3483 2538 3596 2608 jam
3634 2557 3731 2612 per

2152 2614 2427 2669 circuitum
2455 2616 2519 2669 ad
2548 2617 2712 2673 Deum
2754 2620 2938 2675 volunt
2982 2625 3276 2689 pervenire.
3310 2626 3412 2682 Per
3447 2630 3729 2687 circuitum

2153 2705 2336 2759 volunt
2377 2708 2652 2776 pervenire
2680 2710 2743 2763 ad
2788 2710 2951 2766 Deum
2983 2716 3376 2784 accusandum,
3409 2721 3496 2789 qui
3543 2724 3733 2779 nolunt

2153 2792 2221 2849 de
2244 2798 2557 2866 compendio
2579 2800 2763 2855 venire
2791 2802 2855 2855 ad
2882 2803 3041 2857 Deum
3074 2805 3409 2875 placandum,
3432 2822 3485 2866 et
3507 2812 3730 2884 dicunt,

2154 2887 2339 2942 Fatum
2369 2890 2496 2944 mihi
2540 2891 2680 2946 fecit.
2712 2894 2847 2961 Quid
2875 2906 2956 2949 est
2995 2896 3196 2952 fatum?
3219 2900 3397 2957 Stella:
3437 2921 3569 2958 mea:
3599 2907 3733 2962 fece-

2155 2989 2295 3034 runt.
2328 2980 2461 3048 Quid
2492 2994 2613 3036 sunt
2638 2985 2844 3039 stellae?
2866 2986 3023 3041 Certe
3052 2989 3165 3045 ista:
3194 3007 3326 3060 quas
3354 2995 3404 3048 in
3431 2996 3570 3050 cmlo
3596 3013 3730 3052 cuu-

2155 3069 2424 3140 spicimus.
2458 3074 2521 3127 Et
2545 3077 2662 3145 quis
2683 3092 2780 3135 cas~
2801 3076 2962 3132 fecit?
2987 3081 3142 3135 Deus.
3169 3084 3298 3150 Quis
3324 3102 3415 3140 eas
3437 3088 3733 3145 ordinavit?

2155 3159 2317 3216 Deus.
2350 3164 2489 3235 Ergo
2517 3166 2666 3220 vides
2696 3168 2835 3237 quod
2861 3170 3069 3227 voluisti
3100 3172 3311 3243 dicere,
3354 3177 3490 3235 Deus
3519 3179 3645 3236 fecit
3676 3195 3735 3241 ut

2157 3269 2449 3322 peccarem.
2501 3256 2572 3312 lta
2603 3259 2692 3313 ille
2719 3260 2944 3331 injustas
2965 3305 2980 3329 ,
3015 3274 3068 3318 tu
3103 3266 3279 3335 justus
3311 3286 3325 3323 :
3352 3271 3473 3339 quia
3512 3272 3614 3329 nisi
3645 3276 3735 3330 ille

2157 3343 2387 3412 fecisset,
2420 3354 2472 3401 tu
2503 3363 2605 3401 non
2633 3366 2926 3420 peccasses.
2959 3354 3108 3409 Tolle
3129 3357 3253 3411 istas
3280 3364 3650 3420 excusationes
3683 3369 3734 3421 in

2155 3439 2385 3506 peccatis
2429 3456 2441 3491 :
2492 3451 2759 3498 memento
2802 3445 2943 3501 illius
2991 3450 3177 3516 psalmi
3211 3470 3224 3505 :
3254 3451 3337 3506 Ne
3380 3455 3597 3512 declines
3645 3476 3736 3513 cor

2154 3546 2318 3583 meum
2343 3532 2395 3584 in
2431 3533 2577 3587 verba
2616 3535 2837 3607 maligna
2865 3539 2933 3592 ad
2968 3544 3280 3600 excusandas
3307 3550 3652 3606 excusationes
3680 3553 3734 3606 in

2157 3623 2407 3690 peccatis,
2454 3640 2564 3677 cum
2613 3626 2893 3683 hominibus
2924 3636 3254 3700 operantibus
3291 3638 3618 3701 iniquitatem.
3666 3647 3735 3697 At

2155 3713 2294 3767 enim
2343 3716 2513 3784 magni
2560 3715 2659 3770 viri
2700 3729 2853 3786 sunt,
2899 3723 2985 3791 qui
3022 3722 3312 3781 defendunt
3350 3741 3561 3798 peccata
3598 3747 3732 3801 sua;

2158 3806 2330 3874 magni
2375 3816 2493 3860 sunt
2539 3817 2592 3863 et
2633 3809 2721 3879 qui
2760 3823 3037 3867 numerant
3074 3815 3283 3881 sidera,
3316 3827 3369 3873 et
3393 3822 3480 3891 qui
3508 3838 3733 3893 compu-
3798 3840 3809 3848 ’

2157 3902 2269 3949 taut
2308 3898 2485 3950 stellas
2522 3907 2576 3951 et
2614 3909 2884 3968 tempora,
2927 3913 2982 3956 et
3021 3904 3200 3959 dicunt
3245 3910 3363 3976 quis
3407 3913 3618 3980 quando
3650 3916 3734 3970 vel

2155 3994 2339 4055 peccet
2368 3988 2448 4042 vel
2475 3988 2608 4043 bene
2636 3990 2806 4053 vivat,
2836 4003 2888 4046 et
2917 3996 3131 4063 quando
3158 3997 3295 4051 Mars
3326 4000 3479 4054 faciat
3509 4002 3737 4060 homici-

2156 4076 2297 4139 dam,
2325 4070 2376 4132 e't
2406 4077 2582 4133 Venus
2604 4081 2895 4137 adulteram
2928 4102 2940 4138 :
2974 4089 3147 4156 magni
3173 4130 3189 4154 ,
3211 4088 3352 4143 docti
3384 4091 3514 4158 viri,
3544 4103 3598 4148 et
3623 4096 3734 4151 ele-

2157 4172 2225 4224 cti
2258 4171 2501 4225 videntur
2527 4172 2578 4225 in
2617 4174 2715 4227 hoc
2754 4177 2968 4231 sazculo.
2995 4176 3106 4241 Sed
3128 4180 3252 4249 quid
3281 4181 3355 4235 ait
3392 4183 3444 4237 in
3490 4185 3740 4253 psalmo?

2160 4262 2243 4317 Ne
2285 4263 2502 4318 declines
2529 4280 2614 4317 cor
2657 4283 2821 4321 meum
2844 4270 2897 4323 in
2932 4270 3078 4324 verba
3105 4274 3239 4327 mala
3259 4316 3273 4338 ,
3304 4291 3417 4328 cum
3447 4278 3737 4335 hominibus

2158 4356 2478 4424 operantibus
2504 4358 2813 4428 iniquitatem
2831 4402 2844 4424 ,
2877 4372 2923 4414 et
2943 4379 3043 4415 non
3078 4367 3451 4421 communicabo
3479 4386 3594 4422 cum
3634 4372 3738 4425 ele-

2157 4449 2249 4502 ctis
2280 4465 2449 4502 eorum
2478 4448 2645 4516 (Psat.
2677 4466 2779 4505 cxr.
2802 4494 2816 4517 ,
2849 4454 2880 4507 4
2903 4451 2946 4525 ).
2980 4455 3164 4509 Dicant
3194 4457 3266 4509 illi
3298 4459 3498 4513 electos
3536 4470 3591 4515 et
3631 4462 3737 4516 do-

2158 4547 2271 4592 ctos
2299 4550 2662 4595 numeratores
2691 4541 2923 4597 siderum
2945 4585 2958 4608 ,
2997 4544 3177 4600 dicant
3213 4547 3286 4601 illi
3330 4550 3596 4617 sapientes
3634 4567 3733 4608 eos

2159 4632 2246 4701 qui
2284 4633 2430 4702 quasi
2473 4633 2713 4702 digerunt
2743 4635 2794 4690 in
2834 4636 3008 4706 digitis
3035 4637 3138 4693 fata
3179 4642 3200 4672 ’
3229 4640 3457 4698 humana
3482 4686 3497 4709 ,
3540 4653 3594 4700 et
3632 4646 3733 4702 de-

2160 4725 2393 4778 scribunt
2420 4724 2486 4779 de
2508 4727 2673 4781 stellis
2695 4743 2869 4782 mores
2899 4730 3176 4785 humanas.
3221 4732 3354 4787 Cum
3387 4734 3555 4791 libero
3590 4737 3740 4793 arbi-

2160 4818 2261 4869 trio
2288 4814 2371 4871 me
2395 4819 2593 4872 creavit
2622 4820 2761 4873 Deus
2793 4838 2804 4872 :
2834 4822 2877 4874 si
2923 4825 3175 4891 peccavi,
3219 4841 3317 4896 ego
3361 4828 3577 4897 peccavi
3620 4848 3633 4884 :
3675 4844 3738 4888 ut

2160 4924 2263 4961 non
2292 4908 2461 4962 solum
2508 4912 2840 4978 pronuntiem
2874 4912 3202 4982 iniquitatem
3250 4933 3421 4971 meam
3468 4920 3689 4975 Domino
3715 4964 3736 4991 ,

2159 4998 2250 5053 sed
2270 4998 2548 5054 adversum
2578 5016 2661 5053 me
2680 5043 2693 5061 ,
2724 5017 2826 5056 non
2857 5004 3111 5059 adversus
3140 5022 3281 5061 eum.
3315 5008 3424 5079 Ego
3453 5010 3589 5075 dixi,
3625 5011 3740 5066 Do-

2158 5091 2320 5152 mine,
2359 5092 2590 5146 miserere
2626 5093 2720 5145 mei
2751 5109 2767 5145 :
2795 5094 2985 5149 clamat
3012 5112 3154 5167 :cger
3179 5098 3243 5152 ad
3274 5100 3537 5155 medicum
3560 5144 3575 5167 ,
3623 5104 3740 5175 Ego

2158 5184 2283 5236 dixi.
2315 5184 2510 5250 Quare,
2540 5184 2649 5256 Ego
2671 5188 2817 5241 dixi?
2842 5188 3140 5255 Sufliceret,
3172 5192 3279 5246 dixi
3306 5208 3323 5246 :
3346 5193 3455 5264 Ego
3478 5211 3599 5249 cum
3623 5213 3743 5251 em-

2156 5274 2303 5359 phasi
2330 5275 2528 5329 dictum
2555 5285 2636 5330 est
2660 5292 2673 5339 ;
2706 5277 2842 5347 Ego,
2870 5294 2988 5349 ego,
3016 5296 3119 5335 non
3154 5281 3337 5351 fatum,
3363 5300 3469 5339 non
3495 5285 3739 5356 fortuna,

2156 5382 2260 5418 non
2293 5366 2564 5430 diabolus;
2602 5368 2721 5435 quia
2752 5376 2847 5424 nec
2876 5370 2988 5439 ipse
3013 5373 3224 5443 coegit,
3256 5377 3350 5430 sed
3384 5392 3483 5447 ego
3510 5394 3742 5447 persua-

2154 5458 2297 5513 denti
2324 5460 2567 5514 consensi
2597 5477 2609 5512 :
2644 5460 2750 5532 Ego
2780 5462 2906 5524 dixi,
2942 5465 3170 5543 Domine.
3201 5469 3435 5525 miserere
3467 5471 3584 5538 mei,
3609 5490 3742 5528 sana

2153 5552 2373 5604 animum
2400 5567 2577 5615 meum,
2609 5554 2844 5621 quoniam
2871 5557 3069 5626 peccavi
3101 5559 3187 5611 tibi
3218 5556 3388 5630 (Fsat'.
3423 5577 3512 5628 xc,
3543 5562 3620 5633 5).
3648 5565 3743 5620 Sic

2221 5705 2244 5778 ξ
2258 5712 2394 5778 Forte
2558 5706 2648 5778 Sed
2668 5721 2759 5778 non
2775 5710 3023 5772 suﬁ'ecerat
3044 5714 3171 5778 quod
3186 5715 3328 5767 dixit.

2225 5768 2439 5830 ’Aiiquot
2463 5775 2586 5828 Mss,
2604 5768 2750 5831 lucta.
