1994 3094
168 153 221 181 269

172 216 199 238 et
212 211 253 237 ltic
262 210 366 243 statuit,
382 218 405 239 cl
422 214 568 246 proposuit.
586 212 664 240 Dixi:
681 213 851 241 I’ronuutiubo
865 214 952 240 aduer-

172 265 225 283 tam
240 263 278 282 me
291 257 442 290 iniquitatem
463 266 541 283 meum
556 258 662 285 Domino
671 279 678 289 ,
697 263 720 285 et
734 264 761 285 tu
774 259 889 286 remisisti
902 259 951 285 im—

173 302 286 334 μὶιἯιιριιι
298 302 380 327 cordis
393 303 448 328 mei.

208 347 247 373 li.
266 346 339 382 [ιιιινις.
355 347 392 382 6,]
410 347 459 373 Pro
481 349 618 386 lmcprubit
641 350 673 375 ml
695 356 717 375 te
731 350 811 376 omnis
831 356 948 381 annuus,

170 395 192 419 in
212 399 320 426 tentpore
341 399 489 428 opportuno.
511 395 567 426 Quo
588 395 725 427 tempore?
748 394 800 421 Pro
819 396 874 421 ltuc.
901 396 950 422 l'ro

168 447 217 471 qua
231 438 295 464 hac?
311 443 359 464 l't'o
373 440 514 472 impietate.
529 440 578 466 Pro
591 440 658 474 qua?
672 441 720 466 Pro
735 440 790 474 ipsa
804 441 878 467 venia
890 449 950 474 pec-

167 489 295 510 ca!ornm.
314 483 363 509 I’ro
375 484 421 509 lmc
437 485 514 510 orabit
529 484 562 510 ad
579 489 601 511 te
613 485 693 510 omnis
706 490 821 518 sanctus,
841 486 866 512 in
885 490 948 512 tem-

166 537 225 562 pore
235 534 383 563 opportuno.
397 529 459 555 ludo
473 529 557 556 orabit
572 530 604 556 ad
617 535 641 556 te
655 531 740 557 omnis
754 536 875 564 sanctus,
887 531 946 565 quia

165 574 286 601 dimisisti
304 569 417 609 peccata.
432 575 494 601 Nam
508 576 529 601 si
545 584 594 601 non
608 575 754 603 dimittercs
767 581 882 609 peccata,
895 584 947 604 non

164 627 234 647 esset
254 627 359 648 sanctus
379 622 421 656 qui
440 622 471 648 ad
495 627 519 648 te
537 628 620 648 oraret
632 643 638 653 ,
664 622 714 648 l’ro
728 623 775 649 ltac
788 622 866 649 orabit
880 623 913 649 ad
925 628 948 649 te

164 667 243 692 omnis
255 672 356 693 sanctus
367 687 374 697 ,
389 667 413 692 in
426 672 535 700 tempore
551 672 689 701 opportuno
703 675 710 693 :
723 667 827 702 quando
839 668 948 695 manife—

164 712 275 738 stabitur
288 711 389 738 Novum
410 713 625 745 Testamentum,
639 712 743 747 quando
765 712 945 740 manifestabi-

165 762 205 783 Iur
215 758 298 792 gratia
312 757 418 789 Christi,
430 757 498 792 quod
514 763 554 784 est
567 763 668 792 tempus
683 763 867 792 opportunum.
882 757 943 785 Cum

164 810 246 829 (talem
272 804 336 829 t-enit
363 803 490 837 plenitudo
515 804 649 837 temporis,
674 803 738 829 misit
758 802 828 830 Deus
852 801 945 829 Filium

163 858 233 874 suum
245 869 251 879 ,
268 850 363 884 furtum
375 857 404 875 ac
417 849 533 880 muliere,
547 849 570 875 id
584 854 623 875 est
634 857 664 875 ex
679 848 772 875 femina
784 857 790 879 ;
807 849 945 875 indiscrete

163 896 229 922 enim
252 895 382 922 vocabant
398 895 447 921 hoc
460 895 582 929 Antiqui,
598 896 691 929 factum
703 894 747 922 sub
765 893 831 930 Lege
842 915 849 926 ,
866 900 892 921 ut
904 903 945 921 eos

161 943 202 976 qui
216 943 261 970 sub
276 943 342 977 Lege
352 947 431 974 erant,
447 942 575 968 redimeret
590 941 657 973 (Gal.
675 949 709 973 tv,
721 941 748 975 4,
763 940 790 976 5)
814 940 889 968 Unde
901 949 942 968 re-

162 990 290 1017 dimeret?
306 991 326 1016 A
341 989 455 1022 diabolo,
469 997 482 1015 a
498 989 657 1023 perditione,
672 998 685 1016 a
700 990 813 1024 peccatis
826 990 895 1021 suis,
911 991 943 1016 ab

161 1044 192 1061 co
206 1036 246 1062 cui
261 1044 292 1062 se
304 1036 487 1062 vendiderant.
500 1035 533 1063 Ut
545 1044 585 1062 eos
604 1036 645 1069 qui
659 1036 703 1062 sub
716 1035 781 1070 Lege
792 1041 861 1063 erant
875 1036 942 1062 redi-

161 1087 244 1108 meret.
261 1082 317 1108 Sub
327 1082 395 1116 Lege
408 1082 477 1108 enim
492 1086 567 1109 erant
579 1103 585 1114 ,
600 1082 659 1116 quia
673 1081 809 1115 premebat
820 1089 865 1109 eos
877 1081 940 1108 ch.

160 1126 280 1154 Conditio
299 1134 343 1154 eos
360 1127 511 1161 premebat,
535 1127 714 1154 convincendo
727 1127 760 1154 de
776 1132 865 1159 reatu,
890 1136 940 1154 non

160 1173 294 1200 salvando.
309 1173 341 1200 Et
353 1173 458 1207 quidem
481 1173 547 1199 mala
572 1172 728 1207 prohibebat.
741 1182 748 1200 :
763 1173 808 1200 sed
828 1173 887 1208 quia
906 1173 941 1200 illi

160 1220 229 1246 vires
252 1227 304 1246 non
318 1219 448 1247 habebam
469 1227 516 1254 per
530 1220 630 1254 seipsos
641 1219 801 1253 justilicandi
823 1227 851 1246 se
862 1240 869 1252 ,
885 1220 941 1246 cla-

160 1266 283 1292 mandum
298 1270 354 1292 erat
367 1265 399 1292 ad
412 1264 483 1292 illtnn
495 1286 500 1296 ,
516 1265 647 1300 quomodo
660 1265 789 1292 clamabat
802 1265 845 1300 qui
858 1266 941 1300 capti-

160 1318 206 1337 vus
225 1311 369 1338 ducebatur
389 1310 438 1337 sub
460 1311 516 1344 lcgc
534 1311 632 1345 peccati
655 1319 661 1337 :
686 1311 763 1338 Miser
780 1319 825 1346 ego
848 1311 921 1338 homo
933 1332 940 1344 ,

159 1358 212 1391 quis
232 1366 270 1384 me
282 1357 392 1384 liberabit
405 1358 435 1383 de
456 1365 559 1391 corpore
578 1358 664 1383 mortis
682 1358 756 1392 hujus
778 1356 864 1393 (Rom.
887 1366 921 1385 ιιι
933 1379 939 1389 ,

158 1404 206 1435 ‘23,
220 1404 286 1438 24)?
304 1404 384 1431 Erant
404 1411 496 1430 omnes
517 1402 637 1430 homines
659 1403 708 1429 sttb
729 1403 815 1438 Lege,
840 1410 892 1430 non
914 1404 939 1431 in

158 1449 225 1483 Lege
241 1457 247 1474 :
260 1449 314 1482 jam
329 1449 371 1475 illa
382 1449 555 1482 deprimente,
572 1448 614 1474 illa
625 1448 657 1475 de
671 1452 743 1475 reatu
756 1448 937 1476 convincenle.

160 1494 352 1521 Detnonslrarit
364 1495 432 1520 cnim
451 1499 583 1527 peccatum
596 1494 647 1520 Lex
664 1503 670 1520 :
692 1494 733 1519 illa
748 1493 805 1520 ﬁxit
817 1494 919 1529 spinam
930 1515 938 1527 ,

159 1539 200 1566 illa
221 1538 283 1566 fecit
301 1547 346 1565 cor
361 1539 517 1573 compungi;
541 1539 595 1573 ipSa
616 1539 751 1565 adtnonuit
768 1544 796 1566 ut
814 1547 888 1567 reum
910 1547 940 1567 se

159 1585 267 1619 quisque
282 1590 461 1619 cognosceret.
476 1589 502 1611 et
515 1592 560 1618 pro
576 1586 650 1611 venia
665 1585 790 1613 clamaret
801 1585 833 1613 ad
845 1584 938 1613 Deum.

160 1630 210 1657 Pro
223 1631 269 1657 hac
282 1630 361 1657 orabit
373 1630 406 1656 ad
419 1635 441 1656 te
455 1631 534 1656 omnis
547 1635 646 1656 sanctus
657 1651 664 1661 ,
683 1630 709 1656 in
724 1634 834 1665 tempore
848 1639 940 1666 oppor-

158 1682 227 1703 tuno.
240 1677 309 1711 Ergo
321 1676 438 1703 dicebam
454 1675 487 1702 de
503 1682 620 1710 tempore
638 1681 786 1709 opportuno
800 1684 807 1702 :
823 1675 885 1703 Cum
900 1685 938 1713 υς-

158 1723 193 1748 nit
209 1722 338 1756 plenitudo
353 1721 485 1756 temporis,
499 1721 563 1748 misit
583 1721 650 1748 Deus
664 1720 688 1747 Ε
689 1722 759 1748 ilium
772 1730 855 1749 suum.
877 1722 938 1749 Item

158 1768 220 1794 dicit
234 1768 374 1802 Apostolus
388 1776 395 1794 :
411 1766 533 1801 Tempore
550 1767 694 1801 acceptubtli
714 1772 737 1793 et
757 1768 849 1802 placito
864 1776 940 1795 exuu-

158 1813 207 1839 diri
222 1819 254 1846 te,
268 1820 291 1839 ct
304 1813 328 1838 in
343 1813 381 1838 die
391 1813 478 1839 salutis
489 1813 572 1847 adjuvi
589 1817 620 1838 te.
634 1812 664 1838 Et
674 1812 733 1846 quia
745 1812 794 1839 hoc
809 1812 842 1839 de
855 1813 940 1840 omni-

159 1858 205 1884 bus
218 1857 375 1884 Christianis
391 1857 427 1892 (η)
444 1858 595 1891 pra-dictum
609 1862 666 1884 erat
680 1865 693 1883 τι
710 1857 839 1893 Propheta
850 1878 857 1889 ,
879 1858 942 1885 sub-

156 1903 219 1938 jecit
241 1904 382 1938 Apostolus
397 1912 403 1929 :
419 1902 484 1929 Ecce
506 1911 570 1928 nunc
589 1908 683 1937 tempus
704 1902 868 1937 urceptubile,
885 1911 940 1929 ecce

159 1958 222 1975 nunc
238 1950 292 1976 dies
311 1949 398 1975 salutis
413 1949 444 1983 (ll
458 1948 515 1975 Cor.
531 1957 555 1974 Vl
568 1969 573 1978 ,
588 1948 626 1982 9.).
645 1948 694 1974 Pro
710 1949 756 1975 hac
777 1949 856 1976 orabit
869 1949 903 1975 ad
917 1954 940 1976 te

159 1996 238 2022 omnis
253 2001 363 2025 sanctus,
379 1996 404 2020 in
418 2000 527 2029 tempore
540 2000 690 2028 opportuno.

195 2041 235 2068 18.
256 2040 429 2067 Verumtamen
443 2040 466 2065 in
487 2040 580 2065 diluvio
598 2048 718 2073 aquarum
738 2039 873 2066 multarunt
884 2061 891 2073 ,
906 2040 940 2066 ad

159 2094 213 2112 eum
232 2094 282 2112 nou
303 2085 547 2119 appropinquabant,
571 2084 610 2109 Ad
624 2092 679 2109 cum
699 2092 708 2110 :
729 2083 761 2110 ad
781 2084 878 2119 quem?
899 2084 939 2111 Ad

160 2131 251 2159 Deum.
266 2131 337 2158 Solet
351 2131 419 2157 enim
438 2138 576 2165 personam
593 2134 711 2156 mutare:
728 2129 860 2164 quomodo
881 2134 937 2161 est,

160 2177 259 2203 Domini
279 2182 313 2202 est
331 2177 413 2208 salus,
435 2182 455 2202 ct
479 2185 554 2211 super
573 2176 691 2210 populum
712 2181 781 2211 (unm
803 2176 939 2204 benedictio

158 2227 200 2247 tua
216 2222 299 2257 (Psol.
312 2229 349 2254 ut,
364 2221 402 2256 9).
419 2221 475 2248 Non
489 2221 570 2253 dixit,
585 2221 684 2247 Domini
699 2226 741 2248 est
755 2222 826 2248 salus
837 2243 843 2253 ,
854 2226 882 2248 et
895 2231 940 2248 su-

158 2276 204 2302 per
217 2268 340 2302 populum
353 2267 409 2302 ejus
422 2267 568 2293 bcucdictiu
582 2267 637 2300 ejus
653 2276 658 2291 :
675 2272 729 2298 aut,
744 2267 856 2294 Domine
872 2287 879 2298 ,
896 2272 937 2294 tua

157 2320 195 2339 est
209 2313 297 2344 salus,
318 2316 345 2339 ct
365 2320 444 2346 super
465 2313 587 2346 populum
610 2317 681 2338 ttttttn
702 2311 849 2338 benedictio
870 2317 912 2338 tua
930 2321 936 2338 :

158 2358 201 2384 sed
215 2366 275 2384 cum
299 2358 423 2392 inciperet
434 2378 440 2387 ,
458 2357 557 2383 Domini
571 2362 606 2383 est
625 2358 693 2383 solus
703 2377 710 2388 ,
727 2364 778 2383 non
792 2357 823 2384 ad
844 2357 917 2384 illum
930 2378 937 2390 ,

157 2404 202 2431 scd
213 2404 246 2431 de
263 2404 307 2430 illo
321 2404 422 2435 dicens;
435 2404 467 2429 ibi
484 2411 626 2429 conversus
641 2409 681 2429 cst
696 2402 728 2429 ad
743 2403 813 2429 illum
823 2424 830 2435 ,
845 2408 872 2430 et
884 2404 937 2435 ait,

160 2449 190 2475 Et
201 2457 276 2483 super
292 2449 409 2483 topnltun
427 2454 495 2474 lttltllt
509 2448 644 2475 benedictio
659 2453 710 2473 tua.
726 2447 769 2475 Sic
782 2453 808 2474 et
822 2448 864 2474 hic
877 2456 937 2474 cum

156 2496 230 2522 audis
252 2495 334 2529 primo
348 2495 380 2521 ad
395 2500 431 2527 lc,
447 2494 541 2521 deinde
562 2494 595 2520 (ιιι
617 2503 689 2526 eunt,
716 2501 748 2520 ne
769 2498 846 2528 putes
859 2493 937 2520 alium

156 2549 214 2568 esse
227 2550 232 2569 ;
253 2539 302 2565 Pro
323 2541 368 2566 Itac
385 2540 463 2565 orabit
477 2541 510 2565 ad
525 2545 547 2565 te
562 2539 640 2565 ontnis
655 2543 756 2565 sanctus
767 2560 773 2570 ,
789 2539 815 2565 in
828 2544 938 2572 tempore

155 2590 305 2619 opportuno.
323 2583 494 2610 Vcrumtmnrn
508 2585 533 2610 in
546 2584 637 2609 diluvio
650 2591 771 2618 aquarum
784 2584 919 2610 multarum
929 2605 937 2617 ,

154 2632 188 2657 ad
210 2639 264 2656 cum
287 2639 335 2656 non
361 2629 604 2664 appropinquubtmt.
629 2628 695 2662 Quid
716 2633 774 2659 est,
798 2629 824 2654 in
846 2628 938 2655 diluvio

154 2685 276 2711 «quorum
298 2676 457 2702 multorum?
477 2674 526 2706 Qui
547 2680 635 2701 natant
652 2675 675 2700 itt
697 2674 795 2700 diluvio
811 2682 936 2708 aquarum

156 2723 307 2754 multarunt,
323 2730 373 2747 non
390 2720 598 2755 appropinquant
608 2719 640 2745 ad
658 2721 748 2746 Dcuut.
764 2719 832 2753 Quid
846 2724 885 2746 est
898 2719 939 2746 di-

155 2767 255 2795 luvium
278 2776 403 2799 aquarum
427 2765 585 2792 multarum?
608 2764 784 2799 Multiplicilas
805 2765 936 2792 variarunt

159 2815 342 2841 dnctrittat'tlttt.
360 2812 501 2844 lntcuditc,
518 2810 619 2838 fratres.
635 2810 719 2836 Multa:
733 2817 806 2844 aqua:
819 2815 879 2837 sunt
891 2817 937 2837 va-

191 2871 226 2900 (η)
239 2874 316 2899 t‘rrtc,
329 2868 480 2900 tmuporibns.

712 153 955 182 ι.ΝΑιιιιΑἰ·ιυ“ιΝ
976 154 1133 183 l'SALalUM
1154 155 1248 183 XXXI.

1736 160 1789 189 270

1004 213 1049 239 ria:
1064 212 1199 240 doctrinm.
1215 214 1335 241 Doctrina
1356 216 1400 243 Dei
1417 223 1467 243 una
1481 220 1539 249 est,
1554 225 1610 248 non,
1620 224 1682 246 suttt
1696 222 1786 249 multae

1002 265 1077 292 aqua
1087 279 1094 289 ,
1118 259 1164 286 sed
1179 268 1228 286 una
1248 267 1327 295 aqua.
1343 262 1398 289 sive
1410 264 1566 290 sacramenti
1580 263 1716 299 baptismi.
1731 267 1787 295 sive

1002 302 1128 331 doctrina:
1150 305 1285 333 salutaris.
1310 306 1345 333 De
1367 307 1421 341 ipsa
1444 308 1562 335 doctrina
1585 317 1634 344 qtta
1648 311 1788 346 irrigamur

1003 354 1048 381 per
1063 347 1188 382 Spiritum
1210 355 1346 381 sanctum,
1369 351 1465 378 dicitur
1481 362 1487 379 :
1502 350 1562 380 Bibe
1581 362 1670 388 aquam
1690 356 1721 382 de
1739 357 1787 384 tuis

1002 394 1066 420 vasis
1076 414 1083 426 ,
1105 400 1127 421 et
1141 396 1172 421 de
1184 401 1315 429 puteorum
1328 402 1427 424 tuorum
1443 399 1552 433 fontibus
1567 399 1656 436 (Prov.
1676 410 1707 434 v,
1729 403 1784 437 15).

1000 438 1041 465 Ad
1056 440 1120 467 istos
1132 439 1216 468 l‘ontcs
1232 449 1284 468 non
1297 442 1425 469 accedunt
1439 444 1511 478 impii
1524 465 1531 477 ,
1546 445 1592 472 sed
1605 446 1743 474 credentes
1759 448 1784 473 in

1000 492 1060 511 eum
1070 486 1114 519 qui
1125 486 1252 520 justificat
1266 488 1374 521 itttpium
1386 488 1473 523 (Rom.
1486 497 1521 522 tv,
1534 490 1573 522 5),
1584 490 1636 524 jam
1648 492 1783 525 justificatl

999 529 1136 557 accedunt.
1153 531 1216 557 Alia-
1235 538 1310 565 aqum
1329 532 1435 564 multae,
1450 534 1537 561 multa:
1556 534 1681 563 doctrina:
1696 537 1782 571 inqui~

1000 579 1063 601 nant
1082 575 1183 602 animas
1206 576 1339 603 hominum
1353 598 1360 609 ,
1383 578 1452 613 quod
1475 580 1553 613 paulo
1572 586 1632 608 ante
1652 582 1782 609 dicebam.

999 620 1056 646 Alia
1072 621 1187 647 doctrina
1202 627 1259 653 est,
1280 621 1372 649 Fatum
1388 624 1451 650 mihi
1472 624 1542 651 fecit.
1565 626 1621 653 Alia
1643 627 1762 655 doctrina
1774 649 1781 660 ,

998 663 1080 693 Casus
1096 666 1158 692 mihi
1173 666 1251 698 fecit,
1266 668 1368 694 fortuna
1391 668 1460 696 fecit.
1483 669 1510 697 Si
1530 672 1634 699 casibus
1657 679 1784 708 teguntur

998 710 1136 744 homines,
1157 713 1226 740 nulla
1249 714 1412 747 providentia
1433 715 1529 749 aliquid
1551 717 1652 751 geritur
1667 727 1673 745 :
1687 724 1713 746 et
1726 719 1782 754 ipsa

998 756 1115 783 doctrina
1126 762 1174 784 est.
1191 758 1264 785 Alius
1277 759 1360 791 dixit,
1376 760 1421 787 Est
1432 768 1498 795 gens
1513 764 1643 789 contraria
1658 765 1782 791 tenebra-

997 809 1052 827 rum
1065 823 1070 833 ,
1087 810 1144 836 qua;
1164 803 1301 830 rebellavit
1313 805 1439 832 adversus
1459 807 1540 833 Deum
1553 828 1560 840 ,
1575 808 1630 842 ipsa
1644 809 1704 836 facit
1718 817 1782 845 pec-

996 854 1058 873 caro
1071 847 1200 877 homines.
1216 848 1242 875 ln
1259 849 1309 876 hoc
1323 850 1421 877 diluvio
1444 859 1569 886 aquarum
1591 855 1730 882 multarum
1747 857 1780 883 atl

998 892 1079 918 Dcutn
1100 901 1151 919 non
1166 895 1422 929 appropinquabuut.
1438 897 1501 931 Qua:
1514 904 1555 925 cst
1574 899 1617 926 illa
1630 908 1696 935 aqua
1709 923 1716 934 ,
1737 902 1780 929 illa

996 945 1055 964 vera
1068 946 1126 971 quin
1141 945 1228 966 manat
1240 940 1273 967 de
1288 941 1378 968 ittlimo
1394 941 1466 969 fonte
1482 951 1553 977 pura:
1565 936 1639 972 venia:
1651 948 1780 975 veritatis?

994 982 1058 1014 ρυιυ
1073 983 1114 1009 illa
1128 992 1194 1018 aqua
1207 991 1245 1012 cst
1257 1005 1264 1016 ,
1282 986 1392 1019 fratres,
1416 988 1463 1014 nisi
1483 996 1543 1023 quae
1561 989 1638 1017 docet
1660 992 1779 1019 conﬁteri

996 1028 1126 1055 Domino?
1138 1032 1201 1062 anc
1217 1037 1256 1057 est
1271 1031 1313 1057 illa
1331 1040 1396 1066 aqtta
1407 1054 1414 1064 ,
1431 1034 1479 1060 nisi
1500 1042 1558 1068 qua:
1572 1035 1664 1069 docet,
1679 1037 1778 1064 Bonum

994 1077 1028 1099 est
1039 1074 1151 1107 con/ilcri
1164 1075 1272 1102 Domino
1285 1076 1368 1112 (Psol.
1384 1086 1436 1109 xei,
1452 1078 1493 1114 “2)?
1508 1080 1571 1112 Qum
1581 1085 1622 1108 est
1635 1082 1675 1108 illa
1691 1090 1757 1117 aqua
1769 1102 1776 1116 ,

993 1119 1042 1145 nisi
1053 1127 1111 1154 qtae
1126 1120 1202 1147 docet
1217 1121 1283 1149 lianc
1295 1131 1397 1155 vocem,
1413 1124 1486 1158 Diri,
1505 1125 1676 1154 Pronuntiabo
1690 1129 1778 1156 adver-

992 1172 1047 1190 sum
1061 1174 1098 1191 me
1110 1166 1255 1200 injustitiant
1270 1177 1350 1195 meam
1363 1169 1470 1197 Domino
1486 1179 1496 1198 .'
1510 1176 1537 1198 et
1547 1193 1553 1204 ,
1570 1171 1625 1207 Ego
1640 1173 1693 1200 dixi
1703 1195 1710 1207 ,
1726 1174 1778 1201 Do‘

992 1211 1059 1237 mine
1068 1232 1075 1243 ,
1091 1212 1205 1238 miserere
1218 1214 1266 1239 mei
1275 1235 1282 1247 ,
1297 1223 1359 1241 sana
1373 1217 1483 1243 animum
1496 1226 1585 1250 nteant,
1597 1220 1714 1252 quoniam
1725 1228 1779 1255 pec:

991 1257 1045 1283 cavi
1070 1258 1134 1284 tibi?
1153 1259 1214 1286 lla-c
1234 1267 1300 1295 aqua
1321 1261 1493 1289 confessionis
1514 1270 1700 1298 peccatorum.
1721 1266 1778 1294 hinc

991 1310 1057 1337 aqua
1069 1303 1258 1332 lnnniliationis
1270 1306 1375 1340 cordis,
1392 1307 1447 1334 hinc
1459 1315 1524 1342 aqua
1541 1310 1601 1336 vita‘:
1617 1310 1625 1324 ¹
1636 1310 1775 1344 salutaris,

992 1347 1138 1382 abjicicutis
1152 1357 1190 1380 se,
1208 1350 1272 1376 nihil
1287 1351 1319 1377 de
1334 1359 1363 1378 se
1379 1353 1570 1385 prresuntcntis,
1586 1354 1652 1381 nihil
1668 1362 1721 1383 sua:
1733 1364 1777 1393 ρο·

993 1394 1081 1420 ιθηιὶλυ
1104 1396 1216 1428 supcrbc
1232 1396 1379 1423 tribuentis.
1395 1397 1455 1424 Ηωε
1469 1405 1536 1433 aqua
1549 1399 1577 1426 in
1591 1401 1668 1428 nullis
1681 1401 1776 1429 alieni‘

991 1447 1119 1474 genarum
1135 1441 1208 1468 libris
1220 1447 1279 1475 cst,
1297 1451 1346 1470 tton
1363 1444 1388 1470 in
1400 1444 1611 1482 epicureispnon
1627 1446 1652 1474 iu
1668 1448 1775 1479 stoicis.

992 1494 1044 1513 non
1057 1487 1081 1513 itt
1094 1488 1258 1521 manicharis,
1267 1497 1318 1516 non
1328 1490 1352 1516 in
1364 1490 1509 1524 platonicis.
1522 1491 1686 1529 Ubicumque
1697 1494 1774 1522 etiam

991 1532 1162 1560 inveniuntur
1183 1535 1280 1569 optima
1298 1542 1427 1570 praacepta
1443 1545 1545 1564 tuorum
1567 1543 1593 1565 et
1612 1539 1773 1575 disciplina,

991 1578 1126 1606 humilitas
1146 1583 1232 1606 tamen
1256 1581 1304 1607 ista
1320 1588 1372 1608 non
1395 1582 1536 1610 invenitur.
1559 1583 1607 1611 Via
1623 1585 1777 1613 humilitatis

992 1625 1069 1660 hujus
1082 1626 1187 1653 aliunde
1201 1628 1210 1642 ¹
1232 1632 1318 1654 manat
1334 1638 1339 1654 :
1356 1636 1369 1654 a
1389 1629 1497 1656 Christo
1516 1629 1596 1657 venit.
1613 1632 1674 1659 llaec
1689 1633 1728 1660 via
1742 1634 1777 1661 ab

991 1671 1037 1698 illo
1048 1677 1098 1704 cst,
1113 1672 1156 1706 qui
1172 1680 1230 1699 cum
1244 1674 1401 1705 cssetaltus,
1415 1674 1522 1703 humilis
1532 1676 1612 1703 venit.
1624 1676 1691 1711 Quid
1704 1679 1774 1705 cnim

990 1717 1061 1744 aliud
1071 1717 1161 1744 docuit
1175 1717 1338 1745 humiliaudo
1351 1727 1394 1752 se,
1408 1719 1491 1747 factus
1508 1720 1636 1749 obediens
1649 1730 1731 1758 usque
1742 1724 1774 1751 ad

991 1767 1102 1790 mortem
1112 1784 1118 1796 ,
1132 1768 1242 1790 mortem
1256 1769 1342 1791 autem
1361 1766 1447 1791 crucis
1459 1765 1586 1801 (Philipp.
1600 1775 1629 1798 ιι,
1646 1768 1694 1803 8)?
1707 1769 1774 1802 Quid

990 1810 1061 1837 aliud
1075 1809 1165 1836 docuit
1179 1810 1305 1837 solvendo
1317 1810 1385 1844 quod
1399 1818 1450 1837 non
1459 1810 1573 1839 debebat
1582 1833 1589 1844 ,
1601 1818 1630 1839 ut
1647 1821 1694 1840 nos
1707 1822 1721 1841 a
1734 1815 1776 1842 de-

990 1855 1046 1882 bito
1056 1855 1201 1883 liberaret?
1211 1856 1277 1888 Quid
1291 1856 1362 1883 aliud
1373 1856 1617 1891 docuitbaptizatus
1630 1860 1672 1893 qui
1687 1867 1776 1894 pecca-

992 1906 1045 1928 tum
1062 1908 1113 1928 non
1128 1900 1206 1933 fecit,
1227 1901 1366 1927 cruciﬁxus
1388 1902 1432 1935 qui
1453 1907 1555 1929 reatum
1576 1910 1627 1929 non
1643 1904 1776 1932 habebat?

990 1946 1058 1981 Quid
1075 1946 1145 1973 aliud
1165 1937 1270 1978 docuit,
1288 1947 1337 1974 nisi
1353 1946 1420 1974 hanc
1442 1947 1637 1975 humilitatem?
1651 1949 1707 1977 Non
1723 1951 1772 1977 itu-

992 1993 1085 2020 nterito
1104 1993 1139 2019 ait
1156 2000 1162 2018 :
1179 1992 1232 2027 Ego
1244 2001 1301 2019 sum
1321 1993 1359 2019 ria
1372 1998 1394 2019 et
1407 1994 1495 2019 veritas
1510 1999 1533 2020 et
1547 1995 1597 2021 vita
1618 1995 1704 2031 (Jortn.
1719 2005 1773 2030 xw,

990 2039 1028 2074 ti).
1051 2039 1079 2065 In
1103 2038 1152 2065 hac
1165 2046 1228 2073 ergo
1249 2038 1395 2065 humilitate
1416 2040 1604 2074 propinquatur
1624 2042 1655 2068 ad
1673 2043 1752 2069 Dcutn
1765 2063 1772 2074 .

990 2085 1049 2119 quia
1062 2092 1143 2119 prope
1157 2089 1197 2111 est
1209 2084 1335 2111 Dominus
1345 2085 1386 2112 his
1400 2085 1443 2120 qui
1457 2086 1621 2114 obtriverunt
1630 2095 1676 2115 cor
1688 2088 1772 2124 (Prol.

992 2138 1071 2156 χχχιιι
1085 2150 1091 2160 ,
1107 2128 1161 2165 i9).
1183 2129 1209 2155 ln
1224 2129 1323 2156 diluvio
1333 2134 1419 2157 autetu
1433 2138 1558 2165 aquarum
1573 2133 1712 2160 multarum
1726 2142 1774 2161 ex-

992 2175 1138 2202 tollentium
1152 2182 1180 2202 se
1192 2175 1318 2202 adversus
1335 2176 1415 2202 Deum
1428 2197 1434 2208 ,
1447 2181 1474 2203 et
1484 2177 1633 2204 docentium
1648 2180 1774 2213 superbas

992 2220 1148 2254 impietates,
1162 2220 1195 2247 ad
1209 2220 1288 2247 Deum
1301 2228 1350 2247 non
1364 2222 1619 2256 appropinquahunt.

1027 2266 1069 2292 19.
1083 2264 1157 2301 [rem
1169 2264 1207 2296 7.]
1222 2265 1259 2291 Tu
1276 2271 1361 2292 autent
1373 2266 1434 2300 quid
1448 2287 1454 2297 ,
1469 2267 1512 2300 qui
1527 2268 1605 2294 etiam
1614 2268 1773 2302 justilicaluq

991 2318 1028 2342 es,
1042 2312 1109 2338 inter
1122 2303 1221 2338 médias
1236 2311 1293 2337 illas
1305 2319 1385 2345 aquas
1398 2312 1443 2338 es?
1457 2312 1587 2346 Undique,
1602 2313 1695 2342 fratres
1711 2318 1772 2349 mei,

991 2357 1069 2383 etiam
1081 2364 1141 2383 cum
1154 2356 1311 2383 confitentur
1326 2361 1430 2389 peccata
1443 2377 1449 2387 ,
1465 2362 1631 2392 perstrepunt
1645 2360 1714 2388 circa
1727 2370 1776 2389 nos

991 2409 1065 2436 aqua:
1077 2401 1126 2428 illae
1140 2402 1240 2428 diluvii.
1256 2401 1312 2427 Non
1326 2409 1417 2427 smnus
1430 2402 1455 2428 in
1472 2402 1528 2436 ipso
1541 2403 1649 2435 diluvio.
1660 2406 1706 2433 sed
1721 2409 1775 2434 cir.

992 2447 1146 2473 cumdamur
1158 2446 1191 2472 ab
1204 2446 1260 2480 ipso
1270 2446 1377 2472 diluvio.
1394 2446 1519 2474 Premunt
1529 2456 1577 2475 nos
1586 2470 1593 2482 ,
1607 2449 1653 2477 sed
1666 2459 1716 2478 tton
1727 2459 1776 2486 op-

992 2492 1126 2526 primunt.
1139 2496 1230 2525 urgent
1246 2498 1293 2517 nos
1304 2512 1311 2520 ,
1326 2491 1371 2518 sed
1383 2499 1434 2518 non
1445 2492 1608 2528 demergunt.
1625 2494 1692 2528 Quid
1711 2504 1775 2532 ergo

993 2543 1018 2564 tu
1031 2537 1110 2564 facies
1122 2557 1129 2567 ,
1141 2536 1201 2570 quia
1214 2537 1239 2563 in
1254 2537 1339 2563 medio
1353 2537 1450 2565 diluvio
1464 2546 1507 2571 es,
1523 2540 1661 2568 ambulans
1675 2542 1701 2569 in
1725 2543 1775 2570 ltuc

992 2583 1088 2609 smculu
1098 2582 1109 2608 ’ἒ
1120 2581 1187 2608 Num
1197 2582 1267 2608 enim
1283 2589 1334 2608 non
1348 2583 1424 2619 audit
1434 2584 1497 2611 tales
1511 2584 1643 2619 doctores,
1660 2595 1711 2614 non
1726 2596 1779 2615 au-

992 2628 1030 2654 dit
1044 2628 1107 2653 tales
1119 2627 1256 2661 Superbos,
1270 2632 1314 2653 aut
1330 2635 1381 2654 non
1395 2636 1427 2655 cx
1442 2630 1528 2657 verbis
1542 2638 1632 2658 eorum
1646 2633 1775 2667 quotidia~

993 2680 1040 2699 nas
1054 2673 1150 2706 patitur
1163 2671 1189 2698 in
1202 2672 1281 2698 corde
1291 2680 1339 2698 suo
1349 2675 1567 2707 persecutiones?
1578 2677 1645 2709 Quid
1656 2685 1719 2712 ergo
1730 2678 1771 2705 di-

992 2722 1034 2744 cat
1047 2718 1096 2744 iste
1112 2717 1165 2751 jam
1184 2717 1340 2751 justificatus
1356 2723 1383 2745 ct
1403 2727 1566 2754 praesumens
1584 2723 1617 2749 de
1637 2723 1708 2756 Deo,
1731 2724 1774 2758 qui

1024 2806 1032 2821 ¹
1047 2808 1072 2829 ιιι
1083 2805 1194 2830 omnibus
1202 2812 1276 2837 prope
1288 2810 1351 2837 uss,
1363 2807 1415 2833 vita.

991 2837 1083 2892 ωέηὲὶε
1100 2840 1152 2861 Mss.
1166 2837 1258 2861 AtFidd.
1278 2844 1333 2863 ctttu
1350 2843 1455 2870 negante
1474 2840 1603 2870 particula,
1615 2840 1712 2868 nlinude
1730 2849 1775 2868 non
