  <div class='ocr_page' id='page_1' title='image "/cluster/home/n/w/nwhite01/storage/ocr_20150623/36/hvd.32044096580584/143.png"; bbox 0 0 3972 6198; ppageno 0'>
   <div class='ocr_carea' id='block_1_1' title="bbox 388 330 2414 400">
    <p class='ocr_par' dir='ltr' id='par_1_1' title="bbox 388 330 2414 400">
     <span class='ocr_line' id='line_1_1' title="bbox 388 330 2414 400; baseline -0.005 0"><span class='ocrx_word' id='word_1_1' title='bbox 388 345 479 400; x_wconf 69' lang='lat' dir='ltr'><strong>27l</strong></span> <span class='ocrx_word' id='word_1_2' title='bbox 1614 331 1670 390; x_wconf 87' lang='lat' dir='ltr'><strong>S.</strong></span> <span class='ocrx_word' id='word_1_3' title='bbox 1712 330 2074 389; x_wconf 85' lang='lat' dir='ltr'><strong>AUGUSTINI</strong></span> <span class='ocrx_word' id='word_1_4' title='bbox 2113 331 2414 390; x_wconf 83' lang='lat' dir='ltr'><strong>EPISCOPI</strong></span> 
     </span>
    </p>
   </div>
   <div class='ocr_carea' id='block_1_2' title="bbox 386 445 1957 520">
    <p class='ocr_par' dir='ltr' id='par_1_2' title="bbox 386 445 1957 520">
     <span class='ocr_line' id='line_1_2' title="bbox 386 445 1957 520; baseline -0.008 -8"><span class='ocrx_word' id='word_1_5' title='bbox 386 446 744 512; x_wconf 74' lang='lat' dir='ltr'><strong>circumdatur</strong></span> <span class='ocrx_word' id='word_1_6' title='bbox 768 449 965 507; x_wconf 86' lang='lat' dir='ltr'><strong>diluvio</strong></span> <span class='ocrx_word' id='word_1_7' title='bbox 990 446 1129 504; x_wconf 81' lang='lat' dir='ltr'><strong>isto?</strong></span> <span class='ocrx_word' id='word_1_8' title='bbox 1156 445 1235 503; x_wconf 88' lang='lat' dir='ltr'><strong>Tu</strong></span> <span class='ocrx_word' id='word_1_9' title='bbox 1258 447 1381 502; x_wconf 83' lang='lat' dir='ltr'><strong>mihi</strong></span> <span class='ocrx_word' id='word_1_10' title='bbox 1418 464 1470 503; x_wconf 87' lang='lat' dir='ltr'><strong>es</strong></span> <span class='ocrx_word' id='word_1_11' title='bbox 1497 448 1745 520; x_wconf 77' lang='lat' dir='ltr'><strong>refugium</strong></span> <span class='ocrx_word' id='word_1_12' title='bbox 1770 463 1800 499; x_wconf 92' lang='lat' dir='ltr'><strong>a</strong></span> <span class='ocrx_word' id='word_1_13' title='bbox 1828 464 1957 516; x_wconf 88' lang='lat' dir='ltr'><strong>pres-</strong></span> 
     </span>
    </p>
   </div>
   <div class='ocr_carea' id='block_1_3' title="bbox 388 538 1961 617">
    <p class='ocr_par' dir='ltr' id='par_1_3' title="bbox 388 538 1961 617">
     <span class='ocr_line' id='line_1_3' title="bbox 388 538 1961 617; baseline -0.007 -15"><span class='ocrx_word' id='word_1_14' title='bbox 388 564 507 602; x_wconf 85' lang='lat' dir='ltr'><strong>sura</strong></span> <span class='ocrx_word' id='word_1_15' title='bbox 531 562 644 617; x_wconf 77' lang='lat' dir='ltr'><strong>qua:</strong></span> <span class='ocrx_word' id='word_1_16' title='bbox 669 539 991 597; x_wconf 81' lang='lat' dir='ltr'><strong>circumdedit</strong></span> <span class='ocrx_word' id='word_1_17' title='bbox 1032 556 1130 595; x_wconf 90' lang='lat' dir='ltr'><strong>me.</strong></span> <span class='ocrx_word' id='word_1_18' title='bbox 1155 538 1437 611; x_wconf 85' lang='lat' dir='ltr'><strong>Refugiant</strong></span> <span class='ocrx_word' id='word_1_19' title='bbox 1475 538 1587 603; x_wconf 91' lang='lat' dir='ltr'><strong>illi,</strong></span> <span class='ocrx_word' id='word_1_20' title='bbox 1617 539 1702 593; x_wconf 86' lang='lat' dir='ltr'><strong>vel</strong></span> <span class='ocrx_word' id='word_1_21' title='bbox 1738 538 1802 592; x_wconf 91' lang='lat' dir='ltr'><strong>ad</strong></span> <span class='ocrx_word' id='word_1_22' title='bbox 1831 538 1961 592; x_wconf 87' lang='lat' dir='ltr'><strong>dens</strong></span> 
     </span>
    </p>
   </div>
   <div class='ocr_carea' id='block_1_4' title="bbox 388 631 1959 705">
    <p class='ocr_par' dir='ltr' id='par_1_4' title="bbox 388 631 1959 705">
     <span class='ocr_line' id='line_1_4' title="bbox 388 631 1959 705; baseline -0.006 -11"><span class='ocrx_word' id='word_1_23' title='bbox 388 654 534 705; x_wconf 84' lang='lat' dir='ltr'><strong>suos,</strong></span> <span class='ocrx_word' id='word_1_24' title='bbox 566 638 644 694; x_wconf 90' lang='lat' dir='ltr'><strong>vel</strong></span> <span class='ocrx_word' id='word_1_25' title='bbox 668 637 733 693; x_wconf 86' lang='lat' dir='ltr'><strong>ad</strong></span> <span class='ocrx_word' id='word_1_26' title='bbox 754 635 1021 691; x_wconf 65' lang='lat' dir='ltr'><strong>dsemones</strong></span> <span class='ocrx_word' id='word_1_27' title='bbox 1046 649 1201 698; x_wconf 88' lang='lat' dir='ltr'><strong>suos,</strong></span> <span class='ocrx_word' id='word_1_28' title='bbox 1230 636 1313 689; x_wconf 90' lang='lat' dir='ltr'><strong>vel</strong></span> <span class='ocrx_word' id='word_1_29' title='bbox 1338 633 1405 689; x_wconf 91' lang='lat' dir='ltr'><strong>ad</strong></span> <span class='ocrx_word' id='word_1_30' title='bbox 1434 634 1573 689; x_wconf 80' lang='lat' dir='ltr'><strong>vires</strong></span> <span class='ocrx_word' id='word_1_31' title='bbox 1601 648 1723 687; x_wconf 89' lang='lat' dir='ltr'><strong>suas</strong></span> <span class='ocrx_word' id='word_1_32' title='bbox 1747 676 1761 697; x_wconf 94' lang='lat'><strong>,</strong></span> <span class='ocrx_word' id='word_1_33' title='bbox 1790 634 1871 686; x_wconf 97' lang='lat' dir='ltr'><strong>vel</strong></span> <span class='ocrx_word' id='word_1_34' title='bbox 1893 631 1959 685; x_wconf 89' lang='lat' dir='ltr'><strong>ad</strong></span> 
     </span>
    </p>
   </div>
   <div class='ocr_carea' id='block_1_5' title="bbox 390 722 1961 798">
    <p class='ocr_par' dir='ltr' id='par_1_5' title="bbox 390 722 1961 798">
     <span class='ocr_line' id='line_1_5' title="bbox 390 722 1961 798; baseline -0.007 -10"><span class='ocrx_word' id='word_1_35' title='bbox 390 732 744 789; x_wconf 88' lang='lat' dir='ltr'><strong>defensionem</strong></span> <span class='ocrx_word' id='word_1_36' title='bbox 773 736 1107 798; x_wconf 76' lang='lat' dir='ltr'><strong>peccatorum</strong></span> <span class='ocrx_word' id='word_1_37' title='bbox 1147 742 1363 781; x_wconf 88' lang='lat' dir='ltr'><strong>suorum</strong></span> <span class='ocrx_word' id='word_1_38' title='bbox 1397 725 1563 780; x_wconf 88' lang='lat' dir='ltr'><strong>:mihi</strong></span> <span class='ocrx_word' id='word_1_39' title='bbox 1604 726 1655 779; x_wconf 91' lang='lat' dir='ltr'><strong>in</strong></span> <span class='ocrx_word' id='word_1_40' title='bbox 1701 726 1799 779; x_wconf 87' lang='lat' dir='ltr'><strong>isto</strong></span> <span class='ocrx_word' id='word_1_41' title='bbox 1826 722 1961 778; x_wconf 56' lang='lat' dir='ltr'><strong>dilu-</strong></span> 
     </span>
    </p>
   </div>
   <div class='ocr_carea' id='block_1_6' title="bbox 389 818 1962 890">
    <p class='ocr_par' dir='ltr' id='par_1_6' title="bbox 389 818 1962 890">
     <span class='ocr_line' id='line_1_6' title="bbox 389 818 1962 890; baseline -0.005 -13"><span class='ocrx_word' id='word_1_42' title='bbox 389 826 474 879; x_wconf 85' lang='lat' dir='ltr'><strong>vin</strong></span> <span class='ocrx_word' id='word_1_43' title='bbox 494 838 598 879; x_wconf 86' lang='lat' dir='ltr'><strong>non</strong></span> <span class='ocrx_word' id='word_1_44' title='bbox 622 830 705 877; x_wconf 88' lang='lat' dir='ltr'><strong>est</strong></span> <span class='ocrx_word' id='word_1_45' title='bbox 726 819 988 890; x_wconf 75' lang='lat' dir='ltr'><strong>refugium</strong></span> <span class='ocrx_word' id='word_1_46' title='bbox 1022 818 1121 873; x_wconf 91' lang='lat' dir='ltr'><strong>nisi</strong></span> <span class='ocrx_word' id='word_1_47' title='bbox 1147 826 1200 872; x_wconf 92' lang='lat' dir='ltr'><strong>tu</strong></span> <span class='ocrx_word' id='word_1_48' title='bbox 1219 860 1234 885; x_wconf 97' lang='lat'><strong>,</strong></span> <span class='ocrx_word' id='word_1_49' title='bbox 1265 833 1294 872; x_wconf 94' lang='lat' dir='ltr'><strong>a</strong></span> <span class='ocrx_word' id='word_1_50' title='bbox 1319 832 1565 887; x_wconf 82' lang='lat' dir='ltr'><strong>pressura</strong></span> <span class='ocrx_word' id='word_1_51' title='bbox 1593 834 1710 886; x_wconf 77' lang='lat' dir='ltr'><strong>qua:</strong></span> <span class='ocrx_word' id='word_1_52' title='bbox 1735 818 1962 871; x_wconf 84' lang='lat' dir='ltr'><strong>circum-</strong></span> 
     </span>
    </p>
   </div>
   <div class='ocr_carea' id='block_1_7' title="bbox 388 916 661 973">
    <p class='ocr_par' dir='ltr' id='par_1_7' title="bbox 388 916 661 973">
     <span class='ocr_line' id='line_1_7' title="bbox 388 916 661 973; baseline -0.022 0"><span class='ocrx_word' id='word_1_53' title='bbox 388 916 533 973; x_wconf 88' lang='lat' dir='ltr'><strong>dedit</strong></span> <span class='ocrx_word' id='word_1_54' title='bbox 556 929 661 969; x_wconf 89' lang='lat' dir='ltr'><strong>me.</strong></span> 
     </span>
    </p>
   </div>
   <div class='ocr_carea' id='block_1_8' title="bbox 456 1000 1956 1071">
    <p class='ocr_par' dir='ltr' id='par_1_8' title="bbox 456 1000 1956 1071">
     <span class='ocr_line' id='line_1_8' title="bbox 456 1000 1956 1071; baseline -0.007 -10"><span class='ocrx_word' id='word_1_55' title='bbox 456 1006 547 1062; x_wconf 72' lang='lat'><strong>20.</strong></span> <span class='ocrx_word' id='word_1_56' title='bbox 588 1002 873 1059; x_wconf 70' lang='lat' dir='ltr'><strong>Exsultatio</strong></span> <span class='ocrx_word' id='word_1_57' title='bbox 911 1018 1039 1068; x_wconf 86' lang='lat' dir='ltr'><strong>mea,</strong></span> <span class='ocrx_word' id='word_1_58' title='bbox 1084 1003 1272 1055; x_wconf 84' lang='lat' dir='ltr'><strong>redime</strong></span> <span class='ocrx_word' id='word_1_59' title='bbox 1305 1017 1402 1055; x_wconf 89' lang='lat' dir='ltr'><strong>me.</strong></span> <span class='ocrx_word' id='word_1_60' title='bbox 1449 1000 1504 1056; x_wconf 98' lang='lat' dir='ltr'><strong>Si</strong></span> <span class='ocrx_word' id='word_1_61' title='bbox 1548 1000 1655 1071; x_wconf 85' lang='lat' dir='ltr'><strong>jam</strong></span> <span class='ocrx_word' id='word_1_62' title='bbox 1699 1000 1956 1066; x_wconf 73' lang='lat' dir='ltr'><strong>exsultas,</strong></span> 
     </span>
    </p>
   </div>
   <div class='ocr_carea' id='block_1_9' title="bbox 387 1093 1960 1173">
    <p class='ocr_par' dir='ltr' id='par_1_9' title="bbox 387 1093 1960 1173">
     <span class='ocr_line' id='line_1_9' title="bbox 387 1093 1960 1173; baseline -0.006 -17"><span class='ocrx_word' id='word_1_63' title='bbox 387 1101 511 1173; x_wconf 86' lang='lat' dir='ltr'><strong>quid</strong></span> <span class='ocrx_word' id='word_1_64' title='bbox 539 1100 616 1155; x_wconf 88' lang='lat' dir='ltr'><strong>vis</strong></span> <span class='ocrx_word' id='word_1_65' title='bbox 659 1096 890 1154; x_wconf 87' lang='lat' dir='ltr'><strong>redimi?</strong></span> <span class='ocrx_word' id='word_1_66' title='bbox 937 1094 1223 1150; x_wconf 78' lang='lat' dir='ltr'><strong>Exsultatio</strong></span> <span class='ocrx_word' id='word_1_67' title='bbox 1256 1110 1385 1159; x_wconf 84' lang='lat' dir='ltr'><strong>mea,</strong></span> <span class='ocrx_word' id='word_1_68' title='bbox 1426 1093 1614 1147; x_wconf 78' lang='lat' dir='ltr'><strong>redime</strong></span> <span class='ocrx_word' id='word_1_69' title='bbox 1659 1110 1756 1146; x_wconf 84' lang='lat' dir='ltr'><strong>me.</strong></span> <span class='ocrx_word' id='word_1_70' title='bbox 1791 1093 1960 1146; x_wconf 88' lang='lat' dir='ltr'><strong>Audio</strong></span> 
     </span>
    </p>
   </div>
   <div class='ocr_carea' id='block_1_10' title="bbox 389 1183 1962 1260">
    <p class='ocr_par' dir='ltr' id='par_1_10' title="bbox 389 1183 1962 1260">
     <span class='ocr_line' id='line_1_10' title="bbox 389 1183 1962 1260; baseline -0.004 -16"><span class='ocrx_word' id='word_1_71' title='bbox 389 1188 780 1260; x_wconf 87' lang='lat' dir='ltr'><strong>vocemgaudii,</strong></span> <span class='ocrx_word' id='word_1_72' title='bbox 806 1186 1088 1242; x_wconf 73' lang='lat' dir='ltr'><strong>Exsultatio</strong></span> <span class='ocrx_word' id='word_1_73' title='bbox 1105 1202 1249 1241; x_wconf 89' lang='lat' dir='ltr'><strong>mea:</strong></span> <span class='ocrx_word' id='word_1_74' title='bbox 1275 1185 1431 1239; x_wconf 83' lang='lat' dir='ltr'><strong>audio</strong></span> <span class='ocrx_word' id='word_1_75' title='bbox 1454 1185 1728 1255; x_wconf 88' lang='lat' dir='ltr'><strong>gemitum,</strong></span> <span class='ocrx_word' id='word_1_76' title='bbox 1756 1183 1962 1238; x_wconf 84' lang='lat' dir='ltr'><strong>Redime</strong></span> 
     </span>
    </p>
   </div>
   <div class='ocr_carea' id='block_1_11' title="bbox 388 1277 1955 1352">
    <p class='ocr_par' dir='ltr' id='par_1_11' title="bbox 388 1277 1955 1352">
     <span class='ocr_line' id='line_1_11' title="bbox 388 1277 1955 1352; baseline -0.007 -11"><span class='ocrx_word' id='word_1_77' title='bbox 388 1301 485 1341; x_wconf 85' lang='lat' dir='ltr'><strong>me.</strong></span> <span class='ocrx_word' id='word_1_78' title='bbox 509 1282 740 1349; x_wconf 84' lang='lat' dir='ltr'><strong>Gaudes,</strong></span> <span class='ocrx_word' id='word_1_79' title='bbox 763 1292 816 1337; x_wconf 87' lang='lat' dir='ltr'><strong>et</strong></span> <span class='ocrx_word' id='word_1_80' title='bbox 838 1280 1024 1352; x_wconf 88' lang='lat' dir='ltr'><strong>gemis.</strong></span> <span class='ocrx_word' id='word_1_81' title='bbox 1052 1279 1147 1345; x_wconf 88' lang='lat' dir='ltr'><strong>Ita,</strong></span> <span class='ocrx_word' id='word_1_82' title='bbox 1176 1279 1361 1348; x_wconf 87' lang='lat' dir='ltr'><strong>inquit,</strong></span> <span class='ocrx_word' id='word_1_83' title='bbox 1385 1285 1439 1332; x_wconf 89' lang='lat' dir='ltr'><strong>et</strong></span> <span class='ocrx_word' id='word_1_84' title='bbox 1454 1277 1678 1348; x_wconf 85' lang='lat' dir='ltr'><strong>gaudeo,</strong></span> <span class='ocrx_word' id='word_1_85' title='bbox 1701 1286 1754 1331; x_wconf 87' lang='lat' dir='ltr'><strong>et</strong></span> <span class='ocrx_word' id='word_1_86' title='bbox 1773 1290 1955 1346; x_wconf 82' lang='lat' dir='ltr'><strong>gemo:</strong></span> 
     </span>
    </p>
   </div>
   <div class='ocr_carea' id='block_1_12' title="bbox 386 1367 1961 1450">
    <p class='ocr_par' dir='ltr' id='par_1_12' title="bbox 386 1367 1961 1450">
     <span class='ocr_line' id='line_1_12' title="bbox 386 1367 1961 1450; baseline -0.008 -17"><span class='ocrx_word' id='word_1_87' title='bbox 386 1377 592 1450; x_wconf 85' lang='lat' dir='ltr'><strong>gaudeo</strong></span> <span class='ocrx_word' id='word_1_88' title='bbox 620 1376 673 1430; x_wconf 88' lang='lat' dir='ltr'><strong>in</strong></span> <span class='ocrx_word' id='word_1_89' title='bbox 701 1390 816 1445; x_wconf 85' lang='lat' dir='ltr'><strong>spe,</strong></span> <span class='ocrx_word' id='word_1_90' title='bbox 843 1387 996 1444; x_wconf 88' lang='lat' dir='ltr'><strong>gemo</strong></span> <span class='ocrx_word' id='word_1_91' title='bbox 1022 1370 1287 1445; x_wconf 58' lang='lat' dir='ltr'><strong>adhuctin</strong></span> <span class='ocrx_word' id='word_1_92' title='bbox 1304 1386 1380 1424; x_wconf 88' lang='lat' dir='ltr'><strong>re.</strong></span> <span class='ocrx_word' id='word_1_93' title='bbox 1410 1367 1696 1423; x_wconf 76' lang='lat' dir='ltr'><strong>Exsultatio</strong></span> <span class='ocrx_word' id='word_1_94' title='bbox 1725 1384 1854 1434; x_wconf 88' lang='lat' dir='ltr'><strong>mea,</strong></span> <span class='ocrx_word' id='word_1_95' title='bbox 1882 1384 1961 1422; x_wconf 89' lang='lat' dir='ltr'><strong>re-</strong></span> 
     </span>
    </p>
   </div>
   <div class='ocr_carea' id='block_1_13' title="bbox 389 1460 1957 1538">
    <p class='ocr_par' dir='ltr' id='par_1_13' title="bbox 389 1460 1957 1538">
     <span class='ocr_line' id='line_1_13' title="bbox 389 1460 1957 1538; baseline -0.009 -13"><span class='ocrx_word' id='word_1_96' title='bbox 389 1472 520 1525; x_wconf 88' lang='lat' dir='ltr'><strong>dime</strong></span> <span class='ocrx_word' id='word_1_97' title='bbox 551 1484 649 1522; x_wconf 87' lang='lat' dir='ltr'><strong>me.</strong></span> <span class='ocrx_word' id='word_1_98' title='bbox 681 1466 787 1538; x_wconf 86' lang='lat' dir='ltr'><strong>Spe</strong></span> <span class='ocrx_word' id='word_1_99' title='bbox 812 1465 1082 1537; x_wconf 74' lang='lat' dir='ltr'><strong>gaudentes</strong></span> <span class='ocrx_word' id='word_1_100' title='bbox 1104 1504 1120 1529; x_wconf 93' lang='lat'><strong>,</strong></span> <span class='ocrx_word' id='word_1_101' title='bbox 1148 1462 1221 1516; x_wconf 89' lang='lat' dir='ltr'><strong>ait</strong></span> <span class='ocrx_word' id='word_1_102' title='bbox 1264 1460 1568 1530; x_wconf 76' lang='lat' dir='ltr'><strong>Apostolus.</strong></span> <span class='ocrx_word' id='word_1_103' title='bbox 1599 1460 1735 1529; x_wconf 82' lang='lat' dir='ltr'><strong>Ergo</strong></span> <span class='ocrx_word' id='word_1_104' title='bbox 1775 1468 1918 1514; x_wconf 87' lang='lat' dir='ltr'><strong>recte</strong></span> <span class='ocrx_word' id='word_1_105' title='bbox 1941 1499 1957 1524; x_wconf 97' lang='lat'><strong>,</strong></span> 
     </span>
    </p>
   </div>
   <div class='ocr_carea' id='block_1_14' title="bbox 390 1538 1958 1629">
    <p class='ocr_par' dir='ltr' id='par_1_14' title="bbox 390 1538 1958 1629">
     <span class='ocr_line' id='line_1_14' title="bbox 390 1538 1958 1629; baseline -0.012 -6"><span class='ocrx_word' id='word_1_106' title='bbox 390 1565 677 1622; x_wconf 73' lang='lat' dir='ltr'><strong>Exsultatio</strong></span> <span class='ocrx_word' id='word_1_107' title='bbox 703 1579 815 1616; x_wconf 89' lang='lat' dir='ltr'><strong>mea</strong></span> <span class='ocrx_word' id='word_1_108' title='bbox 836 1604 854 1629; x_wconf 93' lang='lat'><strong>,</strong></span> <span class='ocrx_word' id='word_1_109' title='bbox 880 1538 1069 1615; x_wconf 84' lang='lat' dir='ltr'><strong>redime</strong></span> <span class='ocrx_word' id='word_1_110' title='bbox 1109 1574 1205 1611; x_wconf 91' lang='lat' dir='ltr'><strong>me.</strong></span> <span class='ocrx_word' id='word_1_111' title='bbox 1231 1555 1382 1612; x_wconf 86' lang='lat' dir='ltr'><strong>Unde</strong></span> <span class='ocrx_word' id='word_1_112' title='bbox 1411 1553 1599 1609; x_wconf 80' lang='lat' dir='ltr'><strong>redime</strong></span> <span class='ocrx_word' id='word_1_113' title='bbox 1626 1554 1743 1607; x_wconf 87' lang='lat' dir='ltr'><strong>me?</strong></span> <span class='ocrx_word' id='word_1_114' title='bbox 1770 1552 1958 1623; x_wconf 71' lang='lat' dir='ltr'><strong>Sequi-</strong></span> 
     </span>
    </p>
   </div>
   <div class='ocr_carea' id='block_1_15' title="bbox 390 1642 1963 1723">
    <p class='ocr_par' dir='ltr' id='par_1_15' title="bbox 390 1642 1963 1723">
     <span class='ocr_line' id='line_1_15' title="bbox 390 1642 1963 1723; baseline -0.01 -12"><span class='ocrx_word' id='word_1_115' title='bbox 390 1668 508 1723; x_wconf 91' lang='lat' dir='ltr'><strong>tur,</strong></span> <span class='ocrx_word' id='word_1_116' title='bbox 539 1655 605 1710; x_wconf 82' lang='lat' dir='ltr'><strong>In</strong></span> <span class='ocrx_word' id='word_1_117' title='bbox 636 1652 951 1708; x_wconf 71' lang='lat' dir='ltr'><strong>tribulatione</strong></span> <span class='ocrx_word' id='word_1_118' title='bbox 975 1650 1214 1721; x_wconf 78' lang='lat' dir='ltr'><strong>patientes</strong></span> <span class='ocrx_word' id='word_1_119' title='bbox 1240 1646 1414 1720; x_wconf 82' lang='lat' dir='ltr'><strong>(Rom.</strong></span> <span class='ocrx_word' id='word_1_120' title='bbox 1447 1661 1552 1712; x_wconf 79' lang='lat' dir='ltr'><strong>xu,</strong></span> <span class='ocrx_word' id='word_1_121' title='bbox 1580 1644 1691 1714; x_wconf 73' lang='grc'><strong>12).</strong></span> <span class='ocrx_word' id='word_1_122' title='bbox 1725 1642 1963 1698; x_wconf 72' lang='lat' dir='ltr'><strong>Exsulta-</strong></span> 
     </span>
    </p>
   </div>
   <div class='ocr_carea' id='block_1_16' title="bbox 389 1735 1957 1814">
    <p class='ocr_par' dir='ltr' id='par_1_16' title="bbox 389 1735 1957 1814">
     <span class='ocr_line' id='line_1_16' title="bbox 389 1735 1957 1814; baseline -0.01 -12"><span class='ocrx_word' id='word_1_123' title='bbox 389 1751 456 1802; x_wconf 91' lang='lat' dir='ltr'><strong>tio</strong></span> <span class='ocrx_word' id='word_1_124' title='bbox 474 1764 606 1814; x_wconf 85' lang='lat' dir='ltr'><strong>mea,</strong></span> <span class='ocrx_word' id='word_1_125' title='bbox 630 1745 817 1800; x_wconf 86' lang='lat' dir='ltr'><strong>redime</strong></span> <span class='ocrx_word' id='word_1_126' title='bbox 836 1759 933 1797; x_wconf 80' lang='lat' dir='ltr'><strong>me.</strong></span> <span class='ocrx_word' id='word_1_127' title='bbox 959 1741 1074 1795; x_wconf 83' lang='lat' dir='ltr'><strong>Jam</strong></span> <span class='ocrx_word' id='word_1_128' title='bbox 1091 1739 1406 1808; x_wconf 80' lang='lat' dir='ltr'><strong>justiticatus</strong></span> <span class='ocrx_word' id='word_1_129' title='bbox 1430 1745 1544 1792; x_wconf 89' lang='lat' dir='ltr'><strong>erat</strong></span> <span class='ocrx_word' id='word_1_130' title='bbox 1567 1745 1620 1790; x_wconf 87' lang='lat' dir='ltr'><strong>et</strong></span> <span class='ocrx_word' id='word_1_131' title='bbox 1643 1735 1957 1805; x_wconf 81' lang='lat' dir='ltr'><strong>Apostolus:</strong></span> 
     </span>
    </p>
   </div>
   <div class='ocr_carea' id='block_1_17' title="bbox 385 1826 1959 1910">
    <p class='ocr_par' dir='ltr' id='par_1_17' title="bbox 385 1826 1959 1910">
     <span class='ocr_line' id='line_1_17' title="bbox 385 1826 1959 1910; baseline -0.011 -14"><span class='ocrx_word' id='word_1_132' title='bbox 385 1826 586 1910; x_wconf 77' lang='lat' dir='ltr'><strong>etquid</strong></span> <span class='ocrx_word' id='word_1_133' title='bbox 616 1837 725 1893; x_wconf 88' lang='lat' dir='ltr'><strong>ait?</strong></span> <span class='ocrx_word' id='word_1_134' title='bbox 756 1835 876 1890; x_wconf 87' lang='lat' dir='ltr'><strong>Non</strong></span> <span class='ocrx_word' id='word_1_135' title='bbox 906 1835 1087 1900; x_wconf 91' lang='lat' dir='ltr'><strong>solum,</strong></span> <span class='ocrx_word' id='word_1_136' title='bbox 1117 1832 1305 1902; x_wconf 87' lang='lat' dir='ltr'><strong>inquit,</strong></span> <span class='ocrx_word' id='word_1_137' title='bbox 1331 1828 1418 1884; x_wconf 88' lang='lat' dir='ltr'><strong>sed</strong></span> <span class='ocrx_word' id='word_1_138' title='bbox 1440 1829 1588 1882; x_wconf 88' lang='lat' dir='ltr'><strong>etiam</strong></span> <span class='ocrx_word' id='word_1_139' title='bbox 1613 1844 1702 1881; x_wconf 88' lang='lat' dir='ltr'><strong>nos</strong></span> <span class='ocrx_word' id='word_1_140' title='bbox 1729 1827 1827 1895; x_wconf 83' lang='lat' dir='ltr'><strong>ipsi</strong></span> <span class='ocrx_word' id='word_1_141' title='bbox 1851 1826 1959 1897; x_wconf 86' lang='lat' dir='ltr'><strong>pri-</strong></span> 
     </span>
    </p>
   </div>
   <div class='ocr_carea' id='block_1_18' title="bbox 388 1910 1962 1997">
    <p class='ocr_par' dir='ltr' id='par_1_18' title="bbox 388 1910 1962 1997">
     <span class='ocr_line' id='line_1_18' title="bbox 388 1910 1962 1997; baseline -0.01 -11"><span class='ocrx_word' id='word_1_142' title='bbox 388 1934 552 1987; x_wconf 87' lang='lat' dir='ltr'><strong>mitias</strong></span> <span class='ocrx_word' id='word_1_143' title='bbox 591 1910 824 1984; x_wconf 83' lang='lat' dir='ltr'><strong>habentes</strong></span> <span class='ocrx_word' id='word_1_144' title='bbox 853 1925 1075 1997; x_wconf 87' lang='lat' dir='ltr'><strong>Spiritus</strong></span> <span class='ocrx_word' id='word_1_145' title='bbox 1094 1965 1109 1987; x_wconf 95' lang='lat'><strong>,</strong></span> <span class='ocrx_word' id='word_1_146' title='bbox 1139 1932 1184 1978; x_wconf 87' lang='lat' dir='ltr'><strong>et</strong></span> <span class='ocrx_word' id='word_1_147' title='bbox 1211 1921 1309 1993; x_wconf 94' lang='lat' dir='ltr'><strong>ipsi</strong></span> <span class='ocrx_word' id='word_1_148' title='bbox 1335 1922 1389 1975; x_wconf 86' lang='lat' dir='ltr'><strong>in</strong></span> <span class='ocrx_word' id='word_1_149' title='bbox 1417 1918 1783 1987; x_wconf 76' lang='lat' dir='ltr'><strong>nobismetipsis</strong></span> <span class='ocrx_word' id='word_1_150' title='bbox 1824 1917 1962 1988; x_wconf 84' lang='lat' dir='ltr'><strong>inge-</strong></span> 
     </span>
    </p>
   </div>
   <div class='ocr_carea' id='block_1_19' title="bbox 387 2008 1963 2079">
    <p class='ocr_par' dir='ltr' id='par_1_19' title="bbox 387 2008 1963 2079">
     <span class='ocr_line' id='line_1_19' title="bbox 387 2008 1963 2079; baseline -0.008 -3"><span class='ocrx_word' id='word_1_151' title='bbox 387 2023 662 2078; x_wconf 85' lang='lat' dir='ltr'><strong>miscimus.</strong></span> <span class='ocrx_word' id='word_1_152' title='bbox 706 2018 858 2076; x_wconf 89' lang='lat' dir='ltr'><strong>Unde</strong></span> <span class='ocrx_word' id='word_1_153' title='bbox 885 2015 1072 2071; x_wconf 87' lang='lat' dir='ltr'><strong>redime</strong></span> <span class='ocrx_word' id='word_1_154' title='bbox 1097 2013 1216 2067; x_wconf 83' lang='lat' dir='ltr'><strong>me?</strong></span> <span class='ocrx_word' id='word_1_155' title='bbox 1240 2012 1370 2078; x_wconf 89' lang='lat' dir='ltr'><strong>Quia</strong></span> <span class='ocrx_word' id='word_1_156' title='bbox 1391 2011 1490 2079; x_wconf 86' lang='lat' dir='ltr'><strong>ipsi</strong></span> <span class='ocrx_word' id='word_1_157' title='bbox 1511 2012 1564 2064; x_wconf 88' lang='lat' dir='ltr'><strong>in</strong></span> <span class='ocrx_word' id='word_1_158' title='bbox 1599 2008 1963 2078; x_wconf 83' lang='lat' dir='ltr'><strong>nobismetipsis</strong></span> 
     </span>
    </p>
   </div>
   <div class='ocr_carea' id='block_1_20' title="bbox 385 2104 1963 2186">
    <p class='ocr_par' dir='ltr' id='par_1_20' title="bbox 385 2104 1963 2186">
     <span class='ocr_line' id='line_1_20' title="bbox 385 2104 1963 2186; baseline -0.007 -17"><span class='ocrx_word' id='word_1_159' title='bbox 385 2112 756 2186; x_wconf 74' lang='lat' dir='ltr'><strong>ingemiscimus</strong></span> <span class='ocrx_word' id='word_1_160' title='bbox 774 2154 789 2178; x_wconf 92' lang='lat'><strong>,</strong></span> <span class='ocrx_word' id='word_1_161' title='bbox 830 2109 1147 2180; x_wconf 87' lang='lat' dir='ltr'><strong>adoptionem</strong></span> <span class='ocrx_word' id='word_1_162' title='bbox 1170 2113 1508 2177; x_wconf 74' lang='lat' dir='ltr'><strong>exspectantes</strong></span> <span class='ocrx_word' id='word_1_163' title='bbox 1532 2146 1547 2168; x_wconf 90' lang='lat'><strong>,</strong></span> <span class='ocrx_word' id='word_1_164' title='bbox 1575 2104 1963 2175; x_wconf 83' lang='lat' dir='ltr'><strong>redemptionem</strong></span> 
     </span>
    </p>
   </div>
   <div class='ocr_carea' id='block_1_21' title="bbox 384 2196 1962 2276">
    <p class='ocr_par' dir='ltr' id='par_1_21' title="bbox 384 2196 1962 2276">
     <span class='ocr_line' id='line_1_21' title="bbox 384 2196 1962 2276; baseline -0.006 -15"><span class='ocrx_word' id='word_1_165' title='bbox 384 2206 612 2276; x_wconf 83' lang='lat' dir='ltr'><strong>corporis</strong></span> <span class='ocrx_word' id='word_1_166' title='bbox 636 2203 815 2258; x_wconf 89' lang='lat' dir='ltr'><strong>nostri.</strong></span> <span class='ocrx_word' id='word_1_167' title='bbox 834 2202 968 2257; x_wconf 86' lang='lat' dir='ltr'><strong>Ecce</strong></span> <span class='ocrx_word' id='word_1_168' title='bbox 991 2214 1118 2271; x_wconf 90' lang='lat' dir='ltr'><strong>ergo</strong></span> <span class='ocrx_word' id='word_1_169' title='bbox 1134 2198 1274 2254; x_wconf 89' lang='lat' dir='ltr'><strong>unde</strong></span> <span class='ocrx_word' id='word_1_170' title='bbox 1302 2197 1488 2252; x_wconf 87' lang='lat' dir='ltr'><strong>redime</strong></span> <span class='ocrx_word' id='word_1_171' title='bbox 1509 2212 1589 2251; x_wconf 89' lang='lat' dir='ltr'><strong>me</strong></span> <span class='ocrx_word' id='word_1_172' title='bbox 1603 2212 1623 2262; x_wconf 89' lang='lat'><strong><em>;</em></strong></span> <span class='ocrx_word' id='word_1_173' title='bbox 1644 2197 1765 2267; x_wconf 89' lang='lat' dir='ltr'><strong>quia</strong></span> <span class='ocrx_word' id='word_1_174' title='bbox 1790 2196 1962 2252; x_wconf 86' lang='lat' dir='ltr'><strong>adhuc</strong></span> 
     </span>
    </p>
   </div>
   <div class='ocr_carea' id='block_1_22' title="bbox 388 2287 1963 2366">
    <p class='ocr_par' dir='ltr' id='par_1_22' title="bbox 388 2287 1963 2366">
     <span class='ocr_line' id='line_1_22' title="bbox 388 2287 1963 2366; baseline -0.005 -15"><span class='ocrx_word' id='word_1_175' title='bbox 388 2305 756 2366; x_wconf 61' lang='lat' dir='ltr'><strong>exspectamus</strong></span> <span class='ocrx_word' id='word_1_176' title='bbox 794 2294 846 2346; x_wconf 90' lang='lat' dir='ltr'><strong>in</strong></span> <span class='ocrx_word' id='word_1_177' title='bbox 896 2290 1048 2346; x_wconf 89' lang='lat' dir='ltr'><strong>nobis</strong></span> <span class='ocrx_word' id='word_1_178' title='bbox 1095 2288 1497 2359; x_wconf 89' lang='lat' dir='ltr'><strong>ingemiscentes</strong></span> <span class='ocrx_word' id='word_1_179' title='bbox 1542 2287 1963 2358; x_wconf 86' lang='lat' dir='ltr'><strong>redemptionem</strong></span> 
     </span>
    </p>
   </div>
   <div class='ocr_carea' id='block_1_23' title="bbox 382 2378 1963 2461">
    <p class='ocr_par' dir='ltr' id='par_1_23' title="bbox 382 2378 1963 2461">
     <span class='ocr_line' id='line_1_23' title="bbox 382 2378 1963 2461; baseline -0.003 -24"><span class='ocrx_word' id='word_1_180' title='bbox 382 2388 628 2458; x_wconf 67' lang='lat' dir='ltr'><strong>corporis</strong></span> <span class='ocrx_word' id='word_1_181' title='bbox 657 2383 843 2461; x_wconf 76' lang='lat' dir='ltr'><strong>nostri.</strong></span> <span class='ocrx_word' id='word_1_182' title='bbox 876 2381 1026 2438; x_wconf 87' lang='lat' dir='ltr'><strong>Unde</strong></span> <span class='ocrx_word' id='word_1_183' title='bbox 1055 2396 1181 2450; x_wconf 84' lang='lat' dir='ltr'><strong>ergo</strong></span> <span class='ocrx_word' id='word_1_184' title='bbox 1217 2378 1482 2435; x_wconf 76' lang='lat' dir='ltr'><strong>exsultatio</strong></span> <span class='ocrx_word' id='word_1_185' title='bbox 1508 2381 1656 2434; x_wconf 86' lang='lat' dir='ltr'><strong>mea?</strong></span> <span class='ocrx_word' id='word_1_186' title='bbox 1684 2379 1756 2434; x_wconf 93' lang='lat' dir='ltr'><strong>lbi</strong></span> <span class='ocrx_word' id='word_1_187' title='bbox 1787 2380 1963 2449; x_wconf 89' lang='lat' dir='ltr'><strong>sequi-</strong></span> 
     </span>
    </p>
   </div>
   <div class='ocr_carea' id='block_1_24' title="bbox 390 2469 1965 2546">
    <p class='ocr_par' dir='ltr' id='par_1_24' title="bbox 390 2469 1965 2546">
     <span class='ocr_line' id='line_1_24' title="bbox 390 2469 1965 2546; baseline -0.006 -13"><span class='ocrx_word' id='word_1_188' title='bbox 390 2492 475 2539; x_wconf 80' lang='lat' dir='ltr'><strong>tur</strong></span> <span class='ocrx_word' id='word_1_189' title='bbox 521 2478 659 2533; x_wconf 88' lang='lat' dir='ltr'><strong>idem</strong></span> <span class='ocrx_word' id='word_1_190' title='bbox 693 2474 994 2546; x_wconf 82' lang='lat' dir='ltr'><strong>Apostolus,</strong></span> <span class='ocrx_word' id='word_1_191' title='bbox 1038 2481 1094 2527; x_wconf 89' lang='lat' dir='ltr'><strong>et</strong></span> <span class='ocrx_word' id='word_1_192' title='bbox 1135 2470 1295 2537; x_wconf 88' lang='lat' dir='ltr'><strong>dicit,</strong></span> <span class='ocrx_word' id='word_1_193' title='bbox 1345 2469 1452 2540; x_wconf 86' lang='lat' dir='ltr'><strong>Spe</strong></span> <span class='ocrx_word' id='word_1_194' title='bbox 1494 2470 1624 2523; x_wconf 87' lang='lat' dir='ltr'><strong>enim</strong></span> <span class='ocrx_word' id='word_1_195' title='bbox 1674 2469 1800 2523; x_wconf 88' lang='lat' dir='ltr'><strong>salvi</strong></span> <span class='ocrx_word' id='word_1_196' title='bbox 1843 2470 1965 2542; x_wconf 82' lang='lat' dir='ltr'><strong>facti</strong></span> 
     </span>
    </p>
   </div>
   <div class='ocr_carea' id='block_1_25' title="bbox 385 2562 1965 2641">
    <p class='ocr_par' dir='ltr' id='par_1_25' title="bbox 385 2562 1965 2641">
     <span class='ocr_line' id='line_1_25' title="bbox 385 2562 1965 2641; baseline -0.007 -12"><span class='ocrx_word' id='word_1_197' title='bbox 385 2590 558 2635; x_wconf 77' lang='lat' dir='ltr'><strong>simius</strong></span> <span class='ocrx_word' id='word_1_198' title='bbox 581 2586 600 2625; x_wconf 91' lang='lat'><strong><em>:</em></strong></span> <span class='ocrx_word' id='word_1_199' title='bbox 618 2585 731 2641; x_wconf 85' lang='lat' dir='ltr'><strong>spes</strong></span> <span class='ocrx_word' id='word_1_200' title='bbox 749 2578 914 2622; x_wconf 90' lang='lat' dir='ltr'><strong>autem</strong></span> <span class='ocrx_word' id='word_1_201' title='bbox 933 2580 1044 2633; x_wconf 79' lang='lat' dir='ltr'><strong>qua:</strong></span> <span class='ocrx_word' id='word_1_202' title='bbox 1066 2564 1277 2628; x_wconf 85' lang='lat' dir='ltr'><strong>videtur,</strong></span> <span class='ocrx_word' id='word_1_203' title='bbox 1303 2579 1401 2617; x_wconf 87' lang='lat' dir='ltr'><strong>non</strong></span> <span class='ocrx_word' id='word_1_204' title='bbox 1421 2572 1491 2617; x_wconf 90' lang='lat' dir='ltr'><strong>est</strong></span> <span class='ocrx_word' id='word_1_205' title='bbox 1515 2579 1645 2633; x_wconf 84' lang='lat' dir='ltr'><strong>spes.</strong></span> <span class='ocrx_word' id='word_1_206' title='bbox 1668 2563 1816 2631; x_wconf 82' lang='lat' dir='ltr'><strong>Quod</strong></span> <span class='ocrx_word' id='word_1_207' title='bbox 1834 2562 1965 2618; x_wconf 88' lang='lat' dir='ltr'><strong>enim</strong></span> 
     </span>
    </p>
   </div>
   <div class='ocr_carea' id='block_1_26' title="bbox 387 2655 1964 2735">
    <p class='ocr_par' dir='ltr' id='par_1_26' title="bbox 387 2655 1964 2735">
     <span class='ocr_line' id='line_1_26' title="bbox 387 2655 1964 2735; baseline -0.007 -14"><span class='ocrx_word' id='word_1_208' title='bbox 387 2667 516 2727; x_wconf 61' lang='lat' dir='ltr'><strong>uidet</strong></span> <span class='ocrx_word' id='word_1_209' title='bbox 538 2666 670 2735; x_wconf 84' lang='lat' dir='ltr'><strong>quis,</strong></span> <span class='ocrx_word' id='word_1_210' title='bbox 716 2661 838 2732; x_wconf 87' lang='lat' dir='ltr'><strong>quid</strong></span> <span class='ocrx_word' id='word_1_211' title='bbox 863 2658 1079 2729; x_wconf 75' lang='lat' dir='ltr'><strong>sperat?</strong></span> <span class='ocrx_word' id='word_1_212' title='bbox 1122 2655 1186 2713; x_wconf 87' lang='lat' dir='ltr'><strong>Si</strong></span> <span class='ocrx_word' id='word_1_213' title='bbox 1222 2665 1390 2710; x_wconf 88' lang='lat' dir='ltr'><strong>autem</strong></span> <span class='ocrx_word' id='word_1_214' title='bbox 1429 2655 1565 2727; x_wconf 88' lang='lat' dir='ltr'><strong>quod</strong></span> <span class='ocrx_word' id='word_1_215' title='bbox 1600 2671 1700 2710; x_wconf 88' lang='lat' dir='ltr'><strong>non</strong></span> <span class='ocrx_word' id='word_1_216' title='bbox 1744 2656 1964 2710; x_wconf 83' lang='lat' dir='ltr'><strong>videmus</strong></span> 
     </span>
    </p>
   </div>
   <div class='ocr_carea' id='block_1_27' title="bbox 386 2744 1961 2824">
    <p class='ocr_par' dir='ltr' id='par_1_27' title="bbox 386 2744 1961 2824">
     <span class='ocr_line' id='line_1_27' title="bbox 386 2744 1961 2824; baseline -0.007 -13"><span class='ocrx_word' id='word_1_217' title='bbox 386 2772 668 2823; x_wconf 74' lang='lat' dir='ltr'><strong>speramus,</strong></span> <span class='ocrx_word' id='word_1_218' title='bbox 690 2769 778 2824; x_wconf 87' lang='lat' dir='ltr'><strong>per</strong></span> <span class='ocrx_word' id='word_1_219' title='bbox 804 2750 1093 2821; x_wconf 88' lang='lat' dir='ltr'><strong>patientiam</strong></span> <span class='ocrx_word' id='word_1_220' title='bbox 1112 2755 1456 2819; x_wconf 72' lang='lat' dir='ltr'><strong>exspectamus</strong></span> <span class='ocrx_word' id='word_1_221' title='bbox 1478 2744 1587 2818; x_wconf 84' lang='lat' dir='ltr'><strong>(Id.</strong></span> <span class='ocrx_word' id='word_1_222' title='bbox 1616 2761 1724 2811; x_wconf 79' lang='lat' dir='ltr'><strong>vni,</strong></span> <span class='ocrx_word' id='word_1_223' title='bbox 1748 2744 1961 2817; x_wconf 71' lang='lat'><strong>23-25).</strong></span> 
     </span>
    </p>
   </div>
   <div class='ocr_carea' id='block_1_28' title="bbox 389 2824 1966 2917">
    <p class='ocr_par' dir='ltr' id='par_1_28' title="bbox 389 2824 1966 2917">
     <span class='ocr_line' id='line_1_28' title="bbox 389 2824 1966 2917; baseline -0.008 -13"><span class='ocrx_word' id='word_1_224' title='bbox 389 2848 444 2904; x_wconf 76' lang='lat' dir='ltr'><strong>Si</strong></span> <span class='ocrx_word' id='word_1_225' title='bbox 462 2824 675 2917; x_wconf 83' lang='lat' dir='ltr'><strong>speras,</strong></span> <span class='ocrx_word' id='word_1_226' title='bbox 700 2842 930 2914; x_wconf 78' lang='lat' dir='ltr'><strong>gaudes;</strong></span> <span class='ocrx_word' id='word_1_227' title='bbox 955 2839 999 2897; x_wconf 88' lang='lat' dir='ltr'><strong>si</strong></span> <span class='ocrx_word' id='word_1_228' title='bbox 1028 2854 1123 2909; x_wconf 90' lang='lat' dir='ltr'><strong>per</strong></span> <span class='ocrx_word' id='word_1_229' title='bbox 1148 2838 1448 2908; x_wconf 88' lang='lat' dir='ltr'><strong>patientiam</strong></span> <span class='ocrx_word' id='word_1_230' title='bbox 1470 2846 1766 2907; x_wconf 82' lang='lat' dir='ltr'><strong>exspectas,</strong></span> <span class='ocrx_word' id='word_1_231' title='bbox 1792 2835 1966 2891; x_wconf 87' lang='lat' dir='ltr'><strong>adhuc</strong></span> 
     </span>
    </p>
   </div>
   <div class='ocr_carea' id='block_1_29' title="bbox 388 2927 1963 3009">
    <p class='ocr_par' dir='ltr' id='par_1_29' title="bbox 388 2927 1963 3009">
     <span class='ocr_line' id='line_1_29' title="bbox 388 2927 1963 3009; baseline -0.007 -16"><span class='ocrx_word' id='word_1_232' title='bbox 388 2941 597 3009; x_wconf 81' lang='lat' dir='ltr'><strong>genus:</strong></span> <span class='ocrx_word' id='word_1_233' title='bbox 637 2951 744 2991; x_wconf 92' lang='lat' dir='ltr'><strong>non</strong></span> <span class='ocrx_word' id='word_1_234' title='bbox 776 2934 916 2989; x_wconf 88' lang='lat' dir='ltr'><strong>enim</strong></span> <span class='ocrx_word' id='word_1_235' title='bbox 958 2946 1094 3002; x_wconf 91' lang='lat' dir='ltr'><strong>opus</strong></span> <span class='ocrx_word' id='word_1_236' title='bbox 1118 2937 1201 2986; x_wconf 89' lang='lat' dir='ltr'><strong>est</strong></span> <span class='ocrx_word' id='word_1_237' title='bbox 1232 2928 1505 3000; x_wconf 86' lang='lat' dir='ltr'><strong>patientia,</strong></span> <span class='ocrx_word' id='word_1_238' title='bbox 1554 2927 1640 2984; x_wconf 91' lang='lat' dir='ltr'><strong>ubi</strong></span> <span class='ocrx_word' id='word_1_239' title='bbox 1672 2928 1801 2983; x_wconf 86' lang='lat' dir='ltr'><strong>nihil</strong></span> <span class='ocrx_word' id='word_1_240' title='bbox 1842 2929 1963 2983; x_wconf 91' lang='lat' dir='ltr'><strong>mali</strong></span> 
     </span>
    </p>
   </div>
   <div class='ocr_carea' id='block_1_30' title="bbox 392 3018 1966 3099">
    <p class='ocr_par' dir='ltr' id='par_1_30' title="bbox 392 3018 1966 3099">
     <span class='ocr_line' id='line_1_30' title="bbox 392 3018 1966 3099; baseline -0.006 -16"><span class='ocrx_word' id='word_1_241' title='bbox 392 3027 703 3099; x_wconf 80' lang='lat' dir='ltr'><strong>perpeteris.</strong></span> <span class='ocrx_word' id='word_1_242' title='bbox 735 3022 1035 3079; x_wconf 85' lang='lat' dir='ltr'><strong>Tolerantia</strong></span> <span class='ocrx_word' id='word_1_243' title='bbox 1063 3035 1182 3092; x_wconf 68' lang='lat' dir='ltr'><strong>qua:</strong></span> <span class='ocrx_word' id='word_1_244' title='bbox 1213 3019 1437 3086; x_wconf 89' lang='lat' dir='ltr'><strong>dicitur,</strong></span> <span class='ocrx_word' id='word_1_245' title='bbox 1463 3019 1712 3090; x_wconf 88' lang='lat' dir='ltr'><strong>patientia</strong></span> <span class='ocrx_word' id='word_1_246' title='bbox 1741 3035 1857 3089; x_wconf 76' lang='lat' dir='ltr'><strong>qua:</strong></span> <span class='ocrx_word' id='word_1_247' title='bbox 1883 3018 1966 3073; x_wconf 86' lang='lat' dir='ltr'><strong>di-</strong></span> 
     </span>
    </p>
   </div>
   <div class='ocr_carea' id='block_1_31' title="bbox 390 3108 1965 3185">
    <p class='ocr_par' dir='ltr' id='par_1_31' title="bbox 390 3108 1965 3185">
     <span class='ocr_line' id='line_1_31' title="bbox 390 3108 1965 3185; baseline -0.008 -9"><span class='ocrx_word' id='word_1_248' title='bbox 390 3121 548 3185; x_wconf 87' lang='lat' dir='ltr'><strong>citur,</strong></span> <span class='ocrx_word' id='word_1_249' title='bbox 574 3115 884 3173; x_wconf 86' lang='lat' dir='ltr'><strong>sustinentia</strong></span> <span class='ocrx_word' id='word_1_250' title='bbox 911 3128 1029 3183; x_wconf 79' lang='lat' dir='ltr'><strong>qua:</strong></span> <span class='ocrx_word' id='word_1_251' title='bbox 1053 3111 1264 3177; x_wconf 88' lang='lat' dir='ltr'><strong>dicitur,</strong></span> <span class='ocrx_word' id='word_1_252' title='bbox 1290 3108 1662 3180; x_wconf 81' lang='lat' dir='ltr'><strong>longanimitas</strong></span> <span class='ocrx_word' id='word_1_253' title='bbox 1690 3125 1807 3180; x_wconf 83' lang='lat' dir='ltr'><strong>quae</strong></span> <span class='ocrx_word' id='word_1_254' title='bbox 1829 3108 1965 3164; x_wconf 89' lang='lat' dir='ltr'><strong>dici-</strong></span> 
     </span>
    </p>
   </div>
   <div class='ocr_carea' id='block_1_32' title="bbox 370 3200 1966 3276">
    <p class='ocr_par' dir='ltr' id='par_1_32' title="bbox 370 3200 1966 3276">
     <span class='ocr_line' id='line_1_32' title="bbox 370 3200 1966 3276; baseline -0.004 -15"><span class='ocrx_word' id='word_1_255' title='bbox 370 3223 495 3276; x_wconf 82' lang='lat' dir='ltr'><strong>.tur,</strong></span> <span class='ocrx_word' id='word_1_256' title='bbox 524 3224 630 3265; x_wconf 91' lang='lat' dir='ltr'><strong>non</strong></span> <span class='ocrx_word' id='word_1_257' title='bbox 654 3216 735 3263; x_wconf 90' lang='lat' dir='ltr'><strong>est</strong></span> <span class='ocrx_word' id='word_1_258' title='bbox 757 3205 858 3261; x_wconf 90' lang='lat' dir='ltr'><strong>nisi</strong></span> <span class='ocrx_word' id='word_1_259' title='bbox 879 3206 933 3260; x_wconf 90' lang='lat' dir='ltr'><strong>in</strong></span> <span class='ocrx_word' id='word_1_260' title='bbox 953 3203 1126 3269; x_wconf 77' lang='lat' dir='ltr'><strong>malis.</strong></span> <span class='ocrx_word' id='word_1_261' title='bbox 1157 3201 1256 3258; x_wconf 87' lang='lat' dir='ltr'><strong>Ubi</strong></span> <span class='ocrx_word' id='word_1_262' title='bbox 1284 3200 1562 3272; x_wconf 90' lang='lat' dir='ltr'><strong>premeris,</strong></span> <span class='ocrx_word' id='word_1_263' title='bbox 1586 3201 1655 3256; x_wconf 90' lang='lat' dir='ltr'><strong>ibi</strong></span> <span class='ocrx_word' id='word_1_264' title='bbox 1686 3202 1702 3232; x_wconf 73' lang='grc' dir='ltr'>ί</span> <span class='ocrx_word' id='word_1_265' title='bbox 1727 3201 1966 3271; x_wconf 82' lang='lat' dir='ltr'><strong>angustia</strong></span> 
     </span>
    </p>
   </div>
   <div class='ocr_carea' id='block_1_33' title="bbox 391 3289 1966 3371">
    <p class='ocr_par' dir='ltr' id='par_1_33' title="bbox 391 3289 1966 3371">
     <span class='ocr_line' id='line_1_33' title="bbox 391 3289 1966 3371; baseline -0.01 -12"><span class='ocrx_word' id='word_1_266' title='bbox 391 3312 492 3359; x_wconf 84' lang='lat' dir='ltr'><strong>est.</strong></span> <span class='ocrx_word' id='word_1_267' title='bbox 522 3300 662 3371; x_wconf 78' lang='lat' dir='ltr'><strong>Ergo</strong></span> <span class='ocrx_word' id='word_1_268' title='bbox 690 3297 736 3354; x_wconf 88' lang='lat' dir='ltr'><strong>si</strong></span> <span class='ocrx_word' id='word_1_269' title='bbox 758 3312 857 3369; x_wconf 88' lang='lat' dir='ltr'><strong>per</strong></span> <span class='ocrx_word' id='word_1_270' title='bbox 882 3293 1187 3367; x_wconf 87' lang='lat' dir='ltr'><strong>patientiam</strong></span> <span class='ocrx_word' id='word_1_271' title='bbox 1214 3301 1603 3362; x_wconf 50' lang='lat' dir='ltr'><strong>expectamus,</strong></span> <span class='ocrx_word' id='word_1_272' title='bbox 1632 3289 1805 3345; x_wconf 90' lang='lat' dir='ltr'><strong>adhuc</strong></span> <span class='ocrx_word' id='word_1_273' title='bbox 1832 3291 1966 3345; x_wconf 89' lang='lat' dir='ltr'><strong>dici-</strong></span> 
     </span>
    </p>
   </div>
   <div class='ocr_carea' id='block_1_34' title="bbox 394 3381 1964 3458">
    <p class='ocr_par' dir='ltr' id='par_1_34' title="bbox 394 3381 1964 3458">
     <span class='ocr_line' id='line_1_34' title="bbox 394 3381 1964 3458; baseline -0.009 -8"><span class='ocrx_word' id='word_1_274' title='bbox 394 3408 532 3458; x_wconf 80' lang='lat' dir='ltr'><strong>mus,</strong></span> <span class='ocrx_word' id='word_1_275' title='bbox 560 3389 783 3447; x_wconf 77' lang='lat' dir='ltr'><strong>Redime</strong></span> <span class='ocrx_word' id='word_1_276' title='bbox 822 3402 912 3443; x_wconf 86' lang='lat' dir='ltr'><strong>me</strong></span> <span class='ocrx_word' id='word_1_277' title='bbox 952 3402 982 3440; x_wconf 89' lang='lat' dir='ltr'><strong>a</strong></span> <span class='ocrx_word' id='word_1_278' title='bbox 1021 3399 1269 3456; x_wconf 87' lang='lat' dir='ltr'><strong>pressura</strong></span> <span class='ocrx_word' id='word_1_279' title='bbox 1292 3397 1427 3455; x_wconf 62' lang='lat' dir='ltr'><strong>quas</strong></span> <span class='ocrx_word' id='word_1_280' title='bbox 1467 3381 1814 3438; x_wconf 87' lang='lat' dir='ltr'><strong>circumdedit</strong></span> <span class='ocrx_word' id='word_1_281' title='bbox 1838 3398 1964 3438; x_wconf 88' lang='lat' dir='ltr'><strong>me:</strong></span> 
     </span>
    </p>
   </div>
   <div class='ocr_carea' id='block_1_35' title="bbox 391 3476 1967 3558">
    <p class='ocr_par' dir='ltr' id='par_1_35' title="bbox 391 3476 1967 3558">
     <span class='ocr_line' id='line_1_35' title="bbox 391 3476 1967 3558; baseline -0.008 -15"><span class='ocrx_word' id='word_1_282' title='bbox 391 3487 512 3558; x_wconf 82' lang='lat' dir='ltr'><strong>quia</strong></span> <span class='ocrx_word' id='word_1_283' title='bbox 543 3499 671 3540; x_wconf 89' lang='lat' dir='ltr'><strong>vero</strong></span> <span class='ocrx_word' id='word_1_284' title='bbox 694 3498 789 3555; x_wconf 88' lang='lat' dir='ltr'><strong>spe</strong></span> <span class='ocrx_word' id='word_1_285' title='bbox 812 3481 939 3537; x_wconf 88' lang='lat' dir='ltr'><strong>salvi</strong></span> <span class='ocrx_word' id='word_1_286' title='bbox 966 3479 1087 3535; x_wconf 79' lang='lat' dir='ltr'><strong>lacti</strong></span> <span class='ocrx_word' id='word_1_287' title='bbox 1113 3492 1319 3543; x_wconf 87' lang='lat' dir='ltr'><strong>sumus,</strong></span> <span class='ocrx_word' id='word_1_288' title='bbox 1345 3477 1500 3532; x_wconf 91' lang='lat' dir='ltr'><strong>simul</strong></span> <span class='ocrx_word' id='word_1_289' title='bbox 1530 3486 1810 3549; x_wconf 89' lang='lat' dir='ltr'><strong>utrumque</strong></span> <span class='ocrx_word' id='word_1_290' title='bbox 1834 3476 1967 3533; x_wconf 79' lang='lat' dir='ltr'><strong>dici—</strong></span> 
     </span>
    </p>
   </div>
   <div class='ocr_carea' id='block_1_36' title="bbox 393 3569 1345 3643">
    <p class='ocr_par' dir='ltr' id='par_1_36' title="bbox 393 3569 1345 3643">
     <span class='ocr_line' id='line_1_36' title="bbox 393 3569 1345 3643; baseline -0.014 -8"><span class='ocrx_word' id='word_1_291' title='bbox 393 3594 530 3643; x_wconf 80' lang='lat' dir='ltr'><strong>ntus,</strong></span> <span class='ocrx_word' id='word_1_292' title='bbox 560 3573 848 3631; x_wconf 66' lang='lat' dir='ltr'><strong>Exsultatio</strong></span> <span class='ocrx_word' id='word_1_293' title='bbox 875 3587 1008 3637; x_wconf 85' lang='lat' dir='ltr'><strong>mea,</strong></span> <span class='ocrx_word' id='word_1_294' title='bbox 1036 3569 1224 3624; x_wconf 87' lang='lat' dir='ltr'><strong>redime</strong></span> <span class='ocrx_word' id='word_1_295' title='bbox 1248 3585 1345 3623; x_wconf 90' lang='lat' dir='ltr'><strong>me.</strong></span> 
     </span>
    </p>
   </div>
   <div class='ocr_carea' id='block_1_37' title="bbox 459 3658 1964 3739">
    <p class='ocr_par' dir='ltr' id='par_1_37' title="bbox 459 3658 1964 3739">
     <span class='ocr_line' id='line_1_37' title="bbox 459 3658 1964 3739; baseline -0.005 -18"><span class='ocrx_word' id='word_1_296' title='bbox 459 3670 549 3725; x_wconf 75' lang='lat' dir='ltr'><strong>2t.</strong></span> <span class='ocrx_word' id='word_1_297' title='bbox 591 3667 761 3739; x_wconf 88' lang='lat' dir='ltr'><strong>[vers.</strong></span> <span class='ocrx_word' id='word_1_298' title='bbox 794 3662 874 3739; x_wconf 90' lang='lat'><strong>8.]</strong></span> <span class='ocrx_word' id='word_1_299' title='bbox 911 3660 1321 3733; x_wconf 79' lang='lat' dir='ltr'><strong>Respondetur:</strong></span> <span class='ocrx_word' id='word_1_300' title='bbox 1351 3658 1669 3715; x_wconf 80' lang='lat' dir='ltr'><strong>Intellectum</strong></span> <span class='ocrx_word' id='word_1_301' title='bbox 1702 3658 1831 3721; x_wconf 83' lang='lat' dir='ltr'><strong>dabo</strong></span> <span class='ocrx_word' id='word_1_302' title='bbox 1856 3659 1964 3714; x_wconf 84' lang='lat' dir='ltr'><strong>tibi.</strong></span> 
     </span>
    </p>
   </div>
   <div class='ocr_carea' id='block_1_38' title="bbox 394 3749 1969 3830">
    <p class='ocr_par' dir='ltr' id='par_1_38' title="bbox 394 3749 1969 3830">
     <span class='ocr_line' id='line_1_38' title="bbox 394 3749 1969 3830; baseline -0.007 -14"><span class='ocrx_word' id='word_1_303' title='bbox 394 3763 509 3830; x_wconf 81' lang='lat' dir='ltr'><strong>ipse</strong></span> <span class='ocrx_word' id='word_1_304' title='bbox 535 3768 617 3816; x_wconf 73' lang='lat' dir='ltr'><strong>est</strong></span> <span class='ocrx_word' id='word_1_305' title='bbox 641 3757 876 3830; x_wconf 86' lang='lat' dir='ltr'><strong>psalmus</strong></span> <span class='ocrx_word' id='word_1_306' title='bbox 897 3752 1272 3824; x_wconf 78' lang='lat' dir='ltr'><strong>intelligentiae.</strong></span> <span class='ocrx_word' id='word_1_307' title='bbox 1299 3749 1613 3805; x_wconf 84' lang='lat' dir='ltr'><strong>Intellectum</strong></span> <span class='ocrx_word' id='word_1_308' title='bbox 1632 3749 1760 3804; x_wconf 86' lang='lat' dir='ltr'><strong>dabo</strong></span> <span class='ocrx_word' id='word_1_309' title='bbox 1790 3750 1894 3812; x_wconf 87' lang='lat' dir='ltr'><strong>tibi,</strong></span> <span class='ocrx_word' id='word_1_310' title='bbox 1921 3758 1969 3805; x_wconf 90' lang='lat' dir='ltr'><strong>et</strong></span> 
     </span>
    </p>
   </div>
   <div class='ocr_carea' id='block_1_39' title="bbox 391 3840 1968 3916">
    <p class='ocr_par' dir='ltr' id='par_1_39' title="bbox 391 3840 1968 3916">
     <span class='ocr_line' id='line_1_39' title="bbox 391 3840 1968 3916; baseline -0.008 -9"><span class='ocrx_word' id='word_1_311' title='bbox 391 3861 605 3908; x_wconf 85' lang='lat' dir='ltr'><strong>statuam</strong></span> <span class='ocrx_word' id='word_1_312' title='bbox 634 3860 680 3901; x_wconf 91' lang='lat' dir='ltr'><strong>te</strong></span> <span class='ocrx_word' id='word_1_313' title='bbox 707 3849 760 3902; x_wconf 89' lang='lat' dir='ltr'><strong>in</strong></span> <span class='ocrx_word' id='word_1_314' title='bbox 784 3847 865 3902; x_wconf 86' lang='lat' dir='ltr'><strong>via</strong></span> <span class='ocrx_word' id='word_1_315' title='bbox 892 3847 1008 3912; x_wconf 82' lang='lat' dir='ltr'><strong>hac,</strong></span> <span class='ocrx_word' id='word_1_316' title='bbox 1036 3862 1135 3914; x_wconf 84' lang='lat' dir='ltr'><strong>qua</strong></span> <span class='ocrx_word' id='word_1_317' title='bbox 1161 3842 1428 3916; x_wconf 87' lang='lat' dir='ltr'><strong>gradieris.</strong></span> <span class='ocrx_word' id='word_1_318' title='bbox 1456 3840 1592 3909; x_wconf 84' lang='lat' dir='ltr'><strong>Quid</strong></span> <span class='ocrx_word' id='word_1_319' title='bbox 1620 3850 1718 3903; x_wconf 87' lang='lat' dir='ltr'><strong>est,</strong></span> <span class='ocrx_word' id='word_1_320' title='bbox 1750 3850 1968 3895; x_wconf 83' lang='lat' dir='ltr'><strong>statuam</strong></span> 
     </span>
    </p>
   </div>
   <div class='ocr_carea' id='block_1_40' title="bbox 391 3932 1969 4033">
    <p class='ocr_par' dir='ltr' id='par_1_40' title="bbox 391 3932 1969 4033">
     <span class='ocr_line' id='line_1_40' title="bbox 391 3932 1969 4033; baseline -0.007 -35"><span class='ocrx_word' id='word_1_321' title='bbox 391 3957 441 3999; x_wconf 87' lang='lat' dir='ltr'><strong>te</strong></span> <span class='ocrx_word' id='word_1_322' title='bbox 463 3943 514 3997; x_wconf 87' lang='lat' dir='ltr'><strong>in</strong></span> <span class='ocrx_word' id='word_1_323' title='bbox 541 3943 621 3997; x_wconf 82' lang='lat' dir='ltr'><strong>via</strong></span> <span class='ocrx_word' id='word_1_324' title='bbox 648 3941 762 4003; x_wconf 82' lang='lat' dir='ltr'><strong>hac,</strong></span> <span class='ocrx_word' id='word_1_325' title='bbox 782 3955 881 4010; x_wconf 82' lang='lat' dir='ltr'><strong>qua</strong></span> <span class='ocrx_word' id='word_1_326' title='bbox 906 3936 1195 4009; x_wconf 79' lang='lat' dir='ltr'><strong>gradieris?</strong></span> <span class='ocrx_word' id='word_1_327' title='bbox 1222 3935 1334 3991; x_wconf 82' lang='lat' dir='ltr'><strong>Non</strong></span> <span class='ocrx_word' id='word_1_328' title='bbox 1361 3945 1418 3990; x_wconf 91' lang='lat' dir='ltr'><strong>ut</strong></span> <span class='ocrx_word' id='word_1_329' title='bbox 1444 3933 1647 3988; x_wconf 67' lang='lat' dir='ltr'><strong>hatreas</strong></span> <span class='ocrx_word' id='word_1_330' title='bbox 1676 3934 1766 4001; x_wconf 90' lang='lat' dir='ltr'><strong>ibi,</strong></span> <span class='ocrx_word' id='word_1_331' title='bbox 1792 3932 1884 4033; x_wconf 78' lang='lat' dir='ltr'><strong>sed</strong></span> <span class='ocrx_word' id='word_1_332' title='bbox 1913 3940 1969 3987; x_wconf 89' lang='lat' dir='ltr'><strong>nt</strong></span> 
     </span>
    </p>
   </div>
   <div class='ocr_carea' id='block_1_41' title="bbox 391 4025 1968 4094">
    <p class='ocr_par' dir='ltr' id='par_1_41' title="bbox 391 4025 1968 4094">
     <span class='ocr_line' id='line_1_41' title="bbox 391 4025 1968 4094; baseline -0.006 -7"><span class='ocrx_word' id='word_1_333' title='bbox 391 4034 461 4088; x_wconf 88' lang='lat' dir='ltr'><strong>ab</strong></span> <span class='ocrx_word' id='word_1_334' title='bbox 487 4050 547 4089; x_wconf 83' lang='lat' dir='ltr'><strong>ea</strong></span> <span class='ocrx_word' id='word_1_335' title='bbox 576 4044 681 4084; x_wconf 92' lang='lat' dir='ltr'><strong>non</strong></span> <span class='ocrx_word' id='word_1_336' title='bbox 708 4029 944 4082; x_wconf 86' lang='lat' dir='ltr'><strong>aberres.</strong></span> <span class='ocrx_word' id='word_1_337' title='bbox 974 4025 1119 4081; x_wconf 81' lang='lat' dir='ltr'><strong>Dabo</strong></span> <span class='ocrx_word' id='word_1_338' title='bbox 1144 4025 1489 4090; x_wconf 88' lang='lat' dir='ltr'><strong>intellectum,</strong></span> <span class='ocrx_word' id='word_1_339' title='bbox 1519 4032 1578 4078; x_wconf 93' lang='lat' dir='ltr'><strong>ut</strong></span> <span class='ocrx_word' id='word_1_340' title='bbox 1597 4025 1885 4094; x_wconf 77' lang='lat' dir='ltr'><strong>cognoscas</strong></span> <span class='ocrx_word' id='word_1_341' title='bbox 1916 4032 1968 4078; x_wconf 87' lang='lat' dir='ltr'><strong>te</strong></span> 
     </span>
    </p>
   </div>
   <div class='ocr_carea' id='block_1_42' title="bbox 398 4114 1968 4192">
    <p class='ocr_par' dir='ltr' id='par_1_42' title="bbox 398 4114 1968 4192">
     <span class='ocr_line' id='line_1_42' title="bbox 398 4114 1968 4192; baseline -0.008 -12"><span class='ocrx_word' id='word_1_342' title='bbox 398 4136 623 4192; x_wconf 79' lang='lat' dir='ltr'><strong>semper,</strong></span> <span class='ocrx_word' id='word_1_343' title='bbox 646 4129 697 4174; x_wconf 90' lang='lat' dir='ltr'><strong>et</strong></span> <span class='ocrx_word' id='word_1_344' title='bbox 715 4132 926 4187; x_wconf 83' lang='lat' dir='ltr'><strong>semper</strong></span> <span class='ocrx_word' id='word_1_345' title='bbox 948 4116 1177 4186; x_wconf 80' lang='lat' dir='ltr'><strong>gaudeas</strong></span> <span class='ocrx_word' id='word_1_346' title='bbox 1196 4115 1249 4170; x_wconf 90' lang='lat' dir='ltr'><strong>in</strong></span> <span class='ocrx_word' id='word_1_347' title='bbox 1273 4132 1368 4186; x_wconf 88' lang='lat' dir='ltr'><strong>spe</strong></span> <span class='ocrx_word' id='word_1_348' title='bbox 1392 4115 1456 4171; x_wconf 91' lang='lat' dir='ltr'><strong>ad</strong></span> <span class='ocrx_word' id='word_1_349' title='bbox 1480 4115 1682 4181; x_wconf 91' lang='lat' dir='ltr'><strong>Deum;</strong></span> <span class='ocrx_word' id='word_1_350' title='bbox 1712 4114 1882 4169; x_wconf 89' lang='lat' dir='ltr'><strong>donec</strong></span> <span class='ocrx_word' id='word_1_351' title='bbox 1901 4114 1968 4168; x_wconf 88' lang='lat' dir='ltr'><strong>ad</strong></span> 
     </span>
    </p>
   </div>
   <div class='ocr_carea' id='block_1_43' title="bbox 396 4205 1968 4281">
    <p class='ocr_par' dir='ltr' id='par_1_43' title="bbox 396 4205 1968 4281">
     <span class='ocr_line' id='line_1_43' title="bbox 396 4205 1968 4281; baseline -0.008 -10"><span class='ocrx_word' id='word_1_352' title='bbox 396 4216 536 4271; x_wconf 90' lang='lat' dir='ltr'><strong>illam</strong></span> <span class='ocrx_word' id='word_1_353' title='bbox 583 4210 804 4281; x_wconf 81' lang='lat' dir='ltr'><strong>patriam</strong></span> <span class='ocrx_word' id='word_1_354' title='bbox 853 4208 1147 4277; x_wconf 86' lang='lat' dir='ltr'><strong>pervenias,</strong></span> <span class='ocrx_word' id='word_1_355' title='bbox 1178 4207 1263 4261; x_wconf 83' lang='lat' dir='ltr'><strong>tibi</strong></span> <span class='ocrx_word' id='word_1_356' title='bbox 1281 4206 1391 4277; x_wconf 86' lang='lat' dir='ltr'><strong>jam</strong></span> <span class='ocrx_word' id='word_1_357' title='bbox 1420 4220 1523 4260; x_wconf 91' lang='lat' dir='ltr'><strong>non</strong></span> <span class='ocrx_word' id='word_1_358' title='bbox 1566 4220 1709 4276; x_wconf 84' lang='lat' dir='ltr'><strong>spes,</strong></span> <span class='ocrx_word' id='word_1_359' title='bbox 1753 4205 1843 4260; x_wconf 90' lang='lat' dir='ltr'><strong>sed</strong></span> <span class='ocrx_word' id='word_1_360' title='bbox 1882 4220 1968 4260; x_wconf 90' lang='lat' dir='ltr'><strong>res</strong></span> 
     </span>
    </p>
   </div>
   <div class='ocr_carea' id='block_1_44' title="bbox 394 4295 1967 4374">
    <p class='ocr_par' dir='ltr' id='par_1_44' title="bbox 394 4295 1967 4374">
     <span class='ocr_line' id='line_1_44' title="bbox 394 4295 1967 4374; baseline -0.008 -10"><span class='ocrx_word' id='word_1_361' title='bbox 394 4307 513 4364; x_wconf 78' lang='lat' dir='ltr'><strong>erit.</strong></span> <span class='ocrx_word' id='word_1_362' title='bbox 548 4300 836 4374; x_wconf 79' lang='lat' dir='ltr'><strong>Obﬁrmabo</strong></span> <span class='ocrx_word' id='word_1_363' title='bbox 863 4315 1013 4369; x_wconf 85' lang='lat' dir='ltr'><strong>super</strong></span> <span class='ocrx_word' id='word_1_364' title='bbox 1043 4309 1088 4351; x_wconf 90' lang='lat' dir='ltr'><strong>te</strong></span> <span class='ocrx_word' id='word_1_365' title='bbox 1114 4297 1286 4352; x_wconf 90' lang='lat' dir='ltr'><strong>oculos</strong></span> <span class='ocrx_word' id='word_1_366' title='bbox 1328 4314 1464 4353; x_wconf 90' lang='lat' dir='ltr'><strong>meos</strong></span> <span class='ocrx_word' id='word_1_367' title='bbox 1486 4314 1505 4351; x_wconf 89' lang='lat'><strong><em>:</em></strong></span> <span class='ocrx_word' id='word_1_368' title='bbox 1535 4313 1638 4351; x_wconf 90' lang='lat' dir='ltr'><strong>non</strong></span> <span class='ocrx_word' id='word_1_369' title='bbox 1666 4312 1695 4350; x_wconf 93' lang='lat' dir='ltr'><strong>a</strong></span> <span class='ocrx_word' id='word_1_370' title='bbox 1723 4310 1773 4351; x_wconf 90' lang='lat' dir='ltr'><strong>te</strong></span> <span class='ocrx_word' id='word_1_371' title='bbox 1817 4295 1967 4351; x_wconf 81' lang='lat' dir='ltr'><strong>aufe-</strong></span> 
     </span>
    </p>
   </div>
   <div class='ocr_carea' id='block_1_45' title="bbox 395 4387 1967 4461">
    <p class='ocr_par' dir='ltr' id='par_1_45' title="bbox 395 4387 1967 4461">
     <span class='ocr_line' id='line_1_45' title="bbox 395 4387 1967 4461; baseline -0.007 -6"><span class='ocrx_word' id='word_1_372' title='bbox 395 4416 505 4456; x_wconf 70' lang='lat' dir='ltr'><strong>ram</strong></span> <span class='ocrx_word' id='word_1_373' title='bbox 531 4397 713 4452; x_wconf 86' lang='lat' dir='ltr'><strong>oculos</strong></span> <span class='ocrx_word' id='word_1_374' title='bbox 743 4406 911 4458; x_wconf 89' lang='lat' dir='ltr'><strong>meos,</strong></span> <span class='ocrx_word' id='word_1_375' title='bbox 937 4390 1059 4461; x_wconf 90' lang='lat' dir='ltr'><strong>quia</strong></span> <span class='ocrx_word' id='word_1_376' title='bbox 1088 4398 1143 4444; x_wconf 91' lang='lat' dir='ltr'><strong>et</strong></span> <span class='ocrx_word' id='word_1_377' title='bbox 1167 4398 1221 4443; x_wconf 91' lang='lat' dir='ltr'><strong>tu</strong></span> <span class='ocrx_word' id='word_1_378' title='bbox 1255 4403 1358 4443; x_wconf 92' lang='lat' dir='ltr'><strong>non</strong></span> <span class='ocrx_word' id='word_1_379' title='bbox 1386 4387 1594 4444; x_wconf 82' lang='lat' dir='ltr'><strong>auferes</strong></span> <span class='ocrx_word' id='word_1_380' title='bbox 1618 4404 1648 4443; x_wconf 88' lang='lat' dir='ltr'><strong>a</strong></span> <span class='ocrx_word' id='word_1_381' title='bbox 1677 4403 1763 4443; x_wconf 90' lang='lat' dir='ltr'><strong>me</strong></span> <span class='ocrx_word' id='word_1_382' title='bbox 1787 4389 1967 4444; x_wconf 88' lang='lat' dir='ltr'><strong>oculos</strong></span> 
     </span>
    </p>
   </div>
   <div class='ocr_carea' id='block_1_46' title="bbox 395 4479 1968 4556">
    <p class='ocr_par' dir='ltr' id='par_1_46' title="bbox 395 4479 1968 4556">
     <span class='ocr_line' id='line_1_46' title="bbox 395 4479 1968 4556; baseline -0.007 -11"><span class='ocrx_word' id='word_1_383' title='bbox 395 4500 530 4545; x_wconf 82' lang='lat' dir='ltr'><strong>tuos.</strong></span> <span class='ocrx_word' id='word_1_384' title='bbox 558 4488 676 4543; x_wconf 85' lang='lat' dir='ltr'><strong>Jam</strong></span> <span class='ocrx_word' id='word_1_385' title='bbox 696 4483 1033 4556; x_wconf 83' lang='lat' dir='ltr'><strong>justillcatus,</strong></span> <span class='ocrx_word' id='word_1_386' title='bbox 1056 4480 1164 4552; x_wconf 88' lang='lat' dir='ltr'><strong>jam</strong></span> <span class='ocrx_word' id='word_1_387' title='bbox 1192 4489 1309 4549; x_wconf 89' lang='lat' dir='ltr'><strong>post</strong></span> <span class='ocrx_word' id='word_1_388' title='bbox 1329 4479 1697 4534; x_wconf 87' lang='lat' dir='ltr'><strong>remissionem</strong></span> <span class='ocrx_word' id='word_1_389' title='bbox 1722 4488 1968 4551; x_wconf 88' lang='lat' dir='ltr'><strong>peccato-</strong></span> 
     </span>
    </p>
   </div>
   <div class='ocr_carea' id='block_1_47' title="bbox 396 4570 1969 4637">
    <p class='ocr_par' dir='ltr' id='par_1_47' title="bbox 396 4570 1969 4637">
     <span class='ocr_line' id='line_1_47' title="bbox 396 4570 1969 4637; baseline -0.006 0"><span class='ocrx_word' id='word_1_390' title='bbox 396 4598 511 4637; x_wconf 87' lang='lat' dir='ltr'><strong>rutn</strong></span> <span class='ocrx_word' id='word_1_391' title='bbox 553 4581 667 4635; x_wconf 78' lang='lat' dir='ltr'><strong>leva</strong></span> <span class='ocrx_word' id='word_1_392' title='bbox 705 4577 887 4633; x_wconf 90' lang='lat' dir='ltr'><strong>oculos</strong></span> <span class='ocrx_word' id='word_1_393' title='bbox 917 4572 1035 4629; x_wconf 74' lang='lat' dir='ltr'><strong>tuo&#39;s</strong></span> <span class='ocrx_word' id='word_1_394' title='bbox 1062 4572 1126 4626; x_wconf 86' lang='lat' dir='ltr'><strong>ad</strong></span> <span class='ocrx_word' id='word_1_395' title='bbox 1171 4571 1360 4626; x_wconf 85' lang='lat' dir='ltr'><strong>Deum.</strong></span> <span class='ocrx_word' id='word_1_396' title='bbox 1388 4570 1663 4625; x_wconf 79' lang='lat' dir='ltr'><strong>Putruerat</strong></span> <span class='ocrx_word' id='word_1_397' title='bbox 1695 4573 1837 4627; x_wconf 89' lang='lat' dir='ltr'><strong>enim</strong></span> <span class='ocrx_word' id='word_1_398' title='bbox 1876 4587 1969 4627; x_wconf 90' lang='lat' dir='ltr'><strong>cor</strong></span> 
     </span>
    </p>
   </div>
   <div class='ocr_carea' id='block_1_48' title="bbox 396 4661 1967 4730">
    <p class='ocr_par' dir='ltr' id='par_1_48' title="bbox 396 4661 1967 4730">
     <span class='ocr_line' id='line_1_48' title="bbox 396 4661 1967 4730; baseline -0.004 -6"><span class='ocrx_word' id='word_1_399' title='bbox 396 4681 539 4726; x_wconf 90' lang='lat' dir='ltr'><strong>tuum</strong></span> <span class='ocrx_word' id='word_1_400' title='bbox 573 4685 693 4724; x_wconf 90' lang='lat' dir='ltr'><strong>cum</strong></span> <span class='ocrx_word' id='word_1_401' title='bbox 721 4676 862 4723; x_wconf 88' lang='lat' dir='ltr'><strong>esset</strong></span> <span class='ocrx_word' id='word_1_402' title='bbox 892 4666 942 4720; x_wconf 92' lang='lat' dir='ltr'><strong>in</strong></span> <span class='ocrx_word' id='word_1_403' title='bbox 977 4676 1133 4721; x_wconf 81' lang='lat' dir='ltr'><strong>terra.</strong></span> <span class='ocrx_word' id='word_1_404' title='bbox 1181 4661 1292 4716; x_wconf 85' lang='lat' dir='ltr'><strong>Non</strong></span> <span class='ocrx_word' id='word_1_405' title='bbox 1338 4661 1500 4730; x_wconf 74' lang='lat' dir='ltr'><strong>gratis</strong></span> <span class='ocrx_word' id='word_1_406' title='bbox 1529 4661 1700 4728; x_wconf 90' lang='lat' dir='ltr'><strong>audis,</strong></span> <span class='ocrx_word' id='word_1_407' title='bbox 1746 4662 1967 4718; x_wconf 86' lang='lat' dir='ltr'><strong>Sursum</strong></span> 
     </span>
    </p>
   </div>
   <div class='ocr_carea' id='block_1_49' title="bbox 391 4751 1969 4829">
    <p class='ocr_par' dir='ltr' id='par_1_49' title="bbox 391 4751 1969 4829">
     <span class='ocr_line' id='line_1_49' title="bbox 391 4751 1969 4829; baseline -0.006 -11"><span class='ocrx_word' id='word_1_408' title='bbox 391 4778 517 4825; x_wconf 86' lang='lat' dir='ltr'><strong>cor,</strong></span> <span class='ocrx_word' id='word_1_409' title='bbox 565 4774 633 4814; x_wconf 88' lang='lat' dir='ltr'><strong>ne</strong></span> <span class='ocrx_word' id='word_1_410' title='bbox 676 4766 904 4829; x_wconf 86' lang='lat' dir='ltr'><strong>putreat.</strong></span> <span class='ocrx_word' id='word_1_411' title='bbox 950 4755 1086 4823; x_wconf 86' lang='lat' dir='ltr'><strong>Ergo</strong></span> <span class='ocrx_word' id='word_1_412' title='bbox 1128 4763 1183 4810; x_wconf 90' lang='lat' dir='ltr'><strong>et</strong></span> <span class='ocrx_word' id='word_1_413' title='bbox 1226 4762 1281 4807; x_wconf 87' lang='lat' dir='ltr'><strong>tu</strong></span> <span class='ocrx_word' id='word_1_414' title='bbox 1322 4751 1436 4807; x_wconf 86' lang='lat' dir='ltr'><strong>leva</strong></span> <span class='ocrx_word' id='word_1_415' title='bbox 1472 4753 1580 4822; x_wconf 90' lang='lat' dir='ltr'><strong>jam</strong></span> <span class='ocrx_word' id='word_1_416' title='bbox 1626 4754 1807 4808; x_wconf 89' lang='lat' dir='ltr'><strong>oculos</strong></span> <span class='ocrx_word' id='word_1_417' title='bbox 1852 4764 1969 4810; x_wconf 90' lang='lat' dir='ltr'><strong>tuos</strong></span> 
     </span>
    </p>
   </div>
   <div class='ocr_carea' id='block_1_50' title="bbox 393 4847 1969 4924">
    <p class='ocr_par' dir='ltr' id='par_1_50' title="bbox 393 4847 1969 4924">
     <span class='ocr_line' id='line_1_50' title="bbox 393 4847 1969 4924; baseline -0.002 -17"><span class='ocrx_word' id='word_1_418' title='bbox 393 4867 605 4924; x_wconf 70' lang='lat' dir='ltr'><strong>semper</strong></span> <span class='ocrx_word' id='word_1_419' title='bbox 633 4852 685 4906; x_wconf 90' lang='lat' dir='ltr'><strong>in</strong></span> <span class='ocrx_word' id='word_1_420' title='bbox 714 4851 902 4912; x_wconf 87' lang='lat' dir='ltr'><strong>Deum,</strong></span> <span class='ocrx_word' id='word_1_421' title='bbox 933 4859 988 4903; x_wconf 92' lang='lat' dir='ltr'><strong>ut</strong></span> <span class='ocrx_word' id='word_1_422' title='bbox 1019 4848 1192 4902; x_wconf 80' lang='lat' dir='ltr'><strong>linuet</strong></span> <span class='ocrx_word' id='word_1_423' title='bbox 1217 4861 1376 4916; x_wconf 86' lang='lat' dir='ltr'><strong>super</strong></span> <span class='ocrx_word' id='word_1_424' title='bbox 1405 4855 1456 4901; x_wconf 91' lang='lat' dir='ltr'><strong>te</strong></span> <span class='ocrx_word' id='word_1_425' title='bbox 1481 4847 1663 4902; x_wconf 85' lang='lat' dir='ltr'><strong>oculos</strong></span> <span class='ocrx_word' id='word_1_426' title='bbox 1691 4862 1834 4902; x_wconf 86' lang='lat' dir='ltr'><strong>suos.</strong></span> <span class='ocrx_word' id='word_1_427' title='bbox 1864 4848 1969 4904; x_wconf 90' lang='lat' dir='ltr'><strong>Sed</strong></span> 
     </span>
    </p>
   </div>
   <div class='ocr_carea' id='block_1_51' title="bbox 391 4938 1966 5023">
    <p class='ocr_par' dir='ltr' id='par_1_51' title="bbox 391 4938 1966 5023">
     <span class='ocr_line' id='line_1_51' title="bbox 391 4938 1966 5023; baseline -0.003 -23"><span class='ocrx_word' id='word_1_428' title='bbox 391 4945 517 5016; x_wconf 80' lang='lat' dir='ltr'><strong>quid</strong></span> <span class='ocrx_word' id='word_1_429' title='bbox 547 4943 699 4998; x_wconf 86' lang='lat' dir='ltr'><strong>times</strong></span> <span class='ocrx_word' id='word_1_430' title='bbox 725 4956 792 4997; x_wconf 86' lang='lat' dir='ltr'><strong>ne</strong></span> <span class='ocrx_word' id='word_1_431' title='bbox 818 4956 937 4995; x_wconf 87' lang='lat' dir='ltr'><strong>cum</strong></span> <span class='ocrx_word' id='word_1_432' title='bbox 969 4939 1135 5023; x_wconf 79' lang='lat' dir='ltr'><strong>habes</strong></span> <span class='ocrx_word' id='word_1_433' title='bbox 1159 4939 1342 4995; x_wconf 91' lang='lat' dir='ltr'><strong>oculos</strong></span> <span class='ocrx_word' id='word_1_434' title='bbox 1369 4938 1434 4994; x_wconf 86' lang='lat' dir='ltr'><strong>ad</strong></span> <span class='ocrx_word' id='word_1_435' title='bbox 1464 4939 1628 4995; x_wconf 88' lang='lat' dir='ltr'><strong>Deum</strong></span> <span class='ocrx_word' id='word_1_436' title='bbox 1652 4983 1667 5006; x_wconf 95' lang='lat'><strong>,</strong></span> <span class='ocrx_word' id='word_1_437' title='bbox 1696 4940 1932 4996; x_wconf 85' lang='lat' dir='ltr'><strong>oﬂ&#39;endas</strong></span> <span class='ocrx_word' id='word_1_438' title='bbox 1950 4984 1966 5007; x_wconf 93' lang='lat'><strong>,</strong></span> 
     </span>
    </p>
   </div>
   <div class='ocr_carea' id='block_1_52' title="bbox 395 5030 1969 5103">
    <p class='ocr_par' dir='ltr' id='par_1_52' title="bbox 395 5030 1969 5103">
     <span class='ocr_line' id='line_1_52' title="bbox 395 5030 1969 5103; baseline -0.001 -14"><span class='ocrx_word' id='word_1_439' title='bbox 395 5051 462 5092; x_wconf 83' lang='lat' dir='ltr'><strong>nc</strong></span> <span class='ocrx_word' id='word_1_440' title='bbox 488 5051 591 5089; x_wconf 90' lang='lat' dir='ltr'><strong>non</strong></span> <span class='ocrx_word' id='word_1_441' title='bbox 613 5032 864 5103; x_wconf 84' lang='lat' dir='ltr'><strong>respicias</strong></span> <span class='ocrx_word' id='word_1_442' title='bbox 887 5041 1009 5086; x_wconf 86' lang='lat' dir='ltr'><strong>ante</strong></span> <span class='ocrx_word' id='word_1_443' title='bbox 1031 5040 1101 5095; x_wconf 79' lang='lat' dir='ltr'><strong>te,</strong></span> <span class='ocrx_word' id='word_1_444' title='bbox 1123 5042 1177 5085; x_wconf 89' lang='lat' dir='ltr'><strong>et</strong></span> <span class='ocrx_word' id='word_1_445' title='bbox 1202 5031 1334 5085; x_wconf 80' lang='lat' dir='ltr'><strong>forte</strong></span> <span class='ocrx_word' id='word_1_446' title='bbox 1356 5030 1594 5086; x_wconf 88' lang='lat' dir='ltr'><strong>incurras</strong></span> <span class='ocrx_word' id='word_1_447' title='bbox 1615 5032 1665 5085; x_wconf 91' lang='lat' dir='ltr'><strong>in</strong></span> <span class='ocrx_word' id='word_1_448' title='bbox 1690 5032 1969 5103; x_wconf 82' lang='lat' dir='ltr'><strong>laqueum?</strong></span> 
     </span>
    </p>
   </div>
   <div class='ocr_carea' id='block_1_53' title="bbox 394 5123 1970 5194">
    <p class='ocr_par' dir='ltr' id='par_1_53' title="bbox 394 5123 1970 5194">
     <span class='ocr_line' id='line_1_53' title="bbox 394 5123 1970 5194; baseline 0 -13"><span class='ocrx_word' id='word_1_449' title='bbox 394 5127 510 5182; x_wconf 80' lang='lat' dir='ltr'><strong>Noli</strong></span> <span class='ocrx_word' id='word_1_450' title='bbox 537 5126 726 5181; x_wconf 86' lang='lat' dir='ltr'><strong>timere</strong></span> <span class='ocrx_word' id='word_1_451' title='bbox 750 5142 764 5178; x_wconf 90' lang='lat'>:</span> <span class='ocrx_word' id='word_1_452' title='bbox 792 5123 861 5178; x_wconf 88' lang='lat' dir='ltr'><strong>ibi</strong></span> <span class='ocrx_word' id='word_1_453' title='bbox 891 5123 1032 5178; x_wconf 86' lang='lat' dir='ltr'><strong>enim</strong></span> <span class='ocrx_word' id='word_1_454' title='bbox 1053 5134 1175 5177; x_wconf 88' lang='lat' dir='ltr'><strong>sunt</strong></span> <span class='ocrx_word' id='word_1_455' title='bbox 1198 5124 1335 5178; x_wconf 83' lang='lat' dir='ltr'><strong>oeuli</strong></span> <span class='ocrx_word' id='word_1_456' title='bbox 1364 5124 1546 5194; x_wconf 89' lang='lat' dir='ltr'><strong>ipsius,</strong></span> <span class='ocrx_word' id='word_1_457' title='bbox 1569 5139 1701 5194; x_wconf 88' lang='lat' dir='ltr'><strong>quos</strong></span> <span class='ocrx_word' id='word_1_458' title='bbox 1725 5125 1970 5181; x_wconf 83' lang='lat' dir='ltr'><strong>obﬂrmat</strong></span> 
     </span>
    </p>
   </div>
   <div class='ocr_carea' id='block_1_54' title="bbox 393 5215 1966 5294">
    <p class='ocr_par' dir='ltr' id='par_1_54' title="bbox 393 5215 1966 5294">
     <span class='ocr_line' id='line_1_54' title="bbox 393 5215 1966 5294; baseline 0.001 -21"><span class='ocrx_word' id='word_1_459' title='bbox 393 5234 555 5289; x_wconf 81' lang='lat' dir='ltr'><strong>super</strong></span> <span class='ocrx_word' id='word_1_460' title='bbox 585 5227 674 5282; x_wconf 88' lang='lat' dir='ltr'><strong>te;</strong></span> <span class='ocrx_word' id='word_1_461' title='bbox 707 5215 901 5283; x_wconf 81' lang='lat' dir='ltr'><strong>Nolite,</strong></span> <span class='ocrx_word' id='word_1_462' title='bbox 930 5215 1120 5285; x_wconf 86' lang='lat' dir='ltr'><strong>inquit,</strong></span> <span class='ocrx_word' id='word_1_463' title='bbox 1142 5216 1345 5270; x_wconf 86' lang='lat' dir='ltr'><strong>solliciti</strong></span> <span class='ocrx_word' id='word_1_464' title='bbox 1371 5234 1477 5271; x_wconf 87' lang='lat' dir='ltr'><strong>esse</strong></span> <span class='ocrx_word' id='word_1_465' title='bbox 1509 5218 1717 5288; x_wconf 78' lang='lat' dir='ltr'><strong>(.ilattli.</strong></span> <span class='ocrx_word' id='word_1_466' title='bbox 1750 5236 1823 5285; x_wconf 89' lang='lat' dir='ltr'><strong>vt,</strong></span> <span class='ocrx_word' id='word_1_467' title='bbox 1853 5220 1966 5294; x_wconf 83' lang='lat' dir='ltr'><strong>5i);</strong></span> 
     </span>
    </p>
   </div>
   <div class='ocr_carea' id='block_1_55' title="bbox 394 5306 1970 5383">
    <p class='ocr_par' dir='ltr' id='par_1_55' title="bbox 394 5306 1970 5383">
     <span class='ocr_line' id='line_1_55' title="bbox 394 5306 1970 5383; baseline -0.001 -15"><span class='ocrx_word' id='word_1_468' title='bbox 394 5323 449 5369; x_wconf 79' lang='lat' dir='ltr'><strong>et</strong></span> <span class='ocrx_word' id='word_1_469' title='bbox 472 5310 743 5383; x_wconf 85' lang='lat' dir='ltr'><strong>apostolus</strong></span> <span class='ocrx_word' id='word_1_470' title='bbox 780 5309 1010 5364; x_wconf 83' lang='lat' dir='ltr'><strong>Petrus:</strong></span> <span class='ocrx_word' id='word_1_471' title='bbox 1063 5306 1273 5363; x_wconf 86' lang='lat' dir='ltr'><strong>Omnem</strong></span> <span class='ocrx_word' id='word_1_472' title='bbox 1320 5309 1709 5367; x_wconf 83' lang='lat' dir='ltr'><strong>sollicitudinem</strong></span> <span class='ocrx_word' id='word_1_473' title='bbox 1758 5324 1970 5368; x_wconf 84' lang='lat' dir='ltr'><strong>vestram</strong></span> 
     </span>
    </p>
   </div>
   <div class='ocr_carea' id='block_1_56' title="bbox 391 5399 2006 5475">
    <p class='ocr_par' dir='ltr' id='par_1_56' title="bbox 391 5399 2006 5475">
     <span class='ocr_line' id='line_1_56' title="bbox 391 5399 2006 5475; baseline 0.002 -20"><span class='ocrx_word' id='word_1_474' title='bbox 391 5420 546 5475; x_wconf 69' lang='lat' dir='ltr'><strong>super</strong></span> <span class='ocrx_word' id='word_1_475' title='bbox 570 5403 715 5456; x_wconf 86' lang='lat' dir='ltr'><strong>illum</strong></span> <span class='ocrx_word' id='word_1_476' title='bbox 738 5400 935 5466; x_wconf 84' lang='lat' dir='ltr'><strong>mittite,</strong></span> <span class='ocrx_word' id='word_1_477' title='bbox 962 5399 1083 5469; x_wconf 81' lang='lat' dir='ltr'><strong>quia</strong></span> <span class='ocrx_word' id='word_1_478' title='bbox 1120 5400 1203 5458; x_wconf 81' lang='lat' dir='ltr'><strong>illi</strong></span> <span class='ocrx_word' id='word_1_479' title='bbox 1235 5416 1358 5454; x_wconf 85' lang='lat' dir='ltr'><strong>cura</strong></span> <span class='ocrx_word' id='word_1_480' title='bbox 1394 5410 1466 5456; x_wconf 88' lang='lat' dir='ltr'><strong>est</strong></span> <span class='ocrx_word' id='word_1_481' title='bbox 1492 5401 1553 5456; x_wconf 86' lang='lat' dir='ltr'><strong>de</strong></span> <span class='ocrx_word' id='word_1_482' title='bbox 1578 5405 1714 5459; x_wconf 84' lang='lat' dir='ltr'><strong>vobis</strong></span> <span class='ocrx_word' id='word_1_483' title='bbox 1741 5403 1781 5475; x_wconf 85' lang='grc' dir='ltr'><strong>(Ι</strong></span> <span class='ocrx_word' id='word_1_484' title='bbox 1826 5404 1967 5460; x_wconf 83' lang='lat' dir='ltr'><strong>Petr.</strong></span> <span class='ocrx_word' id='word_1_485' title='bbox 1999 5404 2006 5417; x_wconf 68' lang='lat'><strong>‘</strong></span> 
     </span>
    </p>
   </div>
   <div class='ocr_carea' id='block_1_57' title="bbox 393 5493 1971 5570">
    <p class='ocr_par' dir='ltr' id='par_1_57' title="bbox 393 5493 1971 5570">
     <span class='ocr_line' id='line_1_57' title="bbox 393 5493 1971 5570; baseline 0.002 -19"><span class='ocrx_word' id='word_1_486' title='bbox 393 5514 457 5563; x_wconf 69' lang='grc' dir='ltr'><strong>ν,</strong></span> <span class='ocrx_word' id='word_1_487' title='bbox 487 5499 565 5564; x_wconf 87' lang='lat'><strong>7).</strong></span> <span class='ocrx_word' id='word_1_488' title='bbox 613 5496 749 5563; x_wconf 70' lang='lat' dir='ltr'><strong>Ergo</strong></span> <span class='ocrx_word' id='word_1_489' title='bbox 785 5493 1055 5554; x_wconf 83' lang='lat' dir='ltr'><strong>obﬁrmabo</strong></span> <span class='ocrx_word' id='word_1_490' title='bbox 1099 5510 1248 5563; x_wconf 82' lang='lat' dir='ltr'><strong>super</strong></span> <span class='ocrx_word' id='word_1_491' title='bbox 1273 5504 1319 5547; x_wconf 91' lang='lat' dir='ltr'><strong>te</strong></span> <span class='ocrx_word' id='word_1_492' title='bbox 1356 5496 1527 5549; x_wconf 89' lang='lat' dir='ltr'><strong>oculos</strong></span> <span class='ocrx_word' id='word_1_493' title='bbox 1563 5513 1708 5550; x_wconf 88' lang='lat' dir='ltr'><strong>meos.</strong></span> <span class='ocrx_word' id='word_1_494' title='bbox 1741 5496 1818 5552; x_wconf 89' lang='lat' dir='ltr'><strong>Tu</strong></span> <span class='ocrx_word' id='word_1_495' title='bbox 1846 5514 1971 5570; x_wconf 86' lang='lat' dir='ltr'><strong>ergo</strong></span> 
     </span>
    </p>
   </div>
   <div class='ocr_carea' id='block_1_58' title="bbox 396 5574 1973 5656">
    <p class='ocr_par' dir='ltr' id='par_1_58' title="bbox 396 5574 1973 5656">
     <span class='ocr_line' id='line_1_58' title="bbox 396 5574 1973 5656; baseline 0.002 -15"><span class='ocrx_word' id='word_1_496' title='bbox 396 5588 580 5642; x_wconf 82' lang='lat' dir='ltr'><strong>oculos</strong></span> <span class='ocrx_word' id='word_1_497' title='bbox 610 5597 728 5640; x_wconf 76' lang='lat' dir='ltr'><strong>UIOS</strong></span> <span class='ocrx_word' id='word_1_498' title='bbox 752 5588 800 5639; x_wconf 88' lang='lat' dir='ltr'><strong>iu</strong></span> <span class='ocrx_word' id='word_1_499' title='bbox 834 5574 980 5638; x_wconf 80' lang='lat' dir='ltr'><strong>illum</strong></span> <span class='ocrx_word' id='word_1_500' title='bbox 1011 5590 1175 5656; x_wconf 87' lang='lat' dir='ltr'><strong>erige,</strong></span> <span class='ocrx_word' id='word_1_501' title='bbox 1202 5595 1256 5640; x_wconf 89' lang='lat' dir='ltr'><strong>et</strong></span> <span class='ocrx_word' id='word_1_502' title='bbox 1279 5600 1383 5640; x_wconf 91' lang='lat' dir='ltr'><strong>non</strong></span> <span class='ocrx_word' id='word_1_503' title='bbox 1407 5587 1635 5653; x_wconf 87' lang='lat' dir='ltr'><strong>timebis,</strong></span> <span class='ocrx_word' id='word_1_504' title='bbox 1664 5599 1721 5641; x_wconf 90' lang='lat' dir='ltr'><strong>ut</strong></span> <span class='ocrx_word' id='word_1_505' title='bbox 1748 5588 1876 5650; x_wconf 80' lang='lat' dir='ltr'><strong>dixi.</strong></span> <span class='ocrx_word' id='word_1_506' title='bbox 1905 5607 1973 5645; x_wconf 90' lang='lat' dir='ltr'><strong>ne</strong></span> 
     </span>
    </p>
   </div>
   <div class='ocr_carea' id='block_1_59' title="bbox 462 5737 1970 5809">
    <p class='ocr_par' dir='ltr' id='par_1_59' title="bbox 462 5737 1970 5809">
     <span class='ocr_line' id='line_1_59' title="bbox 462 5737 1970 5809; baseline 0.005 -23"><span class='ocrx_word' id='word_1_507' title='bbox 462 5739 481 5807; x_wconf 65' lang='grc' dir='ltr'><strong>ξ</strong></span> <span class='ocrx_word' id='word_1_508' title='bbox 507 5746 623 5800; x_wconf 81' lang='lat' dir='ltr'><strong>neg.</strong></span> <span class='ocrx_word' id='word_1_509' title='bbox 652 5749 703 5809; x_wconf 75' lang='lat' dir='ltr'><strong>et</strong></span> <span class='ocrx_word' id='word_1_510' title='bbox 728 5739 870 5790; x_wconf 78' lang='lat' dir='ltr'><strong>Vatic.</strong></span> <span class='ocrx_word' id='word_1_511' title='bbox 894 5746 1020 5799; x_wconf 67' lang='lat' dir='ltr'><strong>Mss.</strong></span> <span class='ocrx_word' id='word_1_512' title='bbox 1044 5751 1137 5790; x_wconf 80' lang='lat' dir='ltr'><strong>non</strong></span> <span class='ocrx_word' id='word_1_513' title='bbox 1158 5749 1228 5789; x_wconf 82' lang='lat' dir='ltr'><strong>est</strong></span> <span class='ocrx_word' id='word_1_514' title='bbox 1249 5738 1341 5791; x_wconf 84' lang='lat' dir='ltr'><strong>nisi</strong></span> <span class='ocrx_word' id='word_1_515' title='bbox 1366 5737 1413 5787; x_wconf 85' lang='lat' dir='ltr'><strong>in</strong></span> <span class='ocrx_word' id='word_1_516' title='bbox 1436 5739 1597 5800; x_wconf 77' lang='lat' dir='ltr'><strong>malis,</strong></span> <span class='ocrx_word' id='word_1_517' title='bbox 1614 5740 1698 5790; x_wconf 74' lang='lat' dir='ltr'><strong>ubi</strong></span> <span class='ocrx_word' id='word_1_518' title='bbox 1719 5745 1970 5809; x_wconf 83' lang='lat' dir='ltr'><strong>premeris,</strong></span> 
     </span>
    </p>
   </div>
   <div class='ocr_carea' id='block_1_60' title="bbox 399 5796 814 5865">
    <p class='ocr_par' dir='ltr' id='par_1_60' title="bbox 399 5796 814 5865">
     <span class='ocr_line' id='line_1_60' title="bbox 399 5796 814 5865; baseline 0.017 -17"><span class='ocrx_word' id='word_1_519' title='bbox 399 5796 481 5848; x_wconf 73' lang='lat' dir='ltr'><strong>ubi</strong></span> <span class='ocrx_word' id='word_1_520' title='bbox 491 5796 710 5865; x_wconf 50' lang='lat' dir='ltr'><strong>ang—ustio</strong></span> <span class='ocrx_word' id='word_1_521' title='bbox 728 5809 814 5856; x_wconf 78' lang='lat' dir='ltr'><strong>est.</strong></span> 
     </span>
    </p>
   </div>
   <div class='ocr_carea' id='block_1_61' title="bbox 3526 349 3637 405">
    <p class='ocr_par' dir='ltr' id='par_1_61' title="bbox 3526 349 3637 405">
     <span class='ocr_line' id='line_1_61' title="bbox 3526 349 3637 405; baseline -0.009 0"><span class='ocrx_word' id='word_1_522' title='bbox 3526 349 3637 405; x_wconf 73' lang='lat'><strong>272</strong></span> 
     </span>
    </p>
   </div>
   <div class='ocr_carea' id='block_1_62' title="bbox 2067 444 3636 527">
    <p class='ocr_par' dir='ltr' id='par_1_62' title="bbox 2067 444 3636 527">
     <span class='ocr_line' id='line_1_62' title="bbox 2067 444 3636 527; baseline 0.012 -29"><span class='ocrx_word' id='word_1_523' title='bbox 2067 444 2117 499; x_wconf 87' lang='lat' dir='ltr'><strong>in</strong></span> <span class='ocrx_word' id='word_1_524' title='bbox 2140 444 2382 516; x_wconf 90' lang='lat' dir='ltr'><strong>laqueum</strong></span> <span class='ocrx_word' id='word_1_525' title='bbox 2409 450 2663 507; x_wconf 87' lang='lat' dir='ltr'><strong>incurras.</strong></span> <span class='ocrx_word' id='word_1_526' title='bbox 2698 452 2828 509; x_wconf 84' lang='lat' dir='ltr'><strong>Audi</strong></span> <span class='ocrx_word' id='word_1_527' title='bbox 2850 454 3007 510; x_wconf 89' lang='lat' dir='ltr'><strong>alium</strong></span> <span class='ocrx_word' id='word_1_528' title='bbox 3038 456 3330 527; x_wconf 89' lang='lat' dir='ltr'><strong>psalmum:</strong></span> <span class='ocrx_word' id='word_1_529' title='bbox 3366 461 3515 516; x_wconf 81' lang='lat' dir='ltr'><strong>Oculi</strong></span> <span class='ocrx_word' id='word_1_530' title='bbox 3539 464 3636 518; x_wconf 72' lang='grc' dir='ltr'><strong>τιιὰ</strong></span> 
     </span>
    </p>
   </div>
   <div class='ocr_carea' id='block_1_63' title="bbox 2062 534 3638 624">
    <p class='ocr_par' dir='ltr' id='par_1_63' title="bbox 2062 534 3638 624">
     <span class='ocr_line' id='line_1_63' title="bbox 2062 534 3638 624; baseline 0.013 -35"><span class='ocrx_word' id='word_1_531' title='bbox 2062 534 2257 605; x_wconf 85' lang='lat' dir='ltr'><strong>semper</strong></span> <span class='ocrx_word' id='word_1_532' title='bbox 2282 538 2351 591; x_wconf 87' lang='lat' dir='ltr'><strong>ad</strong></span> <span class='ocrx_word' id='word_1_533' title='bbox 2374 537 2665 595; x_wconf 86' lang='lat' dir='ltr'><strong>Dominum.</strong></span> <span class='ocrx_word' id='word_1_534' title='bbox 2690 542 2756 597; x_wconf 88' lang='lat' dir='ltr'><strong>Et</strong></span> <span class='ocrx_word' id='word_1_535' title='bbox 2775 546 2921 614; x_wconf 90' lang='lat' dir='ltr'><strong>quasi</strong></span> <span class='ocrx_word' id='word_1_536' title='bbox 2942 546 3208 603; x_wconf 90' lang='lat' dir='ltr'><strong>diceretur</strong></span> <span class='ocrx_word' id='word_1_537' title='bbox 3231 551 3301 604; x_wconf 91' lang='lat' dir='ltr'><strong>illi</strong></span> <span class='ocrx_word' id='word_1_538' title='bbox 3328 552 3498 618; x_wconf 66' lang='grc' dir='ltr'><strong><em>πριιιά</em></strong></span> <span class='ocrx_word' id='word_1_539' title='bbox 3524 557 3638 624; x_wconf 81' lang='lat' dir='ltr'><strong>agis</strong></span> 
     </span>
    </p>
   </div>
   <div class='ocr_carea' id='block_1_64' title="bbox 2063 624 3637 709">
    <p class='ocr_par' dir='ltr' id='par_1_64' title="bbox 2063 624 3637 709">
     <span class='ocr_line' id='line_1_64' title="bbox 2063 624 3637 709; baseline 0.014 -31"><span class='ocrx_word' id='word_1_540' title='bbox 2063 624 2130 679; x_wconf 84' lang='lat' dir='ltr'><strong>de</strong></span> <span class='ocrx_word' id='word_1_541' title='bbox 2169 627 2388 695; x_wconf 84' lang='lat' dir='ltr'><strong>pedibus</strong></span> <span class='ocrx_word' id='word_1_542' title='bbox 2410 632 2531 695; x_wconf 91' lang='lat' dir='ltr'><strong>tuis,</strong></span> <span class='ocrx_word' id='word_1_543' title='bbox 2566 647 2685 688; x_wconf 90' lang='lat' dir='ltr'><strong>cum</strong></span> <span class='ocrx_word' id='word_1_544' title='bbox 2724 650 2828 689; x_wconf 93' lang='lat' dir='ltr'><strong>non</strong></span> <span class='ocrx_word' id='word_1_545' title='bbox 2849 646 2971 692; x_wconf 89' lang='lat' dir='ltr'><strong>ante</strong></span> <span class='ocrx_word' id='word_1_546' title='bbox 3007 647 3061 694; x_wconf 85' lang='lat' dir='ltr'><strong>te</strong></span> <span class='ocrx_word' id='word_1_547' title='bbox 3102 642 3359 697; x_wconf 78' lang='lat' dir='ltr'><strong>atlendis?</strong></span> <span class='ocrx_word' id='word_1_548' title='bbox 3387 643 3637 709; x_wconf 81' lang='lat' dir='ltr'><strong>Quoniam</strong></span> 
     </span>
    </p>
   </div>
   <div class='ocr_carea' id='block_1_65' title="bbox 2063 718 3635 806">
    <p class='ocr_par' dir='ltr' id='par_1_65' title="bbox 2063 718 3635 806">
     <span class='ocr_line' id='line_1_65' title="bbox 2063 718 3635 806; baseline 0.013 -36"><span class='ocrx_word' id='word_1_549' title='bbox 2063 718 2187 786; x_wconf 86' lang='lat' dir='ltr'><strong>ipse,</strong></span> <span class='ocrx_word' id='word_1_550' title='bbox 2214 720 2412 791; x_wconf 90' lang='lat' dir='ltr'><strong>inquit,</strong></span> <span class='ocrx_word' id='word_1_551' title='bbox 2435 725 2604 778; x_wconf 84' lang='lat' dir='ltr'><strong>evellet</strong></span> <span class='ocrx_word' id='word_1_552' title='bbox 2648 725 2711 780; x_wconf 93' lang='lat' dir='ltr'><strong>de</strong></span> <span class='ocrx_word' id='word_1_553' title='bbox 2738 727 2910 794; x_wconf 85' lang='lat' dir='ltr'><strong>laqueo</strong></span> <span class='ocrx_word' id='word_1_554' title='bbox 2935 730 3086 800; x_wconf 81' lang='lat' dir='ltr'><strong>pedes</strong></span> <span class='ocrx_word' id='word_1_555' title='bbox 3113 748 3247 787; x_wconf 88' lang='lat' dir='ltr'><strong>meos</strong></span> <span class='ocrx_word' id='word_1_556' title='bbox 3272 732 3440 806; x_wconf 86' lang='lat' dir='ltr'><strong>(Psnl.</strong></span> <span class='ocrx_word' id='word_1_557' title='bbox 3474 750 3599 791; x_wconf 73' lang='lat' dir='ltr'><strong>XXIV</strong></span> <span class='ocrx_word' id='word_1_558' title='bbox 3617 777 3635 801; x_wconf 90' lang='lat'><strong>,</strong></span> 
     </span>
    </p>
   </div>
   <div class='ocr_carea' id='block_1_66' title="bbox 2066 812 3108 886">
    <p class='ocr_par' dir='ltr' id='par_1_66' title="bbox 2066 812 3108 886">
     <span class='ocr_line' id='line_1_66' title="bbox 2066 812 3108 886; baseline 0.013 -21"><span class='ocrx_word' id='word_1_559' title='bbox 2066 812 2170 867; x_wconf 57' lang='lat' dir='ltr'><strong>liii.</strong></span> <span class='ocrx_word' id='word_1_560' title='bbox 2201 814 2488 880; x_wconf 78' lang='lat' dir='ltr'><strong>()bfirmabo</strong></span> <span class='ocrx_word' id='word_1_561' title='bbox 2515 835 2665 886; x_wconf 85' lang='lat' dir='ltr'><strong>super</strong></span> <span class='ocrx_word' id='word_1_562' title='bbox 2687 831 2734 874; x_wconf 89' lang='lat' dir='ltr'><strong>te</strong></span> <span class='ocrx_word' id='word_1_563' title='bbox 2757 823 2927 877; x_wconf 89' lang='lat' dir='ltr'><strong>oculos</strong></span> <span class='ocrx_word' id='word_1_564' title='bbox 2956 841 3108 879; x_wconf 88' lang='lat' dir='ltr'><strong>meos.</strong></span> 
     </span>
    </p>
   </div>
   <div class='ocr_carea' id='block_1_67' title="bbox 2132 902 3641 991">
    <p class='ocr_par' dir='ltr' id='par_1_67' title="bbox 2132 902 3641 991">
     <span class='ocr_line' id='line_1_67' title="bbox 2132 902 3641 991; baseline 0.013 -34"><span class='ocrx_word' id='word_1_565' title='bbox 2132 902 2221 958; x_wconf 75' lang='lat'><strong>22.</strong></span> <span class='ocrx_word' id='word_1_566' title='bbox 2264 902 2285 978; x_wconf 94' lang='lat'>[</span> <span class='ocrx_word' id='word_1_567' title='bbox 2310 923 2434 961; x_wconf 86' lang='lat' dir='ltr'><strong>vers.</strong></span> <span class='ocrx_word' id='word_1_568' title='bbox 2461 908 2540 982; x_wconf 88' lang='lat'><strong>9.]</strong></span> <span class='ocrx_word' id='word_1_569' title='bbox 2579 909 2825 965; x_wconf 88' lang='lat' dir='ltr'><strong>Promisit</strong></span> <span class='ocrx_word' id='word_1_570' title='bbox 2854 912 2975 969; x_wconf 88' lang='lat' dir='ltr'><strong>huic</strong></span> <span class='ocrx_word' id='word_1_571' title='bbox 2998 925 3051 970; x_wconf 89' lang='lat' dir='ltr'><strong>et</strong></span> <span class='ocrx_word' id='word_1_572' title='bbox 3080 917 3399 974; x_wconf 86' lang='lat' dir='ltr'><strong>intellectum</strong></span> <span class='ocrx_word' id='word_1_573' title='bbox 3430 931 3484 975; x_wconf 90' lang='lat' dir='ltr'><strong>et</strong></span> <span class='ocrx_word' id='word_1_574' title='bbox 3510 938 3641 991; x_wconf 83' lang='lat' dir='ltr'><strong>pro-</strong></span> 
     </span>
    </p>
   </div>
   <div class='ocr_carea' id='block_1_68' title="bbox 2062 995 3640 1076">
    <p class='ocr_par' dir='ltr' id='par_1_68' title="bbox 2062 995 3640 1076">
     <span class='ocr_line' id='line_1_68' title="bbox 2062 995 3640 1076; baseline 0.013 -28"><span class='ocrx_word' id='word_1_575' title='bbox 2062 995 2343 1051; x_wconf 89' lang='lat' dir='ltr'><strong>tectionem</strong></span> <span class='ocrx_word' id='word_1_576' title='bbox 2372 1013 2518 1053; x_wconf 91' lang='lat' dir='ltr'><strong>suam</strong></span> <span class='ocrx_word' id='word_1_577' title='bbox 2544 1017 2557 1053; x_wconf 86' lang='lat'><strong>:</strong></span> <span class='ocrx_word' id='word_1_578' title='bbox 2602 1005 2861 1057; x_wconf 87' lang='lat' dir='ltr'><strong>convertit</strong></span> <span class='ocrx_word' id='word_1_579' title='bbox 2883 1019 2942 1059; x_wconf 89' lang='lat' dir='ltr'><strong>se</strong></span> <span class='ocrx_word' id='word_1_580' title='bbox 2970 1005 3035 1059; x_wconf 92' lang='lat' dir='ltr'><strong>ad</strong></span> <span class='ocrx_word' id='word_1_581' title='bbox 3062 1009 3318 1076; x_wconf 87' lang='lat' dir='ltr'><strong>superbos</strong></span> <span class='ocrx_word' id='word_1_582' title='bbox 3342 1011 3640 1068; x_wconf 85' lang='lat' dir='ltr'><strong>defenden-</strong></span> 
     </span>
    </p>
   </div>
   <div class='ocr_carea' id='block_1_69' title="bbox 2064 1094 3644 1168">
    <p class='ocr_par' dir='ltr' id='par_1_69' title="bbox 2064 1094 3644 1168">
     <span class='ocr_line' id='line_1_69' title="bbox 2064 1094 3644 1168; baseline 0.009 -29"><span class='ocrx_word' id='word_1_583' title='bbox 2064 1097 2142 1140; x_wconf 90' lang='lat' dir='ltr'><strong>tes</strong></span> <span class='ocrx_word' id='word_1_584' title='bbox 2173 1096 2381 1156; x_wconf 84' lang='lat' dir='ltr'><strong>peecata</strong></span> <span class='ocrx_word' id='word_1_585' title='bbox 2407 1106 2523 1158; x_wconf 87' lang='lat' dir='ltr'><strong>sua,</strong></span> <span class='ocrx_word' id='word_1_586' title='bbox 2552 1099 2608 1147; x_wconf 89' lang='lat' dir='ltr'><strong>et</strong></span> <span class='ocrx_word' id='word_1_587' title='bbox 2631 1094 2860 1148; x_wconf 85' lang='lat' dir='ltr'><strong>ostendit</strong></span> <span class='ocrx_word' id='word_1_588' title='bbox 2884 1096 3038 1151; x_wconf 89' lang='lat' dir='ltr'><strong>nobis</strong></span> <span class='ocrx_word' id='word_1_589' title='bbox 3063 1099 3188 1166; x_wconf 90' lang='lat' dir='ltr'><strong>quid</strong></span> <span class='ocrx_word' id='word_1_590' title='bbox 3213 1100 3280 1153; x_wconf 90' lang='lat' dir='ltr'><strong>sit</strong></span> <span class='ocrx_word' id='word_1_591' title='bbox 3312 1100 3644 1168; x_wconf 76' lang='lat' dir='ltr'><strong>intellectus,</strong></span> 
     </span>
    </p>
   </div>
   <div class='ocr_carea' id='block_1_70' title="bbox 2065 1177 3640 1259">
    <p class='ocr_par' dir='ltr' id='par_1_70' title="bbox 2065 1177 3640 1259">
     <span class='ocr_line' id='line_1_70' title="bbox 2065 1177 3640 1259; baseline 0.011 -27"><span class='ocrx_word' id='word_1_592' title='bbox 2065 1177 2239 1233; x_wconf 82' lang='lat' dir='ltr'><strong>Nolite</strong></span> <span class='ocrx_word' id='word_1_593' title='bbox 2267 1197 2371 1235; x_wconf 89' lang='lat' dir='ltr'><strong>esse</strong></span> <span class='ocrx_word' id='word_1_594' title='bbox 2392 1185 2518 1236; x_wconf 86' lang='lat' dir='ltr'><strong>sicut</strong></span> <span class='ocrx_word' id='word_1_595' title='bbox 2550 1201 2703 1253; x_wconf 84' lang='lat' dir='ltr'><strong>equus</strong></span> <span class='ocrx_word' id='word_1_596' title='bbox 2744 1191 2997 1253; x_wconf 85' lang='lat' dir='ltr'><strong>etmulus,</strong></span> <span class='ocrx_word' id='word_1_597' title='bbox 3033 1191 3209 1259; x_wconf 87' lang='lat' dir='ltr'><strong>quibus</strong></span> <span class='ocrx_word' id='word_1_598' title='bbox 3243 1208 3342 1246; x_wconf 88' lang='lat' dir='ltr'><strong>non</strong></span> <span class='ocrx_word' id='word_1_599' title='bbox 3372 1205 3444 1248; x_wconf 90' lang='lat' dir='ltr'><strong>est</strong></span> <span class='ocrx_word' id='word_1_600' title='bbox 3483 1196 3640 1248; x_wconf 83' lang='lat' dir='ltr'><strong>intel-</strong></span> 
     </span>
    </p>
   </div>
   <div class='ocr_carea' id='block_1_71' title="bbox 2060 1269 3642 1342">
    <p class='ocr_par' dir='ltr' id='par_1_71' title="bbox 2060 1269 3642 1342">
     <span class='ocr_line' id='line_1_71' title="bbox 2060 1269 3642 1342; baseline 0.011 -19"><span class='ocrx_word' id='word_1_601' title='bbox 2060 1269 2234 1325; x_wconf 88' lang='lat' dir='ltr'><strong>lectus.</strong></span> <span class='ocrx_word' id='word_1_602' title='bbox 2266 1272 2440 1342; x_wconf 87' lang='lat' dir='ltr'><strong>Equus</strong></span> <span class='ocrx_word' id='word_1_603' title='bbox 2466 1283 2517 1329; x_wconf 89' lang='lat' dir='ltr'><strong>et</strong></span> <span class='ocrx_word' id='word_1_604' title='bbox 2544 1277 2716 1330; x_wconf 91' lang='lat' dir='ltr'><strong>mulus</strong></span> <span class='ocrx_word' id='word_1_605' title='bbox 2752 1286 2926 1332; x_wconf 88' lang='lat' dir='ltr'><strong>erecta</strong></span> <span class='ocrx_word' id='word_1_606' title='bbox 2955 1280 3159 1336; x_wconf 89' lang='lat' dir='ltr'><strong>cervice</strong></span> <span class='ocrx_word' id='word_1_607' title='bbox 3195 1292 3336 1337; x_wconf 89' lang='lat' dir='ltr'><strong>sunt.</strong></span> <span class='ocrx_word' id='word_1_608' title='bbox 3371 1284 3483 1339; x_wconf 86' lang='lat' dir='ltr'><strong>Non</strong></span> <span class='ocrx_word' id='word_1_609' title='bbox 3514 1296 3642 1341; x_wconf 86' lang='lat' dir='ltr'><strong>sunt</strong></span> 
     </span>
    </p>
   </div>
   <div class='ocr_carea' id='block_1_72' title="bbox 2061 1365 3643 1444">
    <p class='ocr_par' dir='ltr' id='par_1_72' title="bbox 2061 1365 3643 1444">
     <span class='ocr_line' id='line_1_72' title="bbox 2061 1365 3643 1444; baseline 0.009 -29"><span class='ocrx_word' id='word_1_610' title='bbox 2061 1376 2228 1431; x_wconf 87' lang='lat' dir='ltr'><strong>equus</strong></span> <span class='ocrx_word' id='word_1_611' title='bbox 2253 1372 2308 1418; x_wconf 91' lang='lat' dir='ltr'><strong>et</strong></span> <span class='ocrx_word' id='word_1_612' title='bbox 2336 1365 2507 1420; x_wconf 90' lang='lat' dir='ltr'><strong>mulus</strong></span> <span class='ocrx_word' id='word_1_613' title='bbox 2527 1408 2540 1431; x_wconf 93' lang='lat'><strong>,</strong></span> <span class='ocrx_word' id='word_1_614' title='bbox 2572 1367 2710 1423; x_wconf 89' lang='lat' dir='ltr'><strong>sicut</strong></span> <span class='ocrx_word' id='word_1_615' title='bbox 2737 1368 2825 1423; x_wconf 89' lang='lat' dir='ltr'><strong>ille</strong></span> <span class='ocrx_word' id='word_1_616' title='bbox 2862 1368 2957 1424; x_wconf 87' lang='lat' dir='ltr'><strong>bos</strong></span> <span class='ocrx_word' id='word_1_617' title='bbox 2982 1371 3072 1440; x_wconf 88' lang='lat' dir='ltr'><strong>qui</strong></span> <span class='ocrx_word' id='word_1_618' title='bbox 3119 1374 3329 1442; x_wconf 79' lang='lat' dir='ltr'><strong>agnovit</strong></span> <span class='ocrx_word' id='word_1_619' title='bbox 3366 1390 3643 1444; x_wconf 82' lang='lat' dir='ltr'><strong>possesso-</strong></span> 
     </span>
    </p>
   </div>
   <div class='ocr_carea' id='block_1_73' title="bbox 2062 1459 3639 1541">
    <p class='ocr_par' dir='ltr' id='par_1_73' title="bbox 2062 1459 3639 1541">
     <span class='ocr_line' id='line_1_73' title="bbox 2062 1459 3639 1541; baseline 0.013 -34"><span class='ocrx_word' id='word_1_620' title='bbox 2062 1469 2174 1509; x_wconf 89' lang='lat' dir='ltr'><strong>rem</strong></span> <span class='ocrx_word' id='word_1_621' title='bbox 2200 1471 2351 1510; x_wconf 91' lang='lat' dir='ltr'><strong>suum</strong></span> <span class='ocrx_word' id='word_1_622' title='bbox 2371 1499 2386 1522; x_wconf 90' lang='lat'><strong>,</strong></span> <span class='ocrx_word' id='word_1_623' title='bbox 2416 1467 2471 1512; x_wconf 89' lang='lat' dir='ltr'><strong>et</strong></span> <span class='ocrx_word' id='word_1_624' title='bbox 2490 1459 2671 1513; x_wconf 88' lang='lat' dir='ltr'><strong>asinus</strong></span> <span class='ocrx_word' id='word_1_625' title='bbox 2697 1470 2933 1531; x_wconf 70' lang='lat' dir='ltr'><strong>priesepe</strong></span> <span class='ocrx_word' id='word_1_626' title='bbox 2966 1462 3164 1518; x_wconf 90' lang='lat' dir='ltr'><strong>domini</strong></span> <span class='ocrx_word' id='word_1_627' title='bbox 3194 1466 3272 1520; x_wconf 87' lang='lat' dir='ltr'><strong>sui</strong></span> <span class='ocrx_word' id='word_1_628' title='bbox 3296 1466 3445 1536; x_wconf 85' lang='lat' dir='ltr'><strong>(Isai.</strong></span> <span class='ocrx_word' id='word_1_629' title='bbox 3472 1485 3523 1534; x_wconf 90' lang='grc' dir='ltr'><strong><em>ι,</em></strong></span> <span class='ocrx_word' id='word_1_630' title='bbox 3555 1471 3639 1541; x_wconf 82' lang='grc'><strong>5).</strong></span> 
     </span>
    </p>
   </div>
   <div class='ocr_carea' id='block_1_74' title="bbox 2063 1544 3638 1624">
    <p class='ocr_par' dir='ltr' id='par_1_74' title="bbox 2063 1544 3638 1624">
     <span class='ocr_line' id='line_1_74' title="bbox 2063 1544 3638 1624; baseline 0.012 -27"><span class='ocrx_word' id='word_1_631' title='bbox 2063 1544 2237 1601; x_wconf 77' lang='lat' dir='ltr'><strong>Nolite</strong></span> <span class='ocrx_word' id='word_1_632' title='bbox 2249 1563 2356 1602; x_wconf 89' lang='lat' dir='ltr'><strong>esse</strong></span> <span class='ocrx_word' id='word_1_633' title='bbox 2368 1549 2495 1605; x_wconf 84' lang='lat' dir='ltr'><strong>sicut</strong></span> <span class='ocrx_word' id='word_1_634' title='bbox 2509 1566 2662 1621; x_wconf 83' lang='lat' dir='ltr'><strong>equus</strong></span> <span class='ocrx_word' id='word_1_635' title='bbox 2679 1561 2724 1604; x_wconf 91' lang='lat' dir='ltr'><strong>et</strong></span> <span class='ocrx_word' id='word_1_636' title='bbox 2740 1553 2925 1619; x_wconf 86' lang='lat' dir='ltr'><strong>mulus,</strong></span> <span class='ocrx_word' id='word_1_637' title='bbox 2944 1555 3118 1624; x_wconf 87' lang='lat' dir='ltr'><strong>quibus</strong></span> <span class='ocrx_word' id='word_1_638' title='bbox 3133 1572 3231 1610; x_wconf 86' lang='lat' dir='ltr'><strong>non</strong></span> <span class='ocrx_word' id='word_1_639' title='bbox 3247 1571 3317 1611; x_wconf 88' lang='lat' dir='ltr'><strong>est</strong></span> <span class='ocrx_word' id='word_1_640' title='bbox 3336 1558 3404 1613; x_wconf 83' lang='lat' dir='ltr'><strong>in.</strong></span> <span class='ocrx_word' id='word_1_641' title='bbox 3414 1561 3638 1617; x_wconf 65' lang='lat' dir='ltr'><strong>allectus.</strong></span> 
     </span>
    </p>
   </div>
   <div class='ocr_carea' id='block_1_75' title="bbox 2060 1638 3641 1717">
    <p class='ocr_par' dir='ltr' id='par_1_75' title="bbox 2060 1638 3641 1717">
     <span class='ocr_line' id='line_1_75' title="bbox 2060 1638 3641 1717; baseline 0.01 -25"><span class='ocrx_word' id='word_1_642' title='bbox 2060 1638 2197 1706; x_wconf 87' lang='lat' dir='ltr'><strong>Quid</strong></span> <span class='ocrx_word' id='word_1_643' title='bbox 2223 1640 2362 1695; x_wconf 91' lang='lat' dir='ltr'><strong>enim</strong></span> <span class='ocrx_word' id='word_1_644' title='bbox 2393 1642 2662 1710; x_wconf 88' lang='lat' dir='ltr'><strong>patiuntur</strong></span> <span class='ocrx_word' id='word_1_645' title='bbox 2689 1644 2852 1698; x_wconf 84' lang='lat' dir='ltr'><strong>tales?</strong></span> <span class='ocrx_word' id='word_1_646' title='bbox 2876 1644 2940 1699; x_wconf 91' lang='lat' dir='ltr'><strong>In</strong></span> <span class='ocrx_word' id='word_1_647' title='bbox 2966 1650 3107 1717; x_wconf 77' lang='lat' dir='ltr'><strong>freno</strong></span> <span class='ocrx_word' id='word_1_648' title='bbox 3137 1658 3182 1701; x_wconf 91' lang='lat' dir='ltr'><strong>et</strong></span> <span class='ocrx_word' id='word_1_649' title='bbox 3214 1666 3356 1704; x_wconf 87' lang='lat' dir='ltr'><strong>camo</strong></span> <span class='ocrx_word' id='word_1_650' title='bbox 3397 1653 3641 1710; x_wconf 76' lang='lat' dir='ltr'><strong>maxillas</strong></span> 
     </span>
    </p>
   </div>
   <div class='ocr_carea' id='block_1_76' title="bbox 2059 1732 3643 1813">
    <p class='ocr_par' dir='ltr' id='par_1_76' title="bbox 2059 1732 3643 1813">
     <span class='ocr_line' id='line_1_76' title="bbox 2059 1732 3643 1813; baseline 0.012 -33"><span class='ocrx_word' id='word_1_651' title='bbox 2059 1743 2230 1782; x_wconf 87' lang='lat' dir='ltr'><strong>eorum</strong></span> <span class='ocrx_word' id='word_1_652' title='bbox 2252 1732 2533 1802; x_wconf 84' lang='lat' dir='ltr'><strong>constringe</strong></span> <span class='ocrx_word' id='word_1_653' title='bbox 2549 1773 2564 1798; x_wconf 95' lang='lat'><strong>,</strong></span> <span class='ocrx_word' id='word_1_654' title='bbox 2591 1734 2677 1803; x_wconf 88' lang='lat' dir='ltr'><strong>qui</strong></span> <span class='ocrx_word' id='word_1_655' title='bbox 2700 1750 2799 1789; x_wconf 88' lang='lat' dir='ltr'><strong>non</strong></span> <span class='ocrx_word' id='word_1_656' title='bbox 2823 1739 3228 1808; x_wconf 84' lang='lat' dir='ltr'><strong>appropinquant</strong></span> <span class='ocrx_word' id='word_1_657' title='bbox 3255 1740 3324 1793; x_wconf 89' lang='lat' dir='ltr'><strong>ad</strong></span> <span class='ocrx_word' id='word_1_658' title='bbox 3350 1751 3416 1795; x_wconf 89' lang='lat' dir='ltr'><strong>te.</strong></span> <span class='ocrx_word' id='word_1_659' title='bbox 3457 1743 3643 1813; x_wconf 85' lang='lat' dir='ltr'><strong>Equns&#39;</strong></span> 
     </span>
    </p>
   </div>
   <div class='ocr_carea' id='block_1_77' title="bbox 2059 1819 3641 1889">
    <p class='ocr_par' dir='ltr' id='par_1_77' title="bbox 2059 1819 3641 1889">
     <span class='ocr_line' id='line_1_77' title="bbox 2059 1819 3641 1889; baseline 0.011 -18"><span class='ocrx_word' id='word_1_660' title='bbox 2059 1827 2114 1872; x_wconf 90' lang='lat' dir='ltr'><strong>et</strong></span> <span class='ocrx_word' id='word_1_661' title='bbox 2134 1819 2307 1874; x_wconf 88' lang='lat' dir='ltr'><strong>mulus</strong></span> <span class='ocrx_word' id='word_1_662' title='bbox 2330 1821 2410 1875; x_wconf 87' lang='lat' dir='ltr'><strong>vis</strong></span> <span class='ocrx_word' id='word_1_663' title='bbox 2430 1836 2570 1889; x_wconf 88' lang='lat' dir='ltr'><strong>esse,</strong></span> <span class='ocrx_word' id='word_1_664' title='bbox 2596 1824 2676 1878; x_wconf 86' lang='lat' dir='ltr'><strong>vis</strong></span> <span class='ocrx_word' id='word_1_665' title='bbox 2695 1839 2799 1879; x_wconf 89' lang='lat' dir='ltr'><strong>non</strong></span> <span class='ocrx_word' id='word_1_666' title='bbox 2821 1824 3017 1882; x_wconf 84' lang='lat' dir='ltr'><strong>habere</strong></span> <span class='ocrx_word' id='word_1_667' title='bbox 3036 1842 3301 1884; x_wconf 89' lang='lat' dir='ltr'><strong>sessorem</strong></span> <span class='ocrx_word' id='word_1_668' title='bbox 3322 1832 3345 1883; x_wconf 82' lang='lat' dir='ltr'><strong>‘t</strong></span> <span class='ocrx_word' id='word_1_669' title='bbox 3364 1833 3641 1889; x_wconf 76' lang='lat' dir='ltr'><strong>Constrin-</strong></span> 
     </span>
    </p>
   </div>
   <div class='ocr_carea' id='block_1_78' title="bbox 2059 1915 3639 1994">
    <p class='ocr_par' dir='ltr' id='par_1_78' title="bbox 2059 1915 3639 1994">
     <span class='ocr_line' id='line_1_78' title="bbox 2059 1915 3639 1994; baseline 0.011 -32"><span class='ocrx_word' id='word_1_670' title='bbox 2059 1921 2212 1980; x_wconf 79' lang='lat' dir='ltr'><strong>getar</strong></span> <span class='ocrx_word' id='word_1_671' title='bbox 2230 1925 2290 1964; x_wconf 93' lang='lat' dir='ltr'><strong>os</strong></span> <span class='ocrx_word' id='word_1_672' title='bbox 2311 1920 2456 1966; x_wconf 91' lang='lat' dir='ltr'><strong>tuum</strong></span> <span class='ocrx_word' id='word_1_673' title='bbox 2477 1921 2531 1968; x_wconf 90' lang='lat' dir='ltr'><strong>et</strong></span> <span class='ocrx_word' id='word_1_674' title='bbox 2554 1915 2778 1970; x_wconf 62' lang='lat' dir='ltr'><strong>maxillae</strong></span> <span class='ocrx_word' id='word_1_675' title='bbox 2800 1924 2904 1971; x_wconf 67' lang='lat' dir='ltr'><strong>tua:</strong></span> <span class='ocrx_word' id='word_1_676' title='bbox 2929 1917 2981 1972; x_wconf 92' lang='lat' dir='ltr'><strong>in</strong></span> <span class='ocrx_word' id='word_1_677' title='bbox 3003 1917 3150 1973; x_wconf 80' lang='lat' dir='ltr'><strong>freno</strong></span> <span class='ocrx_word' id='word_1_678' title='bbox 3175 1930 3228 1975; x_wconf 88' lang='lat' dir='ltr'><strong>et</strong></span> <span class='ocrx_word' id='word_1_679' title='bbox 3252 1936 3406 1978; x_wconf 89' lang='lat' dir='ltr'><strong>camo</strong></span> <span class='ocrx_word' id='word_1_680' title='bbox 3428 1940 3443 1978; x_wconf 91' lang='lat'><strong>:</strong></span> <span class='ocrx_word' id='word_1_681' title='bbox 3466 1924 3639 1994; x_wconf 85' lang='lat' dir='ltr'><strong>ipsum</strong></span> 
     </span>
    </p>
   </div>
   <div class='ocr_carea' id='block_1_79' title="bbox 2060 2003 3642 2077">
    <p class='ocr_par' dir='ltr' id='par_1_79' title="bbox 2060 2003 3642 2077">
     <span class='ocr_line' id='line_1_79' title="bbox 2060 2003 3642 2077; baseline 0.011 -23"><span class='ocrx_word' id='word_1_682' title='bbox 2060 2015 2121 2054; x_wconf 89' lang='lat' dir='ltr'><strong>os</strong></span> <span class='ocrx_word' id='word_1_683' title='bbox 2147 2008 2293 2056; x_wconf 87' lang='lat' dir='ltr'><strong>tuum</strong></span> <span class='ocrx_word' id='word_1_684' title='bbox 2319 2003 2726 2075; x_wconf 78' lang='lat' dir='ltr'><strong>constringetur,</strong></span> <span class='ocrx_word' id='word_1_685' title='bbox 2752 2021 2859 2077; x_wconf 90' lang='lat' dir='ltr'><strong>quo</strong></span> <span class='ocrx_word' id='word_1_686' title='bbox 2876 2007 3044 2077; x_wconf 88' lang='lat' dir='ltr'><strong>jactas</strong></span> <span class='ocrx_word' id='word_1_687' title='bbox 3072 2012 3256 2065; x_wconf 88' lang='lat' dir='ltr'><strong>merita</strong></span> <span class='ocrx_word' id='word_1_688' title='bbox 3285 2021 3392 2076; x_wconf 87' lang='lat' dir='ltr'><strong>tua,</strong></span> <span class='ocrx_word' id='word_1_689' title='bbox 3416 2026 3469 2070; x_wconf 90' lang='lat' dir='ltr'><strong>et</strong></span> <span class='ocrx_word' id='word_1_690' title='bbox 3494 2025 3642 2071; x_wconf 84' lang='lat' dir='ltr'><strong>taces</strong></span> 
     </span>
    </p>
   </div>
   <div class='ocr_carea' id='block_1_80' title="bbox 2060 2095 3642 2179">
    <p class='ocr_par' dir='ltr' id='par_1_80' title="bbox 2060 2095 3642 2179">
     <span class='ocr_line' id='line_1_80' title="bbox 2060 2095 3642 2179; baseline 0.009 -31"><span class='ocrx_word' id='word_1_691' title='bbox 2060 2104 2274 2164; x_wconf 89' lang='lat' dir='ltr'><strong>peccata</strong></span> <span class='ocrx_word' id='word_1_692' title='bbox 2302 2103 2411 2150; x_wconf 90' lang='lat' dir='ltr'><strong>tua.</strong></span> <span class='ocrx_word' id='word_1_693' title='bbox 2435 2095 2677 2152; x_wconf 70' lang='lat' dir='ltr'><strong>Maxillas</strong></span> <span class='ocrx_word' id='word_1_694' title='bbox 2701 2115 2872 2153; x_wconf 91' lang='lat' dir='ltr'><strong>eorum</strong></span> <span class='ocrx_word' id='word_1_695' title='bbox 2893 2104 3192 2175; x_wconf 86' lang='lat' dir='ltr'><strong>constringe,</strong></span> <span class='ocrx_word' id='word_1_696' title='bbox 3214 2105 3301 2175; x_wconf 86' lang='lat' dir='ltr'><strong>qui</strong></span> <span class='ocrx_word' id='word_1_697' title='bbox 3324 2121 3422 2160; x_wconf 88' lang='lat' dir='ltr'><strong>non</strong></span> <span class='ocrx_word' id='word_1_698' title='bbox 3445 2124 3642 2179; x_wconf 83' lang='lat' dir='ltr'><strong>appro-</strong></span> 
     </span>
    </p>
   </div>
   <div class='ocr_carea' id='block_1_81' title="bbox 2064 2188 3507 2257">
    <p class='ocr_par' dir='ltr' id='par_1_81' title="bbox 2064 2188 3507 2257">
     <span class='ocr_line' id='line_1_81' title="bbox 2064 2188 3507 2257; baseline 0.011 -18"><span class='ocrx_word' id='word_1_699' title='bbox 2064 2188 2308 2257; x_wconf 88' lang='lat' dir='ltr'><strong>pinquant</strong></span> <span class='ocrx_word' id='word_1_700' title='bbox 2332 2188 2401 2242; x_wconf 87' lang='lat' dir='ltr'><strong>ad</strong></span> <span class='ocrx_word' id='word_1_701' title='bbox 2424 2197 2472 2243; x_wconf 90' lang='lat' dir='ltr'><strong>te</strong></span> <span class='ocrx_word' id='word_1_702' title='bbox 2494 2188 2818 2247; x_wconf 88' lang='lat' dir='ltr'><strong>bumiliando</strong></span> <span class='ocrx_word' id='word_1_703' title='bbox 2843 2207 2922 2248; x_wconf 88' lang='lat' dir='ltr'><strong>se.</strong></span> <span class='ocrx_word' id='word_1_704' title='bbox 3498 2242 3507 2245; x_wconf 86' lang='grc'><strong><em>-</em></strong></span> 
     </span>
    </p>
   </div>
   <div class='ocr_carea' id='block_1_82' title="bbox 2131 2276 3641 2357">
    <p class='ocr_par' dir='ltr' id='par_1_82' title="bbox 2131 2276 3641 2357">
     <span class='ocr_line' id='line_1_82' title="bbox 2131 2276 3641 2357; baseline 0.01 -25"><span class='ocrx_word' id='word_1_705' title='bbox 2131 2277 2220 2334; x_wconf 75' lang='grc'><strong>25.</strong></span> <span class='ocrx_word' id='word_1_706' title='bbox 2262 2276 2430 2352; x_wconf 85' lang='lat' dir='ltr'><strong>[vers.</strong></span> <span class='ocrx_word' id='word_1_707' title='bbox 2464 2280 2577 2354; x_wconf 66' lang='lat'><strong>10.]</strong></span> <span class='ocrx_word' id='word_1_708' title='bbox 2618 2280 2785 2337; x_wconf 75' lang='lat' dir='ltr'><strong>Multa</strong></span> <span class='ocrx_word' id='word_1_709' title='bbox 2825 2284 3031 2357; x_wconf 76' lang='lat' dir='ltr'><strong>ﬂagella</strong></span> <span class='ocrx_word' id='word_1_710' title='bbox 3071 2289 3363 2357; x_wconf 85' lang='lat' dir='ltr'><strong>peccatoris.</strong></span> <span class='ocrx_word' id='word_1_711' title='bbox 3415 2288 3528 2345; x_wconf 83' lang='lat' dir='ltr'><strong>Non</strong></span> <span class='ocrx_word' id='word_1_712' title='bbox 3555 2303 3641 2348; x_wconf 81' lang='lat' dir='ltr'><strong>est</strong></span> 
     </span>
    </p>
   </div>
   <div class='ocr_carea' id='block_1_83' title="bbox 2062 2367 3641 2448">
    <p class='ocr_par' dir='ltr' id='par_1_83' title="bbox 2062 2367 3641 2448">
     <span class='ocr_line' id='line_1_83' title="bbox 2062 2367 3641 2448; baseline 0.01 -28"><span class='ocrx_word' id='word_1_713' title='bbox 2062 2367 2253 2422; x_wconf 90' lang='lat' dir='ltr'><strong>mirum</strong></span> <span class='ocrx_word' id='word_1_714' title='bbox 2279 2368 2324 2423; x_wconf 86' lang='lat' dir='ltr'><strong>si</strong></span> <span class='ocrx_word' id='word_1_715' title='bbox 2362 2368 2598 2425; x_wconf 89' lang='lat' dir='ltr'><strong>adhibito</strong></span> <span class='ocrx_word' id='word_1_716' title='bbox 2640 2369 2790 2426; x_wconf 83' lang='lat' dir='ltr'><strong>freno</strong></span> <span class='ocrx_word' id='word_1_717' title='bbox 2826 2384 3120 2444; x_wconf 90' lang='lat' dir='ltr'><strong>sequuntur</strong></span> <span class='ocrx_word' id='word_1_718' title='bbox 3149 2376 3372 2448; x_wconf 86' lang='lat' dir='ltr'><strong>ﬂagella.</strong></span> <span class='ocrx_word' id='word_1_719' title='bbox 3404 2379 3641 2436; x_wconf 77' lang='lat' dir='ltr'><strong>indomi-</strong></span> 
     </span>
    </p>
   </div>
   <div class='ocr_carea' id='block_1_84' title="bbox 2064 2460 3642 2535">
    <p class='ocr_par' dir='ltr' id='par_1_84' title="bbox 2064 2460 3642 2535">
     <span class='ocr_line' id='line_1_84' title="bbox 2064 2460 3642 2535; baseline 0.011 -24"><span class='ocrx_word' id='word_1_720' title='bbox 2064 2466 2174 2512; x_wconf 89' lang='lat' dir='ltr'><strong>tum</strong></span> <span class='ocrx_word' id='word_1_721' title='bbox 2220 2460 2361 2515; x_wconf 90' lang='lat' dir='ltr'><strong>enim</strong></span> <span class='ocrx_word' id='word_1_722' title='bbox 2406 2461 2600 2515; x_wconf 88' lang='lat' dir='ltr'><strong>animal</strong></span> <span class='ocrx_word' id='word_1_723' title='bbox 2633 2477 2755 2519; x_wconf 90' lang='lat' dir='ltr'><strong>esse</strong></span> <span class='ocrx_word' id='word_1_724' title='bbox 2793 2465 3057 2535; x_wconf 89' lang='lat' dir='ltr'><strong>cupiebat,</strong></span> <span class='ocrx_word' id='word_1_725' title='bbox 3103 2467 3346 2525; x_wconf 87' lang='lat' dir='ltr'><strong>domatur</strong></span> <span class='ocrx_word' id='word_1_726' title='bbox 3390 2470 3540 2528; x_wconf 81' lang='lat' dir='ltr'><strong>freno</strong></span> <span class='ocrx_word' id='word_1_727' title='bbox 3586 2487 3642 2530; x_wconf 83' lang='lat' dir='ltr'><strong>et</strong></span> 
     </span>
    </p>
   </div>
   <div class='ocr_carea' id='block_1_85' title="bbox 2062 2548 3642 2625">
    <p class='ocr_par' dir='ltr' id='par_1_85' title="bbox 2062 2548 3642 2625">
     <span class='ocr_line' id='line_1_85' title="bbox 2062 2548 3642 2625; baseline 0.013 -24"><span class='ocrx_word' id='word_1_728' title='bbox 2062 2548 2308 2619; x_wconf 89' lang='lat' dir='ltr'><strong>ﬂagello:</strong></span> <span class='ocrx_word' id='word_1_729' title='bbox 2353 2560 2511 2622; x_wconf 86' lang='lat' dir='ltr'><strong>atque</strong></span> <span class='ocrx_word' id='word_1_730' title='bbox 2547 2553 2750 2608; x_wconf 88' lang='lat' dir='ltr'><strong>utinam</strong></span> <span class='ocrx_word' id='word_1_731' title='bbox 2781 2555 3157 2625; x_wconf 90' lang='lat' dir='ltr'><strong>perdometur!</strong></span> <span class='ocrx_word' id='word_1_732' title='bbox 3204 2559 3503 2619; x_wconf 84' lang='lat' dir='ltr'><strong>Verendum</strong></span> <span class='ocrx_word' id='word_1_733' title='bbox 3557 2577 3642 2621; x_wconf 79' lang='lat' dir='ltr'><strong>est</strong></span> 
     </span>
    </p>
   </div>
   <div class='ocr_carea' id='block_1_86' title="bbox 2062 2631 3641 2728">
    <p class='ocr_par' dir='ltr' id='par_1_86' title="bbox 2062 2631 3641 2728">
     <span class='ocr_line' id='line_1_86' title="bbox 2062 2631 3641 2728; baseline 0.012 -34"><span class='ocrx_word' id='word_1_734' title='bbox 2062 2640 2205 2695; x_wconf 89' lang='lat' dir='ltr'><strong>enim</strong></span> <span class='ocrx_word' id='word_1_735' title='bbox 2251 2656 2317 2696; x_wconf 91' lang='lat' dir='ltr'><strong>ne</strong></span> <span class='ocrx_word' id='word_1_736' title='bbox 2359 2642 2577 2699; x_wconf 89' lang='lat' dir='ltr'><strong>nimium</strong></span> <span class='ocrx_word' id='word_1_737' title='bbox 2624 2631 2943 2715; x_wconf 69' lang='lat' dir='ltr'><strong>reSistendo,</strong></span> <span class='ocrx_word' id='word_1_738' title='bbox 2992 2649 3305 2708; x_wconf 88' lang='lat' dir='ltr'><strong>indomitum</strong></span> <span class='ocrx_word' id='word_1_739' title='bbox 3353 2655 3369 2687; x_wconf 75' lang='grc'>⁸</span> <span class='ocrx_word' id='word_1_740' title='bbox 3413 2656 3641 2728; x_wconf 85' lang='lat' dir='ltr'><strong>relinqui</strong></span> 
     </span>
    </p>
   </div>
   <div class='ocr_carea' id='block_1_87' title="bbox 2065 2738 3643 2813">
    <p class='ocr_par' dir='ltr' id='par_1_87' title="bbox 2065 2738 3643 2813">
     <span class='ocr_line' id='line_1_87' title="bbox 2065 2738 3643 2813; baseline 0.011 -26"><span class='ocrx_word' id='word_1_741' title='bbox 2065 2744 2348 2802; x_wconf 90' lang='lat' dir='ltr'><strong>mereatur,</strong></span> <span class='ocrx_word' id='word_1_742' title='bbox 2381 2746 2435 2791; x_wconf 88' lang='lat' dir='ltr'><strong>et</strong></span> <span class='ocrx_word' id='word_1_743' title='bbox 2459 2738 2534 2793; x_wconf 90' lang='lat' dir='ltr'><strong>ire</strong></span> <span class='ocrx_word' id='word_1_744' title='bbox 2564 2741 2615 2793; x_wconf 91' lang='lat' dir='ltr'><strong>in</strong></span> <span class='ocrx_word' id='word_1_745' title='bbox 2642 2753 2793 2795; x_wconf 87' lang='lat' dir='ltr'><strong>suam</strong></span> <span class='ocrx_word' id='word_1_746' title='bbox 2818 2756 3002 2813; x_wconf 88' lang='lat' dir='ltr'><strong>vagam</strong></span> <span class='ocrx_word' id='word_1_747' title='bbox 3036 2742 3324 2809; x_wconf 89' lang='lat' dir='ltr'><strong>licentiam,</strong></span> <span class='ocrx_word' id='word_1_748' title='bbox 3352 2757 3411 2801; x_wconf 90' lang='lat' dir='ltr'><strong>ut</strong></span> <span class='ocrx_word' id='word_1_749' title='bbox 3434 2748 3643 2804; x_wconf 86' lang='lat' dir='ltr'><strong>dicatur</strong></span> 
     </span>
    </p>
   </div>
   <div class='ocr_carea' id='block_1_88' title="bbox 2064 2825 3643 2909">
    <p class='ocr_par' dir='ltr' id='par_1_88' title="bbox 2064 2825 3643 2909">
     <span class='ocr_line' id='line_1_88' title="bbox 2064 2825 3643 2909; baseline 0.011 -29"><span class='ocrx_word' id='word_1_750' title='bbox 2064 2825 2131 2881; x_wconf 89' lang='lat' dir='ltr'><strong>de</strong></span> <span class='ocrx_word' id='word_1_751' title='bbox 2177 2827 2302 2883; x_wconf 89' lang='lat' dir='ltr'><strong>illo:</strong></span> <span class='ocrx_word' id='word_1_752' title='bbox 2354 2827 2563 2885; x_wconf 83' lang='lat' dir='ltr'><strong>Prodiet</strong></span> <span class='ocrx_word' id='word_1_753' title='bbox 2605 2841 2843 2905; x_wconf 86' lang='lat' dir='ltr'><strong>tanquam</strong></span> <span class='ocrx_word' id='word_1_754' title='bbox 2890 2848 2954 2889; x_wconf 78' lang='lat' dir='ltr'><strong>ea:</strong></span> <span class='ocrx_word' id='word_1_755' title='bbox 2994 2836 3145 2904; x_wconf 88' lang='lat' dir='ltr'><strong>adipe</strong></span> <span class='ocrx_word' id='word_1_756' title='bbox 3186 2839 3423 2909; x_wconf 86' lang='lat' dir='ltr'><strong>iniquitas</strong></span> <span class='ocrx_word' id='word_1_757' title='bbox 3467 2859 3643 2897; x_wconf 80' lang='lat' dir='ltr'><strong>earum</strong></span> 
     </span>
    </p>
   </div>
   <div class='ocr_carea' id='block_1_89' title="bbox 2066 2915 3677 3001">
    <p class='ocr_par' dir='ltr' id='par_1_89' title="bbox 2066 2915 3677 3001">
     <span class='ocr_line' id='line_1_89' title="bbox 2066 2915 3677 3001; baseline 0.012 -32"><span class='ocrx_word' id='word_1_758' title='bbox 2066 2915 2235 2987; x_wconf 87' lang='lat' dir='ltr'><strong>(Psal.</strong></span> <span class='ocrx_word' id='word_1_759' title='bbox 2263 2935 2403 2975; x_wconf 76' lang='lat' dir='ltr'><strong>Lxxtt</strong></span> <span class='ocrx_word' id='word_1_760' title='bbox 2423 2961 2439 2987; x_wconf 95' lang='lat'><strong>,</strong></span> <span class='ocrx_word' id='word_1_761' title='bbox 2467 2920 2524 2992; x_wconf 91' lang='lat'><strong>7)</strong></span> <span class='ocrx_word' id='word_1_762' title='bbox 2550 2941 2563 2976; x_wconf 90' lang='lat'><strong>:</strong></span> <span class='ocrx_word' id='word_1_763' title='bbox 2590 2922 2725 2978; x_wconf 90' lang='lat' dir='ltr'><strong>sicut</strong></span> <span class='ocrx_word' id='word_1_764' title='bbox 2749 2924 2963 3001; x_wconf 66' lang='lat' dir='ltr'><strong>dejllis,</strong></span> <span class='ocrx_word' id='word_1_765' title='bbox 2995 2928 3184 2997; x_wconf 84' lang='lat' dir='ltr'><strong>quibus</strong></span> <span class='ocrx_word' id='word_1_766' title='bbox 3211 2930 3370 2985; x_wconf 92' lang='lat' dir='ltr'><strong>modo</strong></span> <span class='ocrx_word' id='word_1_767' title='bbox 3396 2944 3518 2986; x_wconf 91' lang='lat' dir='ltr'><strong>sunt</strong></span> <span class='ocrx_word' id='word_1_768' title='bbox 3544 2934 3644 2988; x_wconf 77' lang='lat' dir='ltr'><strong>im-</strong></span> <span class='ocrx_word' id='word_1_769' title='bbox 3668 2916 3677 2923; x_wconf 29' lang='lat' dir='ltr'><strong>l</strong></span> 
     </span>
    </p>
   </div>
   <div class='ocr_carea' id='block_1_90' title="bbox 2066 3006 3642 3092">
    <p class='ocr_par' dir='ltr' id='par_1_90' title="bbox 2066 3006 3642 3092">
     <span class='ocr_line' id='line_1_90' title="bbox 2066 3006 3642 3092; baseline 0.008 -29"><span class='ocrx_word' id='word_1_770' title='bbox 2066 3010 2243 3078; x_wconf 89' lang='lat' dir='ltr'><strong>punita</strong></span> <span class='ocrx_word' id='word_1_771' title='bbox 2269 3021 2502 3080; x_wconf 89' lang='lat' dir='ltr'><strong>peccata.</strong></span> <span class='ocrx_word' id='word_1_772' title='bbox 2530 3012 2669 3085; x_wconf 87' lang='lat' dir='ltr'><strong>Ergo</strong></span> <span class='ocrx_word' id='word_1_773' title='bbox 2692 3006 2812 3069; x_wconf 88' lang='lat' dir='ltr'><strong>cum</strong></span> <span class='ocrx_word' id='word_1_774' title='bbox 2838 3013 3166 3087; x_wconf 79' lang='lat' dir='ltr'><strong>ﬂagellatur,</strong></span> <span class='ocrx_word' id='word_1_775' title='bbox 3199 3022 3510 3092; x_wconf 84' lang='lat' dir='ltr'><strong>corrigatur,</strong></span> <span class='ocrx_word' id='word_1_776' title='bbox 3538 3024 3642 3077; x_wconf 81' lang='lat' dir='ltr'><strong>du-</strong></span> 
     </span>
    </p>
   </div>
   <div class='ocr_carea' id='block_1_91' title="bbox 2065 3105 3643 3185">
    <p class='ocr_par' dir='ltr' id='par_1_91' title="bbox 2065 3105 3643 3185">
     <span class='ocr_line' id='line_1_91' title="bbox 2065 3105 3643 3185; baseline 0.009 -29"><span class='ocrx_word' id='word_1_777' title='bbox 2065 3112 2266 3168; x_wconf 87' lang='lat' dir='ltr'><strong>metur;</strong></span> <span class='ocrx_word' id='word_1_778' title='bbox 2310 3105 2431 3185; x_wconf 86' lang='lat' dir='ltr'><strong>quia</strong></span> <span class='ocrx_word' id='word_1_779' title='bbox 2462 3114 2517 3161; x_wconf 90' lang='lat' dir='ltr'><strong>et</strong></span> <span class='ocrx_word' id='word_1_780' title='bbox 2563 3107 2661 3163; x_wconf 89' lang='lat' dir='ltr'><strong>iste</strong></span> <span class='ocrx_word' id='word_1_781' title='bbox 2702 3109 2778 3163; x_wconf 91' lang='lat' dir='ltr'><strong>sic</strong></span> <span class='ocrx_word' id='word_1_782' title='bbox 2821 3124 2880 3164; x_wconf 89' lang='lat' dir='ltr'><strong>se</strong></span> <span class='ocrx_word' id='word_1_783' title='bbox 2917 3110 3049 3166; x_wconf 83' lang='lat' dir='ltr'><strong>dixit</strong></span> <span class='ocrx_word' id='word_1_784' title='bbox 3090 3112 3400 3169; x_wconf 90' lang='lat' dir='ltr'><strong>edomitum.</strong></span> <span class='ocrx_word' id='word_1_785' title='bbox 3434 3115 3643 3185; x_wconf 85' lang='lat' dir='ltr'><strong>Equum</strong></span> 
     </span>
    </p>
   </div>
   <div class='ocr_carea' id='block_1_92' title="bbox 2065 3182 3645 3272">
    <p class='ocr_par' dir='ltr' id='par_1_92' title="bbox 2065 3182 3645 3272">
     <span class='ocr_line' id='line_1_92' title="bbox 2065 3182 3645 3272; baseline 0.009 -23"><span class='ocrx_word' id='word_1_786' title='bbox 2065 3201 2120 3249; x_wconf 86' lang='lat' dir='ltr'><strong>et</strong></span> <span class='ocrx_word' id='word_1_787' title='bbox 2141 3196 2340 3250; x_wconf 89' lang='lat' dir='ltr'><strong>mulum</strong></span> <span class='ocrx_word' id='word_1_788' title='bbox 2368 3182 2427 3251; x_wconf 83' lang='lat' dir='ltr'><strong>se</strong></span> <span class='ocrx_word' id='word_1_789' title='bbox 2446 3197 2670 3261; x_wconf 80' lang='lat' dir='ltr'><strong>dixerat,</strong></span> <span class='ocrx_word' id='word_1_790' title='bbox 2697 3201 2945 3272; x_wconf 90' lang='lat' dir='ltr'><strong>quoniam</strong></span> <span class='ocrx_word' id='word_1_791' title='bbox 2970 3203 3132 3258; x_wconf 88' lang='lat' dir='ltr'><strong>tacuit</strong></span> <span class='ocrx_word' id='word_1_792' title='bbox 3156 3223 3168 3259; x_wconf 91' lang='lat'><strong>:</strong></span> <span class='ocrx_word' id='word_1_793' title='bbox 3197 3205 3290 3260; x_wconf 89' lang='lat' dir='ltr'><strong>sed</strong></span> <span class='ocrx_word' id='word_1_794' title='bbox 3311 3206 3447 3261; x_wconf 87' lang='lat' dir='ltr'><strong>unde</strong></span> <span class='ocrx_word' id='word_1_795' title='bbox 3470 3182 3645 3262; x_wconf 84' lang='lat' dir='ltr'><strong>domi-</strong></span> 
     </span>
    </p>
   </div>
   <div class='ocr_carea' id='block_1_93' title="bbox 2067 3286 3645 3366">
    <p class='ocr_par' dir='ltr' id='par_1_93' title="bbox 2067 3286 3645 3366">
     <span class='ocr_line' id='line_1_93' title="bbox 2067 3286 3645 3366; baseline 0.008 -26"><span class='ocrx_word' id='word_1_796' title='bbox 2067 3295 2154 3340; x_wconf 90' lang='lat' dir='ltr'><strong>tus</strong></span> <span class='ocrx_word' id='word_1_797' title='bbox 2177 3288 2295 3342; x_wconf 83' lang='lat' dir='ltr'><strong>est?</strong></span> <span class='ocrx_word' id='word_1_798' title='bbox 2320 3286 2586 3359; x_wconf 88' lang='lat' dir='ltr'><strong>Flagellis.</strong></span> <span class='ocrx_word' id='word_1_799' title='bbox 2616 3289 2891 3347; x_wconf 85' lang='lat' dir='ltr'><strong>Conversus</strong></span> <span class='ocrx_word' id='word_1_800' title='bbox 2916 3311 3029 3349; x_wconf 89' lang='lat' dir='ltr'><strong>sum</strong></span> <span class='ocrx_word' id='word_1_801' title='bbox 3049 3338 3063 3360; x_wconf 96' lang='lat'><strong>,</strong></span> <span class='ocrx_word' id='word_1_802' title='bbox 3095 3296 3300 3366; x_wconf 89' lang='lat' dir='ltr'><strong>inquit,</strong></span> <span class='ocrx_word' id='word_1_803' title='bbox 3333 3299 3385 3352; x_wconf 88' lang='lat' dir='ltr'><strong>in</strong></span> <span class='ocrx_word' id='word_1_804' title='bbox 3414 3314 3645 3353; x_wconf 64' lang='lat' dir='ltr'><strong>erumna</strong></span> 
     </span>
    </p>
   </div>
   <div class='ocr_carea' id='block_1_94' title="bbox 2065 3368 3646 3457">
    <p class='ocr_par' dir='ltr' id='par_1_94' title="bbox 2065 3368 3646 3457">
     <span class='ocr_line' id='line_1_94' title="bbox 2065 3368 3646 3457; baseline 0.009 -27"><span class='ocrx_word' id='word_1_805' title='bbox 2065 3394 2196 3443; x_wconf 86' lang='lat' dir='ltr'><strong>mea,</strong></span> <span class='ocrx_word' id='word_1_806' title='bbox 2222 3377 2342 3432; x_wconf 89' lang='lat' dir='ltr'><strong>dum</strong></span> <span class='ocrx_word' id='word_1_807' title='bbox 2368 3368 2701 3452; x_wconf 82' lang='lat' dir='ltr'><strong>conﬁgeretur</strong></span> <span class='ocrx_word' id='word_1_808' title='bbox 2728 3384 2892 3455; x_wconf 86' lang='lat' dir='ltr'><strong>spina.</strong></span> <span class='ocrx_word' id='word_1_809' title='bbox 2923 3383 3043 3441; x_wconf 88' lang='lat' dir='ltr'><strong>Sive</strong></span> <span class='ocrx_word' id='word_1_810' title='bbox 3073 3385 3277 3455; x_wconf 79' lang='lat' dir='ltr'><strong>ﬂagella</strong></span> <span class='ocrx_word' id='word_1_811' title='bbox 3315 3388 3460 3442; x_wconf 87' lang='lat' dir='ltr'><strong>dicas</strong></span> <span class='ocrx_word' id='word_1_812' title='bbox 3483 3431 3498 3457; x_wconf 94' lang='lat'><strong>,</strong></span> <span class='ocrx_word' id='word_1_813' title='bbox 3527 3391 3646 3445; x_wconf 80' lang='lat' dir='ltr'><strong>sive</strong></span> 
     </span>
    </p>
   </div>
   <div class='ocr_carea' id='block_1_95' title="bbox 2066 3468 3642 3546">
    <p class='ocr_par' dir='ltr' id='par_1_95' title="bbox 2066 3468 3642 3546">
     <span class='ocr_line' id='line_1_95' title="bbox 2066 3468 3642 3546; baseline 0.008 -23"><span class='ocrx_word' id='word_1_814' title='bbox 2066 3468 2311 3524; x_wconf 88' lang='lat' dir='ltr'><strong>stimulos</strong></span> <span class='ocrx_word' id='word_1_815' title='bbox 2354 3470 2518 3537; x_wconf 89' lang='lat' dir='ltr'><strong>dicas,</strong></span> <span class='ocrx_word' id='word_1_816' title='bbox 2558 3473 2737 3528; x_wconf 86' lang='lat' dir='ltr'><strong>domat</strong></span> <span class='ocrx_word' id='word_1_817' title='bbox 2780 3474 2919 3530; x_wconf 88' lang='lat' dir='ltr'><strong>Deus</strong></span> <span class='ocrx_word' id='word_1_818' title='bbox 2948 3475 3244 3546; x_wconf 87' lang='lat' dir='ltr'><strong>jumentum</strong></span> <span class='ocrx_word' id='word_1_819' title='bbox 3287 3480 3369 3533; x_wconf 92' lang='lat' dir='ltr'><strong>cui</strong></span> <span class='ocrx_word' id='word_1_820' title='bbox 3409 3480 3642 3536; x_wconf 63' lang='lat' dir='ltr'><strong>insidet:</strong></span> 
     </span>
    </p>
   </div>
   <div class='ocr_carea' id='block_1_96' title="bbox 2024 3559 3647 3649">
    <p class='ocr_par' dir='ltr' id='par_1_96' title="bbox 2024 3559 3647 3649">
     <span class='ocr_line' id='line_1_96' title="bbox 2024 3559 3647 3649; baseline 0.009 -37"><span class='ocrx_word' id='word_1_821' title='bbox 2024 3634 2039 3649; x_wconf 23' lang='grc' dir='ltr'><strong>κ</strong></span> <span class='ocrx_word' id='word_1_822' title='bbox 2067 3560 2188 3629; x_wconf 89' lang='lat' dir='ltr'><strong>quia</strong></span> <span class='ocrx_word' id='word_1_823' title='bbox 2211 3559 2449 3630; x_wconf 77' lang='lat' dir='ltr'><strong>iumento</strong></span> <span class='ocrx_word' id='word_1_824' title='bbox 2474 3563 2687 3633; x_wconf 84' lang='lat' dir='ltr'><strong>expedit</strong></span> <span class='ocrx_word' id='word_1_825' title='bbox 2712 3572 2770 3619; x_wconf 92' lang='lat' dir='ltr'><strong>ut</strong></span> <span class='ocrx_word' id='word_1_826' title='bbox 2796 3565 3106 3622; x_wconf 90' lang='lat' dir='ltr'><strong>insideatur.</strong></span> <span class='ocrx_word' id='word_1_827' title='bbox 3139 3567 3251 3623; x_wconf 84' lang='lat' dir='ltr'><strong>Non</strong></span> <span class='ocrx_word' id='word_1_828' title='bbox 3279 3570 3419 3624; x_wconf 89' lang='lat' dir='ltr'><strong>enim</strong></span> <span class='ocrx_word' id='word_1_829' title='bbox 3449 3570 3647 3626; x_wconf 79' lang='lat' dir='ltr'><strong>delati-</strong></span> 
     </span>
    </p>
   </div>
   <div class='ocr_carea' id='block_1_97' title="bbox 2065 3653 3649 3730">
    <p class='ocr_par' dir='ltr' id='par_1_97' title="bbox 2065 3653 3649 3730">
     <span class='ocr_line' id='line_1_97' title="bbox 2065 3653 3649 3730; baseline 0.009 -25"><span class='ocrx_word' id='word_1_830' title='bbox 2065 3662 2215 3722; x_wconf 88' lang='lat' dir='ltr'><strong>gatus</strong></span> <span class='ocrx_word' id='word_1_831' title='bbox 2243 3653 2380 3708; x_wconf 89' lang='lat' dir='ltr'><strong>Deus</strong></span> <span class='ocrx_word' id='word_1_832' title='bbox 2402 3655 2725 3711; x_wconf 90' lang='lat' dir='ltr'><strong>ambulando</strong></span> <span class='ocrx_word' id='word_1_833' title='bbox 2750 3657 2974 3728; x_wconf 87' lang='lat' dir='ltr'><strong>pedibus</strong></span> <span class='ocrx_word' id='word_1_834' title='bbox 2993 3702 3007 3727; x_wconf 94' lang='lat'><strong>,</strong></span> <span class='ocrx_word' id='word_1_835' title='bbox 3038 3660 3229 3715; x_wconf 90' lang='lat' dir='ltr'><strong>insidet</strong></span> <span class='ocrx_word' id='word_1_836' title='bbox 3248 3661 3508 3730; x_wconf 90' lang='lat' dir='ltr'><strong>jumento.</strong></span> <span class='ocrx_word' id='word_1_837' title='bbox 3537 3666 3649 3719; x_wconf 85' lang='lat' dir='ltr'><strong>Ant</strong></span> 
     </span>
    </p>
   </div>
   <div class='ocr_carea' id='block_1_98' title="bbox 2066 3745 3649 3820">
    <p class='ocr_par' dir='ltr' id='par_1_98' title="bbox 2066 3745 3649 3820">
     <span class='ocr_line' id='line_1_98' title="bbox 2066 3745 3649 3820; baseline 0.008 -21"><span class='ocrx_word' id='word_1_838' title='bbox 2066 3758 2193 3799; x_wconf 83' lang='lat' dir='ltr'><strong>vero</strong></span> <span class='ocrx_word' id='word_1_839' title='bbox 2221 3758 2327 3798; x_wconf 91' lang='lat' dir='ltr'><strong>non</strong></span> <span class='ocrx_word' id='word_1_840' title='bbox 2353 3745 2566 3814; x_wconf 90' lang='lat' dir='ltr'><strong>plenum</strong></span> <span class='ocrx_word' id='word_1_841' title='bbox 2596 3747 2830 3818; x_wconf 85' lang='lat' dir='ltr'><strong>mysterii</strong></span> <span class='ocrx_word' id='word_1_842' title='bbox 2861 3758 2961 3815; x_wconf 88' lang='lat' dir='ltr'><strong>est,</strong></span> <span class='ocrx_word' id='word_1_843' title='bbox 2996 3750 3137 3820; x_wconf 89' lang='lat' dir='ltr'><strong>quod</strong></span> <span class='ocrx_word' id='word_1_844' title='bbox 3165 3753 3361 3808; x_wconf 89' lang='lat' dir='ltr'><strong>asellus</strong></span> <span class='ocrx_word' id='word_1_845' title='bbox 3385 3753 3649 3811; x_wconf 84' lang='lat' dir='ltr'><strong>adductus</strong></span> 
     </span>
    </p>
   </div>
   <div class='ocr_carea' id='block_1_99' title="bbox 2067 3837 3649 3913">
    <p class='ocr_par' dir='ltr' id='par_1_99' title="bbox 2067 3837 3649 3913">
     <span class='ocr_line' id='line_1_99' title="bbox 2067 3837 3649 3913; baseline 0.007 -21"><span class='ocrx_word' id='word_1_846' title='bbox 2067 3847 2152 3893; x_wconf 88' lang='lat' dir='ltr'><strong>est</strong></span> <span class='ocrx_word' id='word_1_847' title='bbox 2192 3838 2417 3893; x_wconf 92' lang='lat' dir='ltr'><strong>Domino</strong></span> <span class='ocrx_word' id='word_1_848' title='bbox 2455 3837 2664 3911; x_wconf 82' lang='lat' dir='ltr'><strong>(Matth.</strong></span> <span class='ocrx_word' id='word_1_849' title='bbox 2697 3857 2820 3909; x_wconf 80' lang='lat' dir='ltr'><strong>im,</strong></span> <span class='ocrx_word' id='word_1_850' title='bbox 2849 3842 2939 3913; x_wconf 85' lang='lat'><strong>7)?</strong></span> <span class='ocrx_word' id='word_1_851' title='bbox 2966 3843 3197 3913; x_wconf 84' lang='lat' dir='ltr'><strong>Populus</strong></span> <span class='ocrx_word' id='word_1_852' title='bbox 3224 3846 3366 3900; x_wconf 80' lang='lat' dir='ltr'><strong>milis</strong></span> <span class='ocrx_word' id='word_1_853' title='bbox 3406 3855 3461 3902; x_wconf 90' lang='lat' dir='ltr'><strong>et</strong></span> <span class='ocrx_word' id='word_1_854' title='bbox 3489 3862 3649 3903; x_wconf 79' lang='lat' dir='ltr'><strong>man-</strong></span> 
     </span>
    </p>
   </div>
   <div class='ocr_carea' id='block_1_100' title="bbox 2068 3928 3650 4005">
    <p class='ocr_par' dir='ltr' id='par_1_100' title="bbox 2068 3928 3650 4005">
     <span class='ocr_line' id='line_1_100' title="bbox 2068 3928 3650 4005; baseline 0.008 -21"><span class='ocrx_word' id='word_1_855' title='bbox 2068 3928 2245 3985; x_wconf 84' lang='lat' dir='ltr'><strong>suetus</strong></span> <span class='ocrx_word' id='word_1_856' title='bbox 2286 3940 2503 4001; x_wconf 89' lang='lat' dir='ltr'><strong>portans</strong></span> <span class='ocrx_word' id='word_1_857' title='bbox 2530 3931 2667 3987; x_wconf 86' lang='lat' dir='ltr'><strong>bene</strong></span> <span class='ocrx_word' id='word_1_858' title='bbox 2695 3933 2972 3988; x_wconf 90' lang='lat' dir='ltr'><strong>Dominum</strong></span> <span class='ocrx_word' id='word_1_859' title='bbox 2993 3978 3007 4001; x_wconf 91' lang='lat'><strong>,</strong></span> <span class='ocrx_word' id='word_1_860' title='bbox 3034 3937 3229 3993; x_wconf 88' lang='lat' dir='ltr'><strong>asellus</strong></span> <span class='ocrx_word' id='word_1_861' title='bbox 3266 3948 3368 4005; x_wconf 90' lang='lat' dir='ltr'><strong>est,</strong></span> <span class='ocrx_word' id='word_1_862' title='bbox 3401 3951 3456 3994; x_wconf 87' lang='lat' dir='ltr'><strong>et</strong></span> <span class='ocrx_word' id='word_1_863' title='bbox 3479 3931 3650 3997; x_wconf 83' lang='lat' dir='ltr'><strong>tendit</strong></span> 
     </span>
    </p>
   </div>
   <div class='ocr_carea' id='block_1_101' title="bbox 2066 4021 3653 4101">
    <p class='ocr_par' dir='ltr' id='par_1_101' title="bbox 2066 4021 3653 4101">
     <span class='ocr_line' id='line_1_101' title="bbox 2066 4021 3653 4101; baseline 0.008 -24"><span class='ocrx_word' id='word_1_864' title='bbox 2066 4022 2119 4077; x_wconf 89' lang='lat' dir='ltr'><strong>in</strong></span> <span class='ocrx_word' id='word_1_865' title='bbox 2147 4021 2458 4080; x_wconf 82' lang='lat' dir='ltr'><strong>Jerusalem.</strong></span> <span class='ocrx_word' id='word_1_866' title='bbox 2489 4022 2682 4096; x_wconf 88' lang='lat' dir='ltr'><strong>Diriget</strong></span> <span class='ocrx_word' id='word_1_867' title='bbox 2709 4027 2840 4080; x_wconf 89' lang='lat' dir='ltr'><strong>enim</strong></span> <span class='ocrx_word' id='word_1_868' title='bbox 2869 4029 3012 4082; x_wconf 88' lang='lat' dir='ltr'><strong>mites</strong></span> <span class='ocrx_word' id='word_1_869' title='bbox 3035 4031 3086 4083; x_wconf 88' lang='lat' dir='ltr'><strong>in</strong></span> <span class='ocrx_word' id='word_1_870' title='bbox 3103 4031 3330 4101; x_wconf 88' lang='lat' dir='ltr'><strong>judicio,</strong></span> <span class='ocrx_word' id='word_1_871' title='bbox 3361 4028 3495 4088; x_wconf 72' lang='lat' dir='ltr'><strong>sicut</strong></span> <span class='ocrx_word' id='word_1_872' title='bbox 3517 4032 3653 4090; x_wconf 84' lang='lat' dir='ltr'><strong>dicit.</strong></span> 
     </span>
    </p>
   </div>
   <div class='ocr_carea' id='block_1_102' title="bbox 2066 4113 3651 4193">
    <p class='ocr_par' dir='ltr' id='par_1_102' title="bbox 2066 4113 3651 4193">
     <span class='ocr_line' id='line_1_102' title="bbox 2066 4113 3651 4193; baseline 0.008 -26"><span class='ocrx_word' id='word_1_873' title='bbox 2066 4113 2202 4168; x_wconf 88' lang='lat' dir='ltr'><strong>alius</strong></span> <span class='ocrx_word' id='word_1_874' title='bbox 2242 4113 2476 4184; x_wconf 89' lang='lat' dir='ltr'><strong>psalmus</strong></span> <span class='ocrx_word' id='word_1_875' title='bbox 2499 4157 2514 4182; x_wconf 96' lang='lat'><strong>,</strong></span> <span class='ocrx_word' id='word_1_876' title='bbox 2566 4116 2757 4170; x_wconf 88' lang='lat' dir='ltr'><strong>docebit</strong></span> <span class='ocrx_word' id='word_1_877' title='bbox 2800 4130 3086 4175; x_wconf 88' lang='lat' dir='ltr'><strong>mansuetos</strong></span> <span class='ocrx_word' id='word_1_878' title='bbox 3129 4122 3234 4177; x_wconf 82' lang='lat' dir='ltr'><strong>vias</strong></span> <span class='ocrx_word' id='word_1_879' title='bbox 3286 4140 3405 4178; x_wconf 88' lang='lat' dir='ltr'><strong>suas</strong></span> <span class='ocrx_word' id='word_1_880' title='bbox 3451 4124 3651 4193; x_wconf 81' lang='lat' dir='ltr'><strong>(Psal.</strong></span> 
     </span>
    </p>
   </div>
   <div class='ocr_carea' id='block_1_103' title="bbox 2066 4204 3652 4283">
    <p class='ocr_par' dir='ltr' id='par_1_103' title="bbox 2066 4204 3652 4283">
     <span class='ocr_line' id='line_1_103' title="bbox 2066 4204 3652 4283; baseline 0.009 -25"><span class='ocrx_word' id='word_1_881' title='bbox 2066 4218 2216 4271; x_wconf 73' lang='lat' dir='ltr'><strong>XXIV,</strong></span> <span class='ocrx_word' id='word_1_882' title='bbox 2246 4204 2326 4274; x_wconf 90' lang='lat'><strong>9).</strong></span> <span class='ocrx_word' id='word_1_883' title='bbox 2355 4204 2498 4273; x_wconf 85' lang='lat' dir='ltr'><strong>Quos</strong></span> <span class='ocrx_word' id='word_1_884' title='bbox 2525 4206 2877 4263; x_wconf 83' lang='lat' dir='ltr'><strong>mansuetos?</strong></span> <span class='ocrx_word' id='word_1_885' title='bbox 2907 4207 3022 4264; x_wconf 85' lang='lat' dir='ltr'><strong>Non</strong></span> <span class='ocrx_word' id='word_1_886' title='bbox 3067 4211 3332 4283; x_wconf 85' lang='lat' dir='ltr'><strong>erigentes</strong></span> <span class='ocrx_word' id='word_1_887' title='bbox 3379 4216 3652 4272; x_wconf 89' lang='lat' dir='ltr'><strong>cervicem</strong></span> 
     </span>
    </p>
   </div>
   <div class='ocr_carea' id='block_1_104' title="bbox 2066 4292 3651 4375">
    <p class='ocr_par' dir='ltr' id='par_1_104' title="bbox 2066 4292 3651 4375">
     <span class='ocr_line' id='line_1_104' title="bbox 2066 4292 3651 4375; baseline 0.008 -26"><span class='ocrx_word' id='word_1_888' title='bbox 2066 4292 2319 4350; x_wconf 87' lang='lat' dir='ltr'><strong>adversus</strong></span> <span class='ocrx_word' id='word_1_889' title='bbox 2344 4295 2656 4352; x_wconf 86' lang='lat' dir='ltr'><strong>domitorem</strong></span> <span class='ocrx_word' id='word_1_890' title='bbox 2681 4298 2875 4366; x_wconf 82' lang='lat' dir='ltr'><strong>suum,</strong></span> <span class='ocrx_word' id='word_1_891' title='bbox 2920 4301 3180 4370; x_wconf 89' lang='lat' dir='ltr'><strong>patientes</strong></span> <span class='ocrx_word' id='word_1_892' title='bbox 3220 4304 3425 4375; x_wconf 83' lang='lat' dir='ltr'><strong>ﬂagella</strong></span> <span class='ocrx_word' id='word_1_893' title='bbox 3453 4315 3506 4361; x_wconf 91' lang='lat' dir='ltr'><strong>et</strong></span> <span class='ocrx_word' id='word_1_894' title='bbox 3533 4306 3651 4362; x_wconf 80' lang='lat' dir='ltr'><strong>fre-</strong></span> 
     </span>
    </p>
   </div>
   <div class='ocr_carea' id='block_1_105' title="bbox 2068 4387 3654 4464">
    <p class='ocr_par' dir='ltr' id='par_1_105' title="bbox 2068 4387 3654 4464">
     <span class='ocr_line' id='line_1_105' title="bbox 2068 4387 3654 4464; baseline 0.01 -24"><span class='ocrx_word' id='word_1_895' title='bbox 2068 4401 2232 4451; x_wconf 88' lang='lat' dir='ltr'><strong>num;</strong></span> <span class='ocrx_word' id='word_1_896' title='bbox 2265 4395 2446 4457; x_wconf 88' lang='lat' dir='ltr'><strong>postea</strong></span> <span class='ocrx_word' id='word_1_897' title='bbox 2473 4387 2551 4443; x_wconf 92' lang='lat' dir='ltr'><strong>sic</strong></span> <span class='ocrx_word' id='word_1_898' title='bbox 2575 4387 2778 4454; x_wconf 87' lang='lat' dir='ltr'><strong>domiti,</strong></span> <span class='ocrx_word' id='word_1_899' title='bbox 2813 4399 2871 4446; x_wconf 85' lang='lat' dir='ltr'><strong>ut</strong></span> <span class='ocrx_word' id='word_1_900' title='bbox 2898 4393 3014 4447; x_wconf 89' lang='lat' dir='ltr'><strong>sine</strong></span> <span class='ocrx_word' id='word_1_901' title='bbox 3040 4393 3244 4464; x_wconf 88' lang='lat' dir='ltr'><strong>ﬂagello</strong></span> <span class='ocrx_word' id='word_1_902' title='bbox 3277 4398 3570 4461; x_wconf 83' lang='lat' dir='ltr'><strong>ambulent,</strong></span> <span class='ocrx_word' id='word_1_903' title='bbox 3592 4411 3654 4456; x_wconf 88' lang='lat' dir='ltr'><strong>et</strong></span> 
     </span>
    </p>
   </div>
   <div class='ocr_carea' id='block_1_106' title="bbox 2067 4478 3657 4546">
    <p class='ocr_par' dir='ltr' id='par_1_106' title="bbox 2067 4478 3657 4546">
     <span class='ocr_line' id='line_1_106' title="bbox 2067 4478 3657 4546; baseline 0.008 -12"><span class='ocrx_word' id='word_1_904' title='bbox 2067 4478 2183 4534; x_wconf 88' lang='lat' dir='ltr'><strong>sine</strong></span> <span class='ocrx_word' id='word_1_905' title='bbox 2210 4478 2362 4534; x_wconf 81' lang='lat' dir='ltr'><strong>freno</strong></span> <span class='ocrx_word' id='word_1_906' title='bbox 2387 4488 2442 4534; x_wconf 88' lang='lat' dir='ltr'><strong>et</strong></span> <span class='ocrx_word' id='word_1_907' title='bbox 2468 4494 2620 4536; x_wconf 91' lang='lat' dir='ltr'><strong>camo</strong></span> <span class='ocrx_word' id='word_1_908' title='bbox 2645 4483 2780 4537; x_wconf 89' lang='lat' dir='ltr'><strong>viam</strong></span> <span class='ocrx_word' id='word_1_909' title='bbox 2810 4493 3042 4539; x_wconf 88' lang='lat' dir='ltr'><strong>teneant.</strong></span> <span class='ocrx_word' id='word_1_910' title='bbox 3069 4487 3125 4542; x_wconf 86' lang='lat' dir='ltr'><strong>Si</strong></span> <span class='ocrx_word' id='word_1_911' title='bbox 3150 4490 3383 4543; x_wconf 89' lang='lat' dir='ltr'><strong>carueris</strong></span> <span class='ocrx_word' id='word_1_912' title='bbox 3413 4491 3513 4545; x_wconf 90' lang='lat' dir='ltr'><strong>isto</strong></span> <span class='ocrx_word' id='word_1_913' title='bbox 3533 4507 3657 4546; x_wconf 83' lang='lat' dir='ltr'><strong>ses-</strong></span> 
     </span>
    </p>
   </div>
   <div class='ocr_carea' id='block_1_107' title="bbox 2069 4571 3651 4651">
    <p class='ocr_par' dir='ltr' id='par_1_107' title="bbox 2069 4571 3651 4651">
     <span class='ocr_line' id='line_1_107' title="bbox 2069 4571 3651 4651; baseline 0.01 -26"><span class='ocrx_word' id='word_1_914' title='bbox 2069 4586 2209 4638; x_wconf 88' lang='lat' dir='ltr'><strong>sore,</strong></span> <span class='ocrx_word' id='word_1_915' title='bbox 2258 4581 2316 4627; x_wconf 88' lang='grc' dir='ltr'><strong>ιιι</strong></span> <span class='ocrx_word' id='word_1_916' title='bbox 2358 4571 2537 4638; x_wconf 90' lang='lat' dir='ltr'><strong>cades,</strong></span> <span class='ocrx_word' id='word_1_917' title='bbox 2567 4589 2670 4628; x_wconf 92' lang='lat' dir='ltr'><strong>non</strong></span> <span class='ocrx_word' id='word_1_918' title='bbox 2713 4575 2822 4631; x_wconf 91' lang='lat' dir='ltr'><strong>ille.</strong></span> <span class='ocrx_word' id='word_1_919' title='bbox 2864 4574 3031 4630; x_wconf 82' lang='lat' dir='ltr'><strong>Multa</strong></span> <span class='ocrx_word' id='word_1_920' title='bbox 3076 4580 3281 4651; x_wconf 82' lang='lat' dir='ltr'><strong>flagella</strong></span> <span class='ocrx_word' id='word_1_921' title='bbox 3328 4587 3604 4651; x_wconf 82' lang='lat' dir='ltr'><strong>peccatoris</strong></span> <span class='ocrx_word' id='word_1_922' title='bbox 3630 4604 3651 4641; x_wconf 90' lang='lat'><strong><em>:</em></strong></span> 
     </span>
    </p>
   </div>
   <div class='ocr_carea' id='block_1_108' title="bbox 2067 4661 3652 4733">
    <p class='ocr_par' dir='ltr' id='par_1_108' title="bbox 2067 4661 3652 4733">
     <span class='ocr_line' id='line_1_108' title="bbox 2067 4661 3652 4733; baseline 0.008 -18"><span class='ocrx_word' id='word_1_923' title='bbox 2067 4672 2347 4733; x_wconf 87' lang='lat' dir='ltr'><strong>sperantem</strong></span> <span class='ocrx_word' id='word_1_924' title='bbox 2370 4672 2536 4717; x_wconf 87' lang='lat' dir='ltr'><strong>autem</strong></span> <span class='ocrx_word' id='word_1_925' title='bbox 2578 4665 2634 4719; x_wconf 80' lang='lat' dir='ltr'><strong>in</strong></span> <span class='ocrx_word' id='word_1_926' title='bbox 2666 4661 2882 4720; x_wconf 87' lang='lat' dir='ltr'><strong>Domino</strong></span> <span class='ocrx_word' id='word_1_927' title='bbox 2911 4668 3251 4724; x_wconf 86' lang='lat' dir='ltr'><strong>misericordia</strong></span> <span class='ocrx_word' id='word_1_928' title='bbox 3295 4670 3652 4729; x_wconf 87' lang='lat' dir='ltr'><strong>circumdabit.</strong></span> 
     </span>
    </p>
   </div>
   <div class='ocr_carea' id='block_1_109' title="bbox 2069 4754 3653 4835">
    <p class='ocr_par' dir='ltr' id='par_1_109' title="bbox 2069 4754 3653 4835">
     <span class='ocr_line' id='line_1_109' title="bbox 2069 4754 3653 4835; baseline 0.009 -27"><span class='ocrx_word' id='word_1_929' title='bbox 2069 4754 2345 4822; x_wconf 87' lang='lat' dir='ltr'><strong>Quomodo</strong></span> <span class='ocrx_word' id='word_1_930' title='bbox 2369 4766 2452 4810; x_wconf 83' lang='lat' dir='ltr'><strong>est</strong></span> <span class='ocrx_word' id='word_1_931' title='bbox 2479 4755 2736 4828; x_wconf 81' lang='lat' dir='ltr'><strong>refugium</strong></span> <span class='ocrx_word' id='word_1_932' title='bbox 2765 4774 2794 4812; x_wconf 93' lang='lat' dir='ltr'><strong>a</strong></span> <span class='ocrx_word' id='word_1_933' title='bbox 2823 4763 3111 4829; x_wconf 87' lang='lat' dir='ltr'><strong>pressura?</strong></span> <span class='ocrx_word' id='word_1_934' title='bbox 3134 4763 3301 4831; x_wconf 86' lang='lat' dir='ltr'><strong>Quem</strong></span> <span class='ocrx_word' id='word_1_935' title='bbox 3334 4768 3503 4835; x_wconf 89' lang='lat' dir='ltr'><strong>primo</strong></span> <span class='ocrx_word' id='word_1_936' title='bbox 3541 4772 3653 4821; x_wconf 82' lang='lat' dir='ltr'><strong>cir-</strong></span> 
     </span>
    </p>
   </div>
   <div class='ocr_carea' id='block_1_110' title="bbox 2069 4848 3646 4921">
    <p class='ocr_par' dir='ltr' id='par_1_110' title="bbox 2069 4848 3646 4921">
     <span class='ocr_line' id='line_1_110' title="bbox 2069 4848 3646 4921; baseline 0.008 -17"><span class='ocrx_word' id='word_1_937' title='bbox 2069 4848 2283 4904; x_wconf 88' lang='lat' dir='ltr'><strong>cumdat</strong></span> <span class='ocrx_word' id='word_1_938' title='bbox 2330 4864 2576 4918; x_wconf 88' lang='lat' dir='ltr'><strong>pressura</strong></span> <span class='ocrx_word' id='word_1_939' title='bbox 2605 4893 2620 4915; x_wconf 87' lang='lat'><strong>,</strong></span> <span class='ocrx_word' id='word_1_940' title='bbox 2669 4861 2851 4921; x_wconf 89' lang='lat' dir='ltr'><strong>postea</strong></span> <span class='ocrx_word' id='word_1_941' title='bbox 2893 4855 3186 4910; x_wconf 88' lang='lat' dir='ltr'><strong>circumdat</strong></span> <span class='ocrx_word' id='word_1_942' title='bbox 3238 4860 3646 4917; x_wconf 78' lang='lat' dir='ltr'><strong>misericordia:</strong></span> 
     </span>
    </p>
   </div>
   <div class='ocr_carea' id='block_1_111' title="bbox 2069 4941 3653 5023">
    <p class='ocr_par' dir='ltr' id='par_1_111' title="bbox 2069 4941 3653 5023">
     <span class='ocr_line' id='line_1_111' title="bbox 2069 4941 3653 5023; baseline 0.009 -29"><span class='ocrx_word' id='word_1_943' title='bbox 2069 4942 2316 5012; x_wconf 89' lang='lat' dir='ltr'><strong>quoniam</strong></span> <span class='ocrx_word' id='word_1_944' title='bbox 2343 4941 2752 4998; x_wconf 87' lang='lat' dir='ltr'><strong>misericordiam</strong></span> <span class='ocrx_word' id='word_1_945' title='bbox 2773 4944 2955 5011; x_wconf 87' lang='lat' dir='ltr'><strong>dabit,</strong></span> <span class='ocrx_word' id='word_1_946' title='bbox 2988 4948 3077 5017; x_wconf 89' lang='lat' dir='ltr'><strong>qui</strong></span> <span class='ocrx_word' id='word_1_947' title='bbox 3109 4949 3278 5021; x_wconf 88' lang='lat' dir='ltr'><strong>legem</strong></span> <span class='ocrx_word' id='word_1_948' title='bbox 3303 4951 3446 5006; x_wconf 86' lang='lat' dir='ltr'><strong>dedit</strong></span> <span class='ocrx_word' id='word_1_949' title='bbox 3473 4952 3653 5023; x_wconf 84' lang='lat' dir='ltr'><strong>(Psat.</strong></span> 
     </span>
    </p>
   </div>
   <div class='ocr_carea' id='block_1_112' title="bbox 2070 5033 3659 5107">
    <p class='ocr_par' dir='ltr' id='par_1_112' title="bbox 2070 5033 3659 5107">
     <span class='ocr_line' id='line_1_112' title="bbox 2070 5033 3659 5107; baseline 0.007 -19"><span class='ocrx_word' id='word_1_950' title='bbox 2070 5050 2263 5088; x_wconf 78' lang='lat' dir='ltr'><strong>Lxxxm</strong></span> <span class='ocrx_word' id='word_1_951' title='bbox 2284 5075 2298 5097; x_wconf 90' lang='lat'><strong>,</strong></span> <span class='ocrx_word' id='word_1_952' title='bbox 2324 5033 2381 5106; x_wconf 87' lang='lat'><strong>8)</strong></span> <span class='ocrx_word' id='word_1_953' title='bbox 2406 5050 2419 5100; x_wconf 90' lang='lat'><strong>;</strong></span> <span class='ocrx_word' id='word_1_954' title='bbox 2448 5036 2615 5106; x_wconf 86' lang='lat' dir='ltr'><strong>legem</strong></span> <span class='ocrx_word' id='word_1_955' title='bbox 2638 5035 2690 5089; x_wconf 90' lang='lat' dir='ltr'><strong>in</strong></span> <span class='ocrx_word' id='word_1_956' title='bbox 2716 5035 2936 5107; x_wconf 88' lang='lat' dir='ltr'><strong>ﬂagellis</strong></span> <span class='ocrx_word' id='word_1_957' title='bbox 2959 5081 2972 5102; x_wconf 93' lang='lat'><strong>,</strong></span> <span class='ocrx_word' id='word_1_958' title='bbox 3003 5041 3416 5099; x_wconf 88' lang='lat' dir='ltr'><strong>misericordiam</strong></span> <span class='ocrx_word' id='word_1_959' title='bbox 3446 5045 3495 5098; x_wconf 92' lang='lat' dir='ltr'><strong>in</strong></span> <span class='ocrx_word' id='word_1_960' title='bbox 3520 5060 3659 5101; x_wconf 79' lang='lat' dir='ltr'><strong>con-</strong></span> 
     </span>
    </p>
   </div>
   <div class='ocr_carea' id='block_1_113' title="bbox 2070 5123 3656 5196">
    <p class='ocr_par' dir='ltr' id='par_1_113' title="bbox 2070 5123 3656 5196">
     <span class='ocr_line' id='line_1_113' title="bbox 2070 5123 3656 5196; baseline 0.009 -18"><span class='ocrx_word' id='word_1_961' title='bbox 2070 5123 2436 5179; x_wconf 77' lang='lat' dir='ltr'><strong>solutionibus.</strong></span> <span class='ocrx_word' id='word_1_962' title='bbox 2463 5125 2763 5196; x_wconf 88' lang='lat' dir='ltr'><strong>Sperantem</strong></span> <span class='ocrx_word' id='word_1_963' title='bbox 2791 5138 2954 5183; x_wconf 87' lang='lat' dir='ltr'><strong>autem</strong></span> <span class='ocrx_word' id='word_1_964' title='bbox 2984 5130 3036 5183; x_wconf 90' lang='lat' dir='ltr'><strong>in</strong></span> <span class='ocrx_word' id='word_1_965' title='bbox 3062 5129 3279 5187; x_wconf 86' lang='lat' dir='ltr'><strong>Domino</strong></span> <span class='ocrx_word' id='word_1_966' title='bbox 3308 5135 3656 5193; x_wconf 81' lang='lat' dir='ltr'><strong>misericordia</strong></span> 
     </span>
    </p>
   </div>
   <div class='ocr_carea' id='block_1_114' title="bbox 2070 5217 2416 5271">
    <p class='ocr_par' dir='ltr' id='par_1_114' title="bbox 2070 5217 2416 5271">
     <span class='ocr_line' id='line_1_114' title="bbox 2070 5217 2416 5271; baseline 0.003 -1"><span class='ocrx_word' id='word_1_967' title='bbox 2070 5217 2416 5271; x_wconf 88' lang='lat' dir='ltr'><strong>circumdabit.</strong></span> 
     </span>
    </p>
   </div>
   <div class='ocr_carea' id='block_1_115' title="bbox 2141 5307 3657 5383">
    <p class='ocr_par' dir='ltr' id='par_1_115' title="bbox 2141 5307 3657 5383">
     <span class='ocr_line' id='line_1_115' title="bbox 2141 5307 3657 5383; baseline 0.007 -21"><span class='ocrx_word' id='word_1_968' title='bbox 2141 5308 2231 5363; x_wconf 65' lang='lat'><strong>9.4.</strong></span> <span class='ocrx_word' id='word_1_969' title='bbox 2271 5307 2443 5382; x_wconf 64' lang='lat' dir='ltr'><strong>[rem</strong></span> <span class='ocrx_word' id='word_1_970' title='bbox 2488 5309 2601 5383; x_wconf 70' lang='lat' dir='ltr'><strong>1L]</strong></span> <span class='ocrx_word' id='word_1_971' title='bbox 2642 5310 2777 5381; x_wconf 87' lang='lat' dir='ltr'><strong>Ergo</strong></span> <span class='ocrx_word' id='word_1_972' title='bbox 2811 5312 2935 5382; x_wconf 89' lang='lat' dir='ltr'><strong>quid</strong></span> <span class='ocrx_word' id='word_1_973' title='bbox 2978 5315 3344 5371; x_wconf 87' lang='lat' dir='ltr'><strong>concluditur?</strong></span> <span class='ocrx_word' id='word_1_974' title='bbox 3384 5316 3657 5375; x_wconf 74' lang='lat' dir='ltr'><strong>Lwtammi</strong></span> 
     </span>
    </p>
   </div>
   <div class='ocr_carea' id='block_1_116' title="bbox 2071 5399 3657 5474">
    <p class='ocr_par' dir='ltr' id='par_1_116' title="bbox 2071 5399 3657 5474">
     <span class='ocr_line' id='line_1_116' title="bbox 2071 5399 3657 5474; baseline 0.008 -19"><span class='ocrx_word' id='word_1_975' title='bbox 2071 5400 2125 5455; x_wconf 91' lang='lat' dir='ltr'><strong>in</strong></span> <span class='ocrx_word' id='word_1_976' title='bbox 2151 5399 2385 5468; x_wconf 88' lang='lat' dir='ltr'><strong>Domino,</strong></span> <span class='ocrx_word' id='word_1_977' title='bbox 2417 5410 2462 5453; x_wconf 88' lang='lat' dir='ltr'><strong>et</strong></span> <span class='ocrx_word' id='word_1_978' title='bbox 2487 5403 2728 5456; x_wconf 74' lang='lat' dir='ltr'><strong>exsultate</strong></span> <span class='ocrx_word' id='word_1_979' title='bbox 2745 5404 2894 5474; x_wconf 88' lang='lat' dir='ltr'><strong>justi.</strong></span> <span class='ocrx_word' id='word_1_980' title='bbox 2921 5402 2965 5458; x_wconf 92' lang='grc' dir='ltr'><strong>Ο</strong></span> <span class='ocrx_word' id='word_1_981' title='bbox 2988 5407 3075 5473; x_wconf 91' lang='lat' dir='ltr'><strong>qui</strong></span> <span class='ocrx_word' id='word_1_982' title='bbox 3105 5406 3352 5463; x_wconf 70' lang='lat' dir='ltr'><strong>laitamini</strong></span> <span class='ocrx_word' id='word_1_983' title='bbox 3382 5409 3433 5463; x_wconf 87' lang='lat' dir='ltr'><strong>in</strong></span> <span class='ocrx_word' id='word_1_984' title='bbox 3465 5411 3657 5467; x_wconf 84' lang='lat' dir='ltr'><strong>vobis!</strong></span> 
     </span>
    </p>
   </div>
   <div class='ocr_carea' id='block_1_117' title="bbox 2073 5489 3658 5568">
    <p class='ocr_par' dir='ltr' id='par_1_117' title="bbox 2073 5489 3658 5568">
     <span class='ocr_line' id='line_1_117' title="bbox 2073 5489 3658 5568; baseline 0.008 -24"><span class='ocrx_word' id='word_1_985' title='bbox 2073 5506 2105 5544; x_wconf 94' lang='grc' dir='ltr'><strong>ο</strong></span> <span class='ocrx_word' id='word_1_986' title='bbox 2134 5490 2319 5561; x_wconf 90' lang='lat' dir='ltr'><strong>impii,</strong></span> <span class='ocrx_word' id='word_1_987' title='bbox 2345 5506 2378 5545; x_wconf 90' lang='grc' dir='ltr'>ο</span> <span class='ocrx_word' id='word_1_988' title='bbox 2404 5489 2651 5559; x_wconf 88' lang='lat' dir='ltr'><strong>superbi,</strong></span> <span class='ocrx_word' id='word_1_989' title='bbox 2682 5494 2768 5562; x_wconf 89' lang='lat' dir='ltr'><strong>qui</strong></span> <span class='ocrx_word' id='word_1_990' title='bbox 2800 5492 3050 5548; x_wconf 60' lang='lat' dir='ltr'><strong>tutamini</strong></span> <span class='ocrx_word' id='word_1_991' title='bbox 3085 5496 3134 5549; x_wconf 91' lang='lat' dir='ltr'><strong>in</strong></span> <span class='ocrx_word' id='word_1_992' title='bbox 3171 5498 3354 5553; x_wconf 79' lang='lat' dir='ltr'><strong>vobis:</strong></span> <span class='ocrx_word' id='word_1_993' title='bbox 3382 5499 3491 5568; x_wconf 82' lang='lat' dir='ltr'><strong>jam</strong></span> <span class='ocrx_word' id='word_1_994' title='bbox 3531 5518 3658 5557; x_wconf 84' lang='lat' dir='ltr'><strong>cre—</strong></span> 
     </span>
    </p>
   </div>
   <div class='ocr_carea' id='block_1_118' title="bbox 2073 5584 3661 5661">
    <p class='ocr_par' dir='ltr' id='par_1_118' title="bbox 2073 5584 3661 5661">
     <span class='ocr_line' id='line_1_118' title="bbox 2073 5584 3661 5661; baseline 0.007 -22"><span class='ocrx_word' id='word_1_995' title='bbox 2073 5584 2261 5641; x_wconf 88' lang='lat' dir='ltr'><strong>dentes</strong></span> <span class='ocrx_word' id='word_1_996' title='bbox 2291 5584 2342 5637; x_wconf 90' lang='lat' dir='ltr'><strong>in</strong></span> <span class='ocrx_word' id='word_1_997' title='bbox 2372 5598 2494 5638; x_wconf 90' lang='lat' dir='ltr'><strong>eum</strong></span> <span class='ocrx_word' id='word_1_998' title='bbox 2516 5584 2605 5653; x_wconf 89' lang='lat' dir='ltr'><strong>qui</strong></span> <span class='ocrx_word' id='word_1_999' title='bbox 2641 5584 2895 5654; x_wconf 82' lang='lat' dir='ltr'><strong>justiﬁeat</strong></span> <span class='ocrx_word' id='word_1_1000' title='bbox 2923 5588 3141 5657; x_wconf 88' lang='lat' dir='ltr'><strong>impium</strong></span> <span class='ocrx_word' id='word_1_1001' title='bbox 3162 5631 3177 5655; x_wconf 95' lang='lat'><strong>,</strong></span> <span class='ocrx_word' id='word_1_1002' title='bbox 3209 5589 3490 5661; x_wconf 82' lang='lat' dir='ltr'><strong>deputetur</strong></span> <span class='ocrx_word' id='word_1_1003' title='bbox 3523 5596 3661 5650; x_wconf 83' lang='lat' dir='ltr'><strong>fides</strong></span> 
     </span>
    </p>
   </div>
   <div class='ocr_carea' id='block_1_119' title="bbox 2008 5674 3659 5753">
    <p class='ocr_par' dir='ltr' id='par_1_119' title="bbox 2008 5674 3659 5753">
     <span class='ocr_line' id='line_1_119' title="bbox 2008 5674 3659 5753; baseline 0.007 -24"><span class='ocrx_word' id='word_1_1004' title='bbox 2008 5680 2009 5685; x_wconf 70' lang='grc'><em>“</em></span> <span class='ocrx_word' id='word_1_1005' title='bbox 2073 5686 2248 5732; x_wconf 86' lang='lat' dir='ltr'><strong>vestra</strong></span> <span class='ocrx_word' id='word_1_1006' title='bbox 2277 5674 2341 5729; x_wconf 90' lang='lat' dir='ltr'><strong>ad</strong></span> <span class='ocrx_word' id='word_1_1007' title='bbox 2362 5676 2616 5745; x_wconf 87' lang='lat' dir='ltr'><strong>justitiam</strong></span> <span class='ocrx_word' id='word_1_1008' title='bbox 2639 5675 2816 5746; x_wconf 83' lang='lat' dir='ltr'><strong>(Rom.</strong></span> <span class='ocrx_word' id='word_1_1009' title='bbox 2849 5695 2918 5743; x_wconf 88' lang='lat' dir='ltr'><strong>tv,</strong></span> <span class='ocrx_word' id='word_1_1010' title='bbox 2947 5679 3022 5747; x_wconf 81' lang='lat'><strong>5).</strong></span> <span class='ocrx_word' id='word_1_1011' title='bbox 3056 5679 3318 5737; x_wconf 74' lang='lat' dir='ltr'><strong>La&#39;tamiui</strong></span> <span class='ocrx_word' id='word_1_1012' title='bbox 3340 5701 3389 5737; x_wconf 89' lang='lat' dir='ltr'><strong>m</strong></span> <span class='ocrx_word' id='word_1_1013' title='bbox 3415 5683 3659 5753; x_wconf 61' lang='lat' dir='ltr'><strong>liensum,</strong></span> 
     </span>
    </p>
   </div>
   <div class='ocr_carea' id='block_1_120' title="bbox 2140 5806 3103 5870">
    <p class='ocr_par' dir='ltr' id='par_1_120' title="bbox 2140 5806 3103 5870">
     <span class='ocr_line' id='line_1_120' title="bbox 2140 5806 3103 5870; baseline 0 -12"><span class='ocrx_word' id='word_1_1014' title='bbox 2140 5811 2154 5841; x_wconf 90' lang='grc'>¹</span> <span class='ocrx_word' id='word_1_1015' title='bbox 2178 5815 2226 5858; x_wconf 92' lang='lat' dir='ltr'><strong>In</strong></span> <span class='ocrx_word' id='word_1_1016' title='bbox 2249 5806 2412 5857; x_wconf 88' lang='lat' dir='ltr'><strong>multis</strong></span> <span class='ocrx_word' id='word_1_1017' title='bbox 2436 5814 2559 5870; x_wconf 76' lang='lat' dir='ltr'><strong>ttss.,</strong></span> <span class='ocrx_word' id='word_1_1018' title='bbox 2580 5807 2845 5860; x_wconf 83' lang='lat' dir='ltr'><strong>resistendo</strong></span> <span class='ocrx_word' id='word_1_1019' title='bbox 2865 5808 3103 5861; x_wconf 84' lang='lat' dir='ltr'><strong>domitort.</strong></span> 
     </span>
    </p>
   </div>
  </div>
