1986 3099
179 145 230 175 2⁵13

178 212 200 232 et
218 205 339 232 exsultatc
355 205 429 241 justi.
451 205 484 232 Et
499 205 629 237 exsultate,
652 204 777 237 subaudi,
793 205 819 232 in
843 205 963 231 Domino.

177 252 283 285 Quare?
298 251 363 285 Quia
380 252 434 286 jam
454 251 528 285 justi.
545 250 619 279 Unde
635 251 718 284 jttsti?
731 251 787 278 Non
804 250 904 277 ntcritis
924 259 967 276 vu-

176 297 237 323 stris
248 317 256 327 ,
269 297 316 323 sed
329 297 411 331 gratia
422 297 500 323 illius.
518 296 592 323 Unde
604 296 688 330 justi?
702 296 766 330 Quia
777 296 923 331 justiticuti.

211 343 254 370 25.
278 343 310 369 Et
324 343 466 378 gloriamini
479 351 564 369 omnes
577 343 637 368 recti
650 343 733 369 corde.
748 343 815 375 Quid
831 347 887 371 cst.
909 342 968 369 recti

134 393 137 395 '
175 389 270 416 corde?
282 388 338 415 Non
354 389 507 416 resistentes
520 389 583 416 Deo.
596 389 713 416 lutcndat
727 389 849 416 Charitas
863 389 966 421 Vestra,

175 439 201 462 et
221 435 359 468 intelligite
375 439 474 460 rectum
497 442 553 461 cor.
580 435 697 460 Breviter
716 434 786 466 dico,
808 435 853 461 sed
879 439 985 460 t:ttncn~

176 481 290 507 maxime
309 480 563 506 commendandum:
582 480 635 506 Deo
647 485 744 507 autem
766 480 881 514 gratias,
897 480 966 514 quod

178 525 201 552 in
222 526 273 553 ﬁne
285 530 336 558 est,
361 525 488 553 inhznreat
511 526 632 553 sensibus
658 526 762 555 vestris.
782 526 852 552 Inter
865 531 965 552 rectum

175 580 230 604 cor,
245 576 272 598 et
287 579 396 604 pravum
409 579 454 598 eor
466 571 516 598 hoc
528 571 652 598 interest:
667 572 786 606 quisquis
800 571 879 597 homo
892 571 967 605 quid-

174 619 235 653 quid
259 618 355 652 patitur
370 622 465 651 praeter
478 618 640 645 voluntatem
654 638 661 650 ,
676 618 833 645 afﬂictioues
845 639 852 649 ,
867 626 966 644 maero-

175 671 226 695 res,
243 664 356 696 labores,
373 663 582 696 ltumiliationes,
600 671 651 690 non
669 663 758 690 tribuit
773 663 823 691 nisi
839 663 965 690 Vttlultlall

175 712 219 739 Dei
240 712 329 746 Ῑιιςιει,
353 712 405 737 non
428 711 464 738 illi
487 711 554 738 dans
575 711 769 745 insipientiam,
797 710 867 745 quod
891 710 965 744 qttasi

173 758 273 784 nesciat
287 756 348 792 quid
361 761 430 791 agat,
444 756 505 791 quia
518 756 595 782 taletu
610 755 723 790 ﬂagellat
733 777 739 787 ,
754 761 781 783 ει
793 756 889 783 talibus
903 764 965 790 par-

173 802 225 833 cit;
237 801 295 837 ipse
305 807 346 829 est
356 807 443 829 rectus
455 801 535 828 corde
548 810 554 827 :
569 802 686 836 perversi
700 806 788 828 autem
800 801 881 829 corde
892 806 963 833 sunt,

173 853 200 875 et
215 848 288 882 pravi
303 852 330 874 et
343 847 461 880 distorti,
478 848 521 882 qui
544 847 632 874 omnia
654 855 713 881 qua:
726 849 862 882 patiuntur
876 848 942 874 mala
957 868 963 878 ,

174 895 263 927 inique
284 901 313 921 se
334 894 387 928 pati
413 894 515 925 dicunt,
539 893 633 921 dantes
654 893 692 921 illi
719 894 893 929 iniquitatem.
918 901 965 928 per

173 940 249 974 cujus
266 940 426 966 volttntatem
447 939 596 973 patiuntur;
612 944 656 966 aut
670 939 729 974 quia
750 947 802 966 non
822 939 846 966 ei
867 940 965 966 audent

173 985 238 1012 dare
259 985 432 1020 iniquitatem,
455 984 577 1011 auferunt
599 985 623 1012 ei
644 985 873 1019 gubernationem.
898 985 963 1018 Quia

173 1032 240 1066 ipse.
250 1032 344 1066 inquit,
357 1039 408 1058 non
418 1036 503 1065 potest
518 1031 738 1065 facereiniqunm.
750 1031 867 1065 iniquum
876 1035 963 1057 autem

174 1082 214 1105 est
225 1081 252 1104 ut
261 1085 310 1112 ego
325 1077 417 1111 patiar,
428 1081 455 1103 et
467 1076 512 1103 ille
523 1083 576 1103 non
586 1076 712 1110 patiatur;
723 1075 840 1103 concedo
851 1076 921 1102 enim
937 1081 964 1102 ut

161 1119 224 1151 'sitn
236 1127 356 1159 peccator
366 1145 372 1156 ,
386 1127 458 1150 certe
473 1126 534 1149 sunt
548 1123 651 1156 pejores
665 1122 708 1157 qui
724 1122 845 1149 lwtantur
855 1142 861 1153 ,
875 1126 902 1149 et
916 1130 964 1156 ego

177 1169 286 1197 tribulor
297 1179 303 1197 :
315 1170 374 1203 quia
386 1176 449 1203 ergo
463 1168 513 1195 hoc
532 1169 648 1203 iniqumn
661 1173 711 1200 est,
726 1172 754 1194 ut
768 1168 846 1194 etiam
862 1167 964 1201 pejores

175 1224 218 1243 me
231 1217 361 1246 ltetentur,
375 1220 401 1242 et
417 1223 467 1250 ego
482 1215 600 1246 tribuler,
617 1215 661 1250 qui
675 1219 720 1241 attt
739 1215 840 1249 jttstus,
856 1219 899 1240 aut
913 1215 963 1241 mi-

175 1268 225 1288 nus
239 1265 362 1296 peccator
375 1269 453 1295 quam
469 1261 503 1286 illi
518 1268 586 1293 sum,
603 1265 629 1287 ει
648 1265 749 1287 certum
770 1264 810 1286 est
831 1259 900 1294 apud
922 1267 964 1286 me

176 1308 225 1335 hoc
237 1315 298 1336 esse
313 1307 438 1341 injustam
448 1328 455 1338 ,
470 1312 496 1333 et
507 1311 608 1334 certum
623 1310 663 1333 est
681 1306 749 1341 apud
762 1314 805 1332 me
819 1306 878 1340 quia
897 1306 965 1333 Deus

174 1362 227 1382 non
241 1354 304 1381 facit
318 1354 444 1388 iujustum
457 1361 464 1386 ;
481 1353 549 1380 Deus
565 1360 616 1379 non
627 1352 755 1387 gubernat
767 1360 810 1379 res
824 1352 962 1391 humanas,

175 1408 223 1427 nec
236 1408 300 1428 cura
316 1406 355 1427 est
376 1400 410 1427 illi
427 1400 460 1427 tle
479 1400 565 1426 nobis.
582 1400 650 1434 Ergo
664 1400 736 1433 pravi
757 1399 848 1431 corde,
872 1399 897 1425 id
923 1404 966 1426 est

175 1447 278 1474 distorti
293 1445 384 1477 corde,
405 1450 458 1472 tres
479 1445 575 1472 habent
597 1445 750 1471 sententias.
767 1445 829 1476 Aut,
848 1444 904 1471 Non
924 1449 965 1472 est

175 1493 244 1520 Deus
256 1501 263 1519 :
277 1493 345 1519 dixit
359 1492 429 1519 enim
445 1492 540 1518 stultus
555 1491 580 1518 in
598 1491 678 1518 corde
693 1499 751 1523 suo,
765 1491 821 1518 Non
842 1495 882 1518 est
897 1492 965 1519 Deus

176 1537 261 1568 il’sal.
284 1545 349 1569 xut,
363 1537 400 1572 l).
427 1537 460 1563 Et
483 1537 530 1563 fuit
553 1537 651 1563 dictum
673 1537 706 1564 de
727 1536 825 1564 diluvio
850 1537 894 1564 illo
905 1536 963 1573 (a):

179 1590 227 1611 non
244 1582 402 1620 delttit'talis
420 1582 538 1609 doctrina
555 1582 782 1616 philosophorum,
804 1590 856 1609 non
874 1582 971 1623 defue-p

176 1634 237 1656 runt
261 1629 307 1664 qui
330 1629 449 1656 dicereut
472 1636 522 1656 non
548 1636 608 1655 esse
636 1628 738 1661 Dettm,
766 1628 809 1662 qtti
836 1628 966 1664 gubernat

176 1675 261 1702 omnia
273 1680 300 1703 et
310 1674 427 1702 condulit
435 1675 532 1704 omnia:
540 1674 585 1701 sed
593 1681 651 1701 esse
661 1675 757 1701 multos
767 1674 832 1702 deos
842 1679 964 1702 vacantes

176 1721 224 1748 sibi
239 1725 336 1756 prater
347 1721 484 1751 tumultua,
497 1727 548 1747 non
557 1724 679 1746 curantes
691 1720 750 1746 ista.
766 1720 894 1755 Ergoaut.
907 1719 963 1747 Non

176 1773 216 1795 est
231 1769 318 1794 Deus:
334 1767 384 1795 hoc
398 1767 462 1794 dicit
475 1767 580 1801 impius,
595 1766 636 1793 cui
651 1766 770 1800 displicet
786 1766 911 1800 quidquid
928 1766 964 1793 illi

175 1814 268 1841 aet-adit
284 1819 379 1848 pnt-ter
394 1813 565 1844 voluntatem,
581 1817 608 1839 et
621 1812 697 1839 alteri
710 1820 761 1839 non
775 1812 871 1839 accidit
881 1812 922 1839 cui
936 1820 965 1840 se

177 1860 324 1894 pra'jmuitr
340 1863 394 1891 aut,
410 1858 524 1894 lojustus
540 1859 607 1885 Deus
618 1862 668 1891 est,
683 1858 724 1885 cui
740 1857 789 1884 ista
807 1858 924 1891 placent,
939 1863 966 1885 ct

176 1907 219 1939 qui
234 1906 290 1932 haec
305 1904 365 1932 facit
378 1915 384 1930 :
399 1910 458 1937 aut,
474 1904 530 1931 Non
544 1905 674 1939 gubernat
689 1905 757 1931 Dens
771 1913 813 1932 res
826 1905 964 1937 humanas,

177 1958 225 1977 nec
237 1958 299 1977 cum
310 1956 351 1977 cst
363 1950 398 1976 illi
411 1950 443 1976 de
456 1950 578 1976 omnibus
594 1951 612 1975 ί.
626 1950 653 1976 In
668 1950 724 1976 istis
735 1950 818 1976 tribus
828 1951 966 1977 sententiis

166 2004 271 2031 magna
295 1997 425 2030 impietas,
448 2001 492 2022 aut
516 2003 612 2030 negare
635 1996 725 2027 Deum,
745 2000 790 2022 ant
810 1995 899 2023 dicere
925 1996 966 2022 in-

175 2041 285 2077 iustum,
300 2045 346 2069 aut
359 2042 463 2069 auferre
478 2042 514 2068 illi
527 2042 743 2077 gubernationem
761 2050 858 2069 rerum.
879 2042 966 2075 Quare

178 2089 247 2116 hoc?
261 2089 327 2123 Quia
345 2089 473 2116 distorttts
494 2093 534 2115 est
557 2088 646 2115 corde.
671 2088 768 2115 Rectus
790 2094 830 2115 cst
846 2089 924 2121 Deus,
941 2094 967 2116 et

178 2134 238 2162 ideo
250 2134 391 2162 distortum
406 2142 453 2161 cor
466 2135 475 2149 ³
491 2134 527 2161 illi
543 2141 594 2160 non
612 2134 763 2169 acquiescit.
780 2134 854 2168 Quod
877 2135 901 2161 iu
915 2136 966 2162 alio

179 2181 281 2215 psalmo
296 2185 346 2213 est,
364 2180 447 2214 Quam
462 2180 540 2206 bonus
555 2180 623 2206 Deus
636 2179 729 2212 Israel,
744 2181 817 2206 rectis
830 2181 922 2208 corde!
936 2182 967 2208 lit

177 2227 237 2260 quia
251 2226 330 2253 talem
347 2225 460 2253 habebat
470 2226 526 2260 ipse
538 2225 678 2260 aliquando
691 2226 848 2253 sententiam
862 2227 881 2258 ³,
896 2227 959 2258 ρίαν

177 2272 254 2299 modo
268 2273 338 2299 scivit
351 2271 430 2304 Deus,
444 2276 488 2298 aut
500 2271 521 2298 si
533 2277 569 2298 est
583 2272 685 2298 scientia
697 2271 826 2298 Altissimo
835 2272 848 2298 1’
861 2272 920 2299 ideo
933 2273 965 2299 ibi

176 2318 290 2352 subjecit
303 2327 309 2344 :
326 2317 377 2344 Mei
386 2322 470 2343 autent
481 2325 543 2352 pene
555 2317 616 2343 moti
627 2322 684 2343 sunt
695 2318 770 2352 pedes
781 2317 866 2354 (Psal.
883 2326 964 2350 Lxxtt,

178 2365 206 2398 Ι,
224 2364 267 2396 Η,
280 2363 319 2398 2).
333 2363 471 2397 Quomodo
490 2363 629 2390 distortum
643 2363 740 2397 lignum
754 2383 761 2395 ,
781 2364 830 2390 etsi
844 2372 926 2398 ponas
941 2364 965 2390 in

178 2409 328 2443 pavimento
339 2409 442 2443 aequali,
459 2416 511 2435 non
526 2409 681 2438 collocatur.
694 2416 746 2434 noti
757 2410 965 2443 compaginatur,

150 2462 152 2466 '
178 2463 229 2482 nec
247 2455 407 2490 adjungitnr,
422 2463 527 2490 semper
549 2455 661 2489 agitatur
679 2458 706 2481 et
717 2459 810 2486 nutat;
831 2462 883 2481 non
906 2456 965 2489 quia

178 2500 307 2536 inmquale
317 2506 358 2528 est
371 2501 412 2527 ubi
427 2500 546 2535 posui-ti,
560 2500 607 2534 sed
622 2500 682 2534 quia
693 2500 831 2527 distortum
845 2505 885 2527 est
896 2501 966 2534 quod

177 2546 304 2579 posuisti:
329 2545 364 2573 ita
388 2551 414 2572 et
437 2553 483 2572 cor
502 2549 574 2572 tuum
598 2545 722 2579 quamdiu
745 2552 853 2579 pravum
878 2550 918 2572 est
940 2550 967 2572 ct

175 2591 326 2624 distortum,
339 2600 391 2618 non
406 2595 492 2625 potest
504 2591 632 2618 colliniari
645 2591 794 2618 rectitudini
807 2591 862 2622 Dei,
875 2597 901 2618 et
913 2599 964 2618 non

177 2642 263 2672 potest
290 2638 315 2664 in
339 2638 384 2664 illo
403 2637 526 2663 collocari
550 2642 576 2663 ut
599 2637 697 2663 luerent
722 2636 769 2669 illi,
792 2643 818 2663 et
838 2638 878 2662 hut
893 2636 902 2651 ⁵
916 2637 966 2670 Qui

209 2715 215 2729 '
231 2715 301 2739 \atic.
311 2717 361 2743 ιρις..
374 2714 404 2740 de
412 2711 552 2738 hominibus.

207 2745 218 2779 ξ
294 2746 417 2773 omittunt,
426 2751 466 2779 cor
478 2751 486 2768 ε
497 2743 644 2779 etJilt-rique
652 2743 752 2779 habent,
765 2744 865 2779 distorto
871 2744 916 2769 illi.

209 2775 265 2811 fsic
285 2781 337 2801 Mss.
365 2780 390 2800 λι
412 2775 482 2805 tidd.,
503 2774 633 2806 aliquando
659 2775 689 2799 de
717 2781 743 2799 se
767 2775 905 2800 sententiam
926 2776 962 2800 in-

178 2813 294 2866 θ”ίεέῗιὶιη
306 2842 328 2863 et
338 2839 379 2869 fuit
393 2841 490 2862 reatum.
505 2837 584 2866 Abt-st,
597 2839 695 2866 rectum,
708 2843 721 2861 a
730 2840 785 2862 Mss.

211 2869 244 2899 ((ι)
257 2875 294 2898 aut
304 2877 339 2898 ra,
352 2876 366 2893 ll
394 2869 427 2893 l8.

736 121 1163 174 ENARBATIO'IN.PS.‘.L.\lt;.\i
1185 146 1277 174 xxxi.

1755 150 1806 178 274

1020 205 1131 232 adimeret
1148 205 1265 240 Domino,
1281 216 1345 235 unus
1358 209 1460 243 spiritus
1471 214 1507 236 est
1521 209 1540 245 (l
1551 209 1611 237 Cor.
1626 217 1662 243 vt,
1680 210 1734 243 i7).
1748 211 1807 239 Ideo

1019 252 1078 278 recti
1091 251 1165 279 corde
1178 252 1321 287 gloriamini
1334 253 1410 281 dixit.
1423 255 1562 288 Quomodo
1576 255 1642 283 recti
1655 255 1737 283 corde
1749 256 1801 291 ειυς

1019 297 1138 324 riantur?
1156 298 1251 326 Audite
1275 299 1458 338 gloriationcm
1483 301 1616 336 ipSorutu:
1644 300 1704 328 Non
1724 302 1806 328 solum

1019 348 1111 375 autem,
1124 343 1187 370 dicit
1200 345 1352 378 Apostolus,
1366 345 1409 371 sed
1421 350 1445 372 et
1454 346 1592 380 gloriantur
1602 346 1628 372 in
1639 345 1807 374 tribulationi—

1019 387 1073 415 bus.
1088 388 1152 415 Nam
1167 397 1218 416 non
1230 395 1270 416 est
1281 391 1403 424 magnum
1416 391 1521 426 gloriari
1536 391 1561 418 in
1575 391 1686 427 gaudiis,
1698 391 1806 426 gloriari

1020 435 1044 462 in
1059 435 1174 463 hetiliis:
1191 441 1278 464 rectus
1290 437 1370 464 corde
1386 438 1464 464 etiam
1481 438 1506 464 in
1523 438 1692 470 tribulatione
1706 438 1802 473 gloria-

1020 486 1070 509 tur.
1088 483 1119 509 Et
1139 483 1199 509 audi
1214 483 1347 517 quomodo
1357 484 1485 519 gloriatur
1498 484 1523 511 in
1542 484 1727 516 tribulatione;
1744 485 1806 520 quia

1018 535 1071 554 non
1086 527 1181 565 frustra
1200 529 1353 564 quisquam,
1373 536 1425 556 non
1441 537 1622 564 supervacue:
1638 530 1697 558 vide
1704 532 1805 558 rectum

1018 581 1075 605 cor,
1092 574 1214 607 Scienles,
1229 574 1327 609 iuqttit,
1343 575 1403 609 quia
1416 575 1543 602 tribulatio
1557 575 1703 610 patientiam
1717 583 1807 611 opera-

1018 623 1069 649 tur,
1083 619 1202 654 patientia
1216 626 1299 646 autem
1317 620 1496 654 probationem,
1520 621 1637 657 probatio
1647 629 1704 648 vero
1713 629 1783 655 spem
1796 641 1804 652 .

1018 674 1074 700 spes
1088 670 1168 692 autent
1182 674 1231 692 non
1247 666 1387 702 confundit.
1403 667 1462 701 quia
1475 667 1584 695 clutritas
1601 667 1755 701 Deidi/fusa
1769 673 1806 694 est

1017 711 1043 738 ia
1056 711 1171 738 cordibus
1185 712 1276 738 nostris
1297 720 1341 746 per
1354 712 1479 747 Spiritum
1497 718 1612 740 sanctum
1627 714 1668 748 qui
1684 713 1758 740 datus
1770 718 1807 740 cst

1018 757 1088 784 nobis
1099 757 1185 793 (Rom.
1196 766 1213 784 v
1221 778 1227 789 ,
1238 758 1308 794 5-5).

1052 803 1096 829 26.
1117 803 1160 830 Sic
1178 808 1217 829 est
1238 810 1302 837 ergo
1322 807 1422 830 rectum
1435 811 1499 836 cor,
1516 803 1619 831 fratres.
1636 803 1802 838 Cuicumque

1017 849 1113 884 aliquid
1132 848 1237 882 accidit,
1252 849 1342 876 dicat:
1367 849 1493 877 Dominus
1505 849 1588 883 dedit,
1599 850 1726 877 Dominus
1745 851 1806 878 abs-

1018 895 1086 922 tulit.
1104 895 1171 922 Ecce
1193 899 1293 922 rectum
1310 902 1357 922 cor
1379 903 1386 921 :
1407 894 1481 922 Sicut
1501 895 1615 923 Domino
1637 896 1745 930 placuit,
1769 895 1804 922 ita

1017 940 1125 967 factum
1138 943 1179 966 est
1199 947 1207 966 :
1227 939 1262 966 sit
1286 947 1384 967 nomen
1406 939 1508 967 Domini
1537 939 1707 968 benedictum
1731 940 1806 976 (Job

1016 994 1039 1017 ι,
1062 986 1116 1021 2|).
1144 986 1209 1020 Quis
1232 985 1359 1013 abstulit?
1383 986 1445 1021 quid
1469 986 1592 1014 abstulit?
1613 984 1806 1014 cui'abstnlit?

1016 1032 1121 1066 quando
1150 1031 1278 1059 abstulit?
1308 1031 1347 1059 Sit
1368 1039 1464 1059 nomen
1494 1031 1598 1058 Domini
1626 1031 1805 1059 benedictum.

1017 1078 1051 1105 Et
1076 1087 1127 1105 non
1154 1078 1241 1110 dixit,
1271 1078 1396 1105 Dominus
1422 1077 1511 1110 dedit,
1538 1077 1662 1105 diabolus
1688 1077 1804 1105 abstulit.

1019 1124 1138 1152 Iutendat
1148 1132 1211 1159 ergo
1226 1123 1349 1150 Charitas
1362 1123 1467 1156 Vestra,
1484 1131 1517 1150 ne
1532 1123 1599 1150 forte
1613 1122 1727 1150 dicatis:
1745 1122 1806 1150 llzec

1017 1170 1080 1197 tnihi
1094 1170 1215 1196 diabolus
1228 1169 1300 1196 fecit.
1316 1169 1430 1196 Prorsus
1443 1169 1475 1196 ad
1489 1168 1572 1196 Deum
1587 1172 1660 1196 tuum
1675 1167 1745 1196 refer
1757 1168 1805 1194 ﬂa-

1016 1217 1112 1251 gellum
1127 1221 1211 1247 tuum,
1224 1216 1284 1250 quia
1295 1223 1348 1242 nec
1357 1215 1479 1242 diabolus
1495 1215 1541 1242 tibi
1556 1215 1655 1247 aliquid
1670 1214 1741 1247 facit,
1755 1214 1805 1241 nisi

1017 1262 1062 1289 ille
1084 1262 1217 1296 permittat
1236 1262 1281 1296 qui
1295 1262 1408 1296 desuper
1421 1262 1500 1288 habet
1514 1252 1692 1295 potestatem.
1714 1264 1760 1287 attt
1774 1260 1806 1287 ad

1017 1316 1133 1343 poenam,
1148 1313 1192 1334 aut
1204 1308 1237 1334 ad
1250 1308 1415 1342 disciplinam
1432 1316 1438 1333 τ
1453 1307 1489 1334 ad
1501 1315 1605 1342 pceuam
1617 1306 1700 1340 impii,
1717 1306 1749 1334 ad
1763 1307 1804 1333 di<

1017 1353 1154 1387 Scipliuam
1171 1353 1226 1379 ﬁlii.
1250 1352 1376 1388 Flagellat
1397 1358 1484 1379 autem
1500 1360 1608 1380 otnnent
1630 1352 1713 1379 ﬁlium
1725 1359 1807 1387 quem

1017 1399 1110 1433 recipit
1126 1397 1202 1434 (Heb.
1218 1406 1266 1431 xu,
1282 1397 1320 1432 6).
1332 1398 1386 1424 Nec
1401 1403 1426 1434 te
1437 1398 1495 1424 sine
1509 1397 1615 1431 ﬂagello
1628 1404 1721 1432 speres
1734 1396 1806 1425 futu-

1016 1453 1085 1477 rum,
1102 1444 1151 1471 nisi
1170 1444 1349 1479 lorte.cogitas
1364 1442 1537 1470 uthredari.
1562 1442 1806 1478 Flagellatotnuem

1016 1491 1098 1518 ﬁlium
1118 1498 1198 1526 quem
1224 1490 1326 1524 recipit.
1350 1490 1421 1517 Itane
1440 1488 1565 1516 omnem?
1584 1488 1634 1517 Ubi
1658 1493 1683 1516 te
1698 1488 1807 1517 volebas

1016 1537 1197 1564 abscondere?
1213 1535 1323 1563 Omnem
1339 1545 1346 1563 :
1363 1541 1390 1563 et
1403 1535 1491 1562 nullus
1501 1539 1638 1568 cxveptus,
1652 1535 1740 1561 nullus
1750 1534 1808 1561 siue

1017 1582 1121 1617 ﬂagello
1143 1582 1203 1610 crit.
1227 1582 1315 1615 Quit]?
1337 1581 1368 1608 ad
1391 1581 1518 1608 omnetn?
1546 1580 1591 1607 Vis
1612 1580 1704 1607 audire
1727 1587 1805 1615 quam

1017 1628 1142 1655 onmem?
1158 1628 1243 1654 Etiam
1259 1627 1355 1655 Unicus
1367 1627 1425 1654 sine
1439 1628 1557 1661 peccato.
1572 1633 1624 1653 non
1645 1632 1734 1653 tatnen
1749 1626 1807 1653 sine

1017 1675 1129 1710 ﬂagello.
1143 1675 1219 1703 Unde
1232 1675 1288 1710 ipse
1301 1674 1399 1702 UlllCttS
1409 1679 1515 1708 portans
1527 1673 1707 1701 inﬁrmitatem
1723 1679 1806 1705 tuam,

1017 1725 1044 1748 et
1059 1721 1228 1755 prurﬁgurans
1244 1720 1268 1747 in
1284 1728 1313 1747 se
1332 1727 1471 1754 personant
1488 1724 1558 1746 luam
1568 1739 1576 1751 ,
1593 1723 1716 1754 tanquam
1729 1723 1808 1753 caput

1017 1772 1124 1801 gestans
1137 1774 1276 1801 personam
1289 1766 1367 1793 etiatu
1383 1765 1501 1800 corporis
1520 1765 1570 1795 sui.
1587 1773 1647 1792 cutn
1662 1766 1808 1799 appropin-

1017 1818 1111 1847 quaret
1123 1812 1247 1846 passioni,
1261 1820 1292 1839 ex
1307 1812 1414 1839 ltomiue
1424 1819 1502 1846 quem
1515 1812 1625 1845 gerebat
1633 1811 1807 1838 contristatus

1018 1863 1067 1890 est,
1083 1863 1112 1885 ut
1127 1863 1152 1885 te
1165 1857 1327 1888 laetiﬁcaret;
1344 1857 1515 1883 contristatus
1527 1861 1582 1888 est,
1597 1861 1623 1882 ut
1641 1861 1666 1884 te
1683 1858 1806 1883 Consola-

1019 1908 1100 1930 retur.
1118 1903 1205 1930 Potuit
1216 1903 1287 1930 enim
1299 1903 1389 1936 utique
1402 1902 1460 1928 sine
1475 1901 1585 1934 tristitia,
1596 1907 1656 1928 esse
1667 1901 1805 1933 Dominus,

1019 1951 1102 1976 iturus
1111 1950 1143 1976 ad
1158 1950 1317 1984 passionem.
1332 1948 1359 1976 Si
1380 1948 1464 1983 potuit
1486 1949 1572 1979 miles.
1589 1956 1643 1975 non
1657 1949 1741 1983 potuit
1756 1949 1806 1976 itn~

1019 1995 1142 2030 perator?
1155 1995 1294 2029 Quomodo
1304 1995 1389 2029 potuit
1400 1995 1494 2021 miles?
1512 1995 1627 2022 Attende
1637 1994 1746 2022 Paulum
1759 2003 1807 2022 ex-

1019 2042 1170 2074 sultantem,
1185 2042 1404 2076 propinquantem
1419 2041 1534 2076 passioni
1550 2050 1557 2067 :
1574 2040 1630 2076 Ego
1642 2047 1726 2068 autem
1736 2042 1804 2076 jam,

1019 2088 1112 2123 inquit,
1124 2087 1248 2119 immolor,
1263 2092 1287 2114 et
1300 2092 1397 2122 tempus
1411 2086 1569 2114 resolutionis
1584 2095 1645 2113 ntere
1654 2087 1740 2113 instat.
1752 2086 1805 2113 Ba-

1019 2143 1078 2160 uunt
1091 2139 1213 2160 certanten
1227 2133 1329 2166 cet-tnui,
1346 2141 1448 2160 cursum
1469 2133 1648 2165 consummavi,
1666 2133 1741 2167 ﬁdem
1755 2142 1810 2160 ser-

1018 2181 1090 2207 vavi:
1102 2179 1133 2206 de
1144 2184 1231 2206 uetera
1243 2185 1356 2213 superest
1364 2179 1426 2206 milii
1435 2187 1527 2206 corona
1532 2179 1648 2215 justitiw,
1662 2187 1736 2213 quant
1747 2180 1810 2206 nti/ti

1019 2226 1143 2252 Dominus
1151 2225 1235 2252 reddet
1243 2226 1268 2252 in
1276 2225 1321 2252 illa
1330 2225 1370 2252 die
1373 2225 1457 2260 justus
1461 2225 1552 2259 judex.
1567 2224 1626 2251 Non
1634 2225 1715 2251 solum
1724 2230 1809 2253 autem

1020 2271 1090 2299 milii.
1102 2270 1145 2297 sed
1153 2275 1175 2297 et
1185 2271 1298 2298 omnibus
1310 2270 1352 2306 qui
1365 2270 1472 2305 diligunt
1485 2270 1617 2296 adventant
1628 2271 1682 2305 ejus
1696 2270 1729 2306 (ll
1741 2270 1807 2298 Tim.

1020 2326 1055 2351 tv,
1065 2317 1138 2352 6-8).
1158 2317 1250 2346 Videte
1260 2316 1482 2353 quemadmodum
1493 2316 1621 2348 exsultat,
1637 2321 1763 2345 venturus
1775 2318 1808 2345 ad

1019 2364 1180 2398 passionem.
1206 2364 1274 2398 Ergo
1295 2362 1391 2398 gaudet
1412 2361 1579 2388 coronandus
1605 2371 1611 2388 :
1638 2364 1809 2390 contristatur

1019 2415 1200 2437 coronaturus.
1222 2409 1288 2442 Quid
1309 2408 1386 2443 igitur
1400 2407 1535 2442 portabat?
1549 2407 1727 2436 Inﬁrmitatem
1741 2417 1807 2443 quo-

1020 2457 1151 2488 runtdam,
1169 2456 1213 2491 qui
1235 2456 1358 2483 veniente
1373 2455 1542 2483 tribulatione
1558 2455 1597 2482 vel
1612 2461 1697 2484 morte
1711 2457 1808 2483 contri-

1019 2507 1132 2528 stantur.
1150 2501 1201 2528 Sed
1214 2501 1272 2528 vide
1285 2501 1419 2535 quomodo
1431 2508 1478 2528 eos
1487 2501 1559 2528 ducit
1575 2501 1601 2528 in
1614 2501 1785 2529 directionem
1799 2503 1806 2517 ‘

1019 2548 1115 2574 eordis.
1132 2547 1199 2573 Ecce
1214 2540 1241 2573 tu
1262 2547 1369 2574 volebas
1382 2547 1486 2580 vivere,
1502 2555 1554 2575 non
1570 2548 1676 2575 volebas
1697 2548 1742 2575 tibi
1760 2548 1808 2574 ali-

1019 2594 1080 2629 quid
1096 2593 1232 2624 accidcre;
1245 2592 1291 2620 sed
1304 2592 1373 2620 Deus
1388 2593 1460 2620 aliud
1474 2593 1556 2621 voluit
1569 2603 1574 2620 :
1590 2593 1649 2621 dua:
1660 2594 1807 2620 voluntates

1018 2645 1079 2667 sunt
1092 2648 1099 2672 ;
1113 2639 1160 2666 sed
1175 2638 1297 2665 voluntas
1309 2643 1352 2665 ttta
1364 2639 1512 2673 corrigatur
1525 2639 1557 2666 ad
1571 2639 1732 2665 voluntatem
1748 2638 1806 2670 Dei,

1019 2693 1071 2712 non
1086 2685 1208 2711 voluntas
1227 2684 1274 2711 Dei
1294 2684 1483 2720 detorqueatur
1507 2684 1539 2711 ad
1561 2690 1642 2711 tttam.
1663 2684 1745 2710 Prava
1767 2688 1808 2710 cet

1018 2732 1087 2758 cnim
1103 2735 1156 2763 tua,
1171 2730 1258 2765 regula
1273 2734 1314 2757 est
1327 2730 1369 2757 illa
1382 2738 1390 2756 :
1403 2735 1455 2757 stet
1470 2730 1568 2764 regula,
1581 2729 1686 2764 utquod
1699 2736 1807 2763 pravum

1018 2783 1068 2809 est,
1084 2778 1116 2804 ad
1132 2776 1248 2811 regulam
1264 2777 1419 2811 corrigatur.
1439 2775 1531 2803 Videte
1544 2774 1676 2810 quomodo
1696 2774 1747 2801 hoc
1760 2774 1807 2801 do-

1051 2870 1058 2884 ¹
1072 2868 1153 2892 t'lttres
1165 2870 1228 2897 Mss,
1240 2865 1378 2892 directione.
