3972 6198
337 427 445 485 275

337 551 420 595 cet
474 539 728 596 Dominus
760 538 914 594 Jesus
954 534 1198 590 Christus
1233 551 1247 589 :
1291 533 1473 589 Tristis
1500 542 1571 588 est
1609 531 1778 586 anima
1801 544 1913 583 mea

337 647 494 690 usque
517 632 584 684 ad
608 640 813 682 mortem
840 644 859 682 :
883 637 957 692 et,
992 625 1166 693 Pater,
1198 626 1249 689 si
1273 627 1385 695 ﬁeri
1420 634 1599 695 potest,
1638 632 1855 677 transeat
1880 638 1923 703 a‘

338 739 414 775 me
439 723 574 776 calix
607 722 716 775 iste.
770 719 907 774 Ecce
956 718 1191 773 ostendit
1237 718 1519 773 humanam
1564 715 1906 770 voluntatem.

333 818 439 873 Sed
467 816 583 870 vide
610 826 809 871 rectum
845 831 937 868 cor
977 833 989 868 :
1040 813 1225 868 Verum
1254 830 1353 865 non
1378 812 1511 875 quod
1533 826 1623 880 ego
1647 810 1793 870 uolo,
1825 806 1913 862 scd

333 909 467 974 quod
497 918 549 959 tu
574 907 664 968 vis,
690 905 840 958 Pater
865 905 1074 970 (Matth.
1105 919 1255 965 XXVI,
1273 903 1360 963 58,
1389 901 1504 969 59).
1523 899 1633 954 Hoc
1655 913 1782 967 ergo
1810 898 1906 956 iac.

334 1001 567 1071 gaudens
594 1002 645 1053 in
675 1000 755 1052 his
786 1016 902 1068 qum
942 998 1030 1051 tibi
1064 996 1307 1051 accidunt
1345 1013 1358 1047 :
1402 1002 1454 1047 et
1489 993 1533 1047 si
1569 992 1770 1047 venerit
1797 989 1911 1043 dies

334 1091 421 1145 ille
455 1090 687 1151 ultimus.
711 1090 900 1159 gaude.
924 1092 1028 1142 Aut
1047 1089 1091 1142 si
1119 1086 1354 1154 subrepit
1375 1085 1615 1138 humana:
1639 1081 1909 1151 cujusdam

336 1183 621 1237 voluntatis
650 1181 927 1252 fragilitas,
950 1182 1055 1234 cito
1088 1178 1342 1247 dirigatur
1366 1178 1416 1230 in
1451 1178 1650 1239 Deum;
1680 1184 1735 1227 ut
1760 1176 1832 1228 sis
1859 1174 1909 1226 in

334 1275 414 1328 cis
440 1275 627 1344 quibus
654 1274 864 1338 dicitur,
892 1272 1188 1327 Gloriamini
1209 1285 1375 1323 omnes
1404 1268 1522 1322 recti
1551 1267 1718 1320 corde.

729 1482 810 1541 1N
853 1468 1230 1541 PSAILMUM
1254 1454 1520 1539 'xxxu

902 1601 1295 1656 ENARRATIU
1347 1602 1385 1653 Ι.

410 1718 464 1771 1.
505 1716 652 1786 ]vcrs.
692 1714 768 1787 1.]
812 1715 1072 1769 Exsultate
1098 1715 1228 1784 justi
1267 1714 1317 1767 in
1358 1714 1616 1767 Domino:
1655 1712 1910 1767 essultate

339 1809 483 1880 justi,
515 1825 616 1862 non
647 1809 696 1862 in
723 1809 891 1872 vobis,
915 1824 1017 1861 non
1048 1807 1188 1862 enim
1211 1807 1311 1861 hoc
1340 1817 1506 1860 tutum
1533 1807 1550 1837 ί
1583 1814 1663 1859 est
1687 1820 1701 1869 ;
1740 1804 1831 1857 sed
1860 1804 1910 1856 in

344 1899 587 1954 Domino.
637 1899 815 1953 Rectos
857 1899 991 1951 decet
1036 1898 1258 1951 laudatio
1306 1913 1325 1950 :
1365 1897 1461 1966 ipsi
1491 1895 1704 1951 laudant
1732 1894 1912 1947 Domi-

348 2009 491 2055 num,
522 1993 607 2061 qui
648 2007 706 2046 se
735 1990 966 2045 subdunt
990 1989 1251 2054 Domino;
1279 1989 1431 2042 aliter
1456 1987 1598 2042 enim
1630 1984 1834 2039 distorti
1860 1993 1914 2041 et

342 2083 488 2153 pravi
518 2092 663 2136 sunt.

409 2176 465 2229 2.
488 2167 653 2246 Iners.
694 2172 774 2246 2.]
814 2174 1133 2242 Conﬁtemini
1163 2172 1378 2226 Domino
1402 2173 1456 2226 in
1481 2170 1673 2225 cithara
1702 2186 1721 2224 :
1749 2171 1915 2224 conli-

341 2267 523 2322 temini
549 2265 793 2332 Domino,
830 2263 1140 2320 exhibentes
1160 2265 1208 2318 ei
1231 2277 1454 2332 corpora
1480 2272 1656 2317 vestra
1682 2260 1909 2315 hostiam

342 2358 513 2413 vivam
535 2357 708 2430 (Rom.
730 2374 822 2420 xu,
844 2359 919 2427 1).
944 2356 1009 2411 In
1032 2355 1267 2424 psalterio
1283 2356 1594 2411 decachordo
1616 2354 1815 2426 psallite
1838 2354 1918 2408 ei:

341 2446 577 2503 serviant
602 2448 836 2504 membra
867 2456 1039 2502 vestra
1068 2446 1338 2501 dilectioni
1378 2445 1466 2500 Dei
1501 2456 1556 2500 et
1582 2440 1831 2515 proximi,
1863 2446 1916 2497 in

342 2538 533 2610 quibus
558 2538 656 2593 tria
685 2546 738 2593 et
756 2546 955 2605 septem
983 2547 1240 2608 praecepta
1272 2546 1566 2592 servantur.

412 2632 468 2687 3.
508 2629 658 2705 [vers.
704 2629 782 2703 3.]
818 2629 1028 2686 Caritate
1053 2632 1096 2685 ei
1116 2631 1363 2684 canticum
1386 2645 1568 2683 novum
1594 2643 1614 2683 :
1638 2634 1847 2682 cantate
1869 2626 1920 2682 ei

348 2723 609 2777 canticum
638 2722 823 2793 gratim
869 2722 1009 2777 ﬁdei.
1041 2720 1178 2776 Bene
1202 2732 1397 2776 cantate
1426 2721 1469 2775 ei
1493 2721 1546 2775 in
1578 2719 1881 2792 jubilatione
1904 2733 1924 2773 :

346 2813 484 2870 bene
503 2823 712 2870 cantate
733 2815 781 2869 ei
814 2816 864 2869 in
890 2814 1090 2869 lzctitia.

417 2907 471 2961 4.
511 2905 662 2979 [ocrs.
708 2905 787 2979 4.]
844 2906 1095 2974 Quoniam
1139 2916 1304 2961 rectus
1349 2916 1419 2961 est
1457 2922 1618 2960 sermo
1656 2903 1871 2958 'Domini
1904 2922 1923 2958 :

348 2998 597 3066 quoniam
624 3005 799 3051 rectus
828 3007 910 3051 est
952 3012 1129 3052 sermo
1171 2998 1400 3060 Domini,
1428 2996 1496 3051 ad
1528 2995 1797 3051 faciendos
1831 3010 1926 3049 vos

350 3086 489 3156 quod
516 3102 608 3156 per
629 3103 719 3140 vos
746 3087 856 3141 fieri
886 3104 988 3141 non
1021 3090 1258 3156 poteStis.
1288 3086 1355 3140 Et
1380 3089 1546 3141 omnia
1574 3105 1727 3157 opera
1746 3089 1852 3159 ejus
1873 3088 1926 3140 in

352 3179 456 3247 ﬁde
487 3193 502 3231 :
540 3193 606 3232 ne
633 3179 907 3248 quisquam
955 3194 1014 3233 se
1041 3180 1240 3236 meritis
1264 3196 1481 3250 cperum
1522 3181 1824 3250 pervenisse
1859 3179 1926 3234 ad

356 3268 510 3325 fidem
544 3278 707 3337 putet,
747 3286 865 3327 cum
893 3272 945 3325 in
981 3272 1095 3341 ipsa
1137 3271 1241 3327 (ide
1279 3273 1383 3325 sint
1411 3274 1586 3326 omnia
1625 3287 1784 3341 Opera
1809 3286 1928 3341 quas

351 3360 522 3429 diligit
547 3360 702 3415 Deus.

424 3451 481 3506 5.
522 3448 670 3523 [verm
717 3449 796 3525 5.]
833 3449 1014 3523 Diligit
1042 3452 1431 3508 misericordiam
1459 3463 1505 3507 et
1520 3455 1771 3525 judicium
1798 3472 1817 3509 :
1844 3455 1927 3508 di-

311 3548 327 3557 “
357 3542 469 3612 ligit
493 3544 632 3598 enim
677 3545 1113 3612 misericordiam,
1158 3562 1315 3617 quam
1362 3563 1501 3603 nunc
1543 3560 1830 3617 prazrogat;
1876 3557 1928 3602 et

350 3635 631 3705 judicium,
657 3652 764 3705 quo
786 3636 835 3691 id
866 3637 1004 3706 quod
1034 3640 1403 3708 praerogarerit
1427 3640 1608 3706 exigit.
1639 3638 1927 3693 Misericor-

355 3725 443 3779 dia
472 3725 676 3780 Domini
706 3727 855 3794 plena
880 3739 950 3782 est
975 3739 1107 3782 terra
1143 3744 1161 3782 :
1188 3746 1281 3798 per
1304 3729 1487 3784 orbem
1514 3740 1727 3799 peccata
1754 3730 1931 3784 dimit-

358 3826 539 3871 tuntur
566 3818 867 3874 hominibus
898 3820 950 3874 in
975 3821 1335 3877 misericordia
1365 3823 1589 3876 Domini.

428 3909 480 3963 6.
522 3906 668 3981 [uers.
697 3909 774 3982 6.]
822 3909 979 3964 Verbo
1023 3911 1231 3966 Domini
1275 3915 1385 3967 creti
1421 3914 1608 3982 ﬁrmati
1636 3924 1749 3968 sunt
1776 3930 1794 3968 :
1825 3929 1928 3967 non

356 4000 499 4053 enim
523 4015 553 4051 a
580 4000 768 4068 scipsis
793 4042 808 4067 ,
850 4001 943 4056 sed
975 4002 1148 4057 Verbo
1176 4004 1382 4060 Domini
1407 4004 1537 4075 justi
1563 4004 1755 4059 ﬁrmati
1785 4016 1926 4060 sunt.

357 4086 428 4141 Et
456 4088 652 4158 Spiritu
672 4090 772 4143 oris
796 4091 905 4159 ejus
929 4093 1263 4170 omnisvirtus
1286 4111 1458 4149 eorum
1486 4111 1505 4149 :
1530 4107 1583 4150 et
1611 4105 1792 4151 sancto
1817 4096 1930 4164 ejus

359 4180 558 4247 Spiritu
586 4181 760 4234 omnis
786 4179 916 4235 ﬁdes
944 4198 1147 4237 eorum.
1854 4177 1869 4185 ’

431 4272 481 4324 7.
525 4269 671 4342 [νινε.
702 4270 778 4345 7.]
818 4270 1136 4343 Congregans
1160 4277 1286 4331 sicut
1310 4279 1362 4332 in
1385 4290 1542 4333 utrem
1565 4299 1722 4352 aquas
1742 4285 1895 4338 maris
1912 4301 1931 4338 :

357 4369 643 4432 congregat
673 4363 893 4433 populos
917 4365 1094 4419 srecnli
1128 4366 1178 4419 in
1212 4367 1600 4426 confessionem
1634 4374 1931 4429 mortificati

362 4456 582 4523 peecmi,
616 4471 682 4511 ne
707 4472 799 4524 per
821 4457 1120 4527 superbiam
1164 4458 1328 4515 libere
1356 4462 1608 4520 deﬂuant.
1651 4464 1854 4520 Ponens
1881 4467 1933 4522 in

335 4546 607 4603 .thesauris
629 4549 833 4619 abyssos
861 4564 880 4603 :
905 4560 956 4605 et
985 4550 1038 4603 in
1063 4551 1084 4582 ³
1113 4550 1190 4605 eis
1214 4553 1417 4607 occulta
1441 4566 1535 4608 sua
1560 4566 1734 4611 servat
1759 4558 1824 4612 ad
1851 4558 1935 4613 di-

360 4640 533 4695 vitias.

435 4736 489 4790 8.
530 4734 680 4806 fuere.
708 4735 790 4809 8.]
833 4736 1026 4791 Timent
1055 4735 1329 4793 Dominum
1368 4742 1528 4794 omnis
1559 4751 1728 4795 terra:
1756 4742 1938 4797 timeat

361 4826 534 4880 omnis
578 4835 838 4895 peccator,
878 4837 934 4882 ut
975 4843 1193 4902 peccare
1229 4829 1452 4884 desinat.
1504 4830 1578 4885 Ab
1624 4831 1734 4896 ipso
1772 4843 1938 4888 autem

361 4928 807 4975 commoveantur:
848 4935 944 4973 nec
988 4921 1277 4975 terroribus
1322 4921 1594 4977 hominum
1639 4924 1717 4978 vel
1761 4926 1937 4995 cujus-

361 5024 522 5077 quam
549 5019 827 5076 creaturce,
857 5010 951 5065 sed
980 5011 1048 5066 ab
1070 5012 1184 5081 ipso
1207 5025 1642 5070 commoveantur
1665 5034 1834 5074 omnes
1853 5020 1940 5090 qui

361 5100 641 5157 inhabitant
665 5100 850 5155 orbem.

433 5192 488 5248 9.
529 5192 677 5265 [vers
709 5193 789 5265 9.]
831 5193 1077 5259 Quoniam
1105 5197 1210 5265 ipse
1229 5198 1374 5263 dixit,
1405 5210 1450 5254 et
1479 5201 1614 5269 facta
1637 5213 1752 5257 sunt
1782 5220 1801 5258 :
1833 5222 1935 5259 non

365 5285 508 5340 enim
553 5300 614 5340 ea
645 5300 762 5354 qua:
805 5286 1039 5348 timeant.
1091 5289 1226 5341 alius
1259 5288 1448 5360 aliquis
1488 5293 1645 5359 fecit;
1695 5295 1785 5349 sed
1827 5296 1938 5364 ipse

363 5375 518 5442 dixit,
547 5385 600 5430 et
625 5374 761 5431 facta
785 5385 924 5431 sunt.
957 5374 1078 5446 Ipse
1100 5381 1373 5447 utandattit,
1403 5391 1450 5435 et
1466 5393 1632 5438 creata
1651 5396 1805 5440 sunt:
1827 5388 1938 5454 ipse

366 5466 634 5525 mandavit
663 5465 837 5522 Verbo
861 5481 979 5531 suo,
1007 5476 1062 5522 et
1085 5478 1260 5523 creata
1281 5480 1425 5526 sunt.

438 5557 524 5613 {0.
568 5555 717 5630 [σω-ε.
746 5555 858 5630 10.]
896 5555 1147 5615 Dominus
1184 5561 1398 5630 dissipat
1434 5565 1646 5623 consilia
1672 5567 1890 5636 gentium
1919 5586 1937 5622 :

370 5661 474 5707 non
499 5642 616 5713 ejus
643 5663 885 5714 rt-mmm,
912 5648 1003 5707 sed
1031 5665 1124 5704 sua
1154 5652 1502 5722 quaerentium
1527 5670 1707 5725 regna.
1741 5655 1934 5729 Repra-

434 5779 451 5857 :
472 5785 522 5857 lu
545 5781 726 5853 aliquot
744 5784 1078 5857 Msswiustum.

433 5840 452 5878 ⁸
471 5845 558 5895 iss
581 5877 595 5903 ,
619 5840 664 5894 et
681 5844 765 5907 eis.
787 5840 969 5912 absque
995 5849 1358 5916 praepositione,
1382 5854 1445 5905 in.

1601 417 1662 475 s.
1692 380 2077 473 incusum
2098 407 2395 467 censeo”

3157 467 3177 493 ο
3482 414 3585 470 276

2018 524 2099 577 bat
2125 533 2291 577 autem
2311 526 2632 596 cogitationes
2651 527 2955 601 populorum
2979 542 2998 580 :
3023 525 3398 581 beatitudinem
3423 539 3589 582 terre-

2015 629 2137 668 nam
2160 615 2666 684 concupiscentium.
2702 616 2765 671 Et
2787 618 3017 684 reprobat
3036 615 3246 670 consilia
3267 618 3583 686 principum:

2014 705 2205 761 talibus
2229 706 2435 773 populis
2463 705 2724 761 dominari
2745 709 3116 776 quaerentium.
3176 734 3184 747 ι

2086 794 2171 848 11.
2214 792 2364 867 [vers.
2421 794 2531 867 H.]
2587 793 2861 850 Consilium
2908 812 3021 849 vero
3070 794 3279 850 Domini
3325 808 3489 851 manet
3536 798 3590 851 in

2013 897 2257 939 internum
2288 901 2308 939 :
2336 885 2617 940 consilium
2647 900 2774 940 vero
2803 886 3010 941 Domini
3036 928 3052 953 ,
3097 903 3201 955 quo
3244 887 3452 941 beatum
3483 905 3589 942 nou

2013 974 2140 1030 facit
2179 975 2280 1029 nisi
2312 975 2582 1030 subditum
2613 976 2732 1040 sibi,
2778 986 2955 1031 manet
2986 977 3036 1030 in
3071 986 3350 1032 internum.
3385 978 3589 1050 Cogita-

2014 1066 2171 1120 tiones
2208 1067 2375 1121 cordis
2415 1068 2525 1138 ejus
2553 1067 2607 1121 in
2630 1067 2815 1122 swcula
2842 1068 3141 1121 siliculorum
3188 1084 3207 1123 :
3245 1070 3594 1139 cogitationes

2014 1158 2290 1226 sapientise
2331 1159 2446 1228 ejus
2478 1175 2583 1214 non
2628 1168 2755 1214 sunt
2784 1160 3085 1226 mutabiles,
3121 1161 3211 1216 sed
3240 1174 3513 1217 manentes
3540 1165 3590 1219 in

2759 1237 2771 1259 Ι

2006 1250 2260 1304 saeculum
2285 1251 2483 1305 szeeuli.

2086 1342 2173 1397 12.
2215 1340 2363 1414 [vers.
2396 1342 2509 1416 12]
2549 1343 2705 1398 Beata
2750 1360 2870 1415 gens
2897 1322 3044 1417 cujus
3071 1354 3144 1399 est
3177 1344 3425 1400 Dominus
3456 1345 3593 1401 Deus

2014 1447 2181 1485 eorum
2211 1449 2232 1486 :
2260 1448 2361 1487 una
2390 1449 2520 1503 gens
2557 1434 2710 1488 beata
2758 1446 2858 1499 est,
2903 1435 3177 1505 pertinens
3215 1435 3279 1489 ad
3319 1437 3592 1493 caelestem

2013 1527 2301 1591 civitatem,
2346 1542 2465 1595 quae
2507 1527 2606 1582 sibi
2662 1528 2941 1582 Dominum
2987 1528 3195 1581 nonnisi
3227 1528 3390 1583 Deum
3435 1545 3591 1584 suum

2013 1615 2192 1684 elegit.
2240 1614 2468 1682 Populus
2504 1632 2648 1685 quem
2694 1616 2838 1683 elegit
2877 1615 3126 1670 Dominus
3170 1617 3223 1671 in
3252 1618 3592 1675 hereditatem

2013 1707 2108 1761 sibi
2132 1723 2152 1761 :
2179 1723 2351 1777 neque
2378 1710 2492 1764 haec
2519 1725 2548 1763 a
2575 1710 2770 1779 seipsa,
2798 1707 2893 1766 sed
2923 1711 3021 1766 Dei
3048 1727 3268 1766 munere
3290 1712 3451 1767 electa
3487 1723 3591 1775 est.

2015 1808 2072 1853 ut
2108 1800 2426 1869 possidendo
2450 1815 2599 1867 eam,
2646 1802 2893 1874 incultam
2940 1811 2996 1857 et
3029 1804 3276 1859 miseram
3324 1818 3444 1859 esse
3486 1820 3592 1859 non

2014 1889 2175 1947 sinat.

2088 1982 2176 2037 15.
2217 1978 2363 2053 [vers.
2409 1979 2521 2055 Κλ]
2572 1980 2661 2055 De
2710 1983 2833 2038 calo
2877 1984 3096 2054 respexit
3147 1982 3419 2044 Dominus.
3472 1984 3598 2038 vidit

2016 2066 2186 2126 omnes
2214 2072 2346 2140 ﬁlias
2374 2054 2633 2127 hominum
2660 2089 2680 2128 :
2704 2072 2772 2129 de
2798 2075 2973 2129 anima
2997 2075 3138 2145 justa
3170 2075 3596 2131 misericorditer

2016 2159 2148 2214 vidit
2174 2160 2428 2216 Dominus
2450 2177 2636 2218 omnes
2658 2163 2746 2234 qui
2780 2164 2832 2219 in
2862 2179 3054 2220 novam
3078 2165 3238 2220 vitam
3263 2166 3466 2220 renasci
3500 2180 3596 2219 vo-

2017 2250 2158 2305 lunt.

2092 2342 2178 2396 Li.
2217 2339 2367 2414 [vers.
2392 2341 2504 2416 η]
2541 2341 2621 2398 De
2644 2354 2929 2415 prteparato
2950 2344 3232 2401 habitacula
3252 2364 3345 2402 suo
3369 2364 3389 2401 :
3412 2347 3479 2403 de
3505 2348 3602 2401 ha-

2018 2432 2250 2489 bitacula
2274 2436 2623 2504 susceptionis
2647 2438 2911 2504 humanas,
2939 2439 3079 2508 quod
3113 2440 3430 2509 prxeparavit
3461 2440 3590 2494 sibi.

2023 2525 2274 2596 Respexit
2301 2543 2451 2598 super
2475 2544 2644 2584 omnes
2676 2529 2762 2598 qui
2786 2529 3068 2587 inhabitant
3090 2543 3274 2585 (errant
3300 2533 3316 2564 ί
3344 2550 3357 2586 :
3389 2532 3604 2588 miseri—

2022 2617 2254 2673 corditer
2274 2618 2403 2672 vidit
2425 2633 2612 2674 omnes
2631 2620 2722 2691 qui
2741 2620 3036 2678 inhabitant
3055 2638 3290 2686 carnem,
3345 2635 3403 2679 ut
3424 2626 3608 2695 pra-sit

2024 2708 2132 2765 illis
2159 2709 2212 2764 in
2237 2711 2469 2781 regendo
2493 2726 2607 2767 eos.

2102 2801 2185 2857 l5.
2227 2798 2379 2873 [vers.
2426 2800 2539 2875 15.]
2582 2802 2681 2870 Qui
2707 2805 2852 2873 ﬁnxit
2878 2806 3173 2876 singillatim
3196 2807 3352 2861 corda
3381 2824 3553 2862 eorum
3586 2823 3606 2861 :

2027 2891 2113 2960 qui
2135 2892 2383 2947 cordibus
2404 2908 2587 2948 eorum
2616 2893 2753 2948 dona
2783 2896 2992 2964 propria
3020 2897 3367 2965 spiritualiter
3398 2898 3603 2961 tribuit,

2030 2990 2086 3033 ut
2136 2997 2236 3037 nec
2284 2989 2452 3037 totum
2505 2999 2701 3054 corpus
2750 2986 2969 3051 oculus,
3022 3002 3120 3041 nec
3173 2999 3340 3042 totum
3395 2990 3608 3041 auditus

2031 3069 2075 3145 (Ι
2101 3072 2218 3127 Cor.
2246 3089 2338 3138 xu,
2383 3076 2507 3147 l7);
2537 3077 2631 3130 sed
2669 3077 2803 3131 alius
2825 3079 2919 3143 sic,
2954 3079 3088 3134 alius
3116 3090 3294 3133 autem
3327 3081 3404 3134 sic
3431 3082 3607 3133 incor-

2030 3175 2284 3234 porentur
2326 3166 2557 3221 Christo.
2603 3168 2701 3234 Qui
2727 3169 2959 3239 intelligit
2995 3170 3164 3224 omnia
3190 3186 3345 3237 opera
3382 3186 3554 3223 eorum
3587 3185 3608 3224 :

2029 3255 2166 3323 apud
2191 3256 2338 3310 illum
2362 3256 2630 3311 intellecta
2655 3270 2778 3313 sunt
2799 3261 2977 3313 omnia
3006 3275 3169 3329 opera
3194 3276 3401 3315 eorum.

2102 3349 2188 3401 16.
2231 3346 2377 3421 [uers.
2413 3347 2523 3421 16.]
2566 3349 2686 3404 Νοη
2728 3352 2894 3406 salvus
2929 3353 3015 3420 ﬁet
3061 3369 3151 3407 rea:
3196 3354 3250 3407 in
3289 3354 3609 3408 multitudine

2031 3440 2224 3495 virtutis
2245 3456 2264 3493 :
2292 3456 2398 3496 nou
2433 3442 2609 3497 salvus
2647 3442 2739 3499 ﬁet
2763 3445 2854 3515 qui
2881 3460 3096 3501 carnem
3123 3462 3273 3502 suam
3300 3449 3452 3518 regit,
3482 3447 3525 3501 si
3554 3450 3605 3502 in

2030 3546 2123 3586 sua
2147 3533 2338 3588 virtute
2362 3534 2587 3589 multum
2619 3538 3032 3605 praesumpserit.
3066 3537 3187 3593 Nec
3211 3540 3352 3610 gigas
3385 3542 3405 3571 '
3436 3541 3607 3593 salrus

2031 3623 2123 3677 erit
2153 3624 2203 3677 in
2247 3624 2567 3679 multitudine
2600 3626 2797 3681 virtutis
2820 3644 2927 3683 sua:
2962 3643 2982 3683 :
3020 3644 3118 3685 nec
3147 3630 3388 3701 quisquis
3420 3630 3609 3684 militat

2032 3725 2213 3768 contra
2241 3714 2674 3771 consuetudinem
2726 3720 3166 3789 concupiscentia:
3203 3737 3333 3784 sum,
3364 3722 3445 3775 vel
3479 3737 3609 3775 con-

2035 3815 2112 3858 tra
2155 3804 2421 3860 diabolum
2462 3814 2516 3860 et
2556 3808 2776 3875 angelos
2812 3809 2946 3878 ejus,
2974 3809 3150 3866 salvus
3177 3811 3297 3878 erit,
3337 3811 3381 3866 si
3409 3825 3469 3865 sc
3497 3826 3609 3864 sua:

2034 3897 2324 3951 fortitudini
2351 3897 2574 3952 multum
2604 3892 2949 3956 commiserit.

2104 3990 2191 4043 17.
2231 3985 2381 4060 [vers.
2412 3986 2524 4062 17.]
2567 3988 2788 4045 Mendax
2817 4008 2967 4061 equus
2990 3993 3058 4047 ad
3085 3993 3299 4048 salutem
3329 4010 3348 4048 :
3388 3994 3608 4058 fallitur,

2031 4080 2268 4150 quisquis
2302 4087 2451 4149 putat
2485 4081 2569 4135 vel
2618 4096 2713 4150 per
2737 4081 2980 4139 homines
3010 4084 3148 4139 inter
3173 4076 3412 4138 homines
3450 4101 3610 4140 acce-

2036 4180 2176 4239 ptam
2202 4187 2260 4225 se
2283 4171 2508 4228 salutem
2528 4172 2766 4243 adipisci,
2799 4175 2881 4228 vel
2912 4175 3107 4244 impetu
3132 4177 3479 4231 animositatis
3500 4193 3611 4231 sua:

2034 4260 2245 4316 defendi
2287 4277 2315 4315 a
2355 4263 2608 4332 pernicie.
2651 4262 2716 4318 In
2740 4265 3046 4320 abundantia
3070 4277 3233 4322 autent
3272 4269 3467 4355 virtutis
3506 4287 3615 4323 sua:

2035 4371 2135 4408 non
2165 4356 2255 4408 erit
2278 4356 2444 4409 saluus
2470 4357 2507 4409 ³.

2110 4444 2194 4499 18.
2244 4443 2393 4516 [νοτε.
2427 4442 2542 4517 18.]
2587 4445 2716 4501 Ecce
2758 4446 2892 4500 oculi
2921 4446 3123 4518 Domini
3172 4466 3322 4518 super
3346 4462 3617 4505 metuentes

2038 4552 2150 4588 eum
2181 4551 2199 4590 :
2229 4537 2351 4604 quia
2390 4537 2435 4591 si
2478 4537 2700 4592 Salutem
2731 4517 3116 4611 qumris,_ecce
3154 4541 3364 4595 dilectio
3405 4543 3613 4598 Domini

2038 4642 2199 4697 super
2238 4629 2485 4684 timentes
2520 4646 2661 4683 cum.
2721 4632 2996 4701 Sperantes
3033 4650 3183 4704 super
3222 4636 3617 4690 misericordiam

2040 4722 2150 4790 ejus
2176 4737 2195 4774 :
2223 4729 2277 4774 et
2304 4732 2581 4790 sperantes
2612 4739 2714 4776 non
2752 4723 2804 4776 in
2843 4724 3033 4779 virtute
3060 4739 3174 4790 sua,
3203 4726 3296 4780 sed
3324 4727 3378 4779 in
3412 4728 3619 4781 miseri—

2040 4811 2219 4867 cordia
2248 4810 2385 4881 ejus.

2114 4901 2199 4957 19.
2242 4900 2390 4974 [vers.
2418 4900 2530 4974 19.]
2573 4901 2639 4957 Ut
2663 4913 2802 4957 eruat
2840 4921 2871 4956 a
2911 4914 3066 4958 morte
3102 4909 3296 4959 animas
3339 4924 3532 4974 eorum,
3573 4921 3620 4963 et

2043 4998 2148 5047 alat
2170 5009 2254 5049 eos
2279 4994 2330 5046 in
2364 4993 2498 5061 fame
2525 5011 2545 5048 :
2577 5006 2632 5049 ut
2654 4996 2742 5050 det
2766 4994 2844 5051 eis
2881 4996 3191 5052 alimentum
3220 4999 3365 5053 verbi
3396 5010 3448 5054 et
3474 5016 3618 5054 sean-

2044 5086 2265 5154 piterna‘.
2295 5087 2552 5153 veritatis,
2587 5088 2726 5158 quod
2751 5084 3037 5143 amiserant
3062 5090 3184 5144 dum
3214 5103 3534 5160 pricsumunt
3567 5095 3622 5149 in

2043 5179 2244 5233 viribus
2273 5180 2403 5247 suis,
2433 5189 2488 5235 et
2522 5180 2641 5235 ideo
2682 5196 2781 5237 nec
2818 5182 2959 5251 ipsas
2985 5183 3125 5237 vires
3151 5183 3347 5239 habent
3374 5184 3623 5253 fameju-

2042 5270 2220 5325 stitiaa.
2926 5265 2939 5276 °

2114 5360 2204 5415 20.
2247 5358 2397 5433 [ιένε.
2443 5359 2559 5433 20.]
2597 5362 2779 5415 Anima
2819 5375 2989 5419 nostra
3017 5367 3210 5436 patiens
3236 5368 3327 5421 erit
3355 5367 3575 5424 Domino
3603 5386 3623 5427 :

2046 5464 2104 5507 ut
2129 5461 2305 5506 autem
2330 5460 2511 5522 postea
2533 5453 2803 5522 saginetur
2828 5456 2967 5511 escis
2993 5458 3501 5529 incorruptibilibus,
3534 5461 3621 5518 iu-

2046 5546 2198 5600 terim
2219 5544 2343 5600 dum
2369 5544 2455 5600 hic
2479 5554 2580 5610 ost,
2605 5546 2780 5601 anima
2809 5559 2989 5605 nostra
3021 5552 3225 5620 patiens
3247 5553 3347 5607 erit
3374 5553 3619 5610 Domino.

2046 5678 2279 5786 “3.0m,
2304 5688 2532 5736 carnem,
2559 5691 2645 5739 pro
2683 5693 2801 5729 voce
2833 5687 3048 5743 terram;
3080 5683 3485 5739 dissentientilnts
3516 5696 3619 5742 Mss.

2110 5801 2128 5875 ξ
2151 5806 2197 5875 in
2353 5808 2631 5875 constanter
2655 5804 2895 5862 Scribitur,

2109 5860 2129 5893 ³
2152 5862 2224 5911 sic
2239 5866 2313 5908 Er.
2341 5869 2389 5909 et
2412 5870 2512 5911 uss.
2550 5872 2591 5912 tl
2614 5872 2736 5923 ιω..
2762 5878 2853 5916 non
2871 5860 2960 5919 erit
2972 5860 3125 5919 "saltis.
