3972 6198
288 319 388 373 ΞΠ

292 437 541 506 Quoniam
568 437 782 507 ,adjutor
816 445 864 489 et
893 442 1139 505 protector
1166 440 1331 485 noster
1363 439 1436 482 est
1465 443 1486 481 :
1533 424 1741 493 adjutor
1771 436 1867 475 no-

286 540 397 585 ster
419 539 520 593 est,
548 530 675 583 dum
700 543 956 583 conamur
973 525 1041 580 ad
1059 539 1213 589 eum;
1238 530 1292 577 et
1313 527 1598 590 protector,
1628 517 1753 572 dum
1777 529 1867 567 re-

288 622 527 676 sistimus
561 620 888 676 adversario.

359 712 451 766 2f.
492 709 640 784 [vers.
665 708 779 782 2].]
822 710 952 776 Quia
975 709 1026 762 in
1063 707 1174 776 ipso
1205 704 1453 760 [relabitur
1482 718 1567 757 oar
1592 708 1817 754 nostrum
1846 713 1865 751 :

288 818 396 858 non
420 804 561 856 enim
579 804 629 855 in
658 801 827 866 nobis,
856 800 942 855 ubi
966 813 1155 869 magna
1176 797 1292 853 sine
1319 796 1410 850 illo
1431 794 1603 862 inapia
1626 800 1743 854 est;
1771 788 1862 843 sed

290 898 342 952 iri
386 896 502 966 ipso
540 894 803 949 laetabitur
830 908 924 947 cor
960 902 1226 946 nostrum.
1273 887 1338 940 Et
1379 887 1434 940 in
1466 884 1667 939 nomine
1690 892 1866 937 sancta

289 991 399 1060 ejus
435 989 747 1058 speravimus
783 989 800 1018 ί
833 1004 847 1040 :
877 993 932 1039 et
973 983 1094 1038 ideo
1136 979 1463 1051 speravimus
1491 985 1742 1031 venturos
1769 988 1865 1027 nos

290 1081 355 1135 ad
391 1081 579 1145 Deum,
603 1079 727 1150 quia
751 1076 906 1133 nobis
932 1074 1237 1131 absentibus
1268 1086 1364 1141 per
1399 1069 1557 1124 fidem
1586 1067 1743 1121 misit.
1771 1081 1866 1119 no-

292 1187 413 1227 lltell
441 1186 616 1226 suum.

360 1262 451 1316 2'2.
493 1260 641 1334 [vers
667 1257 781 1330 22.]
821 1257 942 1311 Fiat
964 1250 1304 1310 misericordia
1327 1262 1434 1315 tua,
1464 1249 1697 1312 Domine,
1717 1256 1885 1316 super'

292 1373 399 1418 nos,
432 1355 559 1407 sicut
577 1352 883 1421 speravimus
910 1350 963 1403 in
988 1358 1035 1402 te
1055 1364 1074 1402 :
1103 1346 1192 1401 fiat
1220 1342 1578 1399 misericordia
1616 1351 1726 1405 tua,
1752 1338 1862 1392 Do-

295 1449 456 1511 mine,
480 1461 642 1512 super
672 1459 804 1509 nos;
838 1458 962 1513 spes
979 1442 1125 1497 enim
1150 1453 1258 1495 non
1277 1435 1570 1499 confundit,
1598 1433 1721 1504 quia
1747 1446 1869 1502 spe-

294 1540 523 1594 ravimus
548 1538 600 1592 in
623 1545 696 1592 te.

833 1642 1230 1700 ENARRATIO
1270 1640 1334 1694 11.

960 1772 1130 1814 SERIO
1164 1772 1203 1815 Ι.

748 1877 823 1931 De
851 1877 1009 1947 prima
1038 1883 1178 1946 parte
1205 1870 1419 1927 Psalmi.

361 1998 413 2051 t.
456 1993 606 2067 [νει-ε.
653 1992 729 2064 1.]
766 1992 1011 2048 Psahnus
1048 1989 1150 2045 iste
1190 1988 1434 2042 admonet
1472 1998 1571 2039 nos
1599 1981 1872 2039 exsultare

293 2087 346 2141 in
387 2087 632 2141 Domino.
666 2082 975 2141 lnscribitur
1012 2090 1212 2145 autem,
1246 2077 1360 2148 Ipsi
1396 2076 1582 2159 David.
1611 2074 1710 2143 Qui
1741 2088 1869 2143 ergo

297 2179 561 2246 pertinent
582 2174 647 2230 ad
671 2172 1082 2229 sacratissimum
1105 2185 1290 2226 semen
1312 2169 1495 2235 David,
1527 2167 1746 2222 audiant
1777 2181 1869 2221 vo-

294 2285 406 2326 cem
436 2284 608 2334 suam,
635 2277 687 2323 et
708 2267 886 2322 dicant
908 2280 1090 2320 vocem
1118 2279 1288 2328 suam,
1319 2272 1373 2319 et
1392 2262 1664 2318 exsultent
1686 2259 1737 2315 in
1763 2261 1868 2315 Do-

295 2367 456 2423 mino.
483 2362 573 2417 Sic
600 2371 775 2416 autem
821 2359 1042 2427 ineipit:
1079 2356 1343 2412 Exsultate
1369 2356 1495 2425 justi
1532 2355 1584 2408 in
1633 2344 1867 2407 D'amiaa.

298 2457 478 2524 lnjusti
505 2456 774 2511 exsultent
803 2454 855 2507 in
884 2452 1114 2507 saeculo:
1148 2450 1298 2504 finito
1322 2449 1538 2511 szeculo,
1566 2447 1743 2501 ﬁnitur
1768 2461 1864 2499 εις
1903 2463 1908 2467 ·

297 2550 508 2604 saltatio
561 2547 897 2617 iujustorum.
960 2542 1238 2598 Exsultent
1283 2550 1459 2595 autem
1499 2539 1626 2609 justi
1668 2538 1719 2592 in
1767 2537 1873 2592 Do-

301 2643 439 2695 mino
458 2662 473 2695 ι
497 2640 618 2709 quia
636 2644 980 2709 permanente
995 2633 1242 2699 Domino,
1261 2631 1591 2701 permanebit
1606 2629 1869 2698 justorum

298 2732 601 2788 exsultatio.
646 2729 925 2784 Exsultare
953 2735 1134 2781 autem
1161 2724 1213 2778 in
1246 2723 1467 2777 Domino
1493 2722 1565 2775 ita
1592 2721 1869 2786 convenit,

300 2840 347 2880 ut
373 2826 645 2880 laudemus
662 2824 806 2877 illum
826 2820 914 2890 qui
937 2819 1079 2874 solus
1105 2832 1210 2872 non
1239 2816 1398 2870 habet
1421 2813 1558 2884 quod
1578 2812 1730 2867 nobis
1757 2811 1870 2867 dis-

302 2918 521 2985 plictaat,
587 2924 642 2969 et
684 2926 843 2967 nemo
875 2920 981 2965 tam
1028 2909 1190 2964 multa
1216 2905 1378 2960 habet
1417 2920 1536 2974 qua:
1575 2902 1874 2957 inﬁdelibus

301 3008 595 3075 displicent.
626 3005 690 3059 Et
721 3003 881 3058 breve
908 3011 1229 3071 przeceptum
1257 3006 1339 3053 est
1369 3013 1382 3049 :
1417 2996 1509 3050 llle
1537 2996 1709 3064 placet
1738 2994 1868 3060 Deo,

302 3098 379 3151 eui
409 3099 579 3164 placet
611 3096 768 3150 Deus.
802 3091 911 3148 Nec
940 3091 1058 3146 leve
1087 3089 1281 3159 putetis
1311 3086 1432 3152 hoc,
1463 3085 1744 3140 rarissimi.
1780 3083 1873 3138 Vi-

303 3188 433 3243 detis
456 3188 599 3241 enim
629 3200 787 3255 quam
816 3176 967 3238 mulli
995 3181 1267 3251 disputent
1290 3189 1475 3234 contra
1504 3178 1690 3243 Deum,
1716 3192 1874 3246 quam

305 3282 481 3335 multis
510 3279 831 3348 displiceant
853 3290 1013 3344 opera
1040 3273 1175 3342 ejus.
1204 3272 1335 3326 Cum
1360 3270 1500 3325 enim
1526 3268 1700 3335 facere
1726 3269 1878 3323 volu-

305 3376 400 3430 erit
428 3383 616 3427 contra
646 3370 971 3423 voluntatem
1003 3366 1296 3429 hominum,
1327 3362 1447 3432 quia
1482 3361 1732 3415 Dominus
1756 3368 1872 3425 est,

307 3478 354 3521 et
388 3464 533 3519 novit
560 3461 689 3533 quid
715 3460 894 3525 faciat,
925 3472 1025 3513 nec
1050 3468 1155 3511 tam
1184 3453 1406 3509 attendit
1430 3460 1665 3507 nostram
1693 3452 1877 3506 volun-

307 3568 462 3614 tatem
490 3572 646 3627 quam
679 3554 955 3609 utilitatem
978 3568 992 3615 ;
1025 3549 1099 3604 illi
1123 3548 1212 3619 qui
1238 3547 1440 3602 malunt
1463 3560 1611 3601 suam
1637 3545 1881 3599 volunta—

309 3660 407 3704 tem
444 3646 652 3719 impleri
693 3658 852 3716 quam
882 3641 1013 3704 Dei,
1048 3639 1235 3693 volunt
1269 3636 1337 3693 ad
1374 3651 1524 3692 suam
1553 3634 1877 3690 voluntatem

309 3742 517 3796 flectere
542 3739 734 3798 Deum.
764 3750 868 3789 non
900 3747 1049 3788 suam
1076 3731 1342 3802 corrigere
1367 3729 1433 3784 ad
1455 3729 1641 3783 Deum.
1665 3726 1881 3780 Talibus

311 3832 607 3887 hominibus
635 3827 959 3892 infidelibus,
992 3825 1189 3894 impiis,
1222 3822 1435 3890 iniquis,
1466 3820 1610 3890 quod
1632 3819 1774 3889 piget
1802 3817 1885 3872 di-

310 3943 447 3987 cere,
478 3926 569 3977 sed
602 3933 778 3978 tamen
806 3921 1001 3983 dicam,
1036 3917 1203 3972 nostis
1232 3915 1370 3968 enim
1397 3927 1554 3982 quam
1589 3926 1774 3965 verum
1804 3909 1883 3963 di-

311 4034 446 4083 cam,
479 4017 687 4071 facilius
710 4015 883 4084 placet
912 4007 1266 4079 pantomimus
1296 4004 1369 4077 (a)
1398 4020 1556 4075 quam
1586 4005 1742 4059 Deus.

380 4109 434 4161 9..
455 4108 737 4176 Propterea
749 4117 868 4159 cum
889 4100 1128 4165 dixisset,
1150 4095 1410 4152 Exsultate
1414 4096 1544 4167 justi
1564 4096 1616 4148 in
1638 4094 1887 4157 Domino;

313 4201 432 4271 quia
462 4198 729 4252 exsultare
770 4195 822 4248 in
870 4193 961 4247 illo
1000 4190 1099 4245 nisi
1138 4186 1403 4242 laudando
1431 4180 1545 4240 'non
1582 4199 1883 4255 possumus,

315 4307 434 4345 eum
456 4298 629 4342 autem
654 4285 947 4347 laudamus,
973 4281 1057 4337 cui
1081 4289 1226 4334 tanto
1247 4278 1412 4349 magis
1435 4277 1703 4347 placemus
1721 4291 1890 4346 quan-

317 4390 371 4435 to
400 4379 563 4447 magis
592 4379 704 4447 ipse
734 4375 888 4431 nobis
926 4371 1216 4443 placuerit;
1259 4369 1441 4424 Recto:
1461 4409 1476 4435 ,
1507 4367 1711 4437 inquit,
1751 4366 1889 4421 decet

318 4473 559 4528 laudatio.
592 4471 689 4538 Qui
716 4478 839 4523 sunt
867 4464 1044 4521 recti?
1082 4463 1183 4531 Qui
1219 4462 1454 4531 dirigunt
1481 4476 1574 4515 cor
1600 4458 1888 4514 secundum

318 4565 640 4618 voluntatem
664 4561 792 4625 Dei;
814 4567 866 4613 et
887 4559 931 4612 si
952 4571 1047 4612 eos
1068 4553 1342 4624 perturbat
1364 4553 1591 4605 humana
1614 4549 1889 4619 fragilitas,

321 4658 494 4710 divina
518 4655 826 4709 consolatur
846 4649 1069 4719 aequitas
1094 4665 1107 4700 :
1130 4645 1372 4716 quamvis
1399 4642 1539 4699 enim
1567 4641 1727 4698 corde
1751 4658 1893 4707 mo;-

324 4748 413 4802 tali
444 4746 685 4816 privatim
713 4741 911 4812 aliquid
942 4740 1140 4804 velint,
1173 4736 1315 4806 quod
1343 4751 1451 4789 suae
1479 4736 1690 4791 interim
1719 4749 1893 4788 causa:

326 4840 405 4892 vel
445 4836 654 4907 negotio
677 4876 690 4897 ,
722 4834 805 4888 vel
848 4830 1090 4902 prmsenti
1124 4826 1424 4883 necessitati
1459 4827 1775 4889 conveniat;
1807 4825 1895 4880 ubi

328 4928 682 4983 intellexerint
710 4934 763 4979 et
790 4922 1131 4993 cognoverint
1173 4917 1313 4972 aliud
1355 4918 1517 4970 Deum
1552 4916 1686 4970 velle
1710 4956 1725 4981 ,
1758 4931 1896 4984 prze-

331 5029 528 5090 ponunt
556 5017 879 5071 voluntatem
912 5013 1145 5067 melioris
1175 5009 1431 5064 voluntati
1461 5024 1591 5064 sum.
1626 5018 1676 5059 et
1706 5007 1894 5059 volun-

333 5121 487 5165 tatem
532 5106 909 5176 omnipotentis
946 5101 1202 5159 voluntati
1242 5101 1456 5166 iufirmi,
1492 5110 1545 5154 et
1576 5100 1897 5154 voluntatem

338 5202 425 5255 Dei
455 5199 707 5254 voluntati
740 5195 992 5251 hominis.
1019 5198 1281 5260 Quantum
1307 5193 1448 5247 enim
1483 5192 1622 5247 Deus
1644 5192 1806 5247 distat
1834 5192 1902 5247 ab

334 5291 545 5346 homine
573 5332 588 5355 ,
633 5297 836 5343 motum
874 5284 1114 5339 voluntas
1155 5284 1251 5339 Dei
1287 5299 1318 5338 a
1348 5284 1619 5338 voluntate
1650 5282 1900 5337 hominis.

338 5381 486 5437 Unde
523 5395 716 5452 gerens
759 5374 1026 5431 hominem
1068 5372 1350 5440 Christus,
1389 5382 1444 5428 et
1484 5372 1720 5441 regulam
1752 5372 1904 5427 nobis

337 5486 634 5544 proponens
650 5513 664 5534 ,
698 5471 897 5523 docens
922 5480 1018 5521 nos
1045 5466 1223 5520 vivere
1244 5506 1258 5527 ,
1284 5476 1338 5519 et
1366 5474 1620 5534 praestans
1647 5464 1800 5518 nobis
1825 5465 1906 5517 vi-

342 5580 461 5619 vere
483 5606 499 5628 ,
529 5562 759 5618 ostendit
803 5556 1031 5612 hominis
1070 5555 1349 5625 quamdam
1381 5557 1634 5624 privatam
1661 5556 1905 5607 volunta-

402 5696 415 5723 t
441 5698 511 5743 sic
534 5703 635 5744 vss.
669 5702 717 5742 At
740 5690 849 5738 told.
876 5690 965 5737 hoc
981 5672 1032 5738 et
1054 5689 1272 5749 ιιι-(ικὶωο
1292 5685 1415 5743 loco,
1440 5685 1752 5748 sperabimus.

410 5758 473 5819 la)
504 5754 831 5812 tt'tnttandnws,
852 5753 959 5801 vide
980 5748 1114 5799 rinar.
1144 5748 1259 5799 I‘sal.
1283 5762 1400 5808 xxx,
1428 5762 1577 5798 SCI‘IH.
1603 5750 1649 5807 5,
1671 5763 1717 5799 u.
1742 5751 1813 5797 tl.

1362 302 1757 367 ENABRATIO
1794 296 1857 353 lN
1895 260 2213 356 Pssuma
2254 299 2463 356 xxvii.

3442 319 3559 376 278’

1976 427 2103 482 tem,
2150 420 2199 471 in
2236 436 2336 488 qua
2379 436 2527 476 suam
2569 423 2808 494 figuravit
2844 438 2897 484 et
2938 426 3191 497 nosiram,
3234 437 3352 503 quia
3387 452 3545 509 caput

1974 510 2206 568 naso-um
2239 521 2338 577 est,
2369 522 2423 566 et
2445 513 2510 567 ad
2538 519 2844 583 eumhsieut
2871 523 3057 587 nostis,
3092 534 3344 593 tanquam
3377 545 3543 583 ment-

1972 599 2061 653 bra
2093 602 2271 670 utique
2301 606 2627 673 pertinemus
2655 626 2669 662 :
2700 607 2872 676 Pater,
2906 613 3107 685 inquit,
3139 618 3183 672 si
3210 590 3322 681 ﬁeri
3353 633 3508 691 potest
3530 665 3544 684 ,

1970 699 2191 747 transeat
2227 711 2259 746 α
2296 712 2371 749 me
2412 697 2546 753 calix
2571 700 2678 755 iste.
2723 701 2844 757 Hmc
2875 704 3103 761 humana
3132 709 3373 765 voluntas
3399 726 3542 776 erat,

1972 786 2241 852 proprium
2279 788 2475 856 aliquid
2516 800 2567 845 et
2607 799 2853 862 tanquam
2897 797 3154 863 privatum
3196 804 3397 857 volens.
3438 805 3542 860 Sed

1972 877 2091 943 quia
2119 890 2320 932 rectum
2348 881 2508 936 corde
2534 883 2700 937 voluit
2725 900 2843 939 esse
2873 885 3137 944 hominem
3165 932 3180 953 ,
3209 903 3264 945 ut
3295 895 3542 964 quidquid

1973 967 2025 1020 in
2066 969 2154 1023 illo
2188 972 2512 1039 aliquantum
2550 990 2770 1030 curvum
2801 989 2975 1045 esset,
3016 980 3081 1035 ad
3114 984 3261 1039 illum
3299 986 3545 1057 dirigeret

1972 1060 2059 1128 qui
2087 1074 2297 1127 semper
2324 1072 2406 1116 est
2434 1075 2640 1129 rectus;
2678 1065 2863 1120 Verum
2892 1086 2991 1125 non
3013 1074 3145 1138 quod
3174 1092 3262 1145 ego
3292 1079 3421 1142 rolo,
3450 1081 3542 1143 ait,

1971 1151 2059 1203 sed
2087 1153 2220 1219 quod
2248 1164 2323 1217 tu,
2361 1154 2512 1210 Pater
2531 1156 2745 1227 (Matth.
2776 1177 2919 1225 xxv1,
2952 1164 3065 1234 59).
3093 1166 3194 1221 Sed
3223 1170 3342 1236 quid
3372 1186 3545 1237 posset

1972 1244 2097 1295 mali
2124 1245 2257 1299 velle
2280 1245 2557 1302 Christus?
2577 1249 2712 1317 Quid
2736 1263 3004 1321 postremo
3025 1256 3163 1311 aliud
3193 1271 3369 1326 posset
3391 1264 3545 1323 velle,

1973 1350 2126 1402 quam
2170 1337 2360 1391 Pater?
2387 1339 2620 1407 Quorum
2655 1358 2760 1397 una
2798 1355 2880 1399 est
2915 1344 3161 1403 divinitas
3184 1393 3200 1415 ,
3242 1368 3342 1405 non
3374 1365 3543 1421 potest

1974 1439 2094 1495 esse
2120 1427 2298 1496 dispar
2334 1430 2596 1486 voluntas.
2626 1432 2731 1488 Sed
2758 1449 2822 1489 ex
2853 1451 3076 1504 persona
3107 1439 3340 1495 hominis
3371 1451 3545 1498 trans-

1976 1516 2205 1585 figuraus
2227 1521 2276 1573 iu
2299 1536 2357 1575 se
2378 1536 2522 1585 suos,
2546 1538 2679 1593 quos
2700 1525 2751 1578 in
2773 1540 2831 1579 se
2854 1527 3238 1595 transﬁguravit
3260 1572 3274 1594 ,
3297 1548 3415 1586 cum
3438 1536 3513 1589 ait
3530 1577 3543 1595 .

1975 1605 2194 1669 Esuriri,
2217 1620 2263 1662 et
2284 1611 2489 1666 dedistis
2509 1615 2633 1667 mihi
2654 1617 2961 1671 manducare
2982 1618 3090 1690 (Id.
3115 1637 3243 1686 xxv,
3267 1623 3355 1692 55)
3376 1640 3389 1684 ;
3414 1639 3547 1692 quos

1975 1696 2024 1749 in
2047 1714 2104 1752 se
2120 1702 2531 1768 transfiguravit,
2554 1719 2673 1758 cum
2696 1705 2888 1761 furenti
2910 1720 2961 1763 et
2981 1722 3192 1765 sanctos
3212 1718 3545 1781 perseqneuti

1972 1786 2132 1842 Saulo
2159 1792 2407 1845 clamavit
2433 1794 2679 1864 desuper,
2708 1814 2864 1865 quem
2888 1816 3043 1855 nemo
3065 1805 3329 1873 tangebat,
3356 1808 3541 1871 Saule,

1974 1876 2154 1940 Saule,
2178 1881 2298 1950 quid
2318 1898 2393 1936 me
2415 1887 2720 1953 persequeris
2742 1886 2874 1957 (Act.
2900 1905 2973 1953 ιι,
2999 1891 3096 1960 4)?
3116 1895 3345 1948 ostendit
3364 1911 3548 1965 quam-

1973 1970 2094 2024 dam
2136 1971 2364 2027 hominis
2403 1976 2669 2045 propriam
2713 1976 3085 2048 voluntatem;
3114 1985 3344 2039 oswndit
3374 1996 3425 2041 te
3448 2029 3462 2051 ,
3494 2000 3549 2042 et

1973 2064 2206 2117 correxit
2232 2073 2301 2118 te.
2332 2065 2467 2121 Ecce
2495 2067 2648 2145 vide,
2681 2070 2886 2139 inquit,
2919 2082 2971 2127 te
3000 2074 3051 2133 in
3083 2090 3209 2139 me;
3249 2079 3369 2146 quia
3398 2089 3547 2147 potes

1973 2154 2169 2224 aliquid
2197 2159 2468 2227 proprium
2501 2161 2637 2217 velle
2656 2203 2672 2227 ,
2700 2171 2755 2216 ut
2778 2164 2917 2219 aliud
2950 2166 3090 2221 Deus
3116 2169 3276 2233 velit,
3303 2171 3548 2227 concedi-

1976 2256 2060 2301 tur
2087 2246 2188 2303 hoc
2214 2251 2457 2306 humanae
2487 2252 2773 2325 fragilitati,
2801 2258 3109 2313 conceditur
3137 2260 3380 2316 humana:
3405 2262 3551 2318 inlir-

1974 2338 2177 2401 mitati;
2205 2341 2403 2412 aliquid
2430 2346 2698 2416 proprium
2721 2347 2877 2415 velle,
2904 2349 3123 2406 difficile
3144 2362 3225 2406 est
3251 2362 3307 2406 ut
3331 2370 3433 2407 non
3457 2356 3551 2409 tibi

1974 2433 2242 2501 contingat
2272 2450 2284 2485 :
2315 2433 2409 2488 sed
2445 2436 2623 2490 statim
2649 2438 2830 2510 cogita
2868 2440 2957 2510 qui
2983 2440 3053 2496 sit
3079 2458 3238 2512 supra
3277 2454 3362 2509 te;
3402 2446 3549 2499 illum

1974 2540 2131 2594 supra
2160 2537 2241 2591 te,
2273 2537 2324 2581 te
2350 2527 2483 2582 infra
2512 2530 2693 2597 illum;
2725 2532 2868 2586 illum
2900 2530 3231 2596 creatorem'.
3265 2546 3315 2591 te
3339 2549 3549 2592 creatu-

1975 2632 2117 2679 ram;
2144 2617 2291 2671 illum
2312 2618 2599 2685 dominum,
2626 2631 2677 2674 te
2696 2638 2930 2688 servum;
2945 2624 3090 2679 illum
3111 2627 3549 2694 omnipotentem,

1976 2715 2028 2760 te
2071 2707 2335 2763 infirmum
2360 2751 2374 2775 ,
2406 2711 2676 2780 corrigens
2707 2722 2757 2766 te
2778 2755 2792 2776 ,
2829 2714 3257 2786 subjungcnsque
3290 2700 3551 2773 voluntati

1976 2798 2110 2867 ejus,
2141 2814 2202 2852 ac
2225 2799 2428 2863 dicens,
2466 2799 2647 2855 Veram
2672 2819 2771 2856 non
2795 2806 2929 2872 quod
2954 2821 3043 2875 ego
3066 2806 3197 2868 vola,
3225 2808 3313 2862 sed
3336 2810 3472 2879 quod
3498 2820 3549 2861 tu

1977 2889 2069 2945 vis.
2104 2888 2260 2944 Pater
2283 2907 2300 2944 :
2321 2891 2586 2960 quomodo
2610 2890 2905 2962 disjunctns
2926 2909 2985 2950 es
3002 2911 3032 2949 a
3060 2896 3189 2963 Deo,
3212 2899 3300 2966 qui
3320 2900 3427 2968 jam
3452 2901 3552 2954 hoc

1978 2979 2057 3033 vis
2082 2979 2220 3050 quod
2254 2981 2433 3067 Deus?
2462 2982 2578 3038 Eris
2601 2998 2728 3054 ergo
2752 2995 2950 3049 rectus,
2979 2995 3031 3041 et
3056 2995 3108 3042 te
3133 2987 3342 3044 decebit
3367 2990 3547 3045 lauda-

1979 3072 2084 3136 tio;
2118 3074 2366 3141 quoniam
2400 3085 2559 3128 rectas
2587 3075 2723 3129 decet
2753 3077 2998 3132 laudatio.

2016 3160 2017 3163 “
2049 3164 2102 3218 5.
2133 3163 2186 3217 Si
2212 3174 2385 3218 autem
2412 3182 2603 3221 curvus
2628 3165 2806 3231 fueris,
2834 3167 3015 3223 laudas
3038 3169 3200 3224 Deum
3222 3171 3434 3239 quando
3458 3172 3551 3225 tibi

1980 3251 2113 3308 bene
2151 3265 2266 3316 est,
2302 3256 2635 3327 blasphemas
2673 3259 2886 3325 quando
2929 3259 3020 3314 tibi
3067 3261 3203 3316 male
3232 3270 3321 3316 est
3361 3280 3374 3317 :
3416 3264 3555 3332 quod

1980 3348 2190 3418 quidem
2212 3350 2355 3423 male
2386 3350 2428 3403 si
2451 3350 2652 3420 justum
2679 3362 2779 3415 est,
2812 3368 2917 3406 non
2944 3362 3025 3407 est
3050 3354 3218 3416 male;
3246 3355 3565 3422 justumcst.

1980 3449 2180 3504 autem,
2211 3442 2458 3509 quoniam
2484 3442 2551 3496 ab
2579 3443 2664 3496 illo
2690 3442 2746 3496 fit
2771 3443 2861 3512 qui
2887 3444 3078 3513 injuste
3104 3445 3280 3499 facere
3306 3444 3431 3497 nihil
3460 3459 3554 3513 po-

1982 3540 2123 3587 test:
2150 3542 2204 3587 et
2229 3532 2332 3587 eris
2360 3535 2589 3587 insulsus
2616 3549 2745 3603 puer
2767 3534 2817 3587 in
2845 3534 3004 3588 domo
3032 3534 3224 3604 patris,
3252 3550 3436 3586 annuis
3462 3551 3555 3602 pa-

1984 3633 2119 3679 trem
2146 3624 2189 3679 si
2220 3624 2310 3678 tibi
2342 3624 2658 3689 blandiatur,
2692 3634 2745 3678 et
2771 3625 2892 3678 odio
2924 3623 3124 3678 habens
3150 3624 3359 3692 (plaudo
3389 3633 3437 3675 te
3466 3622 3565 3676 [la—

1984 3716 2172 3786 gellat;
2191 3718 2337 3786 quasi
2357 3733 2459 3771 non
2478 3728 2529 3770 et
2548 3716 2816 3775 blandiens
2834 3727 2885 3770 et
2905 3715 3173 3785 flagellatis
3192 3716 3555 3769 hmreditatem

1987 3815 2154 3875 paret.
2185 3805 2316 3860 Vide
2346 3816 2518 3860 autem
2559 3806 2999 3876 quemadmodum
3027 3807 3212 3862 deceat
3240 3817 3416 3861 rectos
3446 3807 3560 3860 lau-

1987 3900 2167 3963 datio,
2211 3897 2329 3952 audi
2372 3915 2552 3952 vocem
2594 3899 2722 3952 ret-ti
2767 3899 3028 3952 laudantis
3064 3915 3129 3954 ex
3168 3900 3271 3952 alio
3311 3900 3560 3969 psalmo:

1986 3987 2285 4042 Benedicam
2318 3988 2586 4041 Dominum
2608 3989 2660 4042 in
2684 3988 2819 4042 omni
2847 3999 3085 4060 tempore,
3108 4007 3299 4061 semper
3318 3992 3434 4043 laus
3453 3991 3567 4059 ejus

1990 4079 2041 4132 in
2071 4096 2155 4132 ore
2180 4096 2286 4133 mea
2315 4077 2496 4148 (Ρδαζ.
2530 4095 2691 4133 xxxm
2713 4122 2728 4143 ,
2751 4078 2845 4151 2).
2873 4080 3022 4147 Quod
3051 4091 3127 4136 est
3150 4122 3165 4146 ,
3195 4081 3246 4134 in
3277 4081 3412 4135 omni
3435 4091 3567 4134 tent-

1993 4185 2147 4237 pare;
2173 4168 2274 4223 hoc
2298 4179 2378 4222 est
2397 4211 2410 4231 ,
2438 4185 2632 4240 semper
2674 4184 2692 4223 :
2728 4181 2783 4224 et
2810 4170 2952 4240 quod
2982 4179 3086 4237 est,
3114 4170 3432 4234 benedicam;
3464 4171 3564 4225 hoc

1991 4272 2073 4317 est
2096 4303 2111 4326 ,
2143 4263 2254 4316 laus
2282 4263 2390 4331 ejus
2420 4261 2471 4314 in
2499 4277 2585 4315 ora
2619 4278 2745 4316 mea.
2778 4262 2932 4316 Omni
2975 4271 3214 4330 tempore
3240 4272 3293 4317 et
3318 4276 3529 4329 semper
3548 4304 3564 4326 ,

1993 4357 2102 4409 sive
2129 4355 2180 4409 iu
2211 4354 2477 4423 pmSperis
2500 4354 2611 4409 sive
2640 4353 2690 4406 in
2717 4352 2973 4409 adversis.
2996 4352 3130 4408 Nam
3152 4353 3195 4407 si
3222 4352 3274 4405 in
3298 4353 3567 4420 prosperis

1994 4456 2047 4501 et
2069 4463 2173 4500 non
2202 4447 2253 4499 in
2279 4445 2533 4511 adversis,
2562 4445 2828 4515 quomodo
2852 4445 2996 4500 omni
3023 4455 3281 4513 tempore,
3302 4444 3570 4513 quomodo

1995 4536 2246 4607 semper?
2272 4547 2326 4591 et
2354 4536 2648 4593 audivimus
2676 4537 2870 4591 multas
2893 4535 3177 4601 multorum
3208 4534 3339 4588 tales
3368 4547 3564 4587 voces:

1995 4628 2206 4700 quando
2232 4629 2337 4684 illis
2366 4629 2609 4699 provenit
2633 4629 2804 4698 aliqua
2834 4626 3078 4692 felicitas,
3111 4625 3374 4680 exsultant
3393 4665 3408 4689 ,
3438 4638 3570 4693 gau-

1998 4720 2123 4781 dent
2143 4762 2159 4786 ,
2192 4731 2403 4776 cantant
2435 4722 2559 4783 Deo,
2585 4718 2801 4773 laudant
2839 4719 3043 4781 Deum;
3074 4731 3180 4770 non
3217 4725 3339 4770 sunt
3369 4716 3569 4783 impro-

1999 4812 2181 4879 handi,
2215 4813 2321 4867 imo
2348 4812 2680 4883 gaudendum
2710 4819 2793 4865 est
2822 4810 2941 4874 illis,
2973 4809 3095 4879 quia
3125 4807 3273 4862 ntulti
3300 4821 3397 4861 nec
3426 4815 3573 4861 tunc.

1999 4906 2220 4973 Sediin
2245 4907 2331 4978 qui
2360 4907 2467 4973 jam
2500 4905 2669 4975 Deum
2701 4903 2916 4959 laudare
2942 4920 3005 4958 ex
3037 4902 3398 4972 prosperitatis
3432 4909 3578 4971 parte

2001 5009 2295 5070 coeperunt,
2322 4997 2548 5054 docendi
2568 5006 2691 5051 sunt
2712 5005 2913 5068 patrem
2935 5009 3178 5065 agnoscet
3191 5010 3223 5052 e
3239 5003 3293 5048 et
3313 4992 3582 5063 ﬂagellan-

2004 5103 2110 5146 tem
2129 5134 2141 5153 ,
2167 5106 2264 5146 nec
2285 5105 2612 5144 murmurare
2633 5087 2888 5142 adversus
2906 5085 3220 5155 corrigentis
3244 5099 3488 5147 manum;
3514 5100 3582 5137 ne

2008 5200 2217 5254 semper
2250 5183 2395 5253 pravi
2431 5191 2766 5237 remanentes
2796 5179 3126 5235 exhatredari
3161 5186 3483 5241 mereantur,
3525 5185 3584 5227 ut

2008 5275 2131 5329 facti
2174 5274 2285 5345 jam
2306 5274 2458 5340 recti,
2486 5271 2632 5345 (quid
2654 5281 2733 5326 est
2755 5270 2921 5326 recti?
2940 5269 3012 5327 Ut
3031 5270 3160 5324 nihil
3183 5270 3286 5324 illis
3306 5267 3586 5336 displiceat

2008 5366 2144 5438 quod
2174 5365 2357 5420 fecerit
2377 5366 2561 5433 Deus.)
2582 5362 2787 5431 possint
2806 5372 2860 5417 et
2879 5363 2931 5419 in
2953 5361 3189 5417 adversis
3209 5361 3373 5414 Deum
3397 5355 3588 5411 lauda-

2010 5480 2087 5523 re.
2114 5471 2167 5522 et
2193 5460 2370 5515 dicere
2395 5477 2408 5512 :
2434 5459 2685 5512 Dominus
2709 5457 2874 5520 dedit,
2907 5456 3159 5510 Dominus
3177 5452 3426 5514 abstulit;
3450 5449 3586 5504 sicut

2015 5555 2238 5609 Domino
2275 5552 2502 5621 placuit,
2544 5550 2611 5604 ita
2650 5548 2844 5604 factum
2882 5557 2967 5603 est
3002 5565 3015 5599 :
3052 5547 3122 5601 sit
3149 5560 3340 5599 nomen
3379 5542 3589 5595 Domini
3636 5565 3643 5573 -

2017 5648 2349 5703 benedictum
2383 5642 2501 5715 (Job
2555 5659 2592 5702 ι,
2618 5641 2737 5711 9.1).
2768 5642 2924 5695 Tales
2952 5647 3125 5694 rectos
3151 5636 3303 5689 decet
3333 5633 3597 5698 laudatio,

2023 5758 2124 5795 non
2157 5739 2324 5808 primo
2355 5735 2658 5791 laudaturos
2679 5777 2694 5801 ,
2724 5744 2775 5789 et
2802 5742 2979 5802 postea
3010 5730 3424 5797 vituperatmos.
