3972 6198
358 302 462 358 270

428 417 481 470 4.
526 412 661 481 Ergo
683 411 808 481 justi
836 388 985 473 iecti,
1014 404 1274 461 exsultate
1302 402 1354 457 in
1385 399 1610 456 Domino
1643 418 1657 454 :
1686 401 1804 469 quia
1831 414 1928 454 vos

357 509 510 563 decet
556 503 803 559 laudatio.
846 498 1016 555 Nemo
1055 498 1239 553 dicat:
1272 496 1402 566 Quis
1443 509 1543 566 ego
1579 494 1755 565 justus
1779 535 1794 558 ,
1838 484 1930 548 aut

355 600 567 669 quando
592 613 689 667 ego
716 598 731 628 ³
755 594 972 664 justus?
994 592 1166 648 Nolite
1193 606 1289 647 vos
1311 590 1542 662 abjicere
1565 599 1621 645 et
1642 590 1929 660 desperare

355 694 422 748 de
450 692 615 756 vobis.
649 688 901 743 llomines
926 687 1073 751 estis,
1100 685 1165 741 ad
1190 685 1468 756 imaginem
1494 683 1586 739 Dei
1613 682 1732 737 facti
1757 684 1923 738 estis:

355 784 441 854 qui
472 798 566 836 vos
592 781 834 835 homines
865 778 1007 845 fecit,
1037 793 1133 848 pro
1161 778 1309 832 vobis
1335 787 1383 830 et
1417 776 1576 830 homo
1602 775 1768 830 factus
1796 785 1878 829 est
1911 793 1925 829 :

354 884 410 928 ut
440 874 587 928 multi
618 872 709 926 filii
737 871 801 925 ad
835 871 1196 926 hmreditatem
1235 869 1611 939 sempiternam
1643 867 1926 937 adoptare-

355 965 503 1028 tnini,
530 964 743 1032 sanguis
771 962 922 1019 Uniei
950 976 1043 1030 pro
1068 960 1216 1014 vobis
1240 960 1436 1015 cli'usus
1457 967 1557 1015 est.
1581 958 1634 1014 Si
1661 974 1756 1013 vos
1778 958 1928 1013 vobis

354 1068 561 1111 terrena
594 1052 876 1123 fragilitate
903 1051 1128 1106 viluiStis
1148 1090 1162 1115 ,
1194 1066 1258 1105 ex
1287 1050 1457 1120 pretio
1484 1061 1661 1103 vestro
1698 1064 1791 1102 vos
1827 1064 1926 1117 ap-

356 1149 568 1217 pendite
596 1166 609 1201 :
639 1146 762 1216 quid
792 1146 1136 1203 manducetis.
1172 1143 1295 1213 quid
1326 1143 1537 1207 bibatis,
1566 1158 1671 1212 quo
1696 1141 1928 1197 subseri-

354 1241 491 1295 hatis
520 1243 689 1295 Amen
730 1228 751 1272 ί
776 1281 791 1306 ,
824 1238 978 1310 digne
1003 1238 1248 1308 cogitate.
1278 1235 1540 1306 Numquid
1569 1236 1670 1291 hoc
1691 1252 1787 1292 vos
1815 1251 1929 1289 mo-

355 1349 562 1395 nemus,
588 1341 647 1389 ut
666 1331 877 1402 superbi
900 1329 1036 1395 sitis,
1058 1339 1110 1386 et
1132 1330 1280 1383 vobis
1297 1329 1526 1400 aliquam
1550 1327 1926 1399 perfectionem

352 1424 592 1480 audeatis
630 1421 918 1493 arrogare?
957 1420 1061 1476 Sed
1092 1438 1194 1473 non
1236 1421 1427 1476 iterum
1457 1419 1526 1474 ab
1554 1418 1699 1473 omni
1724 1419 1926 1487 justitia

352 1530 448 1571 vos
470 1524 653 1586 putare
672 1512 878 1568 debetis
903 1512 1086 1567 exules
1110 1511 1242 1565 ﬁeri.
1269 1511 1403 1565 Nolo
1424 1510 1564 1573 enim
1588 1524 1682 1565 vos
1702 1509 1928 1565 interro-

354 1624 480 1680 gare
508 1608 574 1663 de
597 1607 799 1677 iustitia
829 1614 998 1660 vestra
1023 1620 1037 1668 ;
1072 1602 1310 1659 fortassis
1337 1602 1480 1659 enim
1509 1617 1667 1657 nemo
1693 1612 1925 1680 vestrum

354 1674 481 1756 mihi
527 1674 721 1754 audeat
761 1696 1112 1767 respondere,
1144 1695 1324 1750 Justus
1348 1709 1465 1749 sum
1496 1711 1509 1748 :
1541 1694 1633 1749 sed
1662 1674 1928 1763 iuterrdgo

356 1807 448 1846 vos
474 1791 540 1846 de
567 1788 670 1845 fide
701 1799 895 1844 vestra.
924 1786 1076 1845 Sicut
1101 1800 1257 1851 nemo
1286 1794 1516 1841 vestrum
1543 1783 1703 1839 audet
1725 1783 1924 1851 dicere,

352 1884 532 1939 Justus
557 1899 673 1939 sum
700 1899 714 1946 ;
742 1883 818 1937 sic
846 1895 1001 1936 nemo
1025 1880 1185 1935 audet
1210 1880 1406 1943 dicere,
1433 1877 1629 1949 Fidelis
1652 1892 1756 1932 non
1785 1892 1923 1932 sum.

352 1979 592 2034 Nondum
623 1990 804 2048 qua-ro
838 1974 963 2046 qttid
1002 1973 1148 2027 vivas
1172 2014 1186 2037 ,
1231 1970 1322 2025 sed
1352 1986 1532 2042 qumro
1562 1969 1687 2040 quid
1718 1969 1925 2025 credas.

353 2071 722 2140 Responsurus
750 2082 809 2121 es
835 2064 1053 2119 credere
1094 2075 1147 2117 te
1184 2063 1236 2115 in
1275 2061 1562 2115 Christum.
1593 2054 1703 2114 Non
1734 2059 1927 2115 audisti

350 2162 659 2232 Apostolum
691 2179 704 2214 :
735 2159 913 2213 Justus
939 2173 1001 2212 ea:
1024 2158 1126 2227 ﬁde
1155 2156 1270 2209 vivit
1297 2153 1477 2226 (Rom.
1521 2170 1559 2217 ι.
1595 2154 1658 2207 l7
1678 2152 1743 2225 )?
1770 2152 1930 2208 Fides

352 2266 459 2319 tua,
486 2254 685 2324 iustitia
720 2262 803 2307 tua
835 2269 848 2305 :
876 2250 997 2322 quia
1029 2250 1207 2319 utique
1234 2250 1279 2303 si
1307 2247 1500 2312 credis,
1531 2262 1726 2309 caves:
1755 2247 1800 2301 si
1826 2261 1917 2301 au-

352 2359 457 2403 tem
483 2360 661 2413 caves,
688 2344 933 2407 conaris;
967 2350 1021 2397 et
1047 2350 1291 2396 conatum
1322 2349 1468 2393 tuum
1495 2338 1641 2393 novit
1670 2338 1805 2392 Deus
1825 2379 1841 2403 ,
1872 2348 1926 2391 ct

352 2439 672 2492 voluntatem
706 2444 845 2489 tuam
874 2433 1124 2502 inspicit,
1156 2441 1209 2486 et
1236 2430 1432 2484 lnctam
1459 2444 1581 2484 cum
1606 2444 1765 2483 carne
1792 2443 1923 2482 con-

350 2530 567 2593 siderat,
599 2539 654 2584 et
682 2527 924 2581 hortatur
952 2534 1009 2578 ut
1037 2521 1237 2593 pugnes
1261 2562 1275 2583 ,
1308 2530 1361 2577 et
1389 2519 1601 2591 adjuvat
1628 2530 1686 2574 ut
1709 2520 1921 2586 vincas,

350 2633 406 2678 et
429 2629 716 2693 certantem
743 2627 1015 2689 exspectat
1038 2618 1060 2649 ⁸
1079 2657 1095 2683 ,
1126 2625 1178 2670 et
1208 2614 1539 2669 deficientem
1569 2614 1841 2677 sublevat,
1868 2620 1925 2669 et

351 2715 645 2769 vincentem
673 2719 911 2766 coronat.
943 2709 1101 2778 Ergo,
1134 2706 1401 2761 Exsultate
1415 2706 1548 2777 justi
1572 2705 1628 2760 in
1659 2703 1875 2759 Domino
1898 2719 1918 2760 ε

349 2808 448 2861 hoc
471 2804 715 2869 dixerim,
744 2801 1013 2856 Exsultate
1054 2797 1245 2870 fideles
1266 2796 1317 2850 in
1346 2796 1590 2861 Domino,
1613 2795 1731 2865 quia
1750 2794 1923 2861 justus

349 2914 414 2952 ex
456 2896 558 2951 lide
594 2896 741 2950 vivit.
786 2892 967 2947 Rectus
1010 2891 1148 2944 decet
1192 2888 1438 2942 laudatio.
1488 2887 1683 2942 Discite
1724 2887 1922 2955 gratias

348 3003 504 3059 agere
530 2987 639 3041 Deo
663 2992 718 3039 et
742 2983 793 3037 in
823 2978 1285 3052 prosperitatibus,
1313 2987 1368 3032 et
1394 2977 1444 3030 in
1477 2976 1920 3031 tribulationibus.

351 3078 547 3134 Discite
587 3074 783 3129 habere
820 3073 871 3127 in
911 3069 1074 3126 corde
1109 3067 1249 3139 quod
1276 3067 1439 3123 habet
1469 3066 1643 3121 omnis
1681 3067 1842 3121 homo
1867 3067 1920 3121 in

349 3171 522 3240 lingua
552 3186 566 3221 :
597 3164 748 3235 Quod
778 3164 891 3219 vult
931 3164 1088 3218 Deus.
1128 3162 1237 3229 Ipsa
1269 3161 1443 3230 lingua
1470 3160 1735 3231 popularis
1757 3199 1772 3222 ,
1805 3160 1919 3228 ple-

347 3274 568 3331 rumque
602 3267 692 3329 est
723 3255 961 3321 doctrina
999 3254 1265 3306 salutaris.
1296 3250 1427 3319 Quis
1452 3266 1556 3305 non
1583 3250 1817 3320 quotidie
1840 3251 1922 3306 di-

347 3353 418 3408 cit
448 3368 463 3408 :
494 3348 646 3418 Quod
684 3348 795 3402 vult
824 3347 963 3402 Deus
1004 3345 1104 3400 hoc
1130 3343 1290 3415 agat?
1319 3342 1389 3398 Et
1413 3353 1589 3399 rectus
1614 3343 1716 3399 erit
1736 3341 1757 3374 ⁸
1782 3343 1921 3398 inter
1982 3392 1989 3401 .

347 3457 439 3498 eos
466 3442 552 3511 qui
583 3426 846 3495 exsultant
871 3434 923 3490 in
956 3422 1200 3497 Domino,
1230 3443 1285 3488 et
1310 3448 1445 3503 quos
1470 3433 1623 3488 decet
1647 3432 1878 3488 laudatio
1903 3452 1917 3487 :

346 3534 527 3603 quales
572 3529 856 3601 alloquitur
896 3533 1283 3596 consequenter
1326 3525 1600 3588 Psahnus,
1648 3528 1703 3581 et
1742 3525 1917 3582 dicit:

346 3622 664 3693 Con/itemini
688 3621 909 3675 Domino
930 3620 982 3673 in
1002 3619 1196 3673 cithara
1211 3657 1225 3683 ,
1253 3618 1305 3670 in
1328 3616 1564 3685 psalterio
1585 3618 1749 3672 decem
1768 3618 1919 3672 char-

346 3719 527 3772 dantm
554 3716 755 3788 psallite
781 3715 845 3768 ei.
872 3712 985 3768 Hoc
1013 3711 1153 3766 enim
1182 3709 1340 3765 etiam
1370 3710 1527 3764 modo
1554 3710 1918 3780 cantabamus,

346 3812 447 3865 hoc
490 3825 583 3865 ore
619 3822 856 3864 consono
896 3804 1288 3877 exprimentes,
1322 3802 1483 3858 corda
1510 3813 1682 3858 vestra
1711 3802 1734 3836 '
1759 3804 1920 3860 doce-

347 3902 551 3957 bamus.

418 3993 470 4047 5.
513 3989 661 4063 [νει-ε.
705 3986 786 4061 τὶ]
827 3987 1010 4042 Nonne
1053 3987 1105 4041 id
1149 3986 1257 4053 egit
1302 3986 1561 4041 institutio
1605 3988 1656 4042 in
1710 3990 1923 4045 nomine

347 4081 540 4137 Christi
571 4078 877 4149 Vigiliarum
928 4078 1147 4132 istarum
1178 4076 1276 4149 (a),
1311 4084 1367 4130 ut
1390 4092 1458 4131 ex
1488 4077 1588 4131 isto
1616 4078 1732 4132 loco
1756 4079 1923 4134 citha-

350 4192 422 4231 ra:
454 4169 816 4244 pellerentur?
843 4169 910 4223 Et
932 4184 1062 4224 ecce
1091 4169 1220 4238 ipse
1251 4167 1503 4237 iubentur
1526 4183 1717 4223 sonare
1745 4188 1758 4224 :
1782 4169 1921 4224 Con-

350 4267 576 4338 ﬁtcutini,
610 4265 795 4335 inquit,
826 4261 1041 4315 Domino
1066 4260 1119 4314 in
1144 4261 1365 4323 cithara,
1401 4261 1453 4314 in
1484 4261 1722 4339 psalterio
1751 4263 1922 4317 decem

350 4359 654 4415 chordarum
696 4352 898 4425 psallite
923 4352 989 4407 ei.
1029 4350 1196 4406 Nemo
1222 4360 1494 4405 convertat
1520 4367 1613 4406 cor
1636 4352 1700 4406 ad
1727 4366 1920 4427 organa

350 4452 626 4508 theatrica.
658 4446 810 4515 Quod
837 4445 885 4501 ei
910 4444 1124 4515 iubetur
1144 4484 1158 4507 ,
1194 4443 1244 4495 in
1305 4457 1362 4497 sc
1391 4443 1588 4510 habet,
1616 4445 1753 4500 sicut
1799 4446 1921 4499 alihi

350 4545 543 4600 dicitur
572 4561 586 4598 :
615 4540 681 4596 In
708 4556 789 4594 me
814 4532 1250 4608 suat,Deus,vola,
1279 4551 1392 4604 quae
1414 4534 1623 4589 reddam
1646 4525 1812 4589 ldudis
1835 4537 1924 4589 tibi

351 4636 521 4707 (Psal.
565 4650 667 4698 ιν,
710 4632 822 4702 η).
862 4627 1211 4685 Mcmincrunt
1248 4627 1335 4695 qui
1376 4625 1578 4695 pridem
1621 4622 1920 4691 alTuernnt,

416 4795 433 4826 ι
463 4798 525 4841 Ita
563 4798 667 4839 Mss.
710 4793 766 4837 At
802 4780 1070 4844 Edd.:Quis
1105 4793 1219 4847 ergo
1244 4779 1440 4843 justus,
1477 4786 1560 4831 aut
1609 4781 1802 4846 quando
1841 4796 1926 4834 ero

350 4862 619 4972 ἠεἴωῖἰιιιη
664 4905 1023 4961 subscribamim'
1070 4912 1244 4972 (antea.
1303 4904 1517 4955 Nonnulli
1570 4918 1632 4955 ex
1671 4906 1926 4972 illssmsnb-

350 4975 571 5029 scribens
605 4968 795 5024 tantum
836 4984 855 5023 :
893 4971 982 5022 sed
1028 4983 1092 5020 ex
1128 4970 1188 5018 iis
1225 4980 1395 5031 magna
1437 4981 1578 5030 pars.
1618 4968 1926 5020 subsctilmtis

344 5049 586 5155 ω’ξρὲἀᾱη
606 5096 853 5158 inspectet.
872 5102 1125 5151 Mss.vcro,
1146 5098 1386 5158 exspectat
1416 5103 1433 5140 :
1455 5092 1581 5154 (ιιιςκι
1596 5091 1767 5141 eodem
1777 5107 1926 5143 sensu

350 5153 606 5227 [nassimah
624 5153 884 5220 Augustino
901 5161 1175 5227 usurpatur,
1201 5153 1286 5227 pro
1304 5153 1545 5227 observat._
1631 5216 1657 5227 ,Δ
1688 5215 1699 5225 ι

412 5227 434 5256 δ
459 5223 644 5287 Aliquot
664 5227 791 5268 Mss:
820 5227 916 5268 Hoc
927 5221 1064 5282 agat,
1096 5220 1141 5263 et
1173 5222 1329 5265 rectus
1364 5222 1433 5265 est
1461 5228 1478 5264 :
1502 5222 1547 5265 «'t
1570 5220 1658 5266 erit
1682 5220 1803 5265 inter
1826 5231 1923 5276 eos,

346 5296 442 5337 etc.

411 5349 433 5382 ⁸
458 5345 681 5406 Plerique
722 5347 850 5407 Mss,
892 5345 1054 5390 nostra
1081 5335 1261 5407 :_forte
1299 5351 1399 5407 non
1437 5352 1595 5388 minus
1638 5340 1767 5387 bene
1814 5352 1924 5407 cum
1974 5342 1981 5353 ‘

347 5409 497 5460 haece
537 5399 795 5454 verborum
833 5399 1218 5464 interpunctionc
1251 5413 1262 5448 :
1290 5399 1406 5460 hoc,
1431 5413 1513 5451 ore
1536 5413 1734 5450 consono
1756 5399 1924 5463 expri-

347 5478 522 5521 mentes
540 5467 689 5535 corda
711 5471 889 5524 nostra,
913 5461 1215 5535 docebam”.
1305 5524 1334 5535 ῃ
1603 5525 1616 5535 ,

410 5535 485 5595 (τι)
507 5529 712 5595 consule
730 5520 1009 5577 sermonem
1029 5524 1156 5595 3H,_
1173 5536 1278 5585 cap.
1378 5524 1459 5595 ubi
1476 5524 1581 5573 haec
1603 5525 1706 5593 ipsa
1728 5536 1812 5570 res
1846 5520 1921 5595 lu-

347 5585 592 5644 culentius
605 5593 849 5650 relertur;
876 5600 1036 5652 eoque
1061 5600 1121 5652 ex
1144 5586 1267 5652 loco,
1290 5588 1364 5652 uti
1385 5593 1437 5633 et
1462 5598 1524 5652 ex
1547 5585 1765 5646 proxime
1807 5585 1924 5652 sub-

346 5642 571 5717 Sequenti
597 5642 900 5717 linat-ratione
925 5642 971 5699 n’.
997 5650 1030 5717 ξ)
1066 5642 1312 5717 intelliges
1353 5642 1700 5717 hostio-sxa"
1731 5642 1916 5717 psalmo

349 5709 576 5764 tractatus
600 5715 788 5765 hahitos
819 5714 971 5764 fuisse
1001 5714 1048 5762 lu
1084 5709 1291 5760 ecclesia
1330 5709 1412 5755 ubi
1447 5709 1659 5767 ttypriaui
1703 5709 1925 5769 martyris

354 5787 521 5837 corpus
537 5780 741 5838 iacebat.

1589 285 1646 340 ε.
1686 230 2049 342 Αιιῦιιδίιιιιι
2087 281 2386 339 Εριδροιη

3511 284 3618 340 230

2037 396 2250 467 quando
2272 397 2397 467 quid
2424 397 2630 453 intersit
2654 398 2792 454 inter
2820 397 3125 468 psalterium
3150 408 3205 455 et
3224 400 3479 456 citharam
3507 401 3611 472 (a),

2036 488 2173 541 sicut
2190 484 2487 557 petuimns,
2518 504 2765 546 sermone
2785 492 3134 547 discrevimus
3151 533 3167 559 ,
3197 500 3251 547 et
3272 491 3339 547 ad
3366 492 3608 548 intellec-

2038 588 2145 633 tum
2157 565 2391 635 omnium
2404 580 2691 651 perducere
2711 582 2919 638 interim
2934 583 3108 639 conati
3127 597 3306 638 sumus
3326 600 3340 634 :
3357 592 3613 652 quantum

2033 682 2212 728 autem
2240 673 2570 729 eﬂ‘ecerimus
2593 716 2608 740 ,
2646 675 2880 730 viderint
2919 676 3005 747 qui
3045 668 3342 731 audierunt.
3375 677 3441 732 Et
3470 688 3614 732 nunc

2036 780 2139 817 non
2168 764 2465 834 importune
2490 767 2779 835 repetimus
2802 809 2817 833 ,
2847 776 2905 821 ut
2932 769 2984 821 in
3012 768 3110 822 ista
3139 767 3448 823 diversitate
3474 768 3611 821 duo.

2034 871 2151 911 rum
2179 858 2645 914 instrumentorum
2676 860 3022 926 musicorum,
3053 862 3412 916 diversitatem
3445 860 3611 915 farto-

2034 964 2150 1003 rum
2181 949 2532 1006 humanorum
2563 952 2893 1006 inveniamus
2916 994 2932 1017 ,
2963 951 3309 1022 significatam
3339 966 3434 1023 per
3455 951 3571 1006 haec
3594 994 3609 1012 ,

2034 1041 2353 1110 implendam
2376 1050 2552 1098 autem
2574 1056 2670 1112 per
2690 1043 2850 1098 vitam
2868 1052 3121 1098 nostram.
3138 1041 3353 1098 Cithara
3372 1044 3389 1074 ¹
3406 1042 3608 1113 lignum

2034 1132 2160 1187 illud
2200 1147 2492 1189 concavum
2521 1143 2768 1204 tanquam
2800 1144 3107 1205 tympanum
3147 1135 3415 1205 pendente
3446 1143 3611 1190 testu-

2033 1225 2176 1291 dine,
2202 1226 2284 1280 cui
2317 1226 2457 1296 ligno
2480 1228 2693 1281 chorda:
2717 1228 3038 1295 innituntur,
3066 1236 3120 1282 ut
3146 1237 3297 1283 tacta:
3319 1237 3607 1282 resonent:

2034 1331 2139 1372 non
2170 1317 2429 1389 plectrum
2458 1318 2577 1375 dico
2604 1334 2710 1390 quo
2750 1326 3038 1391 tanguntur
3059 1362 3074 1385 ,
3117 1321 3212 1376 sed
3249 1320 3447 1390 lignum
3480 1320 3608 1375 illud

2031 1408 2140 1462 dixi
2167 1423 2457 1465 concavum
2485 1411 2569 1465 cui
2598 1411 2965 1481 superjacent,
2996 1412 3080 1466 cui
3105 1410 3500 1482 quodammodo
3524 1413 3608 1466 in-

2033 1500 2306 1568 emnbunt,
2332 1511 2392 1556 ut
2414 1517 2480 1556 ex
2511 1501 2603 1556 illo
2631 1517 2749 1557 cum
2777 1512 3063 1574 tanguntur
3090 1503 3435 1568 tremefacta),
3464 1514 3518 1560 et
3543 1518 3607 1560 ex

2032 1593 2120 1649 illa
2159 1596 2489 1651 concavitate
2525 1611 2716 1652 sonum
2753 1599 3148 1668 concipientes.
3192 1600 3359 1670 magis
3400 1616 3611 1654 canora:

2032 1684 2356 1740 reddantur:
2381 1685 2482 1742 hoc
2503 1702 2629 1758 ergo
2656 1687 2858 1757 lignum
2878 1687 3076 1742 cithara
3102 1689 3153 1742 iu
3184 1687 3435 1744 inferiore
3459 1701 3611 1758 parte

2033 1772 2570 1847 habetfpsalterimu
2611 1780 2662 1832 iu
2702 1780 2992 1848 superiore.
3037 1781 3160 1836 llmc
3197 1792 3281 1836 cst
3316 1781 3608 1836 dislittctitt.

2033 1866 2286 1923 lubemur
2305 1879 2479 1923 autem
2498 1870 2655 1924 modo
2668 1871 2905 1925 confiteri
2924 1871 2975 1926 in
2993 1872 3191 1927 cithara
3209 1915 3224 1939 ,
3243 1883 3297 1927 et
3316 1875 3536 1942 psallere
3556 1875 3607 1929 in

2034 1958 2284 2027 psalterio
2306 1959 2489 2015 decem
2517 1961 2851 2017 chordarum.
2884 1962 2999 2018 Non
3028 1963 3162 2018 dixit
3198 1964 3247 2017 in
3279 1964 3480 2019 cithara
3509 1965 3607 2019 de-

2030 2064 2146 2104 cem
2174 2050 2516 2117 ehurdarum,
2550 2060 2720 2123 neque
2745 2052 2799 2107 in
2828 2054 2928 2109 hoc
2955 2056 3179 2125 psalmo,
3208 2070 3402 2126 neque,
3428 2058 3474 2113 si
3502 2074 3609 2112 non

2031 2141 2201 2207 fallor,
2235 2144 2447 2200 alicubi.
2476 2144 2697 2215 Legant.
2724 2155 2776 2200 et
2805 2147 3141 2203 considerent
3166 2149 3356 2204 melius
3386 2159 3439 2205 et
3463 2151 3608 2204 Oliu-

2029 2233 2140 2288 sius
2166 2234 2259 2320 lilii
2284 2235 2449 2290 nostri
2473 2235 2725 2292 Lectores
2750 2257 2764 2293 :
2792 2248 2965 2295 tamen
2989 2248 3242 2309 quantum
3269 2241 3396 2295 mihi
3424 2242 3610 2297 videtur

2029 2328 2354 2395 meminisse,
2389 2330 2568 2385 multis
2594 2329 2725 2386 locis
2754 2332 3054 2388 invenimus
3077 2334 3388 2404 psalterium
3417 2336 3603 2391 decem

2027 2418 2367 2487 chordarum,
2392 2422 2649 2477 citharam
2671 2421 2855 2478 decem
2875 2424 3193 2480 chordarum
3215 2442 3473 2498 nusquam
3503 2431 3606 2481 mi-

2029 2511 2083 2565 hi
2114 2511 2307 2568 lectum
2339 2513 2591 2570 occurrit.
2622 2513 2943 2570 Mementote
2971 2516 3227 2571 citharam
3257 2533 3322 2573 ex
3354 2519 3608 2576 inferiore

2029 2612 2182 2671 parte
2208 2602 2409 2659 habere
2436 2620 2543 2676 quo
2570 2615 2744 2671 sonat,
2773 2606 3081 2676 psalterium
3111 2625 3175 2664 ex
3203 2613 3494 2680 superiore.
3526 2614 3603 2668 Ex

2026 2690 2277 2749 inferiore
2301 2696 2427 2761 vita,
2457 2696 2506 2750 id
2534 2705 2618 2751 est
2644 2706 2852 2753 terrena
2871 2740 2885 2767 ,
2914 2698 3172 2757 habemus
3200 2705 3603 2772 prosperitatum

2025 2794 2081 2841 et
2112 2784 2483 2842 adversitatem
2503 2831 2517 2855 ,
2549 2789 2689 2845 unde
2719 2789 2883 2845 Deum
2909 2791 3185 2847 laudemus
3208 2794 3229 2825 ²
3256 2794 3306 2848 in
3340 2804 3565 2865 utroque
3588 2842 3600 2859 ,

2026 2885 2083 2932 ut
2106 2894 2320 2949 semper
2346 2880 2416 2935 sit
2440 2880 2556 2936 laus
2578 2881 2694 2950 ejus
2717 2882 2769 2935 in
2790 2895 2884 2937 ore
2911 2891 3116 2949 nostro,
3144 2894 3198 2938 et
3224 2885 3605 2942 benedieamus

2025 2970 2307 3027 Dominum
2332 2973 2385 3028 in
2408 2977 2551 3029 omni
2577 2984 2814 3044 tempore
2834 2975 3004 3047 (Psal.
3029 2994 3216 3043 χχχιιι,
3238 2979 3320 3052 2).
3344 2980 3437 3036 Est
3459 2983 3602 3037 enim

2023 3063 2264 3133 quaedam
2290 3075 2495 3125 terrena
2524 3067 2867 3136 prosperitas,
2891 3076 2972 3123 est
2997 3069 3237 3138 quaadam
3267 3081 3477 3127 terrena
3504 3074 3601 3127 ad-

2024 3156 2247 3209 versitas
2274 3171 2288 3210 :
2315 3172 2379 3211 ex
2411 3168 2636 3228 utroque
2666 3158 2957 3214 laudandus
2985 3168 3063 3214 est
3098 3161 3270 3229 Dens,
3300 3174 3355 3217 ut
3379 3164 3600 3218 cithari-

2024 3261 2225 3301 zemus.
2253 3248 2390 3313 Qua!
2405 3257 2488 3302 est
2514 3257 2721 3303 terrena
2745 3250 3068 3321 prosperitas
3083 3251 3108 3303 Ἰ
3129 3251 3261 3306 Cum
3285 3255 3396 3308 sani
3420 3268 3602 3311 sumus

2023 3337 2312 3392 secundum
2341 3350 2578 3404 carnem,
2607 3354 2726 3394 eum
2754 3340 3026 3395 abundant
3054 3343 3227 3396 omnia
3255 3343 3444 3413 quibus
3471 3346 3601 3400 vivi.

2023 3444 2145 3484 mus
2168 3472 2183 3496 ,
2214 3444 2334 3483 cum
2366 3429 2700 3485 incolumitas
2732 3440 2910 3486 nostra
2941 3441 3183 3488 servatur
3207 3476 3221 3499 ,
3251 3450 3370 3490 cum
3401 3435 3601 3493 fruetus

2024 3522 2169 3590 lange
2198 3523 2544 3589 proveniunt,
2586 3538 2705 3578 cum
2747 3523 2911 3578 solem
2954 3538 3107 3579 suum
3133 3528 3263 3582 oriri
3292 3528 3415 3585 facit
3440 3546 3601 3600 super

2026 3611 2192 3665 bonos
2211 3622 2263 3667 et
2283 3612 2471 3676 malos,
2494 3623 2548 3666 et
2564 3614 2696 3683 pluit
2710 3615 3056 3684 superiustos
3067 3625 3122 3671 et
3142 3617 3366 3687 iniustos
3384 3620 3597 3690 (Matth.

2026 3718 2076 3768 v,
2099 3701 2211 3775 45).
2238 3702 2365 3758 Haec
2382 3704 2560 3758 omnia
2582 3704 2645 3758 ad
2665 3705 2823 3759 vitam
2847 3708 3109 3762 terrenam
3134 3710 3328 3765 valent.
3350 3712 3601 3783 Quisquis

2026 3793 2148 3851 inde
2168 3809 2273 3849 non
2294 3794 2472 3851 laudat
2494 3795 2680 3862 Deum,
2706 3795 2940 3867 ingratus
2959 3808 3058 3852 est.
3081 3797 3344 3872 Numquid
3363 3804 3481 3873 quia
3505 3814 3602 3861 ler-

2016 3900 2174 3951 ,rena,
2197 3886 2317 3940 ideo
2346 3901 2451 3940 non
2482 3887 2574 3941 Dei
2604 3889 2764 3941 sunt?
2789 3889 2894 3943 Aut
2919 3889 3037 3944 ideo
3062 3892 3194 3946 alter
3216 3906 3280 3948 ea
3304 3893 3431 3949 dare
3456 3898 3601 3967 cogi-

2027 3976 2216 4031 tandus
2243 3987 2345 4044 est,
2375 3978 2495 4048 quia
2525 3978 2720 4033 dantur
2745 3987 2800 4033 et
2829 3980 3023 4035 malis?
3046 3981 3321 4054 Multiplex
3347 3997 3430 4041 est
3457 3990 3601 4043 cuitu

2027 4054 2384 4124 misericordia
2417 4071 2531 4135 Dei,
2562 4071 2764 4140 patiens
2789 4080 2891 4138 est,
2919 4072 3254 4143 longanimis.
3283 4077 3409 4133 inde
3435 4083 3602 4151 magis

2027 4161 2289 4232 signiﬁcat
2308 4161 2431 4231 quid
2454 4171 2630 4217 servet
2651 4162 2826 4226 honis,
2846 4178 2964 4217 cum
2983 4165 3214 4220 ostendit
3228 4178 3421 4237 quanta
3438 4170 3605 4229 donet

2025 4266 2077 4311 et
2099 4258 2271 4311 malis.
2291 4256 2653 4311 Adversitates
2669 4268 2868 4325 autem,
2889 4274 2952 4314 ex
2971 4261 3217 4318 inferiore
3233 4265 3411 4334 utique
3428 4279 3599 4336 parte,

2025 4347 2092 4402 de
2119 4349 2402 4419 fragilitate
2424 4350 2633 4420 generis
2654 4349 2887 4416 immani,
2916 4352 2967 4406 in
2990 4353 3281 4420 doloribus,
3307 4356 3358 4411 in
3384 4358 3603 4430 languo-

2027 4439 2196 4508 ribus,
2230 4441 2281 4494 in
2316 4441 2577 4510 pressaris
2598 4484 2610 4501 .
2642 4440 2694 4495 in
2726 4443 3184 4511 tribulationibus,
3216 4448 3265 4500 in
3297 4450 3603 4505 tentatioui-

2027 4531 2142 4588 bus.
2172 4532 2381 4602 Ubique
2404 4532 2581 4588 laudet
2609 4534 2770 4589 Deum
2796 4535 2882 4603 qui
2908 4535 3202 4592 citharizat.
3228 4538 3338 4593 Non
3364 4542 3605 4598 attendat

2026 4630 2147 4700 quia
2178 4628 2427 4682 inferiora
2453 4638 2597 4694 sunt,
2629 4628 2721 4683 sed
2748 4629 2867 4699 quia
2894 4639 2947 4683 et
2972 4630 3091 4701 regi
3109 4640 3161 4685 et
3189 4632 3467 4701 gubernari
3496 4652 3602 4691 non

2028 4728 2283 4791 possunt,
2325 4719 2426 4773 nisi
2464 4720 2532 4772 ab
2571 4719 2657 4773 illa
2696 4718 2996 4789 Sapientia,
3037 4738 3155 4791 qua:
3192 4724 3402 4795 attingit
3433 4742 3462 4780 a
3499 4727 3605 4783 fine

2028 4826 2195 4881 usque
2232 4810 2297 4863 ad
2339 4810 2495 4867 linem
2536 4811 2760 4878 fortiter,
2801 4822 2851 4866 et
2887 4812 3121 4881 diSponit
3157 4816 3332 4869 omnia
3371 4819 3605 4874 suaviter

2030 4901 2183 4974 (Sap.
2215 4917 2302 4956 vut
2328 4944 2342 4967 ,
2378 4902 2453 4971 l).
2491 4901 2605 4956 Non
2644 4903 2784 4957 enim
2820 4904 3054 4958 coiit-sila
3096 4906 3263 4975 regit,
3305 4916 3359 4963 et
3394 4917 3606 4966 terrena

2028 4994 2223 5050 deserit
2253 5012 2266 5049 :
2295 5005 2387 5048 aut
2413 5010 2516 5049 non
2550 4995 2624 5049 illi
2654 4995 2878 5060 dicitur,
2914 4997 3024 5064 Quo
3050 4998 3193 5052 abibo
3222 5016 3251 5052 a
3274 5000 3451 5070 spiritu
3476 5014 3563 5056 tuo
3594 5047 3608 5069 ,

2028 5100 2075 5144 et
2111 5107 2142 5142 ιι
2181 5090 2309 5159 facie
2335 5099 2422 5142 tua
2449 5105 2547 5158 quo
2578 5089 2814 5159 fugiam?
2842 5089 2902 5143 Si
2929 5091 3200 5144 ascendere
3228 5093 3278 5144 in
3307 5093 3487 5146 etclam
3508 5135 3523 5158 ,
3559 5105 3611 5148 tu

2029 5183 2097 5236 ibi
2125 5198 2199 5244 es;
2227 5182 2270 5235 si
2295 5180 2594 5234 descendere
2617 5180 2670 5233 in
2696 5180 2966 5251 infernum,
2996 5182 3116 5235 ades
3146 5181 3313 5251 (I’sal.
3341 5199 3570 5239 cxxxvut
3594 5228 3608 5251 ,

2030 5276 2083 5342 7,
2112 5274 2206 5348 8)?
2227 5273 2328 5331 Ubi
2353 5288 2477 5344 ergo
2503 5273 2649 5327 deest
2670 5273 2756 5342 qui
2780 5289 3035 5343 nusquam
3059 5291 3161 5328 non
3184 5276 3297 5330 est?
3318 5277 3455 5348 Ergo
3476 5294 3608 5334 con-

2093 5458 2109 5489 ί
2136 5456 2267 5504 Edd.:
2293 5452 2491 5517 Cithara
2507 5458 2577 5517 est
2610 5450 2806 5517 ligman.
2846 5459 3108 5517 Exi-uage,
3134 5460 3204 5504 est
3232 5464 3244 5504 :
3277 5456 3388 5515 quia
3410 5469 3607 5510 sensum

2029 5517 2169 5573 tollit,
2196 5530 2289 5567 nec
2308 5516 2516 5564 habetur
2539 5516 2587 5564 in
2611 5516 2719 5564 uss.
2780 5530 2783 5533 ·

2092 5579 2501 5645 {I’leriquettssa
2530 5585 2602 5626 Ex
2622 5575 2849 5645 inferiore
2882 5575 2976 5642 rita
2992 5611 3007 5631 .
3030 5591 3094 5626 ea:
3116 5578 3207 5629 ista
3228 5586 3360 5628 terra
3382 5579 3608 5634 habemus

2030 5640 2157 5691 unde
2178 5637 2327 5702 nenia
2350 5637 2617 5694 laudemus,
2639 5644 2684 5687 et
2700 5637 2752 5687 in
2774 5637 2990 5702 atroque,
3015 5646 3064 5688 ut
3087 5653 3291 5702 semper,
3319 5650 3414 5691 etc.

2094 5702 2169 5762 (α)
2195 5700 2407 5762 Its-altern
2445 5708 2496 5749 et
2525 5702 2721 5749 citharae
2756 5699 3031 5749 discrimen.
3071 5699 3355 5751 tidJEuar.
3398 5707 3445 5753 in
3489 5709 3603 5757 t’sal.

2034 5761 2216 5825 xw,'ct
2237 5761 2362 5811 Psal.
2387 5774 2501 5822 axx,
2525 5775 2671 5812 serui.
2705 5763 2777 5821 ιι,
2801 5776 2849 5811 ιι.
2886 5763 2954 5811 ιι.
