3972 6198
217 343 311 395 981

221 456 371 508 [itere
403 449 628 504 Domino
659 447 708 499 in
738 444 958 498 cithara.
993 439 1119 495 Sive
1151 435 1242 488 tibi
1268 431 1500 486 alnmdet
1524 439 1792 483 terrenum

219 542 441 613 aliquid,
473 541 669 610 gratias
696 552 792 604 age
821 533 895 588 illi
923 531 1010 601 qui
1037 527 1222 591 dedit;
1251 525 1363 578 sive
1393 522 1485 577 tibi
1509 521 1682 580 desit,
1713 518 1794 572 vel

223 611 359 692 forte
386 635 582 688 damno
609 631 700 685 tibi
728 628 1012 686 auferatur,
1041 621 1290 676 cithariza
1317 629 1554 671 securus.
1583 611 1694 666 Non
1717 620 1796 664 est

222 727 364 780 enim
393 724 479 777 ille
506 721 595 774 tibi
622 720 826 773 ablatus
850 715 936 784 qtti
966 713 1140 771 dedit,
1170 707 1410 778 quamvis
1440 704 1530 757 tibi
1559 702 1793 756 ablatum

225 817 383 870 fuerit
410 811 552 882 quod
579 810 744 864 dedit.
777 807 944 862 Etiam
973 805 1070 867 sic,
1105 802 1341 870 inquam,
1373 794 1620 849 cithariza
1646 807 1798 846 Secu-

227 925 345 971 rus;
371 881 550 960 certus
577 904 625 956 in
657 902 762 954 Deo
784 908 873 952 tuo
893 938 906 959 ,
934 904 1087 963 tange
1111 890 1339 946 chordas
1365 889 1415 940 in
1438 885 1618 948 corde,
1643 891 1693 936 et
1714 881 1800 934 dic

227 1013 475 1068 tanquam
513 997 564 1048 in
593 993 793 1048 cithara
827 996 876 1043 in
905 987 1153 1042 interiore
1191 989 1339 1052 parte
1365 980 1501 1033 bene
1528 982 1750 1030 sonante
1783 989 1796 1025 :

229 1065 486 1148 Dominus
509 1087 680 1149 dedit,
718 1082 970 1137 Dominus
999 1077 1212 1132 abstulit
1235 1091 1250 1138 ;
1276 1074 1412 1128 sicut
1438 1069 1660 1124 Domino
1686 1065 1800 1135 pla-

230 1185 336 1239 cuit
362 1227 375 1245 ,
410 1185 481 1236 ita
529 1181 721 1234 factum
750 1186 831 1231 est
864 1192 877 1227 :
911 1174 979 1228 sit
1006 1185 1196 1226 nomen
1231 1165 1434 1221 Domini
1467 1161 1798 1217 benedictum

230 1279 346 1350 (Jo‘b
375 1295 410 1341 I,
437 1277 554 1334 an.
1364 1274 1368 1279 ν

299 1375 350 1428 ϐ.
382 1371 500 1425 .Iam
525 1381 652 1421 vero
680 1379 797 1418 cunt
829 1358 1052 1415 attetiilis
1073 1353 1340 1423 superiora
1365 1350 1501 1404 dona
1533 1345 1644 1408 Dei,
1677 1341 1801 1412 quid

231 1467 317 1520 tibi
345 1461 632 1518 contulerit
675 1464 1050 1526 prazceptorutn
1074 1492 1086 1512 ,
1119 1463 1218 1517 qua
1253 1443 1489 1499 doctrina
1519 1438 1718 1495 caelesti
1751 1449 1800 1492 te

231 1555 509 1613 imbuerit,
542 1548 666 1619 quid
696 1547 788 1602 tibi
831 1546 1060 1613 desuper
1101 1556 1164 1592 ex
1211 1536 1348 1590 illius
1390 1531 1622 1586 veritatis
1663 1527 1801 1582 fonte

235 1644 583 1717 pncceperit’
617 1684 632 1704 ,
678 1649 992 1694 convertere
1039 1641 1092 1686 et
1139 1630 1204 1682 ad
1254 1624 1587 1694 psalterium,
1639 1619 1802 1689 psalle

237 1715 452 1792 Domino
502 1737 553 1788 in
606 1730 854 1800 psalterio
907 1727 1089 1779 decent
1143 1719 1476 1776 chordarum.
1534 1715 1800 1780 Praecepta

232 1839 362 1888 enim
399 1831 533 1900 It'gis
583 1827 766 1881 decem
808 1829 928 1875 sunt
962 1838 973 1872 :
1007 1819 1057 1871 in
1103 1815 1285 1869 decem
1333 1808 1609 1879 pra-ceptis
1647 1804 1804 1871 Legis

236 1927 388 1979 habes
420 1897 749 1990 psalterium.
782 1911 1014 1968 Perfecta
1045 1922 1130 1961 res
1150 1914 1248 1959 est.
1278 1902 1449 1956 I'Iabes
1474 1899 1542 1952 ibi
1567 1897 1805 1952 dilectio-

237 2032 348 2069 nem
380 2013 477 2067 Dei
506 2013 557 2064 in
592 2009 786 2068 tribus,
817 2013 867 2058 et
895 1999 1226 2055 dilectionem
1257 1992 1477 2064 proximi
1502 1991 1551 2043 in
1578 2000 1801 2057 septem.

238 2112 293 2162 lit
325 2108 508 2174 utique
542 2101 674 2154 nosti
701 2141 714 2159 ,
749 2095 968 2150 Domino
999 2091 1205 2144 dicente
1227 2127 1240 2148 ,
1269 2085 1389 2154 quia
1426 2083 1476 2134 in
1503 2080 1580 2133 his
1612 2077 1806 2131 duobus

237 2199 616 2268 prwreptistota
647 2191 748 2244 Lex
777 2187 952 2257 pendet
995 2193 1042 2237 et
1081 2180 1349 2250 PrOphetae
1394 2175 1614 2246 (Matth.
1660 2186 1802 2235 xx",

237 2262 355 2358 i0).
396 2262 542 2343 Dicit
585 2285 676 2338 tibi
727 2282 865 2335 Deus
897 2276 1156 2343 desuper,
1217 2269 1349 2358 quia
1384 2265 1628 2358 Dominus
1674 2262 1807 2358 Deus

237 2352 373 2443 tntis,
411 2381 547 2433 Deus
575 2391 701 2429 unus
727 2381 798 2425 est
825 2387 842 2424 :
869 2368 1030 2422 habes
1056 2378 1212 2419 unam
1233 2352 1505 2416 chordam.
1538 2354 1657 2409 Non
1677 2353 1812 2406 acri-

239 2480 341 2545 pias
368 2477 417 2526 in
448 2486 628 2524 vanum
665 2480 845 2518 nomen
879 2459 1078 2513 Domini
1117 2454 1212 2509 Dei
1253 2455 1325 2507 tui
1354 2468 1372 2506 :
1397 2451 1560 2505 babes
1588 2448 1807 2502 alteram

239 2540 515 2617 thtmtInltt.
550 2559 766 2611 Observa
796 2553 926 2605 diem
956 2547 1180 2610 sabbati,
1227 2559 1330 2596 non
1358 2540 1670 2601 carnaliter,
1704 2551 1808 2591 non

239 2661 459 2728 jndnicis
499 2652 736 2715 deliciis,
781 2647 869 2717 qtti
914 2643 1020 2697 otio
1067 2640 1351 2694 abutuntur
1390 2635 1455 2689 ad
1499 2631 1808 2702 nequitiam.

243 2723 420 2806 ili-lius
449 2747 593 2801 enim
626 2743 805 2809 utique
837 2747 941 2790 tota
969 2734 1055 2788 die
1084 2731 1322 2786 fode‘rent
1349 2771 1364 2794 ,
1400 2740 1556 2797 quam
1591 2732 1698 2778 tota
1727 2723 1813 2776 die

244 2844 518 2896 saltarent.
550 2834 652 2888 Sed
681 2841 735 2898 tu
761 2827 999 2898 cogitans
1018 2821 1256 2891 requiem
1283 2819 1335 2872 in
1364 2818 1475 2872 Deo
1498 2827 1589 2869 tuo
1616 2823 1668 2868 et
1696 2829 1816 2881 pro-

244 2913 556 3004 pm“
588 2896 1031 2991 requiemﬁomnia
1059 2913 1255 2966 faciens
1274 2951 1288 2974 ,
1319 2909 1525 2962 abstine
1561 2905 1627 2959 ab
1654 2916 1817 2972 opere

246 3001 444 3078 si-ri-ili.
489 3015 676 3073 Omnis
725 3009 864 3064 enim
891 3006 976 3076 qui
1005 3003 1127 3058 facit
1155 3009 1426 3071 peccatum
1452 3037 1467 3062 ,
1519 3008 1708 3049 servus
1736 3001 1819 3047 est

249 3109 644 3186 peccati(Joan.
687 3101 1044 3169 vtn,5i):et
1090 3094 1286 3150 utinam
1328 3088 1590 3151 hominis,
1634 3096 1815 3140 etnon

252 3177 444 3274 peccati
470 3204 483 3255 l
517 3199 641 3254 Ilaec
670 3196 766 3249 tria
797 3191 1061 3262 pertinent
1088 3184 1153 3239 ad
1199 3181 1533 3238 dilectionem
1570 3177 1658 3232 Dei
1672 3216 1692 3242 -,
1722 3191 1818 3231 cu-

247 3269 328 3367 jus
354 3296 526 3362 cogita
547 3289 819 3348 unitatem,
838 3281 1110 3335 veritatem
1127 3284 1180 3330 et
1191 3273 1556 3344 voluptatem”.
1575 3269 1818 3324 Estenim

249 3360 486 3459 quaedam
519 3381 760 3447 voluptas
808 3375 857 3428 in
889 3370 1108 3426 Domino
1128 3409 1142 3433 ,
1171 3365 1258 3421 ubi
1315 3379 1494 3417 verum
1520 3360 1817 3422 sabbatum,

254 3451 373 3534 vera
405 3475 640 3543 requies.
671 3467 820 3524 Unde
849 3464 1072 3518 dicitur:
1106 3457 1369 3512 Delectare
1405 3454 1458 3507 in
1489 3451 1734 3515 Domino,
1777 3457 1822 3501 et

252 3574 382 3626 dabit
415 3541 501 3623 tibi
545 3563 802 3634 petitiones
827 3557 992 3610 cordis
1020 3552 1093 3605 tui
1121 3547 1304 3621 (Psal.
1333 3561 1494 3601 mm
1519 3587 1533 3609 ,
1565 3544 1596 3598 4
1615 3542 1656 3614 ).
1695 3541 1824 3634 Quis

253 3667 387 3720 enim
417 3663 494 3715 sic
523 3632 786 3716 delectat,
816 3662 973 3718 quam
1005 3645 1090 3698 ille
1115 3642 1202 3712 qui
1233 3639 1358 3694 fecit
1385 3638 1560 3692 omnia
1593 3649 1709 3704 qum
1737 3632 1824 3686 de-

256 3754 484 3812 lectant?
512 3752 565 3806 In
599 3748 680 3801 bis
723 3744 889 3798 tribus
933 3738 1162 3793 Charitas
1199 3734 1324 3798 Dei,
1365 3732 1416 3786 iit
1462 3737 1662 3798 septem
1707 3726 1825 3778 aliis

254 3850 481 3902 charitas
511 3837 774 3911 proximi,
824 3849 889 3887 ne
921 3829 1078 3882 facias
1119 3826 1206 3878 alii
1241 3821 1382 3892 quod
1430 3819 1532 3890 pati
1577 3833 1679 3871 ttOn
1726 3819 1822 3868 vis.

265 3941 486 3993 Honores
515 3909 712 4003 patrem
733 3937 778 3981 et
800 3933 1009 3978 matrem
1031 3919 1184 3988 :qnia
1206 3922 1284 3970 vis
1305 3922 1355 3968 te
1378 3913 1620 3966 honorari
1651 3928 1675 3960 a
1708 3909 1828 3962 filiis

260 4036 379 4087 tuis.
414 4027 538 4084 Non
559 4019 818 4078 ntwcheris
848 4033 866 4070 :
891 4015 1011 4085 quia
1044 4025 1140 4064 nec
1166 4005 1416 4063 mmehari
1446 4018 1660 4056 uxorem
1689 4009 1825 4052 tuam

260 4134 373 4194 pusl
417 4133 470 4174 te
509 4119 609 4171 vis.
659 4111 779 4166 Non
831 4101 1200 4170 occidas:qnia
1245 4106 1299 4151 et
1349 4093 1516 4148 occidi
1566 4107 1669 4145 non
1727 4091 1824 4141 vis.

263 4179 377 4270 :Von
429 4204 798 4282 [ureris:quia
854 4200 1046 4251 furtum
1101 4190 1203 4260 pati
1258 4202 1362 4240 non
1413 4185 1514 4237 vis.
1573 4180 1692 4270 Non
1731 4179 1832 4248 fal-

260 4325 367 4359 sum
411 4272 748 4355 testimonium
795 4291 933 4344 dicas
958 4283 1114 4354 :qnia
1145 4278 1300 4333 odisti
1329 4275 1606 4330 adversum
1653 4282 1702 4326 te
1737 4272 1828 4324 fal-

259 4415 374 4450 sum
407 4387 764 4448 testimonium
795 4382 1079 4436 dicentem.
1117 4372 1233 4425 Non
1262 4368 1585 4437 concupiscas
1629 4380 1832 4418 uxorem

264 4486 476 4559 proximi
499 4483 572 4536 tui
603 4496 620 4533 :
652 4477 771 4548 quia
798 4483 850 4526 et
880 4483 1019 4525 tuam
1053 4482 1155 4520 non
1179 4464 1256 4516 vis
1285 4462 1352 4516 ab
1380 4460 1483 4518 alio
1509 4457 1830 4526 concupisci.

269 4551 384 4635 λ’οη
410 4574 736 4644 ronrupiscas
765 4583 868 4621 rem
897 4563 1120 4632 aliquam
1151 4555 1367 4627 proximi
1394 4554 1504 4623 tui(
1530 4551 1698 4605 Exod.
1729 4566 1829 4614 xx,

267 4675 422 4736 t-l'i;
459 4641 611 4722 Deut.
640 4679 671 4717 v
692 4703 706 4729 ,
739 4657 857 4714 6-9!
882 4658 900 4728 )
928 4653 1083 4724 :qnia
1111 4651 1152 4703 si
1181 4648 1299 4718 quis
1325 4655 1466 4699 tuam
1490 4641 1831 4709 concupiscit,

263 4729 505 4833 displicet
541 4758 652 4812 tibi.
681 4755 941 4808 Converte
966 4757 1017 4801 et
1045 4745 1096 4797 in
1129 4752 1177 4796 te
1209 4741 1436 4806 linguam
1455 4775 1470 4799 ,
1500 4732 1709 4833 quando
1743 4729 1834 4783 tibi

262 4821 507 4923 displicet
530 4848 618 4918 qui
638 4845 727 4898 tibi
748 4850 916 4895 uoci-t.
941 4836 1063 4890 Ilaec
1084 4830 1257 4884 omnia
1285 4834 1542 4894 pr:eecpta
1573 4821 1831 4923 Deimsunt,

264 4910 526 5015 sapientia
550 4910 782 4992 donante
808 4931 925 4984 data
965 4933 1121 4988 sunt,
1153 4920 1381 4986 desuper
1405 4920 1612 4968 sonant.
1660 4910 1836 4974 Tange

265 5091 378 5187 bon
427 5127 570 5181 venit
603 5091 848 5178 solvere,
892 5112 983 5168 sed
1030 5107 1316 5174 adimplere
1348 5097 1572 5172 (Matth.
1624 5111 1676 5159 v,
1717 5091 1834 5187 Π)Ἰ

264 5223 524 5290 Ιιιιι-ιιεὶήε
549 5217 690 5273 enim
717 5223 896 5266 amore
915 5249 928 5271 ,
957 5201 1094 5274 quod
1133 5200 1322 5254 timore
1353 5209 1454 5290 non
1483 5184 1839 5290 poteras."Qui

262 5277 416 5374 enim
450 5307 682 5366 timendo
718 5318 820 5356 non
854 5296 972 5351 facit
1000 5292 1135 5346 male
1155 5331 1168 5350 ,
1198 5285 1380 5341 mallet
1407 5282 1577 5336 facere
1597 5321 1610 5345 ,
1643 5278 1684 5332 si
1714 5277 1839 5330 lice-

406 5407 580 5471 Itaque
608 5397 708 5452 etsi
731 5391 949 5446 facultas
976 5400 1076 5437 non
1104 5381 1277 5439 datur,
1309 5374 1552 5428 voluntas
1570 5369 1590 5400 ³
1616 5376 1838 5422 tenetur.

264 5461 390 5558 iVun
420 5461 575 5556 facio,
606 5485 792 5556 inquit.
823 5474 1032 5546 Quare?
1059 5471 1188 5539 Quia
1216 5468 1396 5520 timeo.
1426 5461 1668 5517 Nondum
1699 5470 1843 5510 amas

341 5637 355 5666 ’
383 5639 490 5679 Mss.
515 5634 629 5686 Reg.
653 5626 707 5686 ct
728 5615 1022 5686 νειιίεῖη-ργίιῖΔ
1037 5598 1222 5686 aggeris

339 5657 360 5726 ;
1003 5677 1056 5717 At
1079 5663 1212 5721 F.dd.,
1235 5667 1278 5711 et
1299 5657 1594 5708 voluntatem.
1620 5660 1847 5714 Montte,

1277 315 1661 376 ENAIiRA'I'IO
1699 315 1762 370 IN
1804 313 2118 369 PS.-\I.;\IU.\I
2161 315 2368 371 XXXII.
2453 326 2461 338 ··

3359 304 3463 361 2x9,

1899 430 2155 498 justitiam
2226 431 2391 498 adhuc
2427 444 2608 486 servus
2642 447 2700 488 es
2729 451 2741 486 :
2770 441 2885 488 esto
2917 432 3072 487 Illius.
3103 431 3206 488 Sed
3235 450 3297 487 ex
3327 440 3464 489 bono

1902 539 2056 577 servo
2087 525 2137 578 fit
2185 526 2354 578 bonus
2394 524 2547 578 filius.
2595 524 2805 578 Interim
2837 524 3070 579 timendo
3116 525 3219 578 noli
3255 526 3462 590 facere,

1903 614 2074 669 disces
2099 625 2151 668 et
2180 615 2405 667 amando
2434 630 2537 667 non
2571 616 2759 668 facere.
2791 614 2884 668 Est
2911 615 3051 669 enim
3082 616 3320 684 quaedam
3350 619 3465 687 pal-

1901 705 2404 774 cltritudojnstitite.
2455 706 2609 760 Poena
2641 716 2690 760 te
2731 707 3014 762 deterreat.
3061 707 3224 762 Habet
3267 709 3464 778 justitia

1903 797 2122 851 formam
2145 813 2291 850 suam
2309 841 2321 859 ,
2347 799 2529 853 oculos
2551 799 2765 868 quaerit,
2789 801 3304 856 accenditamatores
3323 818 3464 858 suos.

1905 888 2005 941 I’ro
2037 887 2133 941 hac
2159 888 2412 959 Martyres
2452 889 2699 943 smeulum
2745 891 3038 956 calcantes,
3062 895 3368 963 sanguinem
3397 897 3470 947 fn-

1905 979 2114 1031 derunt.
2144 978 2277 1044 Quid
2318 980 2592 1046 amabant,
2621 982 2829 1049 quando
2855 983 2968 1038 istis
2997 985 3241 1038 omnibus
3268 1003 3468 1038 renun-

1906 1070 2141 1122 tiabant?
2175 1069 2304 1122 Num
2333 1070 2471 1123 enim
2515 1071 2586 1124 illi
2617 1088 2719 1125 non
2744 1083 2896 1127 erant
2920 1078 3221 1130 amatores?
3249 1086 3338 1130 aut
3371 1078 3467 1128 hou-

1903 1161 2054 1214 vobis
2079 1161 2323 1224 dicimus,
2345 1172 2402 1215 ut
2429 1178 2532 1216 non
2563 1164 2790 1216 ametis?
2819 1165 2914 1230 Qtti
2946 1181 3049 1220 non
3081 1178 3240 1228 amat,
3271 1167 3468 1237 frignit.

1904 1253 2150 1324 obriguit.
2196 1255 2450 1322 Amctur,
2499 1255 2591 1308 sed
2631 1243 3093 1326 illa'pnlchritudo
3133 1277 3251 1327 qua:
3294 1263 3469 1316 cordis

1904 1346 2084 1400 oculos
2112 1347 2317 1414 qumrit.
2349 1348 2595 1409 Ametur,
2625 1347 2713 1401 sed
2743 1349 2825 1402 illa
2859 1349 3189 1419 pulchritudo
3219 1368 3334 1421 (μιίο
3358 1355 3468 1407 lan-

1903 1435 2021 1490 data
2048 1437 2244 1504 justitia
2287 1437 2520 1492 incendit
2546 1439 2770 1493 animos.
2803 1440 3058 1496 Promunt
3086 1445 3277 1512 verba,
3302 1447 3466 1502 edunt

1905 1546 2095 1592 voces,
2127 1531 2355 1598 nudique
2402 1531 2614 1592 dicunt,
2662 1535 2836 1596 Bene,
2879 1533 3103 1605 Optime.
3142 1537 3277 1605 Quid
3323 1541 3465 1594 vide-

1908 1624 2066 1676 runt?
2093 1623 2352 1677 Justitiam
2384 1623 2645 1687 viderunt,
2679 1627 2726 1678 in
2755 1643 2854 1696 qua
2881 1627 2896 1659 ί
2922 1628 3140 1696 pulcher
3174 1640 3254 1684 est
3280 1647 3472 1687 curvus

1906 1731 2087 1770 senex.
2115 1716 2226 1770 Non
2249 1717 2389 1771 enim
2411 1718 2452 1771 si
2486 1718 2729 1786 procedat
2757 1735 2916 1775 senex
2939 1720 3141 1790 justus,
3169 1732 3250 1777 est
3275 1723 3468 1793 aliquid

1908 1807 1958 1861 iu
1988 1807 2102 1876 ejus
2141 1822 2362 1877 corpore
2402 1808 2541 1877 quod
2584 1820 2788 1863 ametur
2813 1853 2827 1876 ,
2861 1821 2913 1864 et
2955 1821 3128 1868 tamen
3159 1825 3363 1868 amatur
3396 1817 3470 1868 ab

1906 1903 2167 1959 omnibus.
2199 1902 2271 1959 Ibi
2303 1912 2526 1969 amatur,
2558 1904 2645 1958 tibi
2690 1920 2790 1957 non
2822 1905 3067 1974 videtur;
3097 1908 3202 1963 imo
3231 1909 3299 1963 ibi
3329 1924 3467 1962 ama-

1909 2005 2025 2063 tur,
2060 1997 2146 2051 ubi
2173 1996 2332 2052 corde
2363 1997 2588 2052 videtur.
2638 1998 2871 2052 Deleetet
2903 2015 2997 2055 vos
3023 2016 3182 2071 ergo,
3215 2011 3268 2055 ct
3293 2014 3473 2072 mgate

1911 2089 2184 2144 Dominum
2203 2096 2259 2143 ut
2276 2089 2518 2145 delectet.
2543 2089 2794 2145 Dominus
2809 2091 2946 2145 enim
2971 2091 3117 2147 dabit
3140 2093 3472 2156 suavitatem,

1910 2199 1962 2240 et
1991 2195 2129 2246 terra
2174 2196 2352 2242 nostra
2391 2187 2537 2242 dabit
2577 2187 2800 2242 fructum
2842 2202 2994 2242 suum
3035 2172 3218 2258 ('Psal.
3250 2203 3472 2245 Luxiv.

1913 2275 2014 2347 15)
2049 2294 2061 2330 :
2094 2286 2150 2330 tit
2180 2292 2274 2346 per
2297 2277 2607 2333 cbaritatem
2639 2278 2899 2348 impleatis
2927 2278 3065 2349 quod
3101 2294 3197 2349 per
3235 2279 3474 2332 timorem

1912 2367 2132 2438 implere
2170 2366 2381 2424 difficile
2425 2377 2524 2424 est.
2567 2368 2702 2438 Qttid
2749 2369 2868 2424 dico
2892 2371 2913 2402 ¹
2941 2370 3158 2425 difficile
3205 2371 3327 2425 est?
3364 2369 3476 2424 Non

1914 2470 2087 2530 potest
2115 2461 2286 2516 adhuc
2309 2462 2517 2516 animus
2548 2479 2560 2516 :
2593 2463 2775 2516 mallet
2801 2478 2902 2516 non
2930 2478 3050 2518 esse
3075 2463 3214 2533 quod
3245 2464 3480 2533 praecipio

1916 2561 2001 2605 tur
2022 2593 2035 2614 ,
2067 2553 2111 2607 si
2141 2552 2206 2606 ad
2235 2552 2528 2606 faciendum
2560 2569 2741 2630 amore
2767 2567 2868 2607 non
2900 2553 3141 2619 ducitur,
3171 2554 3263 2608 sed
3291 2555 3479 2609 timore

1915 2651 2228 2696 coarctatur.
2250 2642 2364 2697 Noli
2393 2641 2585 2696 furtum
2612 2643 2802 2706 facere,
2823 2644 2947 2698 time
2972 2643 3244 2713 gehennas
3267 2663 3279 2696 :
3302 2645 3482 2700 mallet
3520 2698 3528 2716 ι

1919 2749 2024 2786 non
2055 2749 2172 2787 esse
2191 2733 2492 2802 gehennas,
2523 2734 2572 2787 in
2601 2750 2731 2801 quas
2758 2734 3072 2789 mitteretur.
3105 2734 3325 2800 Quando
3355 2735 3483 2788 inci-
3529 2719 3531 2722 ’

1921 2823 1995 2893 pit
2046 2831 2221 2878 amare
2257 2823 2548 2893 justitiam,
2582 2824 2680 2878 nisi
2725 2823 2935 2893 quando
2978 2823 3158 2880 mallet
3203 2823 3338 2879 furta
3379 2839 3483 2879 non

1919 2927 2040 2968 esse
2060 2955 2075 2980 ,
2100 2913 2198 2968 etsi
2227 2914 2483 2984 gehennae
2525 2929 2629 2968 non
2655 2924 2866 2977 essent,
2895 2914 2947 2968 in
2975 2927 3108 2984 quas
3135 2913 3281 2970 fures
3314 2915 3477 2971 mitte

1920 3016 2104 3062 rentur
2125 3006 2148 3058 ‘I
2177 3005 2287 3060 lloc
2307 3016 2388 3060 est
2414 3021 2594 3060 amare
2609 3007 2886 3073 justitiam.

1992 3099 2043 3153 7.
2089 3099 2153 3152 Et
2195 3099 2304 3168 ipsa
2350 3098 2547 3167 justitia
2576 3099 2745 3169 qualis
2769 3100 2890 3153 est?
2929 3097 3048 3171 quis
3086 3098 3230 3154 illam
3275 3100 3488 3170 pingit?

1922 3191 2190 3263 Sapientia
2222 3192 2311 3248 Dei
2339 3190 2495 3263 quam
2523 3191 2961 3262 pulchritudinem
2989 3191 3188 3248 habet?
3215 3191 3318 3248 Per
3345 3193 3488 3248 illam

1923 3283 2138 3354 pulchra
2162 3295 2284 3338 sunt
2304 3285 2498 3348 omnia,
2534 3298 2651 3353 quas
2680 3283 2848 3338 oculis
2875 3283 3120 3353 placent:
3151 3283 3200 3338 ci
3228 3282 3488 3350 videndae,

1923 3375 2357 3446 complectendus,
2376 3374 2535 3429 corda
2559 3374 2852 3428 mandanda
2879 3381 3021 3428 sunt.
3051 3373 3215 3444 Hujus
3231 3388 3326 3428 nos
3345 3389 3491 3428 ama-

1926 3475 2068 3523 tores
2099 3466 2405 3538 profitemur
2433 3484 2446 3520 :
2477 3468 2588 3538 ipsa
2627 3482 2724 3520 nos
2761 3466 3057 3535 componit,
3078 3474 3137 3520 ut
3159 3466 3206 3521 ei
3247 3481 3351 3519 non
3381 3466 3490 3520 dis-

1926 3561 2233 3630 pliceamus.
2291 3559 2356 3614 Et
2383 3558 2594 3628 quando
2622 3573 2719 3613 nos
2747 3557 3144 3627 reprehendunt
3169 3558 3411 3611 homines
3440 3559 3490 3611 in

1929 3654 2011 3708 bis
2039 3650 2231 3717 rebus,
2273 3652 2323 3705 in
2353 3651 2542 3721 quibus
2583 3650 2631 3706 ei
2675 3665 2832 3719 quam
2877 3649 3142 3718 diligimus
3191 3649 3490 3717 placemus,

1928 3745 2193 3815 quomodo
2211 3742 2359 3812 parvi
2384 3740 2636 3795 habemus
2656 3738 3070 3809 reprehensores
3096 3749 3327 3803 nostros,
3357 3755 3492 3808 quo-

1930 3835 2087 3890 modo
2108 3834 2226 3889 illos
2241 3833 2628 3886 contemnimus
2646 3838 2700 3884 et
2722 3830 2939 3884 omnino
2965 3828 3109 3882 nihili
3128 3827 3405 3896 pendimus
3427 3829 3446 3859 ³
3473 3831 3494 3881 ?

1932 3933 2210 3982 Amatores
2241 3924 2426 3979 lubrici
2473 3929 2521 3978 et
2550 3921 2876 3977 danmabiles
2907 3919 3218 3977 feminarum
3239 3962 3253 3986 ,
3285 3921 3496 3990 quando

1932 4031 2118 4076 amata:
2163 4021 2395 4090 ipsorum
2437 4025 2760 4084 componunt
2811 4014 2929 4069 illos
2977 4013 3265 4068 secundum
3316 4014 3495 4066 oculos

1933 4128 2057 4167 suos
2080 4153 2094 4174 ,
2127 4112 2170 4166 si
2203 4110 2328 4178 ipsis
2358 4108 2632 4177 placeant,
2662 4119 2762 4157 non
2791 4113 2990 4158 cnrant-
3019 4117 3112 4158 eos
3154 4102 3344 4172 quibus
3384 4103 3496 4158 dis-

1937 4207 2164 4276 plicent,
2211 4210 2456 4271 putantes
2505 4197 2603 4252 sibi
2642 4195 3065 4266 snflicere'quod
3111 4210 3293 4250 earum
3332 4196 3498 4249 oculis

1937 4303 2159 4370 placent,
2179 4295 2243 4349 ad
2264 4308 2392 4364 quas
2407 4291 2652 4346 affectant
2680 4309 2692 4344 :
2714 4297 2766 4349 et
2788 4289 3098 4358 plerumque
3115 4287 3363 4356 gravibus
3389 4285 3497 4340 dis-

1937 4395 2129 4464 plicent
2153 4430 2166 4454 ,
2198 4389 2302 4441 into
2349 4398 2560 4451 semper
2586 4381 2834 4452 gravibus
2856 4379 3168 4449 displicent,
3196 4389 3249 4432 ct
3277 4376 3499 4431 meliore

1932 4484 2130 4554 judicio
2153 4475 2625 4547 reprehenduntur.
2656 4473 2769 4527 Non
2797 4472 2932 4526 bene
2959 4481 3140 4524 tonsus
3164 4485 3243 4533 es,
3270 4468 3395 4522 dicit
3423 4468 3502 4522 vir

1937 4577 2109 4650 gravis
2133 4573 2329 4628 lascivo
2355 4568 2679 4626 adolescenti
2703 4608 2716 4629 ,
2751 4580 2855 4619 non
2893 4573 2943 4618 te
2987 4562 3138 4616 decet
3163 4577 3282 4614 cum
3313 4561 3501 4616 talibus

1937 4669 2192 4728 cincinnis
2220 4665 2482 4721 incedere.
2513 4661 2669 4716 Novit
2693 4666 2868 4712 aut-em
2892 4655 2981 4708 ille
3000 4652 3218 4722 capillos
3248 4652 3369 4707 illos
3396 4653 3504 4720 pla-

1937 4778 2059 4818 cere
2085 4758 2261 4814 nescio
2289 4757 2370 4811 cui
2397 4771 2408 4808 :
2433 4749 2546 4807 odit
2563 4761 2616 4805 te
2643 4745 3116 4818 reprehendentem
3136 4758 3262 4798 vero
3280 4742 3500 4813 judicio,

1939 4864 1991 4908 ct
2024 4860 2197 4907 servat
2225 4849 2274 4902 in
2305 4861 2364 4900 se
2388 4843 2528 4914 quod
2560 4842 2730 4910 placet
2755 4847 3008 4906 perverso
3047 4833 3286 4888 consilio.
3322 4833 3503 4888 Inimi-

1902 4971 1916 4982 ..
1956 4963 2056 4982 mm
2087 4954 2136 4982 In
2174 4951 2337 4982 mimi,
2374 4937 2493 4982 nnia
2524 4933 2900 4982 turpitudinem
2922 4928 3084 4982 demi-"-
3107 4924 3161 4980 ⁵.
3194 4927 3344 4982 Fuait
3375 4942 3406 4978 tt

267 4943 526 5015 sapientia
552 4939 782 4992 donante
808 4931 925 4984 data
965 4933 1121 4988 sunt.
1153 4927 1381 4986 desuper
1405 4927 1612 5018 .S‘mam'
1671 4927 1836 4974 “me
1880 4971 1921 5014 ,5.
1942 4963 2058 5001 eum
2087 4954 2136 4998 te
2174 4951 2341 5012 putat,
2374 4937 2496 5007 quia
2524 4933 2900 5002 turpitudinem
2922 4928 3084 4982 demis
3107 4927 3161 4980 δ.
3194 4927 3344 4998 Fugit
3375 4942 3474 4980 ocn

267 5037 576 5111 psalterium
599 5072 613 5093 ,
643 5026 799 5095 imple
825 5024 1052 5091 Legem,
1084 5028 1238 5084 quam
1273 5007 1691 5111 Dotn‘tpns‘Deus
1717 5013 1838 5111 tutis
1883 5015 1911 5041 ιε
1941 5039 2020 5093 los
2047 5046 2166 5090 tuos
2186 5075 2199 5096 ν
2228 5040 2280 5085 cl
2306 5027 2522 5085 omnino
2546 5040 2648 5077 non
2677 5029 2955 5089 summm
2984 5018 3160 5089 regula
3179 5019 3395 5089 insnum
3426 5035 3474 5072 re

1941 5039 2020 5093 los
2047 5046 2166 5090 tuos
2186 5075 2199 5096 ,
2228 5040 2280 5085 ct
2306 5027 2522 5085 omnino
2546 5040 2648 5077 non
2677 5029 2955 5089 curatth
2984 5018 3160 5089 regula
3179 5019 3395 5089 justitia:
3426 5035 3503 5072 re.

1943 5125 2318 5200 prehendatur.
2341 5120 2396 5176 Si
2421 5132 2546 5186 ergo
2565 5113 2638 5169 illi
2655 5127 2766 5168 rnon
2783 5119 2969 5166 curant
2990 5108 3399 5181 reprehensores
3422 5125 3507 5163 νο-

2009 5271 2023 5301 ι
2048 5264 2120 5315 sic
2136 5259 2356 5326 plerique
2377 5266 2432 5304 ac
2437 5248 2799 5326 melior-isititate;
2808 5253 2913 5326 ligas.
2933 5245 3043 5326 edd:
3059 5241 3392 5326 verplsed-ibta
3412 5243 3510 5326 Birt.

1945 5305 2306 5384 ειυυῑὶὶὶῖιὸᾟτὶῶ
2333 5305 2573 5384 laudat!"-
2607 5308 2800 5384 Wi‘it'
2833 5305 3510 5384 ίηεεηίίέιμίαηίῑέτρὶίὶυὲτέεζίί¹

1944 5368 2379 5450 Eicéisi’pr’éiiium.
2395 5375 2560 5450 verba
2577 5370 2729 5450 esset
2741 5368 3475 5450 ξυξςίετέίνξαξέῐιιε,ίέἐξῖέπέ,ι
3485 5383 3508 5419 '-

1945 5426 2133 5520 Ziiiii'e'i
2155 5426 2560 5512 auidhiiderwtt?
2594 5443 2647 5483 In
2667 5447 2759 5496 quo
2779 5426 3068 5502 pulcheres't
3091 5441 3259 5480 currus
3280 5439 3425 5478 senex
3441 5426 3466 5474 1’

2008 5519 2029 5548 ³
2051 5512 2178 5561 Edd.:
2200 5505 2327 5561 Quod
2341 5504 2464 5554 dico.
2501 5511 2602 5550 Mss.
2627 5510 2770 5546 vero:
2793 5495 2914 5561 Quid
2938 5493 3046 5561 dico
3064 5491 3101 5561 ἒ).
3389 5551 3400 5561 ⁸

2011 5519 2029 5548 ³
2051 5519 2178 5561 Edd.:
2200 5519 2326 5569 (mea
2341 5519 2464 5554 arca.
2501 5519 2602 5550 mss.
2629 5519 2770 5546 veru.
2793 5519 2912 5554 ναια
2938 5519 3046 5563 υιμι
3064 5529 3074 5540 .

2011 5579 2030 5610 ³
2054 5583 2116 5624 tta
2136 5575 2180 5622 in
2193 5579 2296 5620 atss.
2317 5574 2368 5615 At
2392 5567 2437 5614 in
2461 5564 2590 5619 add,
2607 5556 3005 5624 quantodopravz
3022 5553 3248 5620 Itubcontr
3271 5551 3400 5624 apud
3431 5562 3510 5624 tr-

1948 5617 2485 5704 prehewnsdties‘nostros,
2507 5617 2738 5688 quomodo
2759 5618 2820 5670 ab
2842 5617 2938 5667 illis
2970 5617 3328 5670 couwnmimur,
3352 5617 3394 5660 et
3417 5623 3509 5658 0m-

1949 5689 2527 5758 iu'aonihitipendimus-,
2607 5745 2616 5754 ,
2734 5742 2869 5758 ημ,
2919 5737 3076 5758 μη..

2011 5737 2484 5813 ίαιίδδῖίδὲίᾟίϋσὶῑ.
2508 5745 2684 5810 Βοηῐεη
2721 5742 2890 5799 (Mes,
2911 5737 3121 5788 danmas.
