3972 6198
236 373 338 442 (185

239 505 381 548 retur
411 490 574 552 enim,
605 487 905 548 considerat
940 483 1218 554 imaginem
1264 498 1433 545 suam,
1472 480 1802 551 fragilitatem

241 595 494 645 nostram,
540 594 777 634 errorem
822 587 1090 641 nostrum,
1131 574 1421 630 cazcitatem
1468 583 1720 637 nostram,
1753 579 1808 625 et

239 685 388 727 vocat
413 692 425 726 :
451 683 504 726 et
534 672 803 726 conversis
832 668 894 720 ad
924 683 981 722 se
1007 667 1166 720 donat
1196 677 1428 734 peccata,
1459 680 1561 717 non
1588 678 1807 717 conver-

238 772 308 822 sis
347 785 450 820 non
493 768 671 817 donat.
701 761 996 815 Misericors
1025 769 1104 814 est
1142 758 1383 827 injustis?
1408 755 1669 824 Numquid
1701 764 1754 808 et
1788 755 1804 784 ¹

233 861 484 931 judicium
515 856 710 919 amisit,
733 866 816 906 aut
842 868 943 906 non
967 851 1144 921 debuit
1168 850 1402 917 judicare
1431 849 1567 902 inter
1588 862 1808 901 conver-

236 970 322 1008 sos
371 963 424 1004 et
467 966 572 1001 ιιυιι
609 943 942 1000 eonverSOs?
972 945 1050 996 An
1080 942 1228 993 vobis
1265 941 1462 1007 justum
1496 938 1718 1000 videtur,
1754 945 1808 989 ut

234 1057 526 1100 Conversus
555 1047 610 1092 et
640 1051 745 1090 non
773 1048 1056 1089 conversus
1087 1031 1359 1100 a-qualiter
1391 1030 1716 1089 habeantur;
1751 1036 1807 1079 ut

235 1153 298 1189 eo
328 1132 488 1186 modo
519 1129 833 1194 suscipiatur
861 1124 1119 1178 conﬁtens
1139 1130 1192 1173 et
1217 1122 1492 1182 mentiens,
1519 1118 1728 1171 humilis
1755 1127 1808 1172 et

235 1222 531 1294 superbus?
562 1221 698 1288 Ergo
729 1217 882 1270 habet
911 1223 964 1267 et
997 1212 1247 1282 judicium
1281 1213 1330 1264 in
1363 1217 1470 1279 ipsa
1503 1211 1802 1263 miscricor-

235 1318 339 1372 dia.
366 1317 569 1367 Rursus
605 1313 656 1365 in
690 1303 778 1363 illo
801 1308 998 1378 judicio
1030 1305 1244 1359 habebit
1279 1314 1332 1357 et
1368 1304 1801 1367 miseriCordiam,

237 1411 284 1463 in
311 1425 402 1462 eos
431 1406 612 1473 utique,
644 1403 832 1471 quibus
865 1400 1099 1452 dicturus
1127 1407 1204 1450 est
1235 1414 1247 1448 :
1279 1395 1499 1461 Esurivi,
1530 1405 1575 1447 et
1601 1394 1805 1447 dedistis

235 1503 350 1553 mihi
381 1495 727 1562 manducare(
759 1492 940 1546 Matth.
967 1505 1089 1556 xxv,
1119 1488 1186 1543 55
1287 1488 1490 1540 Etenim
1518 1485 1710 1540 dicitur
1751 1487 1803 1538 in

237 1594 454 1663 quadam
486 1589 718 1657 Epistola
750 1585 1034 1653 apostolica
1059 1600 1072 1636 :
1095 1580 1350 1634 Judicium
1395 1579 1523 1632 enim
1569 1579 1675 1630 sine
1718 1577 1806 1628 mi-

238 1681 503 1737 sericordia
539 1679 614 1731 illi
657 1677 738 1739 qui
779 1692 878 1728 non
921 1674 1038 1744 fecit
1081 1671 1471 1724 misericordiam
1503 1668 1718 1738 (Jacobi
1745 1684 1801 1732 tt,

239 1773 354 1842 15).
382 1769 546 1831 Beati,
581 1767 762 1836 inquit,
795 1765 1154 1828 misericordes,
1185 1761 1417 1830 quoniam
1455 1761 1675 1830 ipsorum
1705 1759 1802 1812 mi-

147 1921 152 1925 ,
234 1863 468 1917 serebitm'
493 1858 699 1926 (Matth.
730 1873 780 1918 v,
809 1855 886 1923 7).
917 1855 1053 1923 Ergo
1080 1853 1132 1906 in
1164 1852 1254 1905 illo
1279 1851 1478 1918 judicio
1505 1849 1605 1904 erit
1630 1859 1680 1902 et
1709 1850 1805 1901 mi-

237 1951 545 2016 sericordia,
565 1947 656 2002 sed
681 1963 784 2001 non
805 1947 919 2010 sine
934 1945 1151 2014 judicio.
1175 1940 1229 1996 Si
1252 1943 1390 1996 enim
1414 1955 1516 1994 non
1546 1941 1596 1993 in
1623 1954 1804 2008 quent-

236 2045 374 2108 liln-t,
419 2043 514 2097 sed
564 2041 614 2093 in
656 2053 774 2093 eum
821 2037 920 2092 erit
968 2034 1350 2098 misericordia,
1381 2032 1467 2102 qui
1495 2030 1806 2101 prazrogavit

235 2131 651 2189 misericordiam
676 2151 690 2193 ;
721 2139 773 2184 et
817 2129 947 2207 ipsa.
971 2124 1326 2180 misericordia
1365 2125 1504 2194 justa
1535 2125 1654 2186 erit,
1681 2121 1802 2191 quia

229 2228 449 2280 centusa
483 2239 588 2278 non
617 2223 735 2276 erit.
773 2217 1125 2273 Misericordia
1156 2226 1235 2270 est
1274 2227 1417 2270 certe
1449 2225 1502 2268 ut
1529 2213 1800 2268 dimittan-

232 2329 312 2370 tur
336 2327 575 2384 peccata,
601 2309 957 2366 misericordia
979 2319 1059 2362 est
1086 2319 1138 2361 ut
1165 2307 1421 2370 tribuatur
1441 2307 1541 2360 vita
1569 2316 1762 2359 auerna
1786 2321 1799 2358 :

231 2409 346 2462 vide
382 2408 453 2459 ibi
491 2404 767 2472 judicium,
803 2400 1064 2463 Dimittite,
1094 2409 1137 2451 et
1165 2398 1438 2450 dimittetur
1467 2397 1634 2459 vobis;
1666 2395 1799 2459 date,

230 2507 271 2549 et
295 2495 494 2546 dabitur
521 2490 654 2543 vobis
684 2487 837 2561 (Luc.
860 2504 928 2549 \t,
957 2486 1044 2540 57.
1074 2484 1190 2552 58).
1212 2484 1388 2546 Certe,
1417 2484 1616 2536 dabitur
1645 2480 1799 2545 vobis,

230 2598 280 2640 et
311 2586 590 2636 dimittetur
619 2581 772 2644 vobis,
801 2575 1158 2631 misericordia
1189 2582 1289 2628 est.
1316 2573 1370 2628 Si
1399 2573 1518 2627 inde
1548 2572 1800 2626 recessis-

231 2690 306 2730 set
352 2674 608 2744 judicium
638 2673 678 2736 ⁸,
709 2685 810 2723 non
855 2669 1094 2722 diceret:
1129 2665 1190 2718 In
1233 2682 1329 2736 qua
1372 2664 1800 2732 mensura-mensi

233 2771 443 2840 fueritis,
469 2769 522 2819 in
553 2783 608 2819 ea
638 2764 916 2817 remetietur
941 2761 1074 2813 vobis
1096 2758 1302 2827 (Matth.
1334 2773 1425 2822 vu,
1454 2757 1525 2825 2).

303 2863 383 2916 19...
431 2859 632 2913 Audisti
674 2853 1115 2923 quemadmodum
1146 2851 1390 2904 exhibeat
1421 2851 1558 2903 Deus
1588 2849 1797 2902 miseri-

233 2953 460 3006 ein-diam
507 2958 561 3003 et
604 2946 857 3014 judicium
882 2959 896 3008 ;
924 2943 1115 2998 exhibe
1140 2949 1192 2994 et
1220 2951 1272 2994 tu
1301 2939 1714 2994 misericordiam
1745 2945 1801 2992 et

232 3044 503 3113 judicium.
529 3041 608 3092 An
637 3038 774 3090 forte
804 3035 868 3089 ad
899 3036 1059 3087 Deum
1093 3033 1357 3103 pertinent
1387 3032 1506 3096 ista,
1531 3031 1595 3084 ad
1625 3031 1795 3083 horni-

233 3154 344 3190 nem
373 3150 479 3188 non
514 3130 815 3201 pertinent?
840 3129 895 3182 Si
922 3128 985 3180 ad
1022 3126 1284 3179 hominem
1317 3139 1418 3177 non
1452 3123 1793 3193 pertinerent,

235 3243 330 3280 non
369 3227 574 3280 diceret
604 3221 854 3274 Dominus
886 3217 1166 3271 Phariswis
1198 3230 1211 3269 :
1242 3213 1530 3282 Reliquistis
1567 3213 1797 3282 graviora

233 3319 373 3391 Legit
400 3360 416 3383 ,
468 3312 862 3371 misericordiam
907 3319 952 3364 et
986 3309 1239 3380 judicium
1283 3305 1416 3376 (Id.
1464 3321 1610 3369 xxtn,
1659 3303 1792 3371 25).

233 3411 366 3482 Ergo
412 3409 679 3480 pertinent
718 3406 784 3460 ad
827 3416 876 3459 te
915 3401 1276 3458 misericordia
1321 3408 1374 3454 et
1411 3399 1684 3468 judicium.
1721 3396 1796 3451 Ne

234 3516 378 3574 putes
423 3501 565 3572 quod
607 3500 671 3554 ad
718 3509 768 3552 te
809 3494 1167 3551 misericordia
1221 3494 1513 3563 pertineat,
1540 3491 1792 3561 judicium

231 3607 401 3651 autem
433 3609 536 3648 non
569 3591 635 3645 ad
677 3602 726 3644 te
758 3588 1033 3658 pertineat.
1071 3585 1364 3654 Aliquando
1393 3582 1543 3637 audis
1579 3596 1792 3635 causam

231 3692 362 3744 inter
399 3687 555 3752 duos,
590 3699 811 3754 quorum
841 3683 1060 3735 duorum
1097 3695 1234 3734 unus
1272 3689 1351 3732 est
1388 3679 1553 3740 dives,
1581 3687 1635 3732 et
1661 3679 1794 3730 alius

230 3795 461 3853 pauper;
492 3788 546 3834 et
575 3777 828 3846 contingit
866 3784 921 3828 ut
960 3789 1156 3843 pauper
1199 3771 1392 3827 habeat
1431 3787 1640 3826 causam
1685 3785 1797 3824 ma-

231 3876 351 3934 lam,
383 3871 536 3924 dives
564 3878 739 3921 autem
770 3867 959 3940 bonam
992 3865 1136 3934 :jam
1168 3865 1210 3916 si
1241 3872 1295 3917 tu
1331 3879 1435 3916 non
1464 3877 1521 3916 es
1559 3862 1795 3917 eruditus

231 3964 277 4014 in
307 3978 476 4029 regna
501 3959 612 4019 Dei,
637 3957 831 4010 videris
858 3956 946 4008 tibi
979 3954 1113 4008 bene
1141 3952 1336 4016 facere,
1364 3953 1407 4005 si
1431 3952 1576 4022 quasi
1605 3966 1795 4020 paupe-

230 4069 336 4104 rrm
383 4053 696 4111 miseratus,
735 4045 1028 4101 abscondas
1074 4052 1127 4099 et
1176 4051 1422 4112 conlegas
1468 4042 1792 4111 iniquitatem

229 4144 387 4202 illius,
415 4151 468 4194 et
493 4141 624 4193 velis
646 4153 766 4192 eum
787 4137 1092 4204 justilicare,
1118 4146 1175 4189 ut
1197 4135 1347 4204 quasi
1370 4149 1579 4189 causam
1604 4133 1791 4186 bonam

231 4234 424 4286 habere
457 4230 696 4283 videatur
722 4247 734 4282 :
766 4239 818 4282 et
849 4229 890 4281 si
921 4227 1275 4296 reprehensus
1306 4226 1462 4280 fueris
1489 4225 1626 4295 quod
1656 4224 1793 4278 male

228 4325 493 4393 iudicasti,
532 4322 680 4391 quasi
719 4321 783 4374 de
819 4320 1175 4374 misericordia
1214 4318 1708 4388 respondes:Novi,
1741 4326 1794 4372 et

229 4431 328 4486 ego
352 4415 463 4468 scio
487 4429 501 4473 ;
531 4413 623 4465 sed
652 4427 849 4481 pauper
873 4420 1004 4476 erat,
1032 4410 1390 4463 misericordia
1413 4410 1459 4461 ei
1484 4409 1789 4463 debebatur.

228 4505 506 4573 Quomodo
550 4505 760 4557 tenuisti
806 4501 1238 4566 misericordiam,
1272 4510 1324 4554 et
1353 4499 1621 4570 perdidisti
1654 4499 1792 4568 judi-

228 4596 407 4650 cium?
434 4595 500 4648 Et
528 4593 810 4662 quomodo,
839 4594 1028 4663 inquis,
1053 4593 1092 4644 si
1127 4602 1360 4664 tenerem
1383 4591 1654 4659 judicium,
1689 4606 1790 4643 nou

227 4690 528 4741 amitterem
583 4685 1035 4740 misericordiam?
1085 4684 1484 4736 Pronuntiarem
1542 4683 1794 4734 adversus

228 4792 537 4846 pauperem,
561 4775 646 4844 qui
671 4775 805 4828 unde
828 4777 1069 4828 redderet
1096 4793 1197 4827 non
1232 4774 1480 4836 haberet;
1509 4782 1598 4825 aut
1627 4773 1666 4825 si
1698 4773 1793 4824 ha-

229 4869 397 4926 beret,
427 4880 546 4920 cum
581 4863 1054 4918 reddidisset'tmde
1081 4874 1262 4932 postea
1295 4865 1488 4918 viveret
1517 4879 1618 4915 non
1651 4863 1796 4916 inve-

225 4959 404 5012 nit-et?
435 4959 513 5010 Ait
547 4957 637 5010 tibi
666 4959 799 5010 Deus
829 4966 942 5010 tuus
969 4977 979 5009 :
1013 4957 1090 5010 Ne
1119 4959 1336 5026 accipias
1374 4973 1633 5025 personam
1669 4973 1796 5023 pau-

225 5051 362 5116 peris
391 5050 442 5100 in
466 5049 662 5118 judicio
684 5047 875 5114 (Exod.
902 5065 1047 5108 nm,
1076 5050 1148 5116 5).
1171 5049 1434 5103 Carterum
1467 5049 1614 5102 facile
1638 5058 1796 5103 estut

230 5141 613 5193 admoneamur
661 5154 939 5206 personam
992 5141 1166 5192 divitis
1211 5157 1314 5193 non
1364 5141 1646 5209 accipere;
1697 5142 1795 5195 hoc

223 5233 405 5284 omnis
436 5230 594 5283 homo
622 5230 782 5293 videt,
811 5237 966 5299 atque
995 5230 1190 5284 utinam
1221 5232 1295 5284 sic
1321 5232 1494 5286 onmis
1531 5233 1687 5286 homo
1717 5233 1795 5286 fa-

223 5325 411 5376 cn-ret!
460 5322 588 5376 illud
633 5332 714 5375 est
755 5322 844 5374 ubi
889 5319 1102 5382 fallitur,
1134 5323 1290 5375 veluti
1320 5324 1544 5393 quivult
1586 5324 1791 5392 placere

229 5414 366 5473 bet),
387 5414 428 5464 si
455 5428 733 5481 personam
761 5413 1005 5481 pauperis
1027 5413 1078 5466 in
1101 5413 1297 5477 judicio
1321 5416 1561 5484 accipiat,
1585 5428 1638 5470 et
1659 5416 1799 5469 dicat

300 5563 314 5592 ι
343 5567 408 5611 tta
433 5561 653 5624 plerique
677 5561 891 5624 Mss.rAlii
918 5576 1034 5611 vero
1057 5565 1331 5623 pauciores:
1361 5565 1626 5620 Misericors
1648 5577 1716 5620 est
1748 5569 1798 5620 in

224 5621 344 5672 istos
368 5623 391 5672 5’
416 5621 650 5690 .vumqitid
674 5631 754 5672 aut
770 5623 1028 5690 judicium.
1056 5621 1110 5672 At
1131 5626 1260 5675 add:
1285 5629 1554 5680 Misericors
1572 5639 1640 5681 est
1661 5643 1705 5681 ct
1722 5639 1798 5690 Iu-

223 5695 346 5734 stus.
377 5693 406 5732 Α
419 5685 612 5744 unrqnid
637 5695 791 5734 autem
802 5685 1060 5744 judicium.

265 5808 274 5814 _
297 5749 316 5777 ³
342 5747 478 5806 ιω,
501 5744 540 5795 si
557 5745 667 5796 inde
691 5744 952 5798 recessisse
974 5746 1213 5809 ajudicio.
1237 5758 1358 5812 Mss,
1384 5752 1648 5806 recessisset
1661 5755 1800 5818 judi-

223 5820 377 5860 crum.

1303 363 1692 418 ENARliATlU
1734 363 1792 416 ΙΝ
1836 363 2151 420 PSALMUM
2191 367 2400 421 XXXII.

3372 371 3476 426 9.86

1920 479 2024 534 Deo
2049 499 2060 533 :
2088 480 2213 534 Favi
2243 483 2476 550 pauperi.
2509 475 2615 537 lino
2647 494 2851 538 teneres
2878 497 3174 556 utrumque,
3202 495 3254 542 et
3281 489 3478 542 miseri-

1910 572 2141 626 eordiam
2181 583 2232 626 et
2267 574 2547 641 judicium.
2587 576 2790 639 Primo,
2823 578 3028 643 qualem
3061 579 3474 632 misericordiam

1912 661 2076 716 fecisti
2107 663 2155 715 in
2186 679 2324 725 (utin,
2350 664 2497 733 cujus
2540 665 2796 734 iniquitati
2840 668 3044 720 favisti?
3075 668 3208 721 Ecce
3252 669 3477 721 saccello

1914 752 2214 820 pepercisti,
2235 768 2328 807 cor
2347 755 2648 824 percussisti
2675 771 2902 824 :paujn-r
2924 757 3022 811 iste
3048 759 3256 826 iniquus
3279 775 3476 810 reman-

1911 847 2010 905 sit;
2040 857 2092 900 et
2126 859 2269 901 tanto
2304 851 2546 921 iniquior,
2580 864 2776 918 quanto
2818 861 2864 905 te
2904 854 3049 920 quasi
3094 852 3356 905 hominem
3394 853 3476 919 ju-

1910 952 2044 994 stum
2079 943 2254 997 favere
2285 945 2411 997 vidit
2443 946 2700 1012 iniquitati
2735 961 2860 998 suae.
2886 946 2927 998 Α
2960 954 3009 998 te
3036 949 3252 998 recessit
3289 947 3478 1014 injuste

1911 1034 2137 1100 adjutus,
2168 1035 2270 1089 Ι)ου
2298 1038 2550 1090 remansit
2575 1038 2588 1067 ¹
2611 1041 2749 1104 juste
2770 1036 3116 1090 damnandus.
3139 1037 3353 1104 Qualem
3380 1039 3475 1090 mi—

1909 1125 2249 1180 sericordiam
2275 1128 2543 1195 praebuisti
2567 1128 2634 1192 ei,
2658 1144 2814 1197 quem
2840 1129 3085 1196 injustam
3113 1128 3316 1182 fecisti?
3343 1129 3477 1182 Ecce

1909 1217 2175 1270 crudelior
2221 1219 2470 1272 inveniris
2510 1236 2664 1288 quam
2714 1220 3122 1274 miserZCordior.
3159 1220 3290 1288 Quid
3329 1237 3472 1287 ergo,

1909 1306 2101 1375 inquis,
2133 1308 2402 1362 facerem?
2431 1308 2702 1362 Judicares
2730 1310 2894 1378 primo
2924 1310 3211 1364 secundum
3241 1326 3473 1374 causam,

1907 1414 2155 1466 argueres
2194 1416 2498 1470 pauperem,
2531 1402 2771 1455 [lectores
2799 1401 3032 1453 divitem.
3059 1403 3205 1455 Alius
3231 1414 3308 1453 est
3333 1403 3473 1469 judi-

1908 1492 2082 1552 t-audi,
2111 1492 2245 1545 alius
2283 1493 2491 1561 petendi
2533 1493 2698 1547 locus.
2724 1493 2944 1559 Quando
2973 1505 3022 1547 te
3053 1495 3138 1548 ille
3164 1494 3309 1547 dives
3332 1494 3476 1547 vide-

1908 1590 1989 1633 ret
2033 1584 2261 1636 tenuisse
2301 1582 2580 1650 justitiam.
2618 1600 2719 1636 non
2759 1585 2989 1636 erexisse
3034 1585 3192 1652 iniqui
3236 1585 3476 1652 pauperis

1907 1673 2189 1737 cervicem,
2228 1674 2320 1727 scd
2367 1690 2459 1743 pro
2498 1677 2684 1728 merito
2723 1676 2921 1744 peccati
2965 1677 3042 1728 sui
3088 1675 3392 1744 objurgasse
3425 1686 3475 1730 te

1901 1761 2270 1836 justehnonne
2298 1766 2598 1819 ﬂecteretur
2626 1766 2710 1819 ille
2736 1766 2800 1820 ad
2825 1767 3235 1820 misericordiam
3266 1775 3473 1835 petente

1906 1861 1978 1917 te,
2025 1854 2113 1923 qui
2166 1855 2316 1908 lzetus
2368 1855 2604 1909 redditus
2649 1856 2761 1910 erat
2805 1856 3074 1924 judicante
3113 1856 3474 1921 te?Quamvis

1905 1960 2052 2016 ergo,
2082 1945 2290 2009 fratres,
2321 1947 2515 2000 Psalmi
2554 1950 2698 2016 plura
2736 1957 2956 2013 restent,
2988 1948 3363 2002 consulendum
3392 1957 3473 2002 est

1906 2050 2080 2094 tamen
2109 2040 2306 2095 viribus
2350 2050 2402 2095 et
2442 2041 2631 2094 anima:
2659 2051 2711 2096 et
2738 2042 2974 2112 corporis
3011 2051 3222 2110 prapter
3250 2043 3470 2096 varieta-

1905 2144 2010 2188 tem
2041 2135 2363 2188 audientimn
2398 2153 2410 2186 :
2443 2136 2562 2204 quia
2613 2145 2665 2190 et
2707 2151 2825 2188 cum
2868 2136 3170 2189 relieitnur'
3192 2152 3255 2189 ex
3285 2135 3468 2189 eodem

1905 2227 2077 2281 tritico
2106 2227 2251 2281 velut
2276 2228 2424 2280 multi
2453 2241 2672 2296 sapores
2697 2228 2851 2283 nobis
2881 2227 3030 2293 ﬁunt,
3059 2227 3122 2281 ad
3154 2227 3469 2300 detergenda

1903 2317 2108 2373 fastidia
2133 2335 2146 2372 :
2170 2317 2284 2373 hmc
2312 2319 2461 2374 vobis
2487 2319 2771 2374 sufﬁciant.

2570 2449 2737 2488 SERIIO
2777 2449 2830 2488 ΙΙ.

2352 2547 2430 2601 De
2457 2549 2619 2602 altera
2646 2559 2786 2619 parte
2811 2547 3024 2602 Psalmi.

1976 2657 2026 2709 1.
2069 2657 2134 2710 Ει
2165 2657 2215 2710 in
2245 2657 2604 2710 aununtiando
2633 2667 2686 2710 et
2725 2658 2775 2710 in
2806 2656 3066 2711 audiendo
3093 2657 3253 2708 verbo
3276 2657 3468 2710 verita-

1903 2747 1986 2812 tis,
2026 2747 2174 2802 labor
2210 2759 2310 2803 est.
2347 2748 2513 2816 Quem
2556 2749 2812 2812 laborem,
2857 2749 3065 2811 fratres,
3103 2764 3253 2818 irque
3292 2749 3468 2801 animo

1902 2826 2210 2902 toleramus,
2240 2839 2282 2893 si
2314 2839 2591 2893 sententize
2617 2839 2896 2893 dominica:
2933 2849 2987 2892 et
3017 2839 3336 2892 conditionis
3376 2856 3468 2891 no-

1899 2937 2022 2983 straa
2048 2931 2463 2984 meminerimus.
2488 2929 2569 2984 Ab
2589 2931 2703 2999 ipso
2723 2931 2862 2984 enim
2890 2930 3058 2984 nostri
3089 2931 3295 2998 generis
3314 2945 3469 2984 exor-

1898 3019 1985 3073 dio
2005 3020 2200 3073 audivit
2225 3019 2404 3086 homo,
2428 3037 2531 3074 non
2555 3023 2620 3074 ab
2641 3021 2854 3076 homine
2876 3020 3076 3084 fallace,
3096 3036 3193 3076 nec
3209 3037 3237 3075 a
3258 3022 3469 3077 diabolo

1898 3110 2195 3174 seductore,
2224 3111 2316 3164 sed
2349 3111 2415 3163 ab
2443 3113 2554 3180 ipsa
2586 3112 2805 3166 veritate
2831 3127 2896 3165 ex
2924 3127 3017 3166 ore
3039 3112 3161 3180 ,Dei,
3194 3110 3257 3164 In
3287 3114 3468 3165 sudore

1896 3201 2059 3254 vultus
2082 3203 2155 3254 tui
2179 3201 2292 3254 edes
2324 3219 2500 3269 panem
2527 3212 2663 3254 tuum
2694 3201 2892 3271 (Cenes.
2921 3219 2995 3267 Ill,
3023 3202 3132 3269 19).
3166 3201 3463 3257 Proinde-si

1895 3292 2048 3361 panis
2091 3302 2273 3346 noster
2313 3303 2393 3346 est
2431 3295 2647 3346 verbum
2686 3295 2796 3356 Dei,
2824 3293 3074 3347 sudemus
3103 3295 3152 3347 in
3180 3294 3460 3359 audiendo,

1897 3400 1963 3438 ne
2003 3384 2289 3437 moriamur
2330 3385 2379 3438 in
2419 3384 2726 3453 jejunando.
2755 3385 2947 3438 Psalmi
2990 3385 3142 3453 hujus
3180 3387 3462 3454 primarum

1894 3475 2121 3545 partium
2155 3477 2303 3544 pauci
2336 3490 2518 3530 versus
2551 3477 2857 3544 Vigiliarum
2904 3492 3070 3544 nuper
3109 3488 3340 3531 actarum
3387 3477 3461 3550 (α)

1894 3567 2227 3621 solemnitate
2252 3568 2457 3622 tractati
2489 3577 2612 3620 sunt
2641 3585 2653 3619 :
2683 3567 2822 3636 quod
2853 3576 3015 3620 restat
3037 3567 3331 3620 audiamus.

1963 3661 2018 3713 2.
2060 3657 2205 3731 [vers.
2230 3659 2283 3725 5,
2309 3656 2386 3730 6.]
2421 3659 2553 3714 Hine
2579 3670 2754 3711 autem
2784 3657 2964 3724 incipit
2989 3672 3109 3724 pars
3129 3673 3246 3726 qum
3276 3666 3458 3724 restat,

1895 3749 2034 3821 quod
2057 3749 2214 3804 modo
2242 3750 2590 3802 cantavimus.
2617 3749 2964 3802 Misericordia
2985 3746 3189 3800 Domini
3218 3749 3364 3815 plena
3389 3759 3462 3801 est

1896 3853 2046 3894 terra.
2098 3840 2256 3894 Verbo
2306 3840 2506 3893 Domini
2552 3841 2662 3893 coeli
2706 3841 2892 3907 [innati
2933 3849 3068 3893 sunt.
3109 3839 3334 3909 ldipsum
3381 3853 3462 3894 est

1895 3935 2057 3998 enim,
2098 3933 2355 3988 Sermone
2398 3932 2603 3986 Domini
2652 3932 2770 3987 εαξη
2816 3931 3024 3986 solidati
3074 3942 3216 3987 sunt.
3251 3934 3462 3989 Dixerat

1894 4025 2152 4095 superius,
2181 4023 2315 4076 Bene
2341 4025 2502 4076 canite
2526 4025 2569 4076 ei
2599 4024 2649 4076 in
2671 4023 2986 4089 jubilatione,
3016 4025 3065 4078 id
3101 4035 3200 4087 est,
3225 4025 3477 4080 ineffabi-‘

1896 4115 2014 4169 liter
2059 4116 2270 4169 canite:
2307 4114 2554 4178 Quoniam
2599 4126 2762 4169 rectus
2805 4125 2875 4168 est
2926 4133 3085 4170 sermo
3131 4117 3362 4180 Domini,
3415 4126 3459 4168 et

1894 4207 2061 4259 omnia
2090 4223 2243 4273 opera
2281 4211 2387 4276 ejus
2424 4207 2473 4257 in
2511 4206 2630 4274 ﬁde.
2660 4205 2798 4259 Nihil
2836 4208 3090 4274 promittit
3119 4219 3171 4260 et
3199 4223 3304 4260 non
3336 4208 3459 4262 red-

1896 4299 2005 4351 dit:
2030 4297 2196 4351 ﬁdelis
2221 4295 2310 4351 ille
2335 4295 2504 4350 factus
2530 4305 2612 4350 est
2634 4296 2861 4363 debitor,
2883 4307 2997 4351 esto
3027 4306 3080 4350 tu
3131 4313 3320 4351 avarus
3371 4315 3461 4351 ex-

1893 4402 2057 4466 actor.
2085 4389 2282 4444 Deinde
2308 4404 2425 4444 cum
2458 4389 2694 4453 dixisset,
2727 4389 2910 4443 Omnia
2939 4407 3089 4459 opera
3118 4391 3292 4458 ejusin
3323 4391 3458 4457 ﬁde;

1894 4483 2132 4551 adjuuxit
2183 4496 2344 4550 quare
2376 4499 2390 4535 :
2422 4480 2602 4551 Diligit
2649 4483 3047 4535 misericordiam
3097 4493 3142 4534 et
3184 4483 3455 4550 judicium.

1893 4576 1989 4640 Qui
2018 4587 2144 4640 ergo
2171 4571 2581 4626 misericordiam
2611 4572 2801 4635 diligit,
2832 4573 3127 4625 miseretur.
3157 4571 3254 4638 Qui
3284 4581 3457 4625 autem

1896 4666 2192 4728 miseretur,
2222 4672 2396 4732 potest
2421 4664 2729 4733 promittere
2756 4673 2809 4717 et
2837 4679 2937 4715 non
2963 4662 3110 4727 dare,
3133 4663 3218 4746 qui
3244 4663 3263 4693 ³
3287 4674 3461 4730 posset

1895 4755 2022 4808 dare
2049 4754 2255 4808 etiamsi
2297 4769 2400 4808 non
2439 4756 2810 4823 promitteret?
2841 4753 2975 4822 Ergo
3010 4754 3127 4821 quia
3160 4754 3327 4823 diligit
3365 4757 3459 4809 mi-

1895 4846 2256 4912 sericordiam,
2285 4856 2495 4914 Oportet
2522 4854 2581 4898 ut
2621 4844 2864 4897 exhibeat
2901 4845 3040 4912 quod
3087 4846 3337 4913 promittit
3367 4864 3378 4898 :
3409 4857 3462 4900 et.

1895 4940 2014 5007 quia
2061 4938 2228 5007 diligit
2266 4936 2542 5008 judicium,
2566 4942 2776 5004 oportet
2815 4944 2871 4987 ut
2909 4929 3083 5004 exigat
3120 4936 3255 5003 quod
3295 4935 3457 4992 dedit.

1896 5027 2046 5084 Unde
2077 5028 2187 5095 ipse
2213 5027 2464 5080 Dominus
2485 5025 2612 5079 dicit
2636 5024 2842 5078 cuidam
2879 5041 3034 5078 servo
3058 5044 3072 5078 :
3095 5025 3256 5079 Dares
3292 5037 3342 5078 tu
3379 5046 3459 5095 pe-

1897 5121 2094 5174 cuniam
2118 5134 2299 5184 meam,
2322 5126 2368 5170 et
2396 5132 2484 5187 ego
2508 5116 2705 5169 veniens
2723 5132 2835 5168 cum
2855 5116 3020 5170 usuris
3044 5117 3289 5188 exigerem
3310 5117 3457 5184 (Luc.

1963 5313 1979 5344 ι
2005 5311 2077 5359 Sic
2098 5317 2201 5375 Mss.
2229 5309 2340 5375 Edd.
2367 5321 2519 5375 vero:
2561 5317 2680 5375 A_te
2717 5309 2946 5361 remansit
2980 5311 3154 5375 injuste
3188 5310 3402 5373 adjutus,
3435 5324 3463 5359 a

1901 5381 1998 5422 Deo
2020 5371 2210 5420 recessit
2222 5372 2352 5431 juste
2374 5370 2690 5421 damnandus.

1960 5437 1980 5466 ἰ
2007 5434 2171 5480 Plures
2195 5439 2533 5541 Mss.,d1n’0pter
2569 5432 2847 5484 varietatem
2887 5432 3133 5492 audiendi,
3171 5447 3265 5495 qua
3302 5431 3461 5494 relici-

1960 5508 2023 5541 ’H'.
2043 5506 2151 5541 cum
2172 5505 2233 5541 ea:
2254 5505 2308 5540 eo
2343 5506 2418 5541 em
2439 5492 2610 5541 tritico.
2636 5503 2729 5541 etc.
2751 5503 2987 5541 Praeterea
3009 5509 3282 5541 sermonem
3299 5493 3461 5541 ﬁniunt

1898 5508 2023 5550 mur,
2043 5506 2151 5542 cum
2172 5505 2233 5541 ex
2249 5493 2418 5554 (eodem
2433 5493 2610 5554 tritico,
2636 5503 2729 5544 etc.
2751 5503 2987 5546 Pra-terea
3009 5493 3282 5545 sermonem
3299 5493 3461 5546 ﬁniunt

1899 5557 2064 5622 addita
2078 5553 2304 5622 clausula,
2328 5554 2550 5622 Conversi
2568 5553 2634 5604 ad
2661 5557 2924 5622 nominum.
3249 5621 3254 5622 ν
3421 5613 3431 5622 _

1965 5619 1984 5650 ³
2007 5617 2115 5665 ωδ.
2135 5621 2207 5664 Er.
2227 5623 2279 5678 et
2303 5623 2431 5664 Lov.:
2447 5615 2537 5678 Qui
2551 5623 2705 5668 mitem
2724 5618 2991 5674 miseretur.
3006 5627 3097 5666 non
3110 5621 3256 5678 potest
3279 5615 3460 5678 promit-

1901 5687 1999 5728 tere
2013 5684 2064 5742 γει
2085 5691 2178 5726 ηοη
2201 5676 2351 5742 dare;
2373 5677 2486 5739 quia
2508 5685 2660 5742 posset
2683 5680 2802 5730 dare
2839 5679 3024 5731 etiamst
3043 5675 3134 5725 mm
3158 5675 3448 5730 vrouiittvret

1903 5750 1990 5790 nos
2009 5741 2084 5789 hic
2101 5741 2348 5803 sequimur
2367 5746 2473 5789 Mss.

1963 5823 2035 5879 (a)
2059 5827 2106 5870 tu
2132 5820 2335 5871 ecclesia
2358 5829 2399 5870 s.
2420 5815 2653 5883 cypriani.
