3972 6198
553 349 646 405 28‘.

570 480 678 522 sis.
710 462 824 530 23).
846 456 994 525 Quod
1022 454 1139 509 ideo
1162 464 1454 513 mouemus,
1485 457 1543 502 ut
1564 445 1795 502 sciamus
1815 439 1955 513 quod
1978 437 2136 494 modo

561 556 880 609 audivimus.
927 551 1040 616 Ipse
1082 546 1223 601 enim
1263 544 1390 598 dicit
1432 540 1537 595 alio
1580 539 1700 592 loco
1730 536 1783 590 in
1812 531 2135 602 Evangelio:

564 645 672 717 Ego
709 660 807 723 npn
837 641 1014 711 judico
1053 638 1386 709 queinquam:
1418 647 1577 687 sermo
1616 643 1761 700 quem
1794 626 1987 680 loculus
2030 636 2142 674 sum

566 742 653 794 eis.
686 713 794 806 ipse
809 732 1059 806 jttdicabit
1087 748 1171 785 eos
1199 732 1251 783 in
1282 726 1547 781 novissimo
1571 722 1652 777 die
1678 718 1856 793 (Joan.
1889 731 2000 782 vut,
2037 713 2140 777 15;

568 847 662 891 xu,
685 829 795 899 .58).
811 804 922 881 'Ncc
944 841 1000 880 se
1021 832 1259 885 excuset,
1281 823 1367 890 qui
1398 816 1583 871 audire
1608 829 1712 869 non
1733 811 1846 867 vult
1868 825 1938 865 ne
1958 804 2108 878 quasi
2124 806 2143 838 ¹

569 924 635 978 sit
665 896 804 991 quod
830 920 894 993 ab
916 920 1002 972 illo
1024 917 1280 986 exigatur.
1304 911 1534 981 ldipsum
1564 906 1704 963 enim
1741 901 1994 973 exigitur,
2023 896 2147 969 quia

572 990 742 1067 noluit
788 990 1028 1079 accipere
1066 1021 1197 1061 .cum
1249 1002 1482 1057 daretur.
1529 996 1685 1053 Aliud
1727 1001 1811 1051 est
1848 990 1989 1049 enim
2040 1002 2147 1043 non

578 1119 735 1173 posse
762 1102 1019 1169 accipere,
1050 1096 1188 1152 aliud
1219 1094 1359 1150 nolle
1387 1110 1399 1145 :
1432 1091 1537 1147 illic
1564 1085 1835 1145 excusatio
1862 1080 2150 1139 necessita-

579 1197 646 1250 tis
670 1202 769 1257 est,
799 1193 884 1247 hic
910 1200 1089 1245 reatus
1114 1185 1416 1245 voluntatis.
1441 1183 1600 1252 Ergo,
1639 1178 1809 1233 omnia
1846 1189 2000 1245 opera
2040 1173 2149 1242 ejus

527 1338 536 1351 ,
578 1288 630 1340 in
660 1286 759 1354 ﬁde
785 1300 803 1338 :
832 1282 995 1354 diligit
1024 1278 1416 1333 misericordiam
1442 1284 1487 1329 et
1503 1272 1773 1344 judicium.
1796 1265 2032 1337 Accipite
2052 1262 2150 1317 mi-

577 1352 948 1441 sericordiam,
977 1382 1029 1429 et
1060 1372 1238 1428 timete
1261 1366 1515 1441 judicium
1540 1379 1555 1429 ;
1586 1377 1654 1416 ne
1679 1360 1771 1415 ille
1798 1372 1919 1414 cum
1946 1352 2152 1411 venerit

578 1481 633 1525 nt
660 1472 835 1541 exigat
864 1483 977 1531 nos,
1004 1468 1080 1520 sic
1104 1481 1201 1521 nos
1227 1464 1402 1533 exigat
1426 1468 1483 1514 ut
1508 1456 1693 1513 inanes
1711 1450 1959 1509 dimittat.
1979 1445 2153 1517 Exigit

580 1566 721 1618 enim
761 1563 1053 1625 rationem;
1086 1557 1289 1612 reddita
1321 1554 1545 1619 ratione,
1582 1550 1746 1605 donat
1777 1542 2147 1602 aeternitatem.

581 1655 817 1723 Accipite
841 1666 968 1722 ergo
994 1644 1433 1712 misericordiam,
1462 1642 1673 1708 fratres,
1701 1637 2023 1709 accipiamus
2045 1649 2155 1690 om-

585 1766 702 1806 nes.
743 1749 908 1804 Nemo
953 1755 1191 1802 nostrum
1241 1743 1294 1797 in
1340 1737 1649 1811 accipiendo
1688 1735 1934 1800 dormiat,
1977 1748 2045 1789 ne
2081 1731 2150 1787 ad

584 1841 907 1898 reddendum
938 1839 1075 1896 male
1095 1840 1115 1870 ³
1139 1836 1418 1894 excitetur.
1440 1830 1677 1902 Accipite
1700 1827 2115 1884 misericordiam
2137 1842 2151 1877 :

581 1940 659 1988 sic
700 1933 765 1988 ad
807 1948 903 1988 nos
945 1932 1138 1987 clamat
1166 1930 1339 1995 Deus,
1368 1936 1613 1995 tanquam
1653 1922 1697 1978 si
1728 1929 1967 1991 tempore
2002 1917 2156 1973 famis

581 2027 867 2087 diceretur,
913 2022 1151 2092 Accipite
1200 2018 1542 2074 frumentum.
1587 2013 1737 2084 Quod
1779 2028 1899 2068 cum
1945 2010 2157 2066 audires

585 2122 823 2183 tempore
844 2114 1017 2177 famis,
1040 2110 1279 2183 profecto
1305 2109 1421 2179 ipso
1448 2106 1664 2162 stimulo
1683 2102 2012 2159 necessitatis
2031 2116 2157 2155 con-

583 2208 720 2261 citus
762 2219 1008 2260 curreres
1026 2244 1042 2270 ,
1079 2214 1299 2258 versans
1328 2208 1379 2255 te
1408 2196 1508 2253 bac
1533 2205 1690 2267 atque
1720 2194 1859 2258 illac,
1890 2204 2158 2264 quaereres

585 2298 724 2352 unde
739 2297 1007 2365 acciperes
1025 2291 1164 2363 quod
1185 2292 1381 2365 dictum
1399 2287 1773 2356 est,Accipite.
1791 2284 1856 2339 Et
1875 2298 1993 2338 cum
2013 2281 2159 2335 inve-

586 2389 728 2443 nires
754 2388 795 2451 ⁸,
817 2385 1029 2457 quando
1059 2393 1110 2439 te
1149 2363 1396 2438 teneres?
1432 2394 1588 2451 quam
1617 2392 1819 2432 moram
1851 2376 2155 2443 interpone-

583 2482 704 2536 rcs?
728 2480 814 2535 Sic
839 2487 893 2535 et
918 2491 1059 2532 nunc
1084 2475 1281 2530 dictum
1308 2481 1409 2541 est,
1443 2469 1678 2539 Accipite
1718 2465 2154 2521 misericordiam.

584 2571 763 2643 Diligit
783 2570 922 2625 enim
945 2566 1336 2622 miscricordiam
1362 2573 1407 2617 et
1423 2557 1842 2633 judicium.Cum
1863 2550 2153 2625 acceperis,

584 2664 720 2719 bene
768 2672 945 2725 ntere;
975 2669 1028 2715 ut
1071 2657 1265 2713 bonam
1312 2655 1571 2709 rationem
1614 2648 1826 2711 reddas,
1863 2662 1981 2703 cum
2017 2644 2158 2714 judi-

582 2755 721 2808 cium
749 2750 950 2808 venerit
974 2749 1090 2820 ejus
1112 2747 1201 2818 qui
1231 2745 1321 2800 tibi
1349 2741 1506 2799 modo
1534 2748 1792 2813 prterogat
1816 2738 1867 2792 in
1897 2737 1995 2791 ista
2023 2734 2159 2791 fame

584 2842 1022 2900 misericordiam.

653 2937 707 2991 '5.
736 2933 884 3008 [rem
917 2931 996 3006 5.]
1021 2930 1154 2987 Nolo
1178 2943 1304 3000 ergo
1348 2926 1475 2982 mihi
1514 2924 1681 2987 dicas,
1714 2920 1867 2980 Unde
1907 2920 2158 2989 accipio?

583 3042 692 3097 quo
719 3025 827 3082 eo?
864 3021 1167 3079 Recordare
1195 3017 1351 3088 quod
1381 3015 1625 3079 cantasti,
1674 3010 2023 3067 Misericordia
2053 3009 2159 3063 Do-

585 3117 707 3171 mini
734 3117 887 3184 plena
908 3122 977 3168 est
1008 3122 1158 3165 terra.
1185 3109 1284 3165 Ubi
1312 3107 1421 3177 jam
1448 3121 1553 3160 non
1583 3100 1922 3173 Evangelibm
1963 3100 2159 3170 prtedi-

560 3208 773 3264 ‘catur?
810 3205 896 3260 ubi
941 3217 1117 3259 sermo
1160 3199 1367 3255 Domini
1415 3195 1596 3253 tacet?
1624 3194 1716 3249 ubi
1756 3193 1902 3248 salus
1944 3191 2160 3248 cessat?

585 3300 731 3369 Opus
757 3306 841 3353 est
882 3306 939 3351 ut
976 3294 1108 3350 velis
1132 3280 1374 3360 accipere
1404 3308 1417 3343 :
1450 3288 1602 3359 plena
1627 3295 1753 3342 sunt
1778 3284 1989 3339 horrea.
2032 3283 2158 3339 Hice

586 3394 699 3462 ipsa
745 3388 1014 3460 plenitudo
1043 3397 1097 3441 et
1120 3382 1438 3439 abundantia
1490 3395 1594 3434 non
1625 3389 1676 3434 te
1716 3378 2017 3432 venientem
2061 3391 2158 3431 ex-

585 3492 981 3554 spectaverunt,
1012 3481 1103 3535 sed
1134 3480 1198 3535 ad
1223 3478 1576 3532 dormientem
1604 3474 1716 3543 ipsa
1742 3480 2020 3527 venerunt.
2044 3470 2157 3526 Non

586 3580 782 3635 dictum
812 3587 913 3639 est,
942 3576 1169 3645 Surgunt
1197 3582 1400 3641 gentes,
1429 3578 1483 3624 et
1510 3580 1631 3623 eant
1659 3566 1726 3621 ad
1748 3582 1914 3621 unum
1946 3565 2156 3619 locum:

587 3671 682 3727 sed
711 3668 1017 3724 aununtiata
1044 3674 1167 3720 sunt
1192 3664 1289 3718 ista
1315 3659 1560 3733 gentibus
1587 3659 1677 3713 ubi
1702 3666 1873 3723 erant,
1902 3664 1961 3710 ut
1984 3655 2161 3710 adim~

590 3765 825 3835 pleretur
838 3758 1029 3816 exinde
1052 3756 1321 3829 prophetia
1347 3755 1530 3809 dicens
1563 3769 1575 3805 :
1607 3749 1847 3805 Adorabit
1871 3765 1983 3804 eum
2006 3764 2161 3802 unus-

588 3856 794 3925 quisque
832 3852 894 3906 de
922 3852 1031 3906 loco
1059 3866 1148 3903 suo
1177 3845 1366 3919 (Sapit.
1399 3860 1456 3905 ll,
1487 3838 1599 3913 11).

659 3947 712 4001 4.
742 3945 888 4017 [uers.
935 3940 1013 4014 6.]
1044 3936 1395 3993 Misericordia
1445 3932 1646 3987 Domini
1696 3931 1845 3999 plena
1890 3937 1961 3992 est
2003 3936 2155 3983 terra.

590 4036 724 4105 Quid
749 4034 909 4090 cmli?
934 4033 1065 4087 Audi
1097 4031 1218 4100 quid
1247 4029 1386 4084 caeli.
1412 4026 1526 4083 Non
1556 4026 1695 4079 enim
1724 4023 1965 4092 indigent
1995 4022 2159 4077 mise-

594 4125 838 4188 ricordia,
868 4122 956 4177 ubi
983 4122 1119 4175 nulla
1145 4131 1227 4174 est
1274 4118 1503 4173 miseria.
1537 4114 1593 4171 In
1626 4124 1767 4169 terra
1797 4113 2029 4167 abundat
2058 4112 2158 4167 bo-

594 4219 751 4274 oiiuis
797 4214 1029 4277 miseria,
1078 4210 1467 4280 superabundat
1501 4205 1707 4262 Domini
1751 4203 2154 4258 misericordia:

591 4311 804 4367 miseria
832 4306 1059 4362 hominis
1100 4305 1248 4374 plena
1277 4311 1356 4357 est
1384 4311 1544 4366 terra,
1572 4308 1627 4355 et
1658 4294 2017 4352 misericordia
2049 4296 2157 4350 Do-

592 4404 717 4459 mini
744 4401 893 4472 pleua
920 4407 1000 4453 est
1021 4404 1181 4451 terra.
1208 4394 1502 4462 Coaliergo,
1531 4390 1619 4445 ubi
1646 4389 1787 4443 nulla
1816 4396 1896 4443 est
1923 4387 2156 4453 miseria,

590 4491 842 4563 numquid
867 4488 987 4559 quia
1013 4501 1117 4542 non
1146 4485 1378 4554 indigent
1396 4479 1775 4545 misericordia,
1795 4493 1898 4533 non
1924 4477 2161 4547 indigent

593 4583 852 4638 Domino?
875 4579 1061 4634 Omnia
1084 4575 1318 4646 indigent
1334 4572 1577 4637 Domino,
1601 4580 1654 4625 et
1673 4570 1865 4623 misera
1886 4575 1938 4623 et
1961 4567 2153 4623 felicia.

588 4675 715 4727 Siue
755 4673 845 4727 illo
892 4670 1052 4725 miser
1095 4681 1200 4721 non
1241 4664 1566 4725 sublevatur,
1615 4660 1728 4715 sine
1759 4660 1847 4714 illo
1887 4658 2014 4715 felix
2052 4674 2159 4714 non

589 4766 787 4833 regitur
815 4762 855 4815 ⁸.
887 4761 1047 4831 Ergo,
1078 4772 1145 4813 ne
1175 4756 1308 4811 forte
1333 4753 1403 4809 de
1431 4752 1580 4808 oculis
1599 4765 1886 4821 qurereres,
1918 4764 2037 4804 cum
2067 4764 2158 4804 au-

586 4857 748 4920 dires,
787 4850 1134 4907 Misericordia
1174 4847 1377 4902 Domini
1404 4845 1555 4915 plena
1594 4852 1665 4897 est
1695 4851 1843 4907 terra,
1877 4842 2000 4896 audi
2034 4841 2157 4911 quia

587 4945 811 5000 Domino
834 4951 889 4996 et
903 4941 1022 4996 οωιί
1044 4938 1307 5009 indigent;
1339 4935 1583 4992 Sermone
1602 4931 1807 4986 Domini
1825 4930 1938 4985 casti
1956 4931 2159 4986 solidati

583 5044 721 5089 sunt.
751 5031 879 5086 Nam
912 5045 1015 5084 non
1039 5043 1069 5082 a
1109 5042 1167 5082 se
1191 5026 1290 5081 sibi
1336 5025 1739 5081 solidameutum
1782 5020 2014 5086 fuerunt,
2059 5036 2159 5076 nec

586 5124 685 5193 ipsi
704 5122 834 5177 coeli
859 5120 1159 5175 firmitatem
1181 5117 1281 5172 sibi
1305 5116 1568 5187 propriam
1586 5114 1966 5184 priestiterunt.
2001 5109 2156 5165 Verbo

592 5215 793 5268 Domini
814 5210 925 5266 coeli
950 5209 1137 5280 ﬁrmati
1160 5219 1296 5274 sunt,
1327 5218 1371 5262 et
1395 5208 1591 5278 Spiritu
1614 5207 1714 5259 oris
1738 5206 1846 5277 ejus
1874 5204 2035 5258 omnis
2059 5204 2158 5257 vir-

586 5317 664 5360 tus
690 5301 879 5360 eorum.
909 5302 1024 5357 Non
1050 5302 1348 5357 habuerunt
1390 5296 1585 5369 aliquid
1613 5313 1677 5352 ex
1705 5312 1783 5361 se,
1815 5306 1869 5350 et
1909 5304 2154 5363 tanquam

583 5400 1006 5469 supplementum
1035 5409 1066 5464 a
1094 5395 1316 5449 Domino
1361 5402 1730 5463 perceperunt.
1778 5390 1976 5459 Spiritu
2014 5391 2153 5443 enim

645 5553 661 5584 ⁸
689 5559 737 5600 ιιι
758 5549 891 5606 Edd.,
914 5562 973 5599 ne
995 5547 1134 5612 quasi
1153 5560 1248 5597 non
1276 5545 1353 5597 sit.
1383 5548 1525 5595 Abest
1543 5543 1788 5612 particula,
1814 5555 1926 5602 non,
1949 5555 1978 5591 a
2002 5552 2104 5593 MSS.

643 5616 663 5645 ²
688 5622 758 5661 ter.
785 5620 836 5660 et
859 5604 986 5668 ιᾷοτη
1009 5604 1203 5660 malum.
1232 5617 1288 5656 At
1310 5620 1406 5655 Αιιι.
1435 5616 1487 5657 et
1509 5604 1635 5663 διες»,
1660 5604 1799 5668 ritate.

644 5676 664 5707 ³
688 5670 799 5722 edd.
821 5686 833 5720 :
863 5680 914 5722 Et
937 5663 1047 5721 cum
1068 5669 1266 5719 venires.
1286 5677 1349 5732 Διιι
1367 5668 1535 5732 plures
1554 5675 1679 5732 sise,
1706 5663 1955 5732 inrcnires.

642 5738 803 5801 ἔθεε.
831 5734 1051 5801 et_\=atie.
1095 5738 1223 5801 fissa
1253 5723 1472 5801 sine'ilto
1509 5728 1625 5790 felix
1670 5740 1761 5775 non
1797 5723 2016 5786 erigitur.
2063 5725 2148 5774 Alii

586 5790 793 5858 quinque
817 5809 831 5844 :
860 5795 961 5844 sine
974 5790 1065 5843 illo
1083 5792 1203 5853 felix
1224 5797 1345 5852 eget.

608 353 651 388 :7
1823 330 1883 388 s.
1924 316 2286 384 AUGUSTINI
2329 322 2624 380 EPISCOPI

3710 325 3825 383 288

2244 433 2345 488 oris
2369 450 2477 504 ejus
2506 448 2609 488 non
2641 448 2782 503 pars,
2816 432 2907 489 sed
2938 434 3100 490 omnis
3125 437 3276 489 virtus
3304 452 3495 491 eorum.
3644 408 3661 455 ⁵

2315 526 2368 582 5.
2402 526 2560 589 Sane,
2590 528 2797 587 fratres,
2826 527 2999 582 videte
3027 528 3214 582 eadem
3243 544 3399 598 opera
3431 529 3546 585 Filii
3572 539 3627 585 et
3648 531 3829 602 Spiri-

2247 627 2331 673 tus
2357 621 2545 672 sancti.
2579 618 2690 673 Non
2717 620 2856 673 enim
2890 620 3216 691 negligenter
3242 622 3663 689 praetereundum
3698 636 3788 680 est
3812 669 3827 691 ,

2247 717 2462 780 propter
2489 709 2743 779 quosdam
2791 709 2998 781 iniquos
3038 712 3357 766 discretores
3399 722 3453 766 et
3493 715 3833 772 turbulentos

2247 801 2574 857 confusores.
2606 801 2894 872 Utrumque
2920 804 3059 857 enim
3088 804 3226 858 male
3253 804 3329 858 fit.
3359 803 3702 862 (Iunfundunt
3731 810 3830 872 illi.

2249 894 2387 949 male
2414 892 2785 959 discernendo,
2817 905 3112 949 creaturam
3139 911 3260 949 cum
3299 896 3589 962 Creatore;
3620 910 3676 954 et
3706 917 3830 956 cum

2249 986 2319 1042 sit
2335 996 2543 1041 creator
2559 984 2785 1057 Spiritus
2805 987 2919 1045 Dei.
2939 987 3077 1041 inter
3091 986 3361 1044 creaturas
3381 999 3501 1043 eum
3521 1005 3822 1050 numerant.

2250 1076 2327 1132 Illi
2352 1076 2674 1143 discernunt,
2704 1086 2758 1133 et
2784 1078 3111 1156 confundunt
3139 1096 3151 1131 :
3182 1079 3590 1145 confundantur,
3617 1094 3674 1137 ut
3694 1100 3820 1138 con-

2251 1178 2543 1224 vertantur.
2585 1167 2723 1223 Audi
2765 1168 2922 1223 modo
2963 1185 3126 1224 unum
3172 1185 3305 1240 opus
3348 1169 3462 1225 Filii
3504 1184 3554 1225 et
3596 1172 3826 1243 Spiritus

2252 1260 2443 1316 sancti.
2473 1260 2702 1316 Verbum
2731 1270 2875 1316 certe
2911 1261 3004 1316 Dei
3048 1262 3211 1317 Filius
3240 1273 3340 1328 cst,
3388 1276 3441 1319 et
3464 1266 3691 1334 διιίιιῐιιις
3722 1272 3829 1323 επις

2253 1353 2368 1424 ejus
2394 1353 2622 1424 Spiritus
2670 1364 2886 1409 sanctus
2912 1362 3013 1410 est.
3054 1352 3213 1409 Verbo
3240 1354 3449 1410 Domini
3471 1360 3582 1413 αι’ιὶ
3623 1362 3831 1416 solidati

2252 1453 2387 1500 sunt.
2414 1445 2550 1513 Quid
2576 1458 2660 1501 est
2685 1457 2861 1502 autem
2898 1447 3150 1503 solidatas
3175 1464 3310 1515 esse,
3363 1451 3461 1505 nisi
3493 1452 3691 1508 habere.
3718 1468 3829 1509 sta-

2253 1537 2413 1597 bilem
2438 1546 2493 1594 et
2531 1537 2736 1592 firmam
2761 1539 3009 1594 virtutem
3030 1538 3053 1592 ?
3083 1539 3147 1593 Et
3175 1539 3371 1609 Spiritu
3397 1542 3499 1595 oris
3523 1545 3649 1613 ejus
3671 1548 3835 1602 omnis

2255 1635 2413 1690 virtus
2439 1650 2631 1691 eorum.
2658 1632 2841 1694 Possm
2870 1641 2923 1693 et
2947 1633 3025 1692 sic
3053 1632 3177 1697 dici,
3211 1633 3408 1705 Spiritu
3437 1630 3544 1689 oris
3573 1638 3692 1706 ejus
3711 1642 3834 1693 Ctl‘ii

2257 1729 2467 1785 solidati
2522 1739 2661 1797 sunt,
2692 1740 2748 1788 et
2798 1733 2970 1788 Verbo
2996 1729 3402 1790 Domini'omnis
3424 1730 3588 1791 virtus
3620 1755 3834 1795 eorum.

2256 1818 2406 1887 Quod
2443 1830 2527 1875 est
2571 1822 2712 1876 enim
2754 1823 2915 1877 omnis
2956 1824 3111 1879 virtus
3148 1842 3341 1891 eorum,
3384 1827 3482 1882 hoc
3508 1841 3587 1883 est
3627 1832 3837 1887 solidati

2256 1921 2390 1965 sunt.
2422 1910 2534 1968 Hoc
2558 1927 2685 1983 ergo
2713 1912 2837 1968 facit
2874 1914 3035 1970 Filius
3061 1925 3113 1971 et
3147 1916 3373 1987 Spiritus
3401 1930 3636 1977 sanctus.
3668 1923 3845 1977 Νιιιιι-’

2259 2001 2382 2069 quid
2411 2002 2524 2060 sine
2552 2003 2752 2060 Patre?
2777 2005 2906 2074 Quis
2932 2022 3058 2077 ergo
3083 2006 3207 2062 facit
3227 2024 3320 2079 per
3343 2009 3573 2065 Verbum
3602 2030 3761 2069 suum
3786 2025 3839 2070 et

2260 2092 2513 2163 Spiritum
2543 2112 2717 2160 suum,
2748 2098 2850 2152 nisi
2878 2099 3026 2169 cujus
3057 2099 3288 2155 Verbum
3317 2111 3419 2168 est,
3455 2114 3508 2159 et
3533 2107 3685 2173 cujus
3717 2106 3841 2175 Spi-

2260 2187 2429 2243 ritus?
2452 2186 2681 2245 Trinitas
2709 2205 2833 2260 ergo
2858 2190 2973 2246 lucc
3001 2198 3135 2246 unus
3165 2192 3322 2247 Deus.
3355 2192 3503 2248 llunc
3532 2197 3722 2252 adorat
3747 2203 3839 2269 qui

2260 2278 2405 2333 novit
2425 2279 2667 2345 adorare,
2695 2280 2832 2336 lmuc
2857 2281 3052 2350 ubique
3080 2281 3239 2338 habet
3262 2284 3351 2353 qui
3375 2285 3387 2316 ¹
3414 2300 3472 2340 se
3487 2292 3837 2344 converterit.

2258 2367 2373 2423 Non
2417 2370 2556 2425 enim
2582 2371 2835 2439 qnmritur
2859 2370 2925 2425 ab
2954 2373 3189 2438 aversis;
3227 2374 3319 2428 sed
3359 2375 3470 2444 ipse
3500 2387 3655 2430 vocat
3684 2394 3839 2433 aver-

2259 2473 2368 2520 sos,
2395 2468 2453 2514 ut
2483 2460 2695 2528 impleat
2722 2476 3029 2517 conversos.

2331 2552 2383 2608 6.
2416 2552 2575 2616 Sane,
2610 2552 2818 2618 fratres,
2866 2556 3100 2622 exceptis
3144 2556 3246 2610 illis
3283 2558 3433 2613 caelis
3472 2562 3843 2629 superioribus

2263 2648 2453 2717 ignotis
2496 2647 2728 2702 nobisin
2759 2659 2897 2702 terra
2935 2649 3317 2716 laborantibus,
3349 2660 3406 2706 et
3448 2668 3540 2721 per
3579 2653 3843 2711 humanas

2261 2738 2592 2809 conjecturas
2658 2749 2940 2810 utcumque
2985 2740 3084 2794 ista
3144 2743 3545 2811 quaerentibus;
3595 2751 3842 2817 exceptis

2262 2848 2388 2903 ergo
2417 2833 2522 2888 illis
2543 2832 2713 2898 ctelis,
2752 2833 2841 2903 qui
2871 2833 3135 2902 quomodo
3164 2834 3270 2890 sint
3298 2850 3457 2905 super
3495 2836 3725 2892 invicem
3754 2841 3841 2895 vel

2261 2936 2390 2997 quot
2426 2927 2551 2990 sint,
2597 2926 2679 2981 vel
2703 2926 2893 2997 quibus
2917 2926 3087 2982 modis
3113 2925 3347 2983 distincti
3377 2930 3502 2996 siut,
3531 2933 3726 3000 quibus
3755 2934 3843 2989 in-

2261 3017 2394 3073 colis
2419 3018 2617 3089 impleti
2638 3017 2764 3083 sint,
2787 3034 2887 3087 qua
2910 3017 3257 3087 dispositione
3279 3033 3545 3091 regantur,
3566 3027 3844 3092 quomodo

2263 3111 2332 3163 ibi
2379 3127 2513 3165 unus
2553 3110 2764 3180 quidam
2814 3111 3042 3182 hymnus
3084 3110 3391 3168 indelicieus
3434 3116 3727 3169 concinens
3775 3120 3846 3171 ali

2262 3204 2507 3258 omnibus
2552 3202 2800 3271 prmdicet
2829 3203 2993 3259 Deum
3022 3205 3065 3270 ',
3098 3207 3316 3259 multum
3344 3216 3425 3261 est
3461 3208 3526 3261 ad
3567 3224 3666 3263 uos
3695 3211 3847 3265 iure-

2263 3295 2396 3359 nire,
2428 3297 2714 3364 satagimus
2745 3306 2917 3351 tamen
2945 3295 3241 3364 pervenire.
3274 3296 3348 3351 lbi
3378 3305 3460 3352 est
3491 3299 3632 3354 enim
3666 3303 3841 3368 patria

2262 3399 2464 3452 nostra,
2496 3402 2651 3457 quam
2681 3386 2831 3456 longa
2860 3385 3084 3442 fortasse
3116 3389 3536 3457 peregrinatione
3562 3390 3714 3443 obliti
3744 3408 3841 3445 sn-

2263 3493 2402 3533 tnus.
2437 3478 2545 3532 Vox
2577 3478 2716 3533 enim
2762 3487 2937 3533 nostra
2968 3488 3051 3532 est
3080 3478 3131 3532 in
3172 3477 3262 3532 illo
3293 3480 3493 3549 psalmo
3529 3498 3543 3533 :
3587 3480 3703 3536 Heu
3730 3501 3842 3547 me,

2262 3571 2496 3641 quoniam
2541 3569 2871 3639 peregrinatio
2913 3585 3023 3623 mea
3064 3569 3342 3641 longinqua
3387 3572 3519 3642 facta
3546 3584 3616 3624 est
3663 3571 3840 3644 (Paul.

2262 3678 2403 3726 cxtx,
2436 3661 2524 3733 5)!
2568 3661 2708 3731 Ergo
2732 3660 2799 3716 de
2825 3660 2928 3715 illis
2953 3661 3103 3716 cmlis
3144 3670 3198 3715 et
3225 3660 3351 3714 mibi
3390 3661 3604 3717 diflicile
3631 3675 3714 3717 est
3732 3664 3844 3718 dis-

2264 3762 2451 3841 putare
2482 3793 2497 3816 ,
2544 3751 2587 3805 si
2630 3760 2802 3805 tamen
2843 3768 2946 3804 non
2977 3748 3326 3821 impassibile,
3368 3760 3423 3807 et
3451 3753 3597 3806 vobis
3642 3754 3842 3809 intelli-

2261 3859 2406 3914 gere.
2437 3842 2594 3899 Certe
2622 3842 2823 3913 quinte
2852 3841 2903 3896 in
2953 3841 3031 3895 his
3059 3843 3215 3896 rebus
3246 3842 3513 3897 intellectu
3555 3847 3839 3913 pra-venit,

2262 3937 2467 3993 fruatur
2511 3952 2616 4007 quo
2663 3936 2965 4007 praecessit,
3014 3946 3067 4007 et
3113 3947 3228 3991 uret
3269 3953 3367 4008 pro
3412 3955 3512 4010 me_
3545 3948 3603 3994 ut
3645 3955 3847 4010 sequar

2263 4045 2382 4100 ego.
2412 3998 2624 4085 interim
2652 3998 2887 4099 exceptis
2912 3998 3210 4092 illiscoelis,
3245 3998 3415 4085 h-abeo
3438 3998 3512 4084 de
3534 3998 3740 4101 quibus
3760 4035 3845 4088 hic

2261 4132 2547 4191 utcumque
2587 4120 2866 4186 disseram,
2908 4121 3060 4175 nobis
3101 4122 3367 4190 proximos
3415 4123 3581 4177 cmlos
3620 4137 3845 4181 sanctos

2262 4215 2355 4270 Dei
2386 4212 2688 4284 Apostolos,
2721 4213 3093 4282 praedicatores
3122 4214 3266 4268 verbi
3293 4215 3550 4275 veritatis.
3577 4231 3674 4285 per
3705 4234 3844 4287 quos

2261 4310 2428 4365 caelos
2464 4308 2717 4378 compluti
2744 4324 2950 4373 sumus,
2991 4317 3048 4363 ut
3076 4324 3170 4377 per
3209 4319 3372 4362 totttm
3404 4308 3659 4363 mundum
3689 4328 3847 4381 seges

2262 4400 2512 4458 Ecclesia:
2554 4399 2870 4468 pullularet;
2899 4399 2996 4457 etsi
3037 4415 3158 4455 cum
3187 4399 3400 4453 zizaniis
3445 4401 3655 4454 interim
3686 4417 3846 4454 coin-

2261 4509 2475 4551 munem
2499 4493 2685 4548 bibens
2709 4493 2955 4563 pluviam,
2979 4492 3071 4547 sed
3096 4504 3267 4548 tamen
3296 4492 3544 4548 horreum
3564 4508 3671 4547 non
3700 4493 3848 4548 habi-

2264 4595 2377 4642 tura
2403 4598 2703 4641 commune.

2257 4682 2267 4695 '
2331 4678 2384 4732 7.
2410 4676 2550 4747 Ergo
2562 4691 2681 4731 cum
2700 4674 2896 4729 dictum
2918 4684 3078 4740 esset,
3098 4672 3444 4729 Misericordia
3467 4674 3673 4729 Domini
3690 4678 3848 4746 plena

2261 4779 2333 4825 est
2368 4778 2498 4823 terra
2531 4783 2552 4822 :
2581 4767 2730 4838 quasi
2774 4781 3063 4836 qumrrres,
3116 4764 3264 4821 Unde
3309 4766 3521 4836 impleta
3566 4778 3646 4822 est
3696 4779 3849 4823 terra

2261 4858 2620 4915 misericordia
2650 4856 2894 4912 Domini?
2926 4856 3075 4910 Prius
3105 4856 3250 4911 missi
3280 4866 3403 4912 sunt
3426 4856 3570 4920 ctuti,
3601 4860 3693 4927 qui
3739 4862 3849 4914 mi-

2260 4948 2599 5006 sericordiam
2625 4946 2831 5002 Domini
2872 4955 3180 5016 Spargercut
3206 4962 3367 5015 super
3395 4957 3610 5009 terram,
3653 4958 3709 5003 et
3742 4951 3852 5004 hoc

2259 5052 2421 5109 super
2468 5047 2628 5093 totam
2676 5048 2890 5092 terram.
2921 5036 3053 5091 Nam
3092 5037 3210 5092 vide
3254 5037 3375 5109 quid
3416 5037 3482 5092 de
3527 5039 3658 5108 ipsis
3687 5044 3851 5098 caelis

2258 5130 2381 5185 alibi
2406 5129 2597 5184 dicitur
2621 5145 2632 5180 :
2657 5127 2780 5182 σιειὶ
2806 5135 3041 5181 enarrant
3079 5128 3291 5199 gloriam
3318 5127 3438 5193 Dei,
3476 5138 3520 5181 et
3545 5145 3700 5199 opera
3733 5148 3851 5184 ma-

2230 5241 2415 5300 .nuum
2457 5239 2564 5287 ants
2606 5222 2874 5274 annuntiat
2916 5220 3303 5283 ﬁrmamentum.
3351 5219 3501 5288 Quod
3546 5217 3707 5285 εαξη,
3741 5223 3853 5276 hoc

2261 5318 2666 5369 firmamentum.
2699 5311 2816 5365 Dies
2858 5311 2959 5365 diei
2997 5322 3185 5364 eructat
3225 5312 3446 5375 vernum,
3488 5318 3534 5365 et
3573 5327 3677 5364 nos:
3704 5313 3852 5365 nocti

2258 5415 2518 5460 annuntiat
2558 5404 2833 5458 scientiam.
2868 5403 2977 5456 Non
3021 5411 3278 5467 cessatur,
3325 5417 3428 5455 non
3461 5410 3687 5456 tacetur.
3734 5402 3847 5457 Sed

2262 5499 2345 5551 ubi
2392 5495 2826 5566 ριθςιξιΙίιιςινυΓιιηῑ,
2870 5500 2926 5546 et
2965 5507 3237 5563 quousque
3281 5492 3681 5563 pervenerunt?
3715 5491 3850 5547 Non

2258 5599 2371 5642 sunt
2416 5586 2641 5656 lUf’ik'lﬂ’.
2675 5600 2827 5652 neque
2855 5600 3125 5647 sermones,
3161 5600 3373 5650 quorum
3416 5600 3514 5639 non
3558 5584 3851 5639 audiantur

2322 5723 2334 5751 ¹
2364 5722 2435 5766 sit:
2457 5725 2560 5766 Mss.
2592 5724 2642 5765 At
2663 5715 2793 5769 fidit,
2823 5728 2913 5778 quo
2935 5728 2984 5764 se
3005 5714 3300 5764 converterit.

2323 5785 2340 5813 ³
2502 5788 2616 5842 ncg.
2645 5786 2694 5828 et
2715 5780 2877 5836 \‘atic.,
2901 5777 3190 5839 pra'cinctur
3214 5785 3332 5827 Deo.
