3972 6198
169 319 276 376 289

175 435 534 488 roces'eorum.
567 433 673 490 Sed
702 435 803 491 hoc
824 438 1047 506 pertinet
1074 435 1138 488 ad
1167 436 1217 489 id
1239 435 1358 504 quia
1386 434 1621 487 omnium
1654 432 1754 484 lin-

174 527 289 595 guis
316 526 478 580 locuti
508 534 631 580 sunt
660 528 709 580 in
740 543 846 582 uno
871 528 988 581 loco
1018 526 1151 595 (Act.
1186 543 1243 590 ιι,
1269 528 1345 596 4).
1373 525 1624 580 Omnium
1656 524 1756 576 liu-

175 619 290 687 guis
322 618 509 684 locuti,
543 619 893 688 impleverunt
921 620 1059 688 quod
1103 619 1297 674 dictum
1339 629 1439 682 est,
1496 616 1613 670 Non
1642 623 1756 679 sunt

175 710 390 777 loquela:
431 725 588 777 neque
624 725 894 773 sermones,
926 727 1136 779 quorum
1164 727 1263 762 non
1306 710 1578 761 audiuntur
1615 722 1754 759 voces

175 815 368 853 eorum.
388 799 494 855 Sed
522 816 722 870 qurere,
740 802 849 870 ipsa
867 816 964 855 vox
996 802 1048 854 in
1067 802 1310 855 omnibus
1340 801 1528 869 linguis
1555 814 1753 865 quous-

173 908 277 962 que
299 894 622 964 pervenerit,
644 910 761 964 qnzc
784 895 1100 963 impleverit.
1122 895 1253 947 Audi
1285 908 1409 961 ergo
1429 892 1568 961 quod
1589 895 1755 959 sequi.

175 992 292 1036 tur:
324 982 392 1038 In
407 1001 599 1038 omnem
623 996 804 1038 terram
826 987 942 1038 exiit
961 1003 1112 1038 sonus
1133 1003 1322 1049 eorum,
1342 986 1454 1037 etin
1481 985 1605 1052 ﬁnes
1622 985 1755 1037 orbis

171 1086 324 1129 terra:
341 1075 491 1129 verba
507 1092 674 1141 eorum
693 1074 857 1145 (Psal.
883 1091 1026 1140 xvtn,
1050 1075 1189 1140 2—5).
1207 1077 1462 1142 Quorum,
1481 1075 1577 1126 nisi
1595 1074 1756 1127 ccelo-

174 1180 292 1218 rum
311 1165 402 1234 qui
429 1177 681 1220 enarrant
709 1165 926 1234 gloriam
953 1167 1040 1217 Dei
1063 1165 1086 1217 ?
1110 1165 1246 1233 Ergo
1274 1165 1315 1218 si
1337 1165 1384 1216 iu
1409 1179 1618 1217 multem
1651 1173 1754 1216 tcr-

175 1271 287 1308 ram
307 1256 436 1310 exiit
454 1269 618 1309 sonus
637 1270 838 1317 eorum,
859 1266 911 1308 et
935 1257 984 1308 in
1001 1257 1130 1308 lines
1147 1256 1288 1307 orbis
1309 1267 1460 1307 terra:
1482 1255 1638 1307 verba
1663 1268 1754 1306 co-

176 1363 316 1404 rum.
340 1347 466 1416 quid
497 1348 898 1416 prardicaveriut
926 1347 1099 1413 nobis,
1130 1347 1322 1400 indicet
1348 1347 1499 1402 nobis
1525 1347 1613 1416 qui
1635 1347 1756 1400 illos

158 1437 342 1492 misit.
381 1436 582 1491 Iudicat
610 1438 783 1507 plane,
826 1436 1049 1491 lidcliter
1095 1437 1292 1490 indicat
1320 1455 1332 1488 :
1361 1437 1480 1506 quia
1525 1446 1578 1491 et
1603 1446 1759 1496 ante:

176 1543 336 1599 quam
367 1527 554 1584 ﬁerent
586 1528 823 1598 praedixit
858 1528 1052 1591 futura,
1088 1529 1173 1582 ille
1201 1529 1352 1596 cujus
1390 1529 1563 1580 omnia
1594 1542 1755 1596 Opera

179 1621 233 1674 in
279 1619 402 1676 ﬁde.
430 1619 744 1676 Resurrexit
781 1623 920 1674 enim
951 1635 979 1672 a
1026 1620 1268 1683 mortuis,
1316 1628 1368 1673 ct
1417 1619 1757 1674 eontrcctatis

183 1712 436 1767 membris
462 1714 573 1767 suis
598 1713 804 1782 agnitus
830 1728 857 1766 a
888 1714 903 1744 ¹
934 1712 1207 1780 discipulis
1242 1712 1353 1764 suis
1390 1712 1461 1764 ait
1489 1729 1501 1763 :
1539 1711 1755 1778 Oporte-

185 1803 266 1856 bat
302 1805 409 1873 pati
429 1803 704 1867 Christum,
736 1813 780 1857 et
808 1820 1065 1874 resurgere
1092 1820 1124 1855 a
1148 1808 1358 1854 mortuis
1399 1802 1540 1854 tertio
1567 1802 1665 1865 die,
1710 1810 1756 1854 et

185 1894 450 1963 medicari
495 1895 545 1946 in
592 1894 791 1947 nomine
832 1895 940 1964 ejus
979 1894 1314 1962 paenitentiam
1345 1904 1388 1945 et
1418 1893 1757 1945 remissionem

184 1991 520 2054 peccatorum.
552 1981 724 2048 Unde,
770 1995 825 2040 et
866 1985 1178 2054 quousque?
1210 1983 1312 2037 Per
1353 2001 1522 2037 omnes
1549 1993 1717 2054 gentes
1739 2023 1755 2049 ,

183 2079 276 2143 ait,
316 2077 671 2147 incipientibus
714 2077 775 2129 ab
802 2075 1080 2131 Jerusalem
1127 2076 1276 2145 (Luc.
1323 2092 1464 2138 xxiv,
1512 2075 1600 2140 46,
1644 2075 1755 2144 47).

183 2171 348 2238 Quam
390 2161 806 2240 misericordiam
836 2186 963 2226 vero
992 2186 1176 2225 omnes
1205 2180 1571 2240 exspecta-mus
1591 2210 1605 2232 ,
1650 2168 1757 2222 fra-

184 2273 310 2326 tres,
361 2261 662 2318 uberiorem
693 2279 722 2316 a
756 2263 1017 2327 Domino,
1069 2263 1166 2316 nisi
1217 2271 1273 2316 nt
1319 2274 1530 2331 peceata
1578 2273 1756 2315 nostra

181 2356 554 2410 dimittantur?
582 2355 710 2409 Cum
763 2371 891 2424 ergo
939 2371 999 2410 ea
1045 2356 1114 2409 sit
1163 2369 1348 2424 magna
1399 2353 1756 2408 misericordia

184 2447 417 2513 Domini,
467 2447 710 2502 remissio
739 2456 1094 2516 peccatorum,
1138 2455 1192 2500 et
1223 2446 1358 2500 hanc
1389 2446 1756 2500 remissionem

180 2547 519 2608 peccatorum
561 2538 804 2608 prmdtxit
845 2539 1095 2593 Dominus
1136 2536 1407 2608 praedicari
1452 2553 1546 2606 per
1573 2552 1758 2592 omnes

182 2639 386 2700 gentes,
407 2628 756 2683 Misericordia
771 2629 974 2683 Domini
993 2628 1140 2696 plena
1165 2639 1235 2682 est
1257 2639 1404 2681 terra.
1432 2628 1583 2684 Unde
1603 2630 1757 2697 plena

181 2731 263 2775 est
286 2729 428 2775 terra
446 2720 472 2774 ἲ
499 2719 861 2790 Misericordia,
896 2720 1122 2774 Domini.
1165 2719 1381 2786 Quare?
1408 2718 1538 2785 Quia
1565 2720 1759 2788 ubique

183 2811 398 2865 dimittit
427 2820 640 2882 peccata
683 2811 843 2879 Deus,
887 2811 1008 2882 quia
1055 2811 1196 2864 misit
1237 2811 1402 2865 coctos
1429 2811 1520 2880 qui
1565 2820 1757 2865 terram

183 2903 566 2974 compluerent.

251 2995 306 3052 8.
341 2996 402 3051 Et
429 2997 698 3066 quomodo
725 2995 835 3048 ausi
866 3003 989 3047 sunt
1016 2992 1114 3062 ipsi
1140 2993 1256 3048 caeli
1286 2993 1362 3047 ire
1390 3009 1508 3047 cum
1547 2991 1756 3060 fiducia,

184 3102 248 3142 ex
272 3087 576 3142 hominibus
604 3086 827 3141 inﬁrmis
855 3087 972 3139 coeli
1001 3085 1136 3151 ﬁeri,
1163 3086 1262 3139 nisi
1293 3086 1415 3154 quia
1457 3085 1610 3139 Verbo
1647 3085 1758 3139 Do-

184 3177 306 3231 mini
331 3177 446 3233 creti
483 3177 689 3232 solidati
725 3177 886 3231 sunt?
916 3176 1064 3232 Unde
1094 3177 1235 3231 enim
1279 3177 1530 3231 haberent
1560 3186 1758 3232 tantam

185 3271 430 3325 virtutem
473 3285 601 3325 oves
626 3269 764 3324 inter
802 3270 974 3337 lupos,
1006 3270 1105 3322 nisi
1132 3270 1252 3338 quia
1298 3269 1495 3339 Spiritu
1520 3271 1621 3324 oris
1648 3271 1760 3338 eius

183 3362 342 3416 cuiuis
380 3363 547 3416 virtus
575 3361 788 3416 eorum?
823 3359 973 3427 Ecce,
1007 3361 1190 3430 inquit,
1219 3362 1358 3413 mitto
1386 3377 1470 3414 vos
1494 3362 1620 3415 sicut
1648 3379 1760 3417 oves

182 3453 234 3505 in
257 3451 424 3505 media
463 3451 698 3522 luporum
741 3450 949 3520 (Matth.
981 3467 1036 3516 χ,
1083 3449 1190 3522 16).
1224 3451 1269 3506 0
1301 3453 1519 3507 Domine
1550 3455 1758 3507 miseri-

182 3543 495 3601 eordissime
518 3545 532 3598 !
557 3543 712 3599 Certe
737 3544 836 3598 hoc
859 3543 1005 3609 facis,
1026 3552 1083 3596 ut
1103 3545 1464 3599 misericordia
1490 3555 1575 3598 tua
1604 3547 1758 3615 plena

184 3639 248 3692 sit
273 3647 441 3693 terra.
465 3637 523 3693 Si
553 3651 680 3707 ergo
703 3637 772 3691 ita
800 3651 859 3691 es
885 3636 1204 3700 misericors,
1239 3646 1294 3690 ut
1320 3637 1538 3706 impleas
1564 3647 1755 3692 terram

185 3727 568 3794 misericordia,
596 3726 715 3782 vide
741 3742 874 3798 quos
901 3727 1083 3793 mittis,
1113 3726 1231 3781 vide
1270 3743 1373 3797 quo
1403 3728 1586 3784 mittis.
1620 3729 1755 3796 Quo,

185 3821 419 3892 inquiri,
465 3821 654 3887 mittis,
685 3830 738 3875 et
762 3837 894 3890 quos
920 3820 1126 3873 mittis?
1153 3818 1291 3875 Oves
1331 3820 1381 3873 in
1412 3821 1640 3885 medium
1673 3822 1757 3874 lu-

185 3929 385 3984 porum.
411 3911 573 3970 'Unus
600 3913 752 3982 lupus
771 3913 817 3966 si
845 3913 1081 3966 mittatur
1111 3911 1161 3965 in
1192 3911 1422 3965 medium
1452 3913 1756 3966 innumera-

185 4005 362 4058 bilium
392 4005 595 4067 ovium,
630 4003 746 4074 quis
773 4004 821 4058 ei
853 4002 1094 4057 resistit?
1125 4001 1261 4068 Quid
1293 4019 1396 4055 non
1439 4003 1755 4070 conturbat,

185 4097 281 4152 nisi
321 4097 462 4152 forte
493 4095 614 4166 quia
645 4096 751 4149 cito
783 4095 1047 4148 satiatur?
1073 4093 1206 4147 Nam
1254 4093 1428 4146 omnia
1459 4093 1755 4148 devoraret.

183 4189 341 4244 Mittis
381 4187 621 4242 inﬁrmos
649 4190 784 4242 inter
808 4186 1017 4242 savos?
1058 4186 1228 4250 Mitto,
1261 4185 1448 4255 inquit,
1489 4185 1610 4254 quia
1637 4187 1757 4241 θα)ιί

183 4283 336 4346 ﬁunt,
365 4291 426 4336 ut
455 4290 648 4336 terram
693 4281 1014 4350 compluant.
1046 4279 1197 4334 Unde
1237 4280 1356 4333 caeli
1390 4278 1628 4333 homines
1674 4280 1757 4334 in-

185 4376 359 4428 ﬁrmi?
395 4373 501 4429 Sed
531 4373 726 4444 Spiritu
751 4373 852 4425 oris
879 4374 990 4442 ejus
1016 4372 1177 4424 omnis
1205 4371 1359 4423 virtus
1398 4386 1587 4422 eorum.
1622 4371 1757 4425 Ecce

185 4467 288 4535 lupi
316 4465 570 4520 tenebunt
599 4479 710 4526 vos,
741 4473 794 4517 ct
823 4462 1029 4516 tradent
1056 4477 1167 4526 vos,
1195 4470 1247 4514 ct
1271 4460 1495 4514 offerent
1519 4471 1755 4530 potesta-

183 4557 328 4610 tibus
369 4565 585 4625 propter
631 4571 821 4608 nomen
870 4569 1065 4608 metun.
1113 4552 1227 4607 Jam
1273 4569 1365 4605 vos
1393 4562 1595 4606 armate
1640 4568 1751 4605 vos.

183 4647 392 4702 Virtute
421 4647 636 4700 vestra?
663 4648 826 4699 Absit.
857 4644 1029 4698 Nolite
1051 4644 1267 4713 cogitare
1289 4644 1407 4712 quid
1437 4643 1709 4710 loquamini
1739 4659 1757 4697 :

179 4755 284 4791 non
317 4739 448 4791 enim
491 4753 575 4790 vos
604 4737 716 4790 estis
757 4737 842 4805 qui
870 4735 1148 4804 quuimini,
1197 4734 1284 4786 sed
1323 4732 1544 4802 Spiritus
1585 4732 1756 4786 Patris

87 4818 96 4824 ’
177 4831 334 4884 vestri
351 4831 437 4901 qui
463 4830 683 4898 loquitur
701 4831 754 4881 in
775 4830 906 4881 vobis
937 4826 1095 4897 (Ibid.
1131 4827 1217 4892 i9,
1245 4823 1333 4895 ‘20)
1368 4842 1380 4877 :
1412 4825 1531 4894 quia
1557 4824 1754 4894 Spiritu

178 4925 287 4976 oris
317 4926 429 4990 ejus
451 4921 614 4974 omnis
643 4921 796 4973 virtus
817 4935 1006 4973 eorum.

251 5016 313 5070 9.
343 5013 645 5068 Facta‘sunt
666 5012 813 5075 hzec;
838 5012 984 5064 missi
1003 5017 1126 5063 sunt
1149 5009 1404 5077 Apostoli,
1429 5008 1756 5076 pertulerunt

179 5119 481 5174 pressurus.
503 5103 764 5174 Numquid
791 5101 947 5156 modo
974 5111 1142 5154 tantas
1162 5099 1375 5153 ferimus
1402 5108 1457 5152 ut
1479 5100 1754 5154 audiamus

177 5198 325 5260 har,
353 5207 573 5268 quantas
598 5195 670 5249 illi
696 5205 754 5249 ut
781 5194 1104 5247 seminareut
1133 5191 1277 5246 haec?
1305 5189 1439 5244 Non.
1471 5190 1582 5244 Erit
1604 5206 1747 5259 ergo,

178 5291 394 5350 [rati-cs.
422 5287 779 5342 infructuosus
808 5287 956 5339 labor
993 5293 1172 5338 noster
1195 5284 1216 5337 ?
1243 5283 1378 5338 Non.
1413 5283 1576 5336 Video
1621 5298 1751 5337 Cott-

177 5382 522 5450 stipationcm
564 5389 815 5436 vestram.
845 5377 935 5431 sed
967 5385 1020 5430 et
1045 5391 1138 5428 vos
1165 5374 1352 5430 videtis
1383 5375 1627 5428 sudorem
1656 5391 1751 5428 nu-

173 5487 372 5530 strum.
417 5473 470 5529 Si
503 5473 807 5530 toleramus.
850 5480 902 5523 et
936 5468 1372 5536 conregnabiu'tus
1400 5467 1417 5538 (
1437 5467 1475 5520 ll
1512 5466 1640 5519 Tim.
1675 5484 1706 5520 ιι
1735 5508 1748 5529 ,

183 5571 296 5637 1‘2).
333 5568 469 5622 Ecce
510 5567 640 5619 facta
688 5575 810 5619 sunt
855 5562 958 5615 illa.
1015 5562 1087 5614 Ex
1131 5561 1232 5614 illis
1268 5561 1452 5613 ovibus
1481 5560 1656 5614 missis
1700 5561 1750 5612 iu

178 5663 415 5714 Ittetlinm
442 5660 682 5726 luporum
704 5673 755 5710 et
784 5650 1372 5722 memoriasmartyrum
1397 5651 1746 5707 celebramus.

239 5780 258 5808 ι
297 5784 425 5834 διεδ..
448 5771 634 5835 agnitus
657 5767 897 5832 discipulis
921 5764 1034 5815 suis.

1232 318 1621 376 ENARIHTIO
1661 316 1724 371 IN
1765 316 2081 371 PSALMUM
2113 319 2322 375 XXXII.

3325 337 3426 396 290

1864 430 2031 486 Locus
2063 433 2184 502 iste,
2211 436 2420 504 quando
2449 442 2695 511 martyris
2727 443 2864 500 beati
2891 447 2964 518 (ιι)
2992 464 3180 516 corpus
3213 470 3430 524 percus-

1861 536 1976 576 sum
2007 534 2108 584 est,
2147 525 2283 594 lupis
2314 526 2500 595 plenus
2541 541 2654 585 erat
2683 551 2695 586 :
2727 534 2846 588 vicit
2875 547 2951 590 tot
2995 538 3144 609 lupos
3187 560 3287 600 una
3316 549 3429 603 ovis

1862 622 2032 680 capta,
2064 624 2118 668 et
2145 615 2380 685 implexit
2406 621 2575 674 locum
2607 625 2792 680 ovibus
2812 629 2925 681 ovis
2949 634 3138 686 occisa.
3169 635 3433 697 vaiehat

1863 713 1984 756 tunc
2029 723 2172 762 mare
2215 709 2514 779 ingentibus
2556 721 2978 786 persequentium
3027 726 3287 792 ﬂuctibus,
3322 735 3431 789 ibat

1861 797 1910 849 iu
1943 798 2141 878 aridam
2169 802 2431 858 sitientem
2469 808 2661 862 ccelum
2695 811 2806 865 Dei.
2837 813 2990 869 Modo
3016 831 3189 874 autem
3224 839 3316 892 per
3343 828 3431 882 illa

1858 904 1976 957 qua:
2003 891 2076 944 illi
2111 895 2244 960 passi
2274 909 2414 962 sunt,
2441 901 2528 969 qui
2569 903 2735 957 aciem
2784 922 3056 976 ruperunt,
3084 891 3428 982 gloriiicatum

1820 1053 1824 1058 ῃ
1859 991 2154 1076 cst-nomen
2185 985 2379 1043 Christi
2415 1007 2426 1042 :
2457 997 2730 1064 occupavit
2773 1001 2928 1054 etiam
2977 1003 3115 1074 ipsas
3146 1021 3432 1076 potestates

1859 1071 2133 1172 ambulans
2161 1093 2320 1145 super
2352 1082 2519 1149 capita
2567 1089 2875 1143 tumcutimn
2901 1071 3182 1164 gurgitum.
3220 1100 3277 1154 Et
3311 1107 3428 1172 quia

1860 1161 1957 1215 ista
1989 1164 2122 1218 facta
2150 1179 2291 1231 sunt,
2324 1171 2482 1225 modo
2521 1175 2677 1230 ctiam
2705 1181 2792 1248 qui
2824 1161 3021 1249 vident,
3049 1189 3278 1244 nondum
3308 1161 3428 1247 (irc-

1859 1252 2063 1322 deutes,
2095 1261 2458 1316 conventicula
2492 1277 2691 1332 nostra,
2736 1273 3138 1342 celebrationes,
3180 1283 3430 1338 solemni-

1860 1355 2012 1410 tates,
2043 1349 2223 1406 laudes
2268 1353 2371 1422 jam
2415 1353 2718 1414 manifestas
2750 1374 2800 1417 et
2833 1367 3073 1434 publicas
3102 1371 3190 1427 Dei
3223 1378 3386 1430 nostri
3413 1419 3427 1439 ,

1861 1440 2053 1506 putatis
2097 1456 2190 1496 eos
2243 1460 2345 1498 non
2391 1446 2590 1513 dolere,
2643 1456 2832 1521 putatis
2879 1474 2980 1512 non
3014 1460 3282 1518 fremere?
3327 1467 3431 1521 Sed

1859 1544 1998 1583 nunc
2027 1531 2274 1600 impletur
2295 1536 2433 1604 quod
2459 1538 2525 1594 de
2552 1541 2654 1596 illis
2697 1543 2894 1601 dictum
2927 1559 3007 1602 est
3039 1569 3050 1603 :
3087 1550 3330 1608 Peccator
3359 1558 3434 1610 vi-

1860 1621 2010 1681 debit,
2042 1633 2087 1677 et
2132 1626 2390 1682 irascetur.
2419 1631 2555 1695 Quid
2599 1651 2743 1704 ergo,
2771 1640 2888 1707 quia
2922 1641 3217 1698 irascetur?
3249 1647 3319 1701 Ne
3365 1651 3430 1702 ti—

1861 1730 2025 1779 meas,
2059 1718 2191 1782 ovis,
2223 1719 2422 1790 luptun.
2475 1724 2628 1779 Modo
2676 1731 2842 1784 minas
2888 1748 3068 1788 eorum
3101 1750 3152 1791 et
3194 1739 3431 1797 fremitus

1862 1821 1965 1859 non
1994 1809 2240 1864 timeatis.
2273 1810 2518 1868 Irascitur
2547 1835 2559 1870 :
2589 1819 2678 1872 sed
2705 1822 2828 1889 quid
2873 1828 3156 1891 sequitur?
3193 1829 3432 1888 Dentibus

1860 1897 1965 1950 suis
1993 1901 2187 1967 frendet
2213 1911 2259 1954 et
2288 1903 2498 1958 tabescet
2529 1906 2695 1977 (Psal.
2731 1926 2834 1975 CXI,
2873 1912 2982 1986 10).
3259 1905 3261 1907 ί

1950 1989 2032 2042 t0.
2066 1988 2212 2061 [vers.
2239 1992 2383 2065 7-9.)
2410 1996 2538 2063 Quia
2568 2015 2690 2068 ergo
2719 2004 2874 2056 modo
2905 2007 3041 2061 salsa
3072 2012 3232 2066 maris
3254 2029 3384 2084 aqua
3412 2058 3427 2080 ,

1861 2098 1980 2152 qua:
2014 2087 2297 2152 remansit,
2329 2089 2380 2143 in
2411 2091 2737 2148 Christianos
2765 2099 2952 2153 s:evire
2981 2119 3081 2155 non
3111 2106 3300 2172 audet,
3331 2125 3426 2162 oc-

1860 2175 2058 2229 cultum
2102 2187 2276 2232 autem
2315 2196 2554 2236 murmur
2583 2184 2722 2239 rodit
2749 2187 2763 2217 ¹
2799 2188 2847 2241 in
2879 2205 2967 2254 se,
2997 2200 3049 2244 et
3080 2194 3209 2248 intra
3241 2210 3432 2253 morta-

1863 2267 1962 2321 lem
2009 2268 2201 2335 pellem
2241 2269 2415 2326 fremit
2449 2277 2692 2330 conclusa
2721 2279 2968 2349 salsugo;
3002 2285 3172 2339 videte
3200 2291 3325 2356 quid
3352 2308 3435 2344 se-

1861 2359 2036 2425 quitur
2074 2376 2088 2413 :
2133 2358 2451 2434 Cangregans
2493 2367 2618 2420 sicut
2655 2369 2706 2422 in
2737 2381 2892 2424 utrem
2920 2391 3074 2442 aquas
3104 2380 3275 2432 maris.
3301 2382 3433 2436 Cum

1859 2465 1984 2520 ergo
2009 2460 2160 2506 antea
2193 2468 2339 2508 mare
2370 2455 2547 2511 liberis
2573 2459 2814 2518 [luctibus
2840 2465 3087 2521 saiviebat
3110 2509 3124 2534 ,
3159 2472 3312 2528 modo
3338 2490 3433 2526 au-

1864 2548 1966 2594 tem
1996 2542 2131 2597 intra
2162 2547 2404 2600 mortalia
2433 2559 2643 2616 pectora
2676 2553 2930 2608 inclusum
2958 2573 3196 2613 amarum
3222 2575 3322 2628 est,
3349 2566 3435 2620 ille

1863 2630 2090 2703 fecitqui
2124 2636 2173 2687 in
2203 2635 2304 2689 illis
2329 2638 2452 2692 vicit
2476 2681 2490 2703 ,
2519 2640 2606 2708 qui
2639 2644 2811 2708 posuit.
2837 2655 2958 2699 tnuc
2987 2650 3118 2701 mari
3144 2641 3431 2720 terminos,

1862 2735 1916 2778 ut
1945 2726 1996 2780 in
2027 2741 2085 2781 se
2113 2739 2411 2785 remeantes
2437 2734 2918 2790 comminuerentur
2943 2739 3130 2797 fluctus
3157 2751 3288 2814 ejus.
3320 2748 3434 2814 Ipse

1860 2822 2197 2891 congregavit
2238 2823 2386 2877 velut
2420 2823 2472 2878 in
2508 2835 2677 2880 utrem
2717 2843 2904 2898 aquam
2933 2835 3092 2890 maris
3137 2854 3151 2891 :
3199 2842 3434 2898 mortalis

1863 2913 2014 2982 pellis
2049 2916 2281 2985 contegit
2315 2931 2545 2972 amaram
2576 2921 2968 2989 cogitationem.
2999 2926 3264 2986 Timentes
3291 2935 3431 2988 enim

1860 3006 1985 3077 pelli
2030 3022 2172 3074 suae,
2218 3011 2356 3064 intus
2401 3019 2580 3066 tenent
2621 3014 2759 3082 quod
2801 3031 2904 3070 non
2945 3019 3140 3075 audent
3169 3025 3432 3082 emittere.

1860 3097 1992 3154 Nam
2047 3099 2231 3154 eadem
2285 3111 2368 3156 cst
2420 3103 2716 3159 amaritudo
2749 3123 2761 3158 :
2795 3109 2871 3161 sic
2897 3107 3158 3178 oderunt,
3184 3114 3260 3168 sic
3282 3115 3433 3170 dete-

1861 3200 2082 3245 stantur.
2121 3190 2224 3246 Sed
2245 3192 2384 3262 quod
2426 3202 2548 3248 tunc
2573 3205 2756 3264 aperte
2780 3199 3060 3268 sa-viebat,
3089 3220 3227 3258 nunc
3252 3209 3432 3261 occul-

1862 3291 1953 3348 te;
1993 3283 2115 3353 quid
2148 3283 2290 3338 aliud
2325 3284 2495 3340 dicam
2549 3303 2703 3357 quam
2731 3290 2870 3359 quod
2899 3291 3093 3350 dietutn
3121 3308 3237 3364 est,
3267 3298 3433 3355 Fren-

1860 3375 1942 3429 det
1964 3416 1979 3439 ,
2018 3385 2066 3429 et
2104 3376 2359 3430 tabescet?
2404 3377 2501 3432 Eat
2540 3394 2667 3449 ergo
2694 3381 2962 3451 Ecclesia,
2992 3387 3225 3444 ambulet
3256 3408 3269 3445 :
3299 3391 3432 3450 facta

1861 3476 1942 3521 est
1978 3468 2058 3520 via
2082 3508 2098 3532 ,
2137 3477 2300 3522 strata
2343 3469 2415 3542 (b)
2452 3480 2630 3525 nostra
2670 3472 2736 3526 ab
2763 3473 3079 3544 imperatore
3105 3482 3301 3536 munita
3327 3495 3428 3539 est.

1861 3559 2179 3616 Ferveamus
2217 3562 2268 3616 in
2313 3563 2587 3619 itineribus
2627 3565 2879 3621 bonorum
2918 3583 3134 3639 cperunt
3161 3615 3174 3638 ,
3218 3573 3319 3630 hoc
3353 3583 3434 3631 cst

1860 3651 2000 3706 enim
2028 3653 2298 3707 ambulare
2322 3667 2583 3710 nostrum.
2614 3657 2678 3710 Et
2702 3658 2746 3711 si
2775 3660 2984 3728 quando
3005 3664 3237 3718 existunt
3260 3675 3431 3719 tenta-

1861 3744 2063 3798 tiouum
2084 3760 2344 3813 pressura:
2365 3747 2502 3801 unde
2520 3762 2621 3801 non
2652 3750 2982 3816 sperabatur,
3006 3752 3112 3820 jam
3143 3768 3432 3824 congrega-

1863 3835 1926 3888 tis
1968 3834 2116 3890 velut
2155 3836 2206 3889 in
2252 3846 2420 3890 utrem
2457 3839 2607 3906 aquis
2649 3839 2810 3893 maris
2836 3880 2850 3905 ,
2877 3841 3228 3912 intelligamus
3255 3846 3432 3900 Domi-

1853 3943 1985 3982 num
2025 3928 2199 3983 facere
2238 3927 2338 3983 hoc
2377 3929 2442 3984 ad
2479 3929 2806 3998 disciplinam
2831 3973 2846 3996 ,
2887 3943 2942 3986 ut
2969 3936 3200 3989 excutiat
3223 3953 3252 3992 a
3282 3939 3432 3994 nobis

1860 4019 1999 4074 male
2036 4019 2392 4090 praeﬁdentem
2431 4023 2450 4052 ³
2484 4021 2551 4076 de
2579 4025 2949 4092 temporalibus
2977 4030 3310 4084 securitatem
3333 4074 3350 4093 .
3378 4042 3430 4088 ct

1859 4109 2049 4179 dirigat
2098 4124 2195 4163 nos
2241 4110 2291 4162 in
2335 4126 2555 4180 regnum
2601 4126 2752 4166 suum
2801 4117 3095 4184 composito
3145 4119 3428 4177 desiderio.

1859 4201 2008 4268 Quod
2033 4201 2351 4257 desiderium
2377 4203 2799 4260 tribulationibus
2820 4205 2942 4260 hinc
2971 4219 3126 4278 atque
3150 4210 3272 4268 hinc
3290 4229 3424 4267 con-

1861 4294 2198 4350 tundentibus
2235 4295 2574 4378 producitur,
2605 4306 2662 4350 ut
2689 4299 2853 4353 simus
2883 4303 3063 4354 canori
3089 4305 3304 4358 auribus
3328 4307 3430 4359 Do-

1859 4390 1987 4444 mini
2029 4400 2272 4460 tanquam
2313 4389 2452 4444 tubae
2475 4389 2716 4445 ductiles.
2746 4391 2947 4447 Dictum
2977 4404 3058 4448 est
3085 4396 3223 4448 enim
3254 4406 3305 4450 ct
3330 4397 3430 4452 hoc

1860 4482 1911 4534 in
1958 4482 2178 4536 Psalmis
2203 4523 2218 4546 ,
2266 4491 2321 4535 ut
2363 4482 2414 4534 in
2459 4482 2596 4536 tubis
2637 4483 2917 4538 ductilibus
2954 4484 3227 4540 laudemus
3267 4488 3428 4542 Deum

1859 4573 2027 4645 (Psal.
2060 4587 2201 4627 xcvu
2219 4614 2233 4636 ,
2259 4572 2334 4640 6).
2361 4571 2508 4627 Tuba
2536 4573 2744 4628 ductilis
2770 4575 2958 4629 malleo
2989 4575 3294 4644 producitur
3315 4619 3331 4644 ,
3361 4578 3428 4632 ita

1857 4665 2198 4718 christianum
2243 4679 2336 4719 cor
2376 4664 2427 4719 in
2468 4664 2632 4720 Deum
2661 4680 3020 4734 pressurarum
3049 4666 3215 4737 plagis
3244 4677 3428 4724 extem-

1855 4755 2016 4811 ditur.

1927 4851 2010 4903 ll.
2054 4847 2444 4903 Meminerimus
2477 4863 2604 4918 ergo
2628 4889 2642 4914 ,
2671 4846 2863 4902 fratres
2885 4890 2901 4916 ,
2925 4849 3032 4917 jam
3065 4849 3148 4904 his
3179 4855 3420 4923 tempori-

1855 4942 1953 4996 bus
1975 4983 1990 5007 ,
2031 4941 2221 5011 quibus
2257 4951 2569 5011 congregata
2605 4951 2686 4995 est
2712 4940 2854 4994 velut
2879 4942 2930 4994 in
2960 4952 3126 4997 utrem
3153 4959 3286 5014 aqua
3313 4962 3428 5002 ma-

1857 5035 1928 5089 ris
1946 5075 1960 5097 ,
2001 5049 2105 5088 non
2129 5032 2315 5088 deesse
2342 5033 2450 5086 Deo
2474 5033 2608 5086 unde
2639 5033 2865 5102 proferat
2891 5051 2995 5104 quo
3021 5052 3116 5091 nos
3148 5040 3427 5101 emendet;

1855 5143 1973 5182 cum
1996 5126 2362 5182 emendatione
2387 5125 2539 5179 nobis
2567 5141 2698 5193 Opus
2718 5136 2816 5180 est.
2846 5126 2965 5181 ldeo
2986 5130 3125 5183 enim
3149 5134 3418 5201 sequitur:

1858 5221 2057 5274 Ponens
2081 5219 2133 5271 in
2160 5218 2404 5272 thesauris
2428 5217 2649 5288 abyssos.
2683 5218 2978 5276 Thesauros
3009 5223 3426 5281 Deidicitscue-

1844 5322 1964 5365 tum
2012 5311 2122 5365 Dei.
2165 5308 2321 5364 Novit
2355 5309 2442 5363 ille
2480 5310 2711 5365 omnium
2754 5312 2940 5377 corda,
2979 5315 3103 5384 quid
3129 5314 3195 5370 ad
3222 5327 3423 5385 tempus

1857 5403 2121 5471 proferat,
2155 5401 2293 5457 unde
2321 5400 2583 5472 proferat,
2617 5413 2861 5473 quantam
2891 5417 3203 5476 potestatem
3235 5409 3422 5462 trihuat

1919 5517 1933 5546 ι
1961 5513 2093 5572 add,
2117 5513 2263 5576 rugit.
2292 5520 2346 5562 At
2367 5520 2491 5571 Mss,
2517 5514 2662 5564 rodit.

1916 5580 1935 5650 ξ
1958 5577 2042 5650 sic
2048 5576 2228 5650 aliquot
2251 5583 2352 5626 Mss.
2378 5576 2488 5625 Edd.
2524 5590 2661 5636 vero,
2687 5578 3024 5639 providentem.

1916 5637 2334 5811 ξξέἕῗτὲῗξωὼεω
2379 5707 2454 5751 est
2491 5701 2565 5750 via
2610 5699 2795 5762 publica
2840 5700 3110 5764 lapidibus,
3155 5713 3243 5750 seu
3292 5695 3422 5750 silice
3485 5674 3488 5676 i

1916 5775 1936 5811 lt
2039 5795 2054 5810 .

1857 5775 2054 5812 munita.
