3972 6198
579 284 673 341 291

579 405 732 459 malis
771 406 822 460 in
867 408 1030 461 bonos
1053 447 1068 470 ,
1109 407 1173 461 ad
1206 407 1520 478 judicandos
1551 410 1760 480 quidem
1792 415 1956 469 malos
1978 456 1993 480 ,
2025 432 2147 472 eru-

579 495 799 551 diendos
835 506 1007 551 autem
1046 501 1231 553 bonos.
1265 499 1420 555 Novit
1448 504 1709 571 quomodo
1734 505 1846 560 hinc
1874 518 2024 577 agat,
2055 510 2142 580 qui

578 593 723 660 ponit
761 593 811 645 in
852 593 1109 647 thesauris
1137 594 1374 666 ahyssos.
1403 597 1520 653 Fiat
1542 615 1668 670 ergo
1693 603 1830 671 quod
1861 606 2097 674 sequitur
2128 627 2142 663 :

575 682 768 736 Timeat
810 682 1083 738 Dominum
1119 688 1281 741 omnis
1317 696 1468 744 terra.
1496 689 1610 744 Non
1639 692 1894 761 glorietur
1916 699 2142 766 superba

577 775 752 854 hetitia
795 778 1068 832 temeraria
1111 781 1490 848 exsultatione,
1527 784 1709 839 dicens
1738 804 1751 840 :
1780 786 1896 842 Jzim
1923 803 2142 859 congre-

572 877 691 936 gata
715 878 795 921 est
819 870 960 922 velut
985 869 1034 921 in
1067 880 1234 924 utrem
1261 887 1391 941 aqua
1423 876 1619 939 maris;
1651 879 1769 945 quis
1797 878 1920 931 mihi
1942 880 2140 949 aliquid

576 961 726 1014 laciet
746 964 769 1013 ’ἐ
794 962 911 1031 quis
934 977 1126 1017 nocere
1145 962 1395 1019 audebit?
1423 965 1603 1021 Nescis
1628 971 1745 1034 quia
1777 972 1950 1037 pnsuit
1975 973 2060 1026 ille
2086 972 2138 1025 in

574 1051 831 1105 thesauris
858 1052 1107 1121 abyssos,
1139 1058 1309 1109 nescis
1334 1057 1473 1110 unde
1502 1059 1732 1125 proferat
1752 1062 1889 1129 quod
1911 1078 2042 1129 Opus
2059 1073 2141 1118 est

570 1142 634 1194 ad
665 1142 1029 1212 ﬁagellandmn
1055 1155 1106 1198 te
1133 1156 1279 1214 paler
1304 1156 1423 1201 tuus
1442 1148 1465 1201 ?
1484 1148 1583 1214 Qui
1604 1150 1811 1219 quidem
1836 1154 1886 1206 in
1907 1153 2141 1223 discipli-

572 1249 690 1285 nam
730 1244 867 1287 tuam
919 1236 1073 1289 habet
1109 1237 1281 1308 abyssi
1309 1238 1612 1305 thesauros,
1644 1244 1832 1311 quibus
1858 1254 1910 1300 te
1936 1247 2139 1301 erudiat

570 1326 633 1377 ad
684 1327 956 1381 illeaalll'OS
1000 1319 1272 1383 cmlorum.
1322 1332 1461 1401 Ergo
1497 1333 1606 1386 redi
1643 1334 1707 1387 ad
1738 1336 1976 1391 timorem
2001 1379 2016 1402 ,
2047 1338 2135 1408 qui

569 1416 671 1483 jam
702 1419 812 1472 ibas
838 1420 886 1471 in
916 1421 1267 1475 securitati-in.
1294 1423 1531 1478 Exsultet
1556 1434 1715 1497 terra,
1748 1429 1838 1482 sed
1861 1437 1914 1483 et
1935 1429 2133 1485 timeat.

572 1508 807 1562 lixsultet
839 1528 852 1563 :
886 1528 1046 1579 quare
1066 1512 1088 1564 ?
1112 1513 1241 1580 Quia
1265 1516 1619 1571 misericordia
1649 1518 1855 1573 Domini
1885 1521 2034 1590 plena
2055 1531 2139 1577 est

572 1609 726 1652 terra.
758 1602 959 1656 'l‘imeat
986 1622 998 1656 :
1028 1620 1189 1672 quare
1212 1606 1235 1658 ?
1260 1606 1387 1672 Quia
1414 1609 1489 1662 sic
1516 1611 1854 1680 congregavit
1883 1612 1934 1666 in
1963 1623 2132 1668 utrem

570 1706 730 1759 aquas
757 1694 914 1746 maris
934 1736 947 1755 ,
973 1707 1021 1747 nt
1050 1708 1267 1763 poneret
1292 1698 1340 1749 in
1365 1698 1623 1754 thesauris
1642 1702 1882 1773 ahyssns.
1907 1704 1989 1757 Fit
2007 1720 2134 1775 ergo

571 1785 619 1836 in
666 1786 749 1838 illa
784 1788 921 1855 quod
960 1788 1081 1842 alibi
1124 1789 1351 1847 breviter
1378 1802 1656 1862 utrumque
1680 1794 1869 1850 dicitur
1897 1815 1911 1852 :
1943 1796 2135 1852 Servite

572 1879 785 1933 Domino
824 1883 873 1934 in
913 1884 1119 1946 timore,
1159 1894 1204 1937 et
1244 1886 1486 1940 exsultate
1517 1887 1563 1940 ei
1587 1904 1698 1940 cum
1728 1888 2128 1962 tremore(Psal.

568 1986 641 2036 ιι,
677 1973 781 2041 ll).
1910 1976 1915 1989 '

638 2063 720 2116 19..
768 2064 960 2119 Timent
1000 2065 1272 2121 Dominum
1317 2070 1477 2123 omnis
1519 2080 1651 2123 terra
1690 2085 1709 2124 :
1747 2072 1809 2124 ab
1837 2072 1944 2143 ipso
1968 2082 2131 2126 autem

564 2154 961 2211 commoveantur
1001 2176 1167 2212 omnes
1207 2163 1292 2231 qui
1327 2160 1799 2253 inhabitaniorbem
1825 2172 1986 2217 terrae.
2014 2163 2127 2218 Non

567 2247 783 2300 timeant
802 2249 1026 2303 alterum
1055 2265 1148 2318 pro
1176 2249 1265 2304 illo
1289 2268 1303 2304 :
1330 2251 1392 2305 ab
1414 2252 1523 2321 ipso
1545 2247 1940 2307 commoveantur
1961 2270 2130 2308 omnes

565 2341 649 2404 qui
688 2341 965 2393 inhabitant
1001 2344 1185 2395 orbem’
1208 2352 1368 2396 terra.
1414 2344 1546 2398 Fera
1573 2346 1764 2398 saevit?
1790 2346 1952 2399 Deum
1981 2347 2124 2400 time.

564 2434 792 2503 Serpens
819 2434 1132 2489 insidiatur?
1160 2436 1320 2490 Deum
1349 2437 1495 2492 time.
1522 2437 1694 2493 Homo
1719 2450 1770 2493 te
1788 2440 1939 2495 odit?
1964 2441 2126 2496 Deum

566 2526 709 2578 time.
733 2524 999 2598 Diabolus
1039 2536 1087 2580 te
1126 2527 1429 2597 impugnat?
1471 2529 1633 2584 Deum
1659 2531 1804 2587 time.
1830 2531 1957 2585 Tota
1985 2532 2125 2587 enim

561 2627 799 2671 creatura
841 2619 939 2673 sub
979 2619 1069 2672 illo
1102 2630 1183 2675 est
1221 2637 1377 2691 quem
1414 2623 1614 2692 jnberis
1642 2626 1847 2681 timere.
1878 2626 2127 2693 Quoniam

559 2711 667 2778 ipse
693 2711 853 2775 dixit,
882 2722 926 2764 et
955 2716 1090 2783 facta
1114 2723 1227 2767 sunt
1251 2729 1266 2779 ;
1296 2715 1405 2783 ipse
1432 2717 1718 2785 mandavit,
1741 2727 1786 2772 et
1804 2729 1971 2773 creata
1989 2728 2123 2775 sunt.

560 2800 673 2858 Hoc
712 2802 763 2856 in
802 2803 1008 2857 Psalmo
1037 2806 1290 2875 sequitur.
1320 2807 1451 2861 Cum
1477 2809 1616 2863 enim
1644 2809 1894 2874 dixisset,
1918 2810 1992 2865 Ab
2015 2812 2124 2883 ipso

558 2905 958 2949 commoveantur
1001 2912 1169 2951 omnes
1213 2900 1299 2968 qui
1341 2899 1617 2955 inhabitant
1640 2901 1806 2956 orbem
1835 2913 1981 2959 terra
2011 2920 2030 2960 :
2058 2919 2124 2960 ne

557 2994 891 3041 converteret
926 3002 983 3041 se
1024 2987 1183 3043 homo
1218 2989 1283 3043 ad
1323 2991 1608 3046 timendum
1644 2994 1837 3061 aliquid
1864 2997 2002 3051 aliud
2026 3041 2040 3063 ,
2070 3007 2124 3055 et

456 3080 465 3099 '
555 3094 774 3135 aversus
797 3095 827 3134 a
858 3084 1043 3137 timore
1069 3081 1183 3146 Dei,
1216 3083 1420 3139 timeret
1447 3100 1538 3153 pro
1559 3085 1647 3139 illo
1665 3087 1891 3157 aliquam
1912 3099 2119 3145 creatu-

557 3186 669 3225 ram
694 3214 708 3235 ,
737 3180 791 3226 et
816 3171 1058 3227 adoraret
1086 3172 1224 3242 quod
1254 3174 1440 3228 factum
1468 3185 1575 3241 est,
1603 3177 1821 3231 dimisso
1847 3180 1935 3248 qui
1965 3181 2118 3249 fecit;

555 3264 886 3319 conﬁrmavit
912 3278 1009 3319 nos
1033 3266 1084 3318 in
1110 3266 1301 3320 timore
1328 3266 1420 3321 Dei
1446 3276 1689 3337 tanquam
1717 3268 1898 3325 dicens
1927 3271 2078 3326 nobis
2101 3315 2116 3340 ,

554 3367 608 3413 et
653 3356 925 3425 alloquens
965 3372 1062 3412 nos
1108 3374 1121 3411 :
1159 3357 1295 3425 Quid
1332 3358 1706 3415 formidaturus
1744 3377 1802 3417 es
1833 3363 2025 3433 aliquid
2054 3366 2120 3421 de

554 3451 723 3515 cosio,
764 3448 958 3520 aliquid
995 3450 1061 3504 de
1102 3459 1236 3536 terra
1255 3492 1270 3513 ,
1301 3450 1494 3522 aliquid
1521 3452 1587 3507 de
1612 3456 1784 3509 mari?
1812 3455 1839 3508 1
1848 3473 1934 3525 pse
1955 3457 2115 3523 dixit,

555 3555 601 3597 et
643 3548 776 3615 facta
818 3552 972 3607 sunt;
1010 3544 1301 3608 mandavit,
1348 3553 1396 3597 et
1423 3554 1588 3599 creata
1613 3556 1749 3600 sunt.
1777 3547 1876 3616 Qui
1904 3549 2033 3604 dixit
2065 3560 2119 3606 et

554 3635 684 3692 facta
722 3644 870 3700 sunt,
916 3636 1181 3690 mandavit
1218 3645 1272 3691 et
1306 3646 1480 3691 creata
1507 3647 1658 3702 sunt,
1686 3654 1803 3694 cum
1826 3641 1974 3710 jubet
2001 3658 2115 3697 mo-

555 3740 746 3782 ventur
766 3769 782 3792 ,
824 3742 943 3782 cum
978 3727 1128 3796 jubet
1152 3727 1448 3797 quiescunt.
1483 3728 1549 3783 Et
1577 3731 1769 3785 malitia
1799 3732 2068 3787 hominum
2096 3735 2113 3767 ⁸

550 3819 886 3887 cupiditatem
909 3818 1127 3873 nocendi
1158 3827 1329 3888 potest
1348 3818 1541 3875 habere
1559 3822 1823 3892 propriam
1849 3840 1863 3878 :
1887 3831 2115 3893 potesta-

554 3922 657 3964 tem
698 3921 870 3965 autem
912 3912 957 3966 si
986 3912 1075 3967 ille
1111 3899 1215 3968 nun
1253 3912 1373 3978 dat,
1402 3928 1505 3968 non
1533 3912 1709 3970 habet.
1740 3914 1860 3970 Non
1887 3927 1959 3972 est
1984 3920 2115 3973 enim

554 4012 767 4072 potestas
794 4004 892 4056 nisi
911 4020 941 4055 a
964 4001 1068 4057 Deo
1098 4003 1269 4075 (Rom.
1302 4022 1394 4060 xm
1419 4046 1435 4072 ,
1469 4005 1522 4077 1)
1556 4025 1569 4060 :
1598 4007 1869 4065 deﬁnitiva
1896 4020 2112 4067 senten-

552 4098 621 4151 tia
667 4096 905 4163 Apostoli
946 4106 1045 4151 est.
1085 4097 1197 4152 Non
1227 4099 1394 4162 dixit,
1423 4098 1537 4154 Non
1566 4109 1649 4155 est
1674 4102 1932 4171 cupiditas
1959 4105 2055 4158 nisi
2082 4121 2110 4159 a

555 4190 679 4241 ltro.
728 4187 817 4241 Est
853 4187 994 4241 enim
1036 4188 1168 4241 mala
1194 4188 1483 4257 cupiditas,
1515 4206 1632 4260 quae
1659 4206 1762 4247 non
1788 4204 1866 4248 est
1898 4210 1926 4247 a
1958 4195 2065 4251 Deo
2093 4216 2109 4255 :

549 4280 641 4333 sed
680 4278 801 4348 quia
842 4277 953 4347 ipsa
994 4278 1128 4332 mala
1162 4278 1418 4349 cupiditas
1458 4281 1586 4336 nulli
1611 4292 1797 4348 nocet,
1824 4284 1871 4338 si
1894 4285 1979 4340 ille
2004 4302 2107 4341 non

548 4370 845 4441 permittat,
881 4366 1000 4421 Non
1024 4376 1127 4434 est,
1159 4368 1363 4437 inquit,
1394 4380 1607 4441 potestas
1635 4374 1732 4427 nisi
1754 4392 1786 4425 a
1812 4367 1937 4429 Deo.
1961 4375 2110 4433 Unde

550 4460 687 4514 Dens
727 4459 885 4512 homo
925 4466 1071 4511 stans
1106 4467 1227 4512 ante
1268 4457 1533 4515 hominem
1560 4502 1574 4527 ,
1616 4460 1737 4516 Non
1761 4464 1991 4531 haberes,
2023 4467 2106 4519 in-

546 4553 689 4619 quit,
730 4551 781 4603 in
825 4565 902 4602 me
944 4557 1229 4617 potestatem
1254 4589 1270 4614 ,
1312 4549 1409 4603 nisi
1448 4548 1567 4604 data
1594 4552 1765 4623 fuisset
1790 4553 1877 4607 tibi
1900 4554 2109 4627 desuper

547 4644 722 4713 (Joan.
754 4660 843 4698 xix
866 4686 881 4707 ,
911 4644 1018 4714 11).
1051 4640 1142 4697 llle
1161 4641 1462 4712 judicabat,
1487 4642 1574 4698 ille
1601 4643 1819 4699 docebat
1845 4665 1858 4700 :
1881 4632 1997 4702 cum
2018 4649 2105 4717 ju-

548 4735 819 4789 dicabatur
842 4775 856 4796 ,
879 4733 1101 4789 docebat
1119 4774 1133 4797 ,
1165 4743 1220 4787 ut
1237 4732 1495 4803 judicaret
1523 4748 1654 4803 quos
1679 4733 1962 4792 docuerat:
1986 4738 2103 4794 Non

545 4826 748 4880 haberes
770 4868 785 4892 ,
827 4825 1026 4895 inquit,
1066 4827 1121 4880 in
1150 4844 1229 4879 me
1267 4836 1584 4895 potestatem,
1612 4827 1708 4881 nisi
1727 4838 1848 4883 esset
1876 4829 1995 4883 data
2019 4832 2105 4885 tibi

543 4917 771 4988 desuper.
801 4916 937 4985 Quid
967 4918 1107 4972 hoc?
1135 4918 1309 4973 Homo
1335 4926 1535 4973 tantum
1569 4934 1673 4973 non
1694 4918 1848 4976 habet
1872 4932 2104 4991 potesta-

543 5019 645 5063 tem
670 5049 685 5071 ,
719 5009 819 5063 nisi
846 5023 965 5063 cum
986 5010 1247 5079 acceperit
1264 5011 1528 5082 desuper?
1547 5011 1680 5079 Quid
1709 5013 1818 5082 ipse
1842 5013 2099 5081 diabolus,

539 5115 699 5153 ausus
724 5110 805 5153 est
828 5100 908 5154 vel
938 5115 1092 5155 unam
1120 5101 1379 5156 oviculam
1407 5103 1593 5158 tollere
1618 5103 1733 5158 viro
1760 5114 1942 5160 sancto
1967 5105 2098 5169 Job.

540 5191 637 5244 nisi
678 5191 822 5260 prius
860 5190 1092 5256 diceret,
1140 5190 1282 5244 Mitte
1317 5209 1519 5246 manum
1554 5204 1723 5259 tuam,
1764 5194 1862 5249 hoc
1885 5204 1965 5250 est
1989 5237 2003 5261 ,
2033 5199 2099 5251 da

539 5282 888 5351 potestatem?
910 5281 1002 5336 Ille
1024 5282 1253 5347 volebat,
1280 5284 1372 5339 sed
1392 5284 1479 5340 ille
1505 5301 1608 5341 non
1629 5286 1865 5351 sinebat;
1890 5287 2099 5356 quando

537 5376 624 5430 ille
664 5374 935 5445 permisit,
983 5374 1068 5429 ille
1107 5375 1275 5443 potuit
1317 5393 1329 5428 :
1380 5391 1482 5431 non
1508 5392 1633 5448 ergo
1660 5377 1749 5432 ille
1775 5379 1972 5447 potuit,
2004 5377 2097 5433 sed

533 5467 622 5537 qui
664 5465 923 5538 permisit.
967 5463 1090 5520 Ideo
1132 5465 1266 5521 bene
1289 5467 1525 5523 eruditus
1551 5470 1662 5539 ipse
1686 5468 1785 5524 Job
1803 5511 1820 5537 ,
1852 5485 1955 5524 non
1981 5488 2053 5525 au
2075 5511 2091 5537 ,

595 5622 609 5654 ¹
635 5626 706 5685 Er.
734 5628 785 5669 et
808 5617 1253 5685 Inv.:_(_‘_mtquiescit
1290 5618 1550 5685 et__mali:ia
1580 5618 1837 5685 hominum,
1860 5619 2095 5685 cupiditas

530 5683 788 5748 thntmun.
827 5681 1141 5748 rapiditatem
1164 5679 1380 5748 nocendi
1403 5688 1563 5748 potest
1594 5681 1733 5732 homo
1768 5679 1939 5736 habere
1980 5699 2092 5748 pro-

528 5744 701 5805 priam.
728 5752 816 5795 bos
837 5741 914 5794 hic
934 5750 1037 5793 Mss.
1064 5741 1322 5794 lectionem
1340 5743 1687 5792 substituimus.

1798 295 1854 351 S.
1896 294 2260 353 AUGUSTINI
2284 298 2581 357 EPISCOPI

3708 311 3821 370 29%

2246 412 2384 470 sicut
2401 415 2509 484 jam
2532 430 2954 477 commemorare
2980 419 3128 477 vobis
3146 421 3380 478 solemus
3397 464 3411 488 ,
3447 421 3701 481 Dominus
3729 430 3823 483 de-

2246 503 2323 560 dit
2356 514 2412 561 et
2442 506 2683 563 diabolus
2721 508 2974 577 abstulit;
3005 511 3099 566 sed
3119 552 3136 576 ,
3167 510 3410 568 Dominus
3434 512 3606 581 dedit,
3637 528 3684 570 et
3713 516 3819 571 Do-

2242 597 2411 657 minus
2450 598 2655 653 abstulit
2687 616 2705 654 :
2732 601 2859 656 sicut
2896 602 3112 657 Domino
3158 605 3347 673 placuit
3369 646 3385 671 ,
3416 607 3488 660 ita
3524 610 3719 679 factum
3744 621 3823 664 est

2243 686 2366 757 (Job
2432 705 2488 757 ι,
2521 691 2579 745 11
2605 731 2622 754 .
2649 691 2778 764 21);
2811 708 2913 748 non
2939 736 2955 761 ,
2983 696 3118 751 sicut
3146 697 3358 750 diabolo
3388 698 3594 766 placuit.
3628 699 3822 755 Videte

2241 793 2402 849 ergo,
2430 780 2617 837 fratres
2636 784 2770 850 mei,
2804 799 2921 839 cum
2951 794 3094 840 tanto
3115 786 3295 841 labore
3325 789 3706 844 manducantes
3734 807 3821 846 sa-

2242 868 2445 924 lubrem
2471 881 2524 926 et
2546 873 2723 927 utilem
2754 889 2971 943 panem,
3002 877 3173 931 videte
3200 892 3268 931 ne
3296 893 3610 948 quemquam
3634 880 3817 935 timea-

2240 959 2309 1014 tis
2356 960 2458 1015 nisi
2499 962 2801 1018 Dominum.
2853 966 3056 1021 Prmter
3101 984 3221 1021 eum
3276 961 3341 1022 ne
3389 969 3574 1024 timeas
3614 970 3814 1033 alinnt,

2240 1050 2509 1122 Scriptura
2549 1055 2640 1109 tibi
2682 1055 2829 1110 dicit.
2862 1057 3089 1113 Proinde
3121 1060 3298 1113 timeat
3341 1059 3618 1114 Dominum
3644 1064 3817 1117 omnis

2239 1151 2412 1209 terra,
2455 1145 2543 1211 qui
2585 1147 2761 1215 posuit
2799 1147 2851 1202 in
2892 1148 3151 1203 thesauris
3186 1150 3296 1205 suis
3323 1150 3563 1221 abyssos.
3593 1152 3671 1205 Ab
3702 1153 3816 1222 ipso

2238 1246 2411 1290 autem
2477 1248 2907 1294 commoveantur
2961 1257 3147 1298 omnes
3199 1243 3287 1311 qui
3345 1243 3583 1298 habitant
3629 1245 3814 1300 orbein

2240 1335 2413 1383 terrze.
2447 1328 2698 1397 Quoniam
2734 1331 2843 1401 ipse
2869 1332 3027 1396 dixit,
3057 1342 3103 1386 et
3127 1337 3263 1404 facta
3288 1343 3447 1401 sunt;
3470 1342 3579 1410 ipse
3606 1337 3816 1389 manda-

2237 1412 2301 1475 vit
2321 1462 2336 1487 ,
2364 1432 2412 1475 et
2438 1433 2605 1478 creata
2628 1435 2765 1479 sunt.

2308 1514 2393 1568 15.
2437 1512 2585 1587 [vers.
2628 1514 2880 1590 10.],Sed
2919 1517 3028 1585 jam
3066 1526 3407 1573 cessaverunt
3461 1533 3618 1588 reges
3646 1520 3810 1582 mali,

2236 1603 2356 1659 facti
2400 1617 2526 1660 sunt
2560 1607 2682 1661 boni
2711 1625 2724 1661 :
2758 1607 3131 1663 crediderunt‘
3164 1618 3220 1664 et
3246 1609 3385 1679 ipsi,
3413 1610 3616 1680 signum
3638 1612 3815 1665 crucis

2235 1695 2426 1751 Christi
2455 1699 2506 1751 in
2536 1697 2710 1754 fronte
2723 1698 2831 1770 jam
2862 1710 3075 1770 portant
3103 1702 3383 1770 pretiosius
3404 1703 3611 1773 signum
3636 1704 3814 1774 quali-

2233 1785 2323 1840 bet
2364 1802 2571 1857 gemma
2613 1788 2924 1845 diadematis
2955 1808 2968 1843 :
2997 1791 3072 1846 illi
3096 1792 3184 1861 qui
3213 1793 3528 1859 saevierunt,
3554 1793 3815 1849 destructi

2233 1886 2375 1933 sunt.
2416 1878 2521 1935 Sed
2561 1881 2678 1949 quis
2716 1880 2846 1937 fecit
2886 1881 3032 1936 hoc?
3071 1882 3229 1938 Forte
3269 1893 3354 1949 tu,
3387 1892 3441 1938 ut
3468 1884 3689 1939 extollas
3716 1885 3815 1939 te?

2232 1966 2482 2025 Dominus
2516 1970 2728 2043 dissipat
2753 1973 2965 2027 consilia
2987 1974 3210 2044 gentium
3234 2015 3248 2036 ,
3276 1974 3507 2045 reprobat
3534 1984 3702 2029 autem
3727 1993 3815 2029 co-

2231 2060 2496 2127 gitationes
2530 2063 2830 2133 populorum
2853 2104 2869 2129 ,
2913 2073 2961 2118 et
2985 2066 3215 2135 reprobat
3255 2067 3468 2120 consilia
3504 2067 3811 2137 principum.

2230 2151 2454 2219 Quando
2493 2153 2742 2211 dixerunt
2781 2174 2795 2211 :
2838 2156 3105 2212 Tollamus
3146 2173 3240 2212 eos
3276 2157 3345 2214 de
3371 2167 3547 2224 terra,
3576 2174 3682 2214 non
3707 2162 3815 2214 erit

2230 2258 2423 2301 nomen
2444 2246 2787 2302 christianum
2817 2248 2863 2302 si
2890 2247 2991 2303 hoc
3019 2242 3304 2304 fecerimus
3329 2267 3342 2302 :
3371 2250 3449 2305 sic
3473 2250 3810 2313 occidantur,

2229 2339 2306 2395 sic
2345 2348 2725 2411 torqueantur,
2766 2343 2893 2398 talia
2937 2353 2995 2400 et
3038 2344 3159 2399 talia
3188 2345 3292 2400 illis
3321 2345 3813 2415 inﬁigantnr.Dicta

2229 2440 2353 2486 sunt
2398 2431 2545 2501 haec,
2593 2443 2648 2489 et
2684 2434 2822 2489 inter
2870 2436 2984 2492 haec
3031 2436 3200 2492 crevit
3245 2437 3504 2493 Ecclesia.
3550 2439 3812 2508 Περι-σθαι

2227 2523 2551 2593 cogitationes
2607 2525 2906 2597 pepulerum
2933 2568 2951 2595 ,
3013 2536 3061 2581 et
3113 2528 3346 2599 reprobat
3398 2530 3611 2584 consilia
3666 2531 3813 2599 prin-

2226 2613 2415 2684 cipum.
3065 2640 3070 2645 ’

2297 2706 2388 2761 14.
2440 2703 2601 2779 [vers.
2655 2707 2777 2782 11.]
2828 2708 3103 2764 Consilium
3147 2726 3260 2765 vero
3303 2709 3510 2765 Domini
3545 2721 3712 2765 ntanet
3755 2714 3810 2766 in

2224 2805 2490 2865 veternum,
2511 2798 2836 2870 cogitationes
2864 2800 3031 2854 cordis
3057 2802 3168 2868 eius
3195 2801 3250 2855 in
3275 2805 3459 2856 uacula
3483 2802 3808 2856 siliculorum.

2226 2888 2490 2959 Repetitio
2518 2872 2795 2946 sententiae
2819 2900 2920 2947 est.
2952 2892 3104 2959 Quod
3133 2901 3257 2949 ante
3282 2895 3355 2948 ait
3378 2895 3674 2959 consilium,
3704 2896 3810 2951 huc

2223 2981 2298 3036 ait
2324 2991 2507 3052 postea
2533 2983 2855 3053 cogitationes
2873 2985 3038 3039 cordis
3066 3001 3085 3038 :
3113 2994 3168 3039 et
3185 2985 3324 3054 quod
3349 3000 3505 3055 supra
3535 2987 3611 3041 ait
3632 2998 3809 3041 manet

2222 3072 2277 3127 in
2312 3083 2551 3128 veternum
2571 3114 2589 3141 ,
2628 3074 2730 3130 hoc
2752 3075 2827 3129 ait
2854 3084 3034 3147 postea
3063 3077 3116 3131 in
3137 3078 3323 3132 stecula
3343 3080 3663 3133 srrcularum.
3695 3080 3808 3134 Re-

2223 3163 2409 3234 petitio
2432 3206 2447 3230 ,
2492 3164 2821 3221 conﬁrmatio
2861 3175 2965 3221 est.
3000 3166 3079 3222 Ne
3102 3177 3277 3222 autem
3306 3168 3498 3239 putetis
3520 3209 3537 3234 ,
3566 3168 3762 3224 fratres
3788 3212 3804 3235 ,

2220 3256 2342 3326 quia
2372 3256 2506 3311 dixit
2531 3257 2855 3327 cogitationes
2879 3259 3047 3313 cordis
3066 3300 3080 3321 ,
3113 3260 3260 3328 quasi
3291 3259 3480 3317 sedere
3510 3261 3674 3315 Deum
3699 3304 3714 3327 ,
3746 3272 3806 3317 et

2220 3347 2452 3417 cogitare
2495 3346 2620 3417 quid
2657 3356 2817 3418 agat,
2862 3357 2917 3403 et
2957 3349 3237 3419 exquirere
3260 3350 3540 3404 consilium
3567 3351 3803 3407 faciendi

2220 3440 2417 3510 aliquid
2440 3441 2522 3495 vel
2547 3454 2651 3494 non
2675 3440 2920 3496 faciendi.
2942 3441 3069 3496 Tua:
3094 3453 3217 3496 sunt
3240 3443 3383 3508 istae,
3405 3457 3438 3496 ο
3464 3442 3625 3497 homo
3648 3486 3663 3507 ,
3689 3454 3804 3499 tar-

2217 3532 2471 3587 ditates-:
2527 3548 2693 3604 usque
2737 3533 2789 3587 in
2829 3534 3159 3590 velocitatem
3204 3535 3368 3589 currit
3407 3535 3624 3590 verbum
3653 3536 3797 3606 ejus.

2217 3622 2438 3692 Quando
2478 3632 2651 3693 potest
2687 3639 2835 3679 mora
2879 3639 2998 3680 esse
3026 3626 3358 3695 cogitationis
3386 3627 3436 3680 in
3468 3626 3558 3682 illo
3586 3629 3754 3683 verbo
3779 3671 3795 3695 ,

2216 3714 2358 3785 quod
2387 3726 2546 3769 unum
2571 3724 2689 3782 est,
2715 3723 2771 3770 et
2793 3715 2966 3769 omnia
2987 3717 3354 3786 complectitur
3371 3717 3396 3770 ?
3413 3717 3517 3775 Sed
3538 3719 3797 3775 dicuntur

2217 3806 2561 3875 cogitationes
2604 3806 2728 3870 Dei,
2776 3815 2833 3860 ut
2876 3814 2931 3860 tu
2978 3807 3267 3878 intelligas,
3312 3816 3371 3862 ut
3408 3810 3699 3865 secundmn
3741 3824 3796 3867 te

2216 3896 2413 3950 audeas
2447 3896 2653 3967 erigere
2679 3911 2773 3951 cor
2797 3896 2877 3951 vel
2905 3897 2971 3951 ad
2997 3898 3157 3953 verba
3184 3909 3288 3954 tum
3316 3899 3603 3956 inﬁrmitati
3633 3903 3793 3957 simi-

2215 3995 2282 4049 lia
2313 4012 2325 4048 :
2355 3994 2475 4064 quia
2512 4008 2599 4049 res
2633 3993 2745 4062 ipsa
2772 3994 2991 4048 multum
3021 4003 3104 4048 est
3125 3993 3192 4047 ad
3218 4002 3288 4048 te.
3315 3994 3647 4065 Cogitationes
3670 4013 3792 4049 cor-

2215 4089 2293 4143 dis
2330 4092 2437 4158 ejus
2470 4088 2526 4142 in
2561 4088 2747 4142 sarcula
2784 4087 3102 4141 sa‘culorum.
3139 4086 3266 4153 Quae
3294 4095 3416 4141 sunt
3439 4088 3792 4157 Cogitationes

2213 4180 2389 4233 cordis
2426 4177 2542 4248 ejus
2564 4219 2580 4245 ,
2621 4186 2679 4233 et
2699 4177 2840 4245 quod
2863 4185 2948 4232 est
2970 4178 3242 4232 consilium
3268 4178 3472 4232 Domini
3500 4180 3642 4249 quod
3668 4197 3791 4233 ma-

2212 4277 2301 4323 net
2341 4268 2393 4323 in
2432 4268 2731 4323 maternum?
2758 4268 2952 4323 Contra
2983 4267 3122 4337 (μιοά
3149 4268 3424 4323 consilium
3455 4271 3639 4340 utquid
3673 4272 3788 4327 fre-

2212 4367 2459 4412 muerunt
2487 4367 2675 4428 gentes
2695 4399 2710 4421 ,
2736 4367 2791 4412 et
2813 4358 2991 4428 populi
3022 4358 3253 4413 meditati
3277 4369 3401 4413 sunt
3420 4359 3788 4431 inania(Psat.

2209 4465 2247 4504 ιι
2271 4492 2285 4517 ,
2331 4450 2357 4504 1
2388 4449 2692 4519 )‘PQuando
2720 4451 2932 4522 quidem
2966 4451 3219 4506 Dominus
3239 4452 3487 4521 reprobat
3507 4456 3791 4524 cogitatio-

2209 4558 2303 4598 nes
2325 4544 2634 4613 populorum
2655 4584 2670 4610 ,
2694 4554 2748 4599 et
2772 4544 3019 4613 reprobat
3041 4544 3259 4599 consilia
3283 4545 3599 4615 principum.
3632 4547 3792 4604 Unde

2208 4636 2363 4706 igitur
2394 4637 2670 4691 consilimn
2718 4636 2920 4691 Domini
2962 4647 3138 4691 manet
3173 4637 3227 4691 in
3263 4647 3519 4693 :eternum
3540 4682 3552 4703 ,
3585 4641 3689 4695 nisi
3721 4642 3793 4695 de

2209 4728 2360 4783 nobis
2395 4738 2519 4784 ante
2560 4729 2823 4799 przescivit
2855 4738 2910 4783 et
2935 4730 3325 4799 praedestinavit
3356 4729 3566 4801 (Ephes.
3593 4746 3612 4786 ι
3638 4774 3652 4795 ,
3685 4734 3745 4801 4)
3767 4735 3793 4788 ?

2205 4820 2333 4889 Quis
2358 4821 2488 4875 tollit
2518 4822 3030 4892 pnedestinationem
3060 4823 3191 4879 Dei?
3217 4825 3353 4878 Ante
3376 4826 3556 4879 mundi
3575 4832 3791 4883 consti-
3872 4828 3877 4832 ’

2207 4913 2462 4967 tutiouem
2500 4912 2628 4966 vidit
2668 4928 2796 4977 nos,
2828 4912 2954 4968 fecit
2980 4928 3074 4966 nos
3096 4954 3111 4977 ,
3143 4913 3444 4969 emendavit
3471 4930 3604 4982 nos,
3639 4920 3793 4975 misit

2204 5004 2270 5060 ad
2315 5019 2411 5060 nos
2435 5045 2450 5071 ,
2494 5004 2717 5060 redemit
2765 5021 2861 5060 nos
2900 5023 2913 5059 :
2947 5005 3047 5061 hoc
3073 5005 3190 5075 ejus
3215 5005 3491 5062 consilium
3519 5020 3705 5065 manet
3737 5014 3794 5065 in

2203 5107 2456 5151 azternum
2486 5138 2501 5159 ,
2541 5096 2655 5151 haec
2693 5097 2806 5167 ejus
2830 5096 3077 5167 cogitatio
3103 5106 3276 5153 manet
3305 5098 3358 5152 in
3383 5099 3574 5154 sarcula
3607 5116 3781 5156 Sason-

2203 5186 2392 5241 lormn.
2434 5186 2787 5242 Fremuerunt
2820 5197 3005 5257 gentes
3031 5196 3154 5242 tunc
3177 5198 3359 5257 aperte
3383 5189 3708 5247 ﬂuctuantes
3735 5207 3791 5247 et

2201 5279 2480 5334 s:evientes
2505 5318 2518 5341 ,
2562 5278 2936 5333 contabescant
2980 5292 3122 5332 nunc
3163 5286 3409 5348 tanquam
3459 5280 3682 5337 inclusa:
3732 5295 3785 5337 vt

2199 5382 2529 5441 congregatae
2573 5372 2623 5424 in
2671 5381 2840 5426 utrem
2878 5386 2892 5423 :
2939 5371 3237 5428 habuerunt
3262 5372 3459 5429 iiberas
3487 5375 3782 5440 audacias,

2199 5462 2426 5518 habeant
2467 5471 2641 5517 truces
2680 5472 2733 5517 et
2758 5478 2963 5518 amaras
2991 5464 3356 5534 cogitationes.
3388 5466 3612 5534 Quando
3649 5486 3778 5538 pes-

2197 5562 2319 5608 sunt
2331 5553 2603 5609 destruere
2617 5555 2754 5623 quod
2772 5555 2858 5611 ille
2874 5556 3138 5627 cogitavit,
3155 5567 3208 5612 et
3220 5569 3397 5614 manet
3410 5559 3462 5612 in
3476 5570 3745 5617 internum
3756 5564 3787 5615 Ρ

2184 5674 2192 5681 -
2266 5644 2352 5699 15.
2392 5642 2541 5716 [ναι.
2580 5643 2690 5719 12.]
2737 5646 2873 5713 Quid
2911 5656 2995 5703 est
3034 5656 3211 5703 autem
3246 5647 3393 5705 hoc?
3437 5648 3598 5705 Beata
3651 5670 3782 5726 gens

2261 5749 2279 5782 ⁸
2306 5755 2357 5800 tn
2379 5754 2507 5812 In,
2526 5755 2785 5801 cesserunt.
