1986 3099
117 148 163 174 2n:
639 142 833 172 ENAREATIO
853 141 882 169 IN

956 141 1061 171 tLMUM
1080 141 1186 172 XXX”.

116 206 177 241 Quis
200 210 242 232 est
261 205 304 240 qui
325 212 377 231 non
397 204 447 231 hoe
460 204 549 231 audito
563 202 646 237 erigat
659 210 688 228 se
699 201 710 228 τ’
723 201 820 228 Amant
832 200 901 226 enim

113 259 208 279 omnes
229 251 418 278 beatitudinem
438 259 444 276 τ
464 255 490 277 et
510 250 568 277 ideo
580 248 696 283 perversi
709 252 770 274 sunt
784 246 903 273 homines

113 297 172 331 quia
187 296 251 323 mali
265 296 356 323 volunt
366 302 425 323 eese
437 316 444 327 ,
458 294 546 322 miseri
561 294 653 321 nolunt
667 302 672 320 :
689 298 715 320 et
728 300 787 319 cum
801 292 835 318 sil
849 300 903 317 ma-

115 341 176 368 litia:
199 341 330 368 imlividua
350 348 439 367 comes
461 340 581 373 miseria,
608 339 649 365 isti
666 338 781 372 perversi
797 345 847 363 non
860 344 903 364 so-

115 387 167 414 ltnn
185 387 247 414 mali
258 394 316 413 esse
330 386 437 417 volunt,
453 390 478 412 et
492 383 580 411 miseri
597 385 686 411 uolttut
698 383 767 418 quod
781 382 835 409 ﬁeri
852 390 902 408 non

116 438 218 467 potest;
242 432 288 460 sed
308 433 368 459 ideo
386 432 478 458 \‘olmlt
499 431 559 458 mali
581 437 658 461 esse.
680 437 712 455 ne
734 428 822 455 miseri
840 428 901 454 sint.

115 479 180 512 Quid
201 483 243 505 est
263 477 312 504 hoc
332 478 400 512 quod
422 477 474 503 dixi
499 486 505 504 :
528 477 587 503 ideo
601 476 691 501 volunt
703 475 764 501 mali
778 482 854 505 esse,
870 482 903 499 ne

114 524 204 551 miseri
227 523 301 551 sint?
321 523 492 550 Considerate
512 522 562 548 hoc
582 522 714 556 paululum
739 522 764 547 in
783 521 903 547 omnibus

114 570 267 596 hominibus
290 569 334 603 qui
357 570 422 595 tnala
444 568 560 600 faciunt,
583 568 652 595 beati
667 575 773 601 semper
787 574 845 593 csse
859 574 903 592 vo-

115 615 180 641 lunt.
198 613 308 641 Furttun
324 613 386 640 facit
402 622 409 640 :
425 614 537 647 quarris,
554 614 655 647 quate?
668 612 777 646 Propter
790 612 900 642 lametn.

115 666 222 694 propter
243 660 437 687 necessitatem.
460 659 529 693 Ergo
543 668 574 684 ne
590 659 670 685 miser
682 658 715 684 sit
725 678 732 689 ,
747 658 830 684 malus
843 662 900 689 est;

114 712 139 734 et
151 707 212 733 ideo
224 706 349 733 miserior
360 711 410 734 est,
425 706 484 739 quia
501 705 584 731 malus
596 709 645 731 est.
662 704 829 738 Depellendm
841 712 902 738 ergo

115 752 229 779 miserim
243 758 321 778 causa
334 772 341 783 ,
355 755 383 778 et
394 751 560 785 acquirendat
576 750 743 777 beatitudinis
753 757 831 776 causa
843 770 850 781 ,
866 749 903 776 fa-

115 799 186 826 ciunt
207 804 302 824 omnes
327 796 446 823 homines
467 796 592 830 quidquid
617 795 656 822 vel
677 795 737 822 boui
753 795 847 822 faciunt
862 795 901 821 vel

109 843 173 870 'tnali
198 851 205 868 :
227 849 334 876 semper
352 849 414 876 ergo
437 841 504 868 beati
520 848 578 868 esse
593 841 691 867 volunt.
708 840 770 867 Sive
784 840 850 867 male
863 839 902 865 vi-

117 893 206 916 ventes
217 909 225 919 ,
239 888 295 915 sive
306 888 372 914 bene
385 888 517 918 viventes,
533 887 600 914 beati
614 894 672 913 esse
686 887 775 913 volunt
789 895 796 913 :
812 891 901 913 etnon

116 934 243 968 contingit
261 934 385 960 omnibus
403 934 473 968 quod
493 941 586 960 omnes
601 941 658 960 esse
680 933 781 959 volunt.
803 932 902 960 Omnes

115 980 183 1007 enim
205 980 277 1007 beati
291 987 349 1006 esse
362 979 470 1012 volunt,
486 986 538 1005 non
551 983 637 1005 autem
653 983 729 1006 erunt
745 979 793 1005 nisi
808 979 842 1005 illi
858 979 902 1013 qui

113 1026 172 1060 iusti
185 1032 248 1053 esse
262 1025 400 1052 voluerint.
415 1025 446 1051 Et
456 1032 518 1051 ecce
533 1025 623 1051 nescio
633 1025 691 1059 quis
703 1030 730 1050 ut
743 1025 812 1051 male
824 1024 902 1051 facim

113 1072 206 1099 beatus
225 1071 282 1098 vult
302 1078 371 1098 eSA'e.
394 1069 488 1097 Unde?
508 1069 546 1097 Ex
570 1070 692 1104 pecunia,
709 1078 740 1097 ex
755 1075 864 1105 argento
877 1074 903 1097 et

113 1124 198 1148 auro,
227 1124 260 1143 ex
287 1115 409 1150 prmdiis.
436 1115 523 1142 fundis
539 1135 547 1147 ,
575 1115 717 1148 domibus,
745 1109 901 1151 mancipiis‘,

112 1169 207 1196 pompa
226 1161 330 1193 smculi,
353 1160 455 1188 honore
467 1161 579 1188 volatieo
594 1165 620 1187 et
635 1161 762 1195 perituro.
776 1161 903 1190 Habeudo

113 1207 210 1243 aliquid
234 1207 326 1234 volunt
344 1207 413 1234 beati
433 1214 491 1234 eSSe
508 1216 514 1233 :
529 1215 619 1242 quam:
633 1215 695 1242 ergo
709 1209 770 1243 quid
787 1209 883 1236 habeas
894 1229 902 1242 ,

113 1259 139 1282 ut
158 1254 252 1281 beatus
267 1254 314 1281 sis.
328 1253 393 1281 Cum
409 1254 478 1280 enim
491 1253 584 1282 beatus
599 1255 694 1287 fueris,
710 1255 802 1282 melior
815 1255 903 1289 utique

111 1300 180 1331 eris.
200 1307 280 1334 quam
296 1307 355 1326 eum
372 1300 452 1326 miser
467 1308 505 1327 es.
523 1301 590 1328 Fieri
606 1306 692 1328 autem
709 1309 759 1328 non
774 1307 862 1337 potest
877 1307 904 1328 ut

113 1352 154 1372 res
165 1345 285 1372 deterior
298 1349 323 1371 te
336 1345 413 1373 faciat
430 1346 577 1373 meliorem.
595 1346 678 1372 llomo
690 1353 719 1372 es
731 1367 738 1378 ,
750 1346 865 1373 deterius
879 1351 903 1373 te

113 1396 152 1418 est
161 1390 290 1426 quidquid
302 1392 387 1427 cupis,
398 1399 451 1427 quo
462 1392 553 1419 beatus
565 1399 624 1419 esse
636 1391 780 1418 desideras.
792 1392 902 1425 Aurum,

113 1436 251 1471 argentum
262 1459 270 1472 ,
285 1438 408 1472 quaslibet
420 1445 530 1471 corpora
541 1458 548 1469 ,
564 1437 659 1471 quibus
669 1437 754 1464 inbias
768 1438 903 1472 acquiren-

113 1483 170 1515 dis.
186 1483 355 1519 possidendis
365 1504 372 1514 ,
387 1483 505 1510 fruendis
515 1504 522 1516 ,
540 1482 664 1510 inferiora
675 1487 735 1510 sunt
749 1487 783 1510 te.
797 1483 835 1509 Tu
849 1491 903 1510 me-

114 1530 175 1564 liur,
188 1537 220 1558 es
244 1534 272 1556 tu
293 1529 377 1563 potior
401 1529 408 1544 ι
429 1536 459 1555 es
482 1537 488 1554 ε
512 1533 538 1555 et
559 1528 648 1563 utique
679 1528 718 1554 vis
738 1527 831 1554 melior
845 1536 903 1555 esse

114 1583 190 1611 quam
204 1583 235 1603 es
246 1596 253 1608 ,
271 1583 330 1602 eum
345 1575 437 1602 beatus
449 1582 508 1602 esse
519 1574 574 1606 vis,
589 1574 649 1609 quia
663 1574 743 1601 miser
757 1581 796 1601 es.
813 1574 904 1601 Melius

114 1627 153 1650 est
161 1623 234 1650 enim
245 1622 336 1656 utique
349 1621 452 1648 beatum
464 1628 523 1648 esse
534 1641 541 1653 ,
553 1629 630 1655 quam
643 1620 777 1647 miserum.
790 1620 835 1647 Vis
845 1629 903 1648 esse

115 1669 207 1696 melior
221 1673 246 1694 te
261 1672 306 1694 :et
316 1668 412 1702 qmeris
422 1687 428 1698 ,
441 1666 571 1701 perquiris
586 1674 632 1700 per
644 1674 701 1701 qua:
712 1666 737 1693 id
753 1667 796 1692 liat
806 1688 812 1697 ,
829 1667 903 1693 dete—

114 1714 182 1742 riora
203 1719 239 1741 te.
263 1712 394 1747 Quidquid
416 1712 551 1746 qumsieris
572 1712 599 1738 in
623 1716 710 1743 terra,
731 1711 846 1738 deterius
864 1717 903 1738 est

113 1767 190 1794 quam
209 1764 248 1785 tu.
264 1758 319 1785 Hoc
332 1758 417 1784 oumis
432 1758 511 1784 homo
525 1761 598 1791 optat
611 1757 696 1783 amico
709 1764 757 1784 suo
769 1778 775 1788 ,
792 1758 831 1784 sic
844 1766 902 1784 eum

114 1805 218 1839 adiurat
237 1813 245 1831 :
267 1804 310 1831 Sic
329 1804 423 1830 melior
439 1804 475 1830 sis
486 1824 492 1834 .
506 1803 544 1830 sic
558 1804 693 1830 meliorem
708 1807 733 1830 te
748 1803 883 1830 videamus
896 1824 902 1834 ,

115 1850 150 1878 sic
160 1850 195 1877 de
209 1855 234 1877 te
248 1849 356 1876 meliore
373 1849 543 1883 gaudeamus.
560 1848 634 1882 Quod
648 1849 733 1875 anuco
747 1853 820 1883 optat
832 1870 839 1880 ,
855 1849 904 1875 lmc

97 1916 100 1921 .
115 1902 138 1923 et
158 1897 217 1930 ipse
236 1895 302 1921 vult.
324 1895 421 1928 Accipe
441 1901 504 1928 ergo
519 1894 597 1921 ﬁdele
610 1894 758 1921 consilium.
773 1894 864 1921 Melior
880 1899 905 1920 te

116 1941 152 1968 vis
171 1947 251 1972 esse,
278 1939 338 1966 novi
350 1960 357 1970 ,
378 1947 471 1966 omnes
491 1939 611 1965 novimus
626 1959 633 1970 ,
654 1947 747 1966 omnes
765 1940 902 1966 volumus:

115 1989 204 2022 ιιιίιι-Γθ
216 1985 294 2021 quod
303 1991 340 2012 est
356 1985 450 2012 melius
464 1989 489 2011 te
499 2005 506 2016 ,
521 1990 549 2010 ιιι
560 1984 621 2011 inde
631 1984 754 2011 efliciaris
765 1985 857 2011 melior
869 1988 903 2010 te.

151 2034 193 2060 16.
216 2032 322 2058 Intuere
343 2038 412 2057 nunc
437 2030 532 2057 coelum
556 2035 582 2056 et
603 2034 700 2056 terrain
717 2038 723 2056 :
739 2037 790 2056 non
805 2030 849 2056 tibi
866 2031 904 2056 sic

117 2079 225 2112 pulchra
239 2085 350 2112 corpora
368 2077 497 2111 placeant,
513 2081 540 2102 ut
555 2076 594 2103 eis
608 2076 662 2102 fieri
678 2076 770 2103 beatus
786 2075 860 2103 velis.
876 2075 904 2102 lu

116 2126 205 2152 animo
224 2129 266 2151 est
278 2123 347 2158 quod
366 2123 474 2157 (pueris.
489 2122 584 2149 Beatus
604 2122 675 2148 enim
694 2129 753 2148 esse
773 2121 832 2148 vis:
848 2121 905 2156 ipso

116 2173 205 2198 animo
219 2175 265 2196 tuo
275 2177 364 2204 quarre
376 2168 437 2203 quid
453 2169 488 2194 sit.
499 2167 601 2194 ntelius.
617 2167 681 2194 Cum
695 2167 766 2194 enitn
781 2167 834 2194 duo
852 2167 906 2194 sint

117 2217 238 2250 qua-dam
251 2237 258 2247 ,
274 2216 323 2242 hoc
337 2221 395 2247 est,
410 2215 514 2241 animus
532 2218 559 2241 et
577 2220 687 2247 corpus,
703 2221 738 2241 eo
757 2213 826 2248 quod
848 2213 905 2240 istis

116 2263 220 2290 «limbus
239 2262 304 2289 illud
324 2262 418 2288 melius
435 2261 469 2287 sit
483 2259 551 2295 quod
575 2260 677 2286 animus
689 2259 785 2286 dicitur
797 2279 804 2291 ,
820 2263 906 2293 potest

119 2316 216 2344 corpus
228 2313 302 2334 tuum
324 2307 417 2334 melius
437 2306 493 2333 ﬁeri
512 2313 558 2339 per
572 2305 707 2331 meliorem
720 2325 727 2335 ,
741 2304 802 2338 quia
818 2304 907 2338 subje-

118 2361 190 2382 ctum
203 2359 246 2383 est
260 2361 358 2388 corpus
372 2354 470 2380 animo.
486 2352 574 2378 Potest
590 2358 653 2386 ergo
667 2350 761 2377 tuelius
776 2349 831 2376 ﬁeri
845 2358 904 2376 cor-

120 2410 170 2438 pus
190 2406 263 2428 ttuuu
287 2408 333 2435 per
355 2399 470 2426 animmn
491 2403 564 2424 tuum
577 2406 581 2422 ε
595 2401 622 2423 ut
642 2404 702 2423 eum
722 2395 800 2423 fuerit
819 2396 907 2430 justus

118 2449 224 2475 animus
238 2452 306 2477 tuus.
316 2446 350 2472 sit
364 2449 452 2480 postea
467 2442 613 2470 immortale
622 2442 701 2469 etiam
714 2449 809 2475 corpus
821 2446 905 2470 tuum.

119 2495 173 2522 Per
183 2494 264 2521 auitni
277 2492 348 2520 enim
361 2490 578 2518 illuminatiouem
591 2492 706 2515 meretur
714 2495 810 2522 corptts
820 2488 906 2514 incor-

119 2540 271 2575 ruptionem
282 2559 290 2570 ,
306 2543 334 2564 ut
351 2537 393 2564 liat
409 2535 540 2575 inferioris
552 2534 682 2568 reparatio
696 2541 743 2567 per
758 2533 906 2560 meliorem.

117 2586 152 2614 Si
170 2593 232 2620 ergo
245 2583 366 2619 corporis
387 2583 423 2609 tui
442 2582 538 2608 bonum
558 2580 661 2607 animus
684 2584 743 2606 tuus
776 2583 831 2609 est,
846 2579 906 2613 quia

119 2640 236 2667 corpore
259 2636 304 2657 lno
319 2629 412 2656 melior
432 2632 472 2654 est
486 2635 493 2659 ;
509 2635 569 2654 cum
584 2626 680 2660 qumris
702 2625 799 2652 bonum
815 2629 886 2651 tuum
899 2645 905 2656 ,

121 2677 186 2705 illud
201 2684 290 2712 quzere
304 2674 373 2710 quod
389 2673 483 2700 melius
498 2676 538 2699 est
556 2671 643 2698 animo
659 2676 714 2698 tuo.
727 2670 792 2703 Quid
807 2674 847 2696 est
861 2677 906 2695 au‘

119 2727 177 2750 tum
195 2721 298 2748 animus
316 2720 394 2746 tuus?
404 2717 526 2746 Attende.
543 2723 576 2742 ne
591 2715 656 2742 forte
666 2720 838 2741 contemnens
852 2714 907 2739 ani—

121 2774 195 2794 mum
207 2771 291 2796 tuum.
300 2769 326 2791 et
335 2769 428 2799 putans
440 2762 529 2789 nescio
538 2760 599 2794 quid
608 2768 666 2787 esse
676 2761 725 2786 vile
733 2765 758 2786 et
766 2759 906 2792 ahjectttm.

119 2813 214 2840 viliora
233 2819 336 2847 (pueras
361 2809 455 2845 quibus
478 2806 642 2834 beatiﬁeetur
662 2806 765 2832 animus
788 2808 856 2831 tuus.
880 2805 907 2830 ln

156 2894 164 2910 ⁸
177 2893 214 2918 sic
223 2898 310 2917 novem
322 2893 374 2915 uss.
387 2888 430 2914 Alii
441 2892 503 2919 octo,
515 2885 637 2919 potentior.
651 2889 678 2910 At
687 2883 753 2914 add,
767 2881 859 2915 fortior.

1687 143 1738 171 9.94

957 199 1045 226 animo
1061 204 1105 226 tuo
1126 204 1167 225 est
1188 198 1273 233 imago
1287 198 1333 225 Dei
1347 219 1353 230 ,
1368 206 1443 225 mens
1458 198 1570 226 hominis
1584 199 1654 235 capit
1668 208 1736 228 eaut.

959 245 1065 279 Accepit
1078 252 1146 277 eam,
1162 249 1188 271 et
1205 244 1352 272 incliuaodo
1365 253 1393 272 se
1405 246 1436 272 ad
1451 251 1585 279 peccatum
1598 246 1737 274 decolora-

957 292 1007 317 vit'
1020 299 1087 318 eam.
1105 292 1162 325 ipse
1176 291 1208 318 ad
1223 299 1279 318 eam
1295 292 1365 318 venit
1380 292 1543 322 reformatur.
1554 293 1597 327 qui
1609 298 1666 320 erat
1680 294 1740 329 ejus

955 342 1016 363 ante
1033 336 1159 363 formator
1170 347 1176 368 ;
1188 337 1246 372 quia
1263 345 1309 371 per
1324 338 1431 364 verbum
1448 338 1513 365 facta
1526 344 1586 365 sunt
1599 340 1698 371 omnia,
1713 346 1740 367 et

956 390 1002 415 per
1012 382 1125 409 Verbum
1138 383 1262 417 impressa
1274 389 1313 410 est
1325 383 1380 410 lucc
1393 384 1568 418 ituago.\’enit
1580 386 1662 419 ipsttm
1673 385 1739 413 Ver-

957 427 1031 458 bum,
1050 433 1077 454 ut
1089 428 1239 455 audiremus
1256 430 1289 454 ab
1300 430 1426 464 Apostolo
1439 450 1445 460 ,
1461 430 1641 464 Reformnmini
1651 432 1677 458 in
1692 440 1739 459 no-

955 474 1027 499 rilale
1040 475 1127 501 utentis
1143 480 1228 501 vestra?
1241 475 1326 510 (Rom.
1343 484 1387 508 xu,
1399 475 1436 510 2).
1453 476 1510 502 Jaut
1523 485 1586 511 ergo
1601 483 1721 512 superest
1730 499 1737 508 .

956 523 983 544 ιιι
999 527 1102 554 ηιιωιίιε
1121 520 1181 553 quid
1197 520 1231 547 sit
1252 521 1343 547 melius
1358 529 1435 555 quam
1455 522 1558 549 animus
1583 527 1651 550 tuus.
1672 523 1739 557 Quid

955 566 1014 597 erit,
1030 565 1142 592 obsecro
1156 586 1163 596 .
1177 566 1227 592 nisi
1242 566 1311 593 Deus
1324 567 1401 593 tuus?
1414 567 1469 593 Non
1486 568 1586 595 iuvenis
1600 569 1668 595 aliud
1683 578 1738 596 me-

957 610 1005 636 lius
1019 611 1106 638 animo
1121 616 1180 642 tuo;
1197 612 1256 645 quia
1271 620 1330 639 cum
1347 613 1422 639 fuerit
1439 614 1553 647 perfecta
1571 622 1661 641 natura
1677 620 1718 642 tua
1730 637 1737 647 ,

955 655 1061 689 Angelis
1078 658 1232 691 :equabitur.
1250 657 1305 684 Jam
1322 666 1399 692 supra
1416 667 1466 685 nou
1490 665 1530 686 est
1549 660 1598 687 nisi
1618 660 1737 688 Crealnr.

955 701 1032 734 Erige
1060 707 1084 728 te
1104 702 1136 728 ad
1164 702 1253 734 illiilli.
1277 703 1328 729 nuli
1356 704 1517 739 desperare,
1541 705 1593 732 no'i
1626 706 1713 734 dicere
1729 727 1737 738 ,

954 746 1062 772 Multum
1085 752 1123 772 est
1139 747 1171 773 ad
1196 755 1247 774 me.
1265 748 1346 782 Magis
1361 750 1469 776 multum
1486 754 1527 777 est
1550 751 1582 777 ad
1603 756 1628 778 te
1642 751 1740 779 habere

953 791 1022 818 forte
1052 797 1143 818 :ittrutu
1177 793 1245 827 quod
1269 794 1379 827 aqua-ris.
1403 795 1501 821 Aurum
1526 796 1573 822 etsi
1601 797 1716 823 volucris
1731 818 1737 829 ,

954 837 1020 863 forte
1048 839 1098 864 nan
1121 838 1244 870 habebis;
1272 839 1352 865 Deum
1375 848 1433 866 eum
1458 841 1585 873 volueris.
1609 842 1738 869 habebis:

953 883 1012 916 quia
1037 889 1063 909 et
1086 889 1223 918 antequam
1237 885 1318 912 velles
1334 886 1402 912 venit
1418 885 1450 912 ad
1471 891 1495 913 te
1506 908 1513 918 ,
1528 891 1554 914 el
1575 894 1634 914 cum
1648 895 1739 916 aVCl‘ra
1766 881 1775 888 ⁴

954 928 1087 955 voluntate
1103 936 1174 956 eSses
1195 931 1297 957 vocavit
1311 935 1351 961 te.
1365 936 1391 958 et
1413 939 1472 958 cum
1500 939 1642 960 conversus
1666 941 1740 961 esses

955 976 1047 1002 terruit
1071 981 1095 1003 te
1110 997 1117 1008 ,
1142 982 1169 1003 et
1191 984 1250 1004 cum
1276 979 1382 1005 territus
1402 979 1566 1006 conlitereris
1590 980 1599 995 '
1619 980 1740 1007 consola-

955 1026 995 1048 tus
1009 1027 1049 1049 est
1064 1028 1098 1049 te.
1113 1022 1163 1051 Iste
1175 1023 1218 1059 qui
1235 1024 1279 1051 tibi
1293 1025 1414 1059 priestitit
1426 1025 1512 1052 omnia
1525 1046 1533 1058 ,
1548 1026 1597 1052 iste
1614 1026 1658 1060 qui
1679 1026 1740 1053 fecit

954 1072 982 1094 ut
994 1075 1082 1099 esses.
1099 1070 1142 1102 qui
1164 1077 1223 1097 cum
1246 1070 1285 1097 his
1304 1072 1346 1105 qui
1367 1075 1454 1098 tecum
1476 1077 1536 1098 sunt
1558 1073 1636 1099 etiam
1663 1073 1739 1100 malis

955 1120 1061 1150 praestat
1071 1116 1164 1149 solem,
1179 1121 1286 1151 pra-stat
1301 1117 1425 1151 pluviam,
1440 1122 1545 1151 prrcstat
1559 1117 1668 1146 fructus.
1682 1118 1739 1145 l'ou-

956 1168 1003 1192 tes.
1017 1163 1095 1188 vitam
1106 1183 1113 1194 ,
1127 1163 1255 1196 salutent,
1270 1168 1354 1190 tantas
1364 1164 1558 1194 consolationes
1569 1185 1576 1196 ,
1591 1169 1678 1191 servat
1694 1164 1739 1192 tibi

954 1207 1051 1241 aliquid
1070 1208 1139 1242 quod
1154 1216 1204 1235 non
1218 1208 1263 1235 det
1279 1208 1328 1235 uisi
1345 1209 1402 1236 tibi.
1418 1208 1484 1242 Quid
1505 1213 1546 1236 est
1563 1214 1650 1236 autem
1670 1210 1740 1244 quod

955 1253 999 1280 tibi
1011 1260 1098 1280 seriat
1109 1275 1116 1286 ,
1132 1254 1181 1281 uisi
1196 1256 1245 1281 se?
1261 1254 1323 1281 Pete
1336 1254 1405 1281 aliud
1417 1276 1423 1286 ,
1440 1254 1461 1280 si
1477 1254 1571 1281 utelius
1586 1255 1719 1282 inveneris
1732 1264 1738 1282 :

954 1308 982 1326 se
999 1301 1043 1327 tibi
1059 1306 1144 1327 servat
1159 1301 1236 1327 Deus.
1249 1301 1344 1332 Avare,
1359 1300 1420 1335 quid
1434 1300 1519 1327 initias
1530 1301 1598 1328 cwlo
1607 1305 1634 1328 et
1645 1301 1740 1328 terrm?

955 1345 1046 1372 Melior
1055 1351 1093 1372 est
1109 1346 1151 1379 qui
1163 1346 1224 1372 fecit
1234 1347 1328 1373 caelum
1343 1351 1369 1372 et
1385 1350 1481 1372 terram
1497 1355 1503 1372 :
1518 1345 1602 1380 ipsum
1617 1346 1721 1374 visurus
1731 1367 1739 1379 ,

955 1391 1040 1426 ipsum
1057 1392 1193 1417 habiturus
1206 1391 1215 1406 ³
1228 1399 1266 1418 es.
1281 1391 1347 1424 Quid
1360 1391 1456 1425 qu:rris
1467 1396 1494 1418 ιιι
1506 1396 1547 1417 tua
1563 1391 1596 1417 sit
1612 1391 1654 1418 illa
1667 1391 1739 1425 villa,

954 1444 981 1464 et
996 1437 1125 1464 transiens
1140 1445 1187 1472 per
1201 1437 1270 1464 illam
1286 1438 1350 1464 dicis
1363 1447 1368 1464 :
1383 1438 1478 1464 Beatus
1493 1437 1568 1472 cujus
1578 1443 1618 1464 est
1634 1446 1725 1472 posses

955 1483 994 1509 sio
1016 1482 1083 1509 ista?
1099 1483 1152 1509 lloe
1171 1483 1261 1509 dicunt
1279 1491 1356 1517 quam
1382 1483 1454 1508 ntulti
1472 1483 1515 1517 qui
1539 1488 1673 1509 transeunt
1694 1491 1740 1517 per

955 1528 1025 1555 illam
1039 1532 1082 1555 :et
1096 1532 1182 1555 ttltueu
1198 1535 1257 1554 cum
1272 1528 1397 1560 dixerint,
1411 1533 1437 1554 et
1451 1533 1585 1554 transeunt
1601 1536 1646 1562 per
1656 1528 1738 1560 illam.

955 1577 1064 1607 possunt
1076 1578 1153 1608 caput
1167 1574 1266 1608 agitare
1279 1579 1306 1600 et
1320 1574 1463 1607 suspirare,
1479 1573 1603 1608 nutnqttid
1617 1578 1643 1601 et
1656 1574 1740 1608 possi-

955 1619 1034 1647 dere"
1045 1620 1127 1647 Sonat
1141 1620 1269 1654 cupiditas
1280 1641 1287 1653 ,
1303 1624 1379 1646 sonat
1391 1620 1513 1654 iniquitas
1525 1628 1532 1645 :
1544 1619 1589 1646 sed
1607 1627 1658 1646 non
1673 1627 1739 1646 cou-

955 1667 1074 1701 cupiscas
1087 1674 1142 1693 rem
1158 1666 1268 1700 proximi
1284 1666 1319 1692 lni
1333 1665 1422 1699 (Deut.
1438 1674 1464 1699 v,
1477 1665 1533 1699 2|).
1548 1665 1643 1692 Beatus
1664 1665 1740 1699 cujus

955 1719 995 1740 est
1010 1714 1050 1740 illa
1064 1713 1133 1745 villa,
1147 1713 1222 1747 cujus
1233 1702 1273 1739 est
1286 1712 1380 1739 domus
1393 1713 1452 1745 ista,
1467 1712 1541 1745 cujus
1552 1716 1592 1738 est
1606 1719 1668 1746 ager
1679 1712 1738 1738 iste.

955 1760 1099 1794 Compesce
1122 1760 1306 1793 iniquitatem,
1327 1758 1387 1785 audi
1408 1758 1542 1784 Veritatem
1560 1766 1567 1784 :
1583 1757 1660 1783 Beata
1681 1766 1741 1791 gens

956 1806 1028 1840 cujus
1042 1810 1086 1832 est.
1102 1805 1186 1838 Quid?
1196 1804 1253 1831 Jatn
1276 1804 1358 1830 nostis
1372 1803 1434 1838 quiti
1450 1803 1566 1830 dicturus
1588 1810 1657 1829 sum.
1672 1802 1740 1836 Ergo

956 1850 1103 1878 desiderate
1129 1855 1156 1876 ut
1184 1850 1320 1882 habeatis,
1349 1854 1410 1876 IllllC
1435 1848 1540 1875 demum
1565 1848 1632 1875 beati
1655 1849 1739 1875 eritis.

957 1898 1011 1924 lloc
1024 1898 1080 1924 solo
1094 1897 1161 1924 beati
1175 1896 1248 1923 eritis
1265 1905 1270 1922 :
1286 1904 1314 1923 re
1328 1895 1434 1921 nwlioro
1448 1902 1527 1928 quam
1540 1901 1586 1920 vos
1599 1894 1673 1926 estis,
1685 1902 1739 1920 me-

957 1943 1035 1970 liores
1049 1942 1131 1970 eritis.
1146 1942 1215 1969 Dens
1225 1947 1275 1974 est,
1288 1942 1404 1974 inquam,
1418 1941 1509 1967 melior
1525 1944 1559 1972 te,
1574 1940 1617 1974 qui
1633 1939 1692 1966 fecit
1704 1945 1738 1967 te.

957 1987 1033 2014 Βεαά
1046 1996 1105 2023 gens
1119 1988 1190 2022 cujus
1203 1992 1238 2013 est
1259 1986 1382 2012 Dominus
1400 1985 1467 2012 Deus
1480 1994 1573 2012 eorum.
1591 1986 1645 2012 ΙΙοα
1657 1993 1715 2012 ama
1731 2006 1738 2016 .
1775 1994 1781 1996 '

957 2034 1006 2060 hoc
1029 2032 1133 2068 posside
1144 2053 1151 2065 ,
1167 2033 1216 2059 hoc
1239 2040 1298 2059 cum
1323 2032 1362 2058 vis
1385 2031 1509 2065 habt-bis,
1526 2032 1576 2059 hoc
1595 2032 1676 2067 gratis
1690 2032 1737 2059 lia-

956 2079 1040 2106 bebis.

992 2125 1034 2152 17.
1054 2124 1133 2151 Beata
1152 2131 1211 2157 gens
1223 2123 1293 2158 cujus
1310 2127 1344 2148 est
1360 2122 1482 2148 Dominus
1500 2122 1565 2148 Deus
1578 2131 1672 2148 eorum.
1687 2122 1739 2149 No-

956 2175 1012 2198 ster
1026 2170 1109 2197 Deus!
1122 2167 1201 2203 Cujus
1213 2169 1282 2195 enim
1296 2176 1346 2195 non
1362 2173 1401 2195 est
1414 2168 1482 2195 Deus
1494 2169 1504 2194 ἲ
1516 2168 1571 2195 Non
1593 2168 1670 2203 plane
1683 2176 1740 2194 om-

958 2217 1028 2242 nium
1043 2215 1136 2242 eodem
1148 2213 1236 2240 tnodo.
1250 2213 1345 2241 Noster
1359 2214 1450 2249 magis,
1467 2219 1554 2240 uoster
1569 2214 1611 2248 qui
1627 2214 1741 2241 \'i\'il'tll$

957 2261 989 2287 de
1009 2260 1052 2287 illo
1075 2265 1195 2293 tanquam
1215 2258 1248 2286 de
1269 2266 1336 2293 pane
1357 2264 1457 2286 nostro.
1473 2253 1581 2292 Ipse‘sit
1601 2259 1741 2285 ilzlrl‘t‘liiltls
1770 2290 1773 2292 _

959 2312 1065 2339 nostra,
1080 2305 1211 2341 possessio
1236 2311 1334 2332 nostra.
1350 2305 1390 2331 An
1412 2304 1478 2331 forte
1507 2310 1606 2332 temere
1629 2305 1741 2332 dicimus

957 2351 1076 2379 faciendo
1088 2352 1162 2378 nobis
1175 2351 1255 2377 Deum
1270 2350 1474 2385 posseSsionem,
1487 2357 1547 2376 cum
1557 2350 1591 2376 sit
1606 2350 1740 2382 Dmuiuus,

957 2405 1016 2424 eum
1032 2398 1066 2424 sit
1086 2396 1212 2423 Creator?
1223 2396 1278 2422 Non
1293 2401 1332 2422 est
1348 2396 1395 2422 ista
1412 2395 1545 2422 temeritas
1561 2403 1568 2422 :
1584 2395 1692 2422 adet-tus
1702 2402 1742 2423 υςι

958 2443 1101 2475 desiderii,
1117 2446 1143 2469 et
1166 2441 1276 2468 dulcedo
1290 2441 1355 2474 spei.
1371 2440 1442 2467 hicat
1464 2440 1566 2472 anima,
1579 2442 1685 2468 onniino
1699 2450 1739 2468 se-

959 2497 1020 2515 cura
1034 2489 1101 2515 dicat
1116 2497 1122 2514 ;
1135 2488 1203 2517 Deus
1217 2495 1289 2512 meus
1304 2494 1332 2512 es
1344 2491 1380 2518 tu;
1390 2487 1432 2521 qui
1449 2486 1614 2514 duritanitute
1629 2493 1741 2515 nostrae:

960 2534 1036 2561 Salus
1051 2539 1092 2559 tua
1102 2541 1146 2568 ego
1161 2541 1215 2559 sum
1230 2531 1315 2565 (Psal.
1333 2540 1424 2565 xxxiv,
1436 2533 1473 2565 5).
1492 2533 1563 2560 Dicat
1573 2555 1580 2564 ,
1595 2541 1686 2561 secura
1701 2534 1741 2560 di-

959 2584 1001 2606 t-at
1016 2588 1020 2604 :
1037 2586 1087 2605 n0n
1102 2578 1178 2605 faciet
1196 2578 1316 2611 iniuriam
1335 2585 1393 2604 cum
1412 2577 1461 2605 hoc
1475 2578 1653 2611 dixerit;'irno
1667 2580 1743 2606 faciet

960 2626 981 2651 si
995 2632 1047 2651 non
1063 2623 1167 2650 dixerit.
1180 2622 1296 2649 Arbores
1309 2624 1414 2649 volebas
1429 2624 1524 2651 habere
1541 2625 1636 2659 quibus
1651 2624 1743 2651 beatus

960 2671 1049 2697 esses?
1063 2669 1131 2696 Audi
1153 2669 1314 2703 Seripturam
1328 2669 1458 2696 dicentem
1482 2669 1514 2696 de
1536 2670 1662 2704 sapientia
1680 2680 1687 2697 :
1702 2670 1743 2696 Li-

960 2725 1037 2752 gnum
1050 2717 1106 2743 vita
1116 2720 1150 2742 est
1167 2715 1280 2742 omnibus
1291 2716 1470 2749 possidentibus
1481 2725 1544 2743 cum.
1560 2716 1627 2743 Ecce
1640 2723 1743 2750 posses-

961 2763 1062 2790 sionem
1083 2766 1199 2788 nostratn
1219 2760 1289 2787 dixit
1308 2768 1368 2788 esse
1382 2763 1536 2796 sapientiam
1563 2762 1614 2788 Sed
1627 2768 1743 2796 nepotes

993 2820 1001 2835 ι
1015 2818 1106 2849 Aliquot
1115 2820 1176 2845 Mss...
1189 2816 1348 2841 dederoram‘t.

993 2850 1003 2866 '
1014 2847 1121 2880 namque.
1135 2853 1196 2872 “ss.
1208 2847 1372 2880 rottlerfrelis.

994 2881 1005 2897 ³
1015 2878 1147 2905 muniretur
1160 2884 1209 2903 λδ».
1219 2896 1227 2907 ,
1244 2878 1365 2903 tinuum».
