3972 6198
505 292 610 351 ἰῦὸ

505 410 674 481 ipsam
695 406 1023 477 sapientiam,
1051 402 1173 472 quia
1200 402 1589 471 possessionem
1613 407 1753 453 tuam
1777 398 1910 453 dixit
1930 398 2070 455 Scri-

508 513 681 572 ptura,
713 496 907 568 aliquid
943 510 1061 549 esse
1104 492 1245 563 quod
1286 492 1356 547 sit
1384 502 1437 547 te
1483 490 1735 567 inferius,
1758 492 1996 562 sequitur
2020 504 2075 546 et

502 593 738 666 adjungit
768 609 781 644 :
812 588 877 644 Et
905 585 1293 643 incumbentibus
1316 588 1370 640 in
1396 601 1507 639 eam
1531 585 1659 638 velut
1680 585 1732 637 in
1763 582 2035 637 hominum
2054 623 2070 645 ,

504 686 642 741 tuta‘
670 682 942 753 (Promu,
963 680 1074 750 18).
1103 679 1239 733 Ecce
1255 675 1507 732 Dominus
1534 684 1653 730 tuus
1682 675 1849 729 factus
1872 683 1954 728 est
1979 674 2071 727 tibi

501 779 649 850 quasi
691 774 907 830 baculus
931 791 943 828 :
965 787 1184 827 securus
1209 770 1369 824 homo
1390 768 1678 832 incumbit,
1705 765 1825 836 quia
1850 765 1938 820 ille
1965 782 2070 820 nun

501 867 817 925 succumbit.
846 865 939 919 Die
963 878 1090 933 ergo
1119 874 1368 925 securus,
1399 858 1663 929 possessio
1692 866 1782 913 tua
1811 867 1926 922 est,
1953 873 2072 926 pos-

499 960 775 1017 sidentibus
804 974 934 1014 eam.
966 956 1234 1027 Scriptura
1257 952 1408 1018 dixit,
1440 950 1679 1021 implevit
1704 949 1890 1003 ﬁducia
1916 948 2072 1004 dubi-

502 1058 754 1110 tationem
782 1054 804 1084 ’
832 1062 972 1105 tuam
1001 1066 1014 1101 :
1042 1048 1129 1103 die
1169 1058 1387 1101 securus
1413 1086 1430 1109 ,
1473 1057 1591 1097 ama
1612 1056 1834 1096 securus
1865 1082 1880 1105 ,
1918 1055 2070 1111 spera

501 1162 739 1203 securus.
770 1144 878 1198 'l‘ua
899 1144 1055 1197 etiam
1084 1140 1167 1192 illa
1191 1137 1346 1191 verba
1369 1135 1474 1188 sint
1499 1134 1549 1187 in
1574 1133 1804 1197 Psalmo,
1825 1130 2070 1185 Dominus

498 1260 617 1313 pars
648 1238 949 1293 Increditatis
974 1249 1095 1288 mea:
1121 1230 1288 1304 (Psal.
1311 1246 1399 1293 xv,
1427 1229 1507 1298 5).

572 1335 658 1387 18.
712 1332 849 1401 Ergo
889 1328 1009 1382 inde
1056 1324 1193 1380 beati
1238 1322 1474 1386 erimus,
1517 1318 1682 1373 Deum
1730 1315 2066 1386 possidendo.

496 1426 633 1491 Quid
672 1421 831 1492 ergo?
857 1418 964 1473 Nos
1006 1413 1391 1486 possidebimus
1428 1424 1582 1473 eum,
1609 1417 1663 1463 et
1703 1407 1794 1461 ille
1828 1420 1930 1461 non
1974 1422 2071 1461 nos

500 1512 825 1587 possidebit?
859 1508 1009 1566 Unde
1046 1520 1172 1575 ergo
1217 1503 1375 1558 Isaias
1407 1518 1420 1553 :
1453 1499 1668 1553 Domine
1688 1539 1705 1564 ,
1737 1497 1936 1569 posside
1981 1513 2072 1551 nos

503 1610 651 1682 (Isai.
681 1624 799 1663 xxv:
820 1647 834 1670 ,
868 1606 967 1673 I5,
999 1619 1098 1659 sec.
1131 1598 1331 1670 LXX)?
1360 1595 1601 1653 Possidet
1625 1610 1751 1667 ergo
1773 1634 1788 1659 ,
1819 1601 1875 1648 et
1905 1592 2073 1664 possi-

498 1678 672 1769 detur,
700 1711 754 1757 et
777 1710 942 1754 totum
972 1705 1186 1768 propter
1207 1709 1325 1749 nos.
1357 1690 1473 1746 Non
1501 1689 1643 1745 enim
1683 1686 1981 1756 quomodo,
2016 1678 2100 1740 ut'

499 1812 595 1852 nos
621 1811 685 1852 ex
714 1793 803 1847 illo
830 1791 966 1847 beati
991 1789 1177 1851 simus,
1200 1783 1501 1857 possidetur
1529 1796 1559 1834 a
1584 1779 1757 1845 nobis,
1788 1778 1860 1832 ita
1883 1787 1938 1833 et
1957 1777 2068 1843 ille,

498 1898 556 1945 ut
578 1888 762 1942 beatus
781 1884 867 1949 sit,
880 1879 1115 1954 possidet
1134 1891 1250 1932 nos.
1274 1875 1342 1930 Et
1360 1872 1613 1944 possidet,
1634 1880 1686 1925 et
1710 1868 2009 1939 possidetur
2025 1877 2066 1937 ³,

496 1996 601 2035 non
628 1976 697 2031 ob
721 1974 859 2031 aliud
882 1973 977 2027 nisi
999 1980 1055 2025 ut
1077 1985 1174 2025 nos
1198 1966 1334 2022 beati
1360 1964 1545 2019 simus.
1569 1960 1908 2017 Possidemus
1926 1974 2068 2024 eum,

497 2084 549 2129 et
572 2069 802 2141 possidet
821 2081 937 2128 nos;
952 2064 1072 2134 quia
1091 2061 1314 2117 colimus
1330 2073 1449 2113 eum
1474 2065 1529 2111 et
1553 2054 1676 2111 colit
1699 2069 1818 2108 nos.
1839 2052 2071 2108 Culimus

497 2179 618 2220 eutn
659 2171 908 2229 tauquam
954 2154 1230 2210 Duminttm
1285 2151 1450 2205 Deum
1475 2188 1489 2211 ,
1519 2147 1647 2201 colit
1689 2160 1785 2199 nos
1822 2154 2069 2213 tanquam

500 2266 693 2310 terram
714 2266 883 2306 suam.
911 2247 1044 2315 Quia
1072 2244 1295 2300 colimus
1324 2256 1468 2302 eum,
1501 2252 1660 2294 nemo
1678 2236 1921 2299 dubitat;
1948 2234 2071 2304 quia

498 2348 623 2401 colit
663 2362 757 2398 nos
779 2383 795 2408 ,
824 2343 940 2410 quis
978 2337 1131 2393 nobis
1159 2331 1402 2401 indicat?
1430 2330 1526 2385 Ille
1550 2330 1639 2399 qui
1664 2328 1740 2382 ait
1770 2346 1783 2381 :
1812 2325 1924 2397 Ego
1957 2342 2072 2379 sum

499 2441 629 2504 vitis,
656 2453 743 2493 vos
765 2435 879 2489 estis
897 2438 1169 2495 sarmenta,
1190 2424 1347 2480 Pater
1373 2439 1512 2477 meus
1531 2419 1756 2493 agricola
1776 2428 1847 2473 est
1887 2416 2069 2489 (Joan.

499 2550 592 2600 xv,
625 2532 676 2595 1,
707 2528 781 2600 5).
813 2527 949 2582 Ecce
974 2534 1028 2580 et
1055 2524 1108 2576 in
1139 2522 1239 2575 isto
1261 2518 1463 2588 psalmo
1487 2524 1770 2613 utrumque
1796 2511 1948 2613 nobis
1984 2510 2070 2565 di-

498 2627 636 2680 citur
655 2664 670 2689 ,
700 2629 981 2686 utrumque
1002 2613 1153 2669 nobis
1177 2609 1455 2664 indicatur.
1484 2606 1599 2661 Jam
1624 2604 1759 2658 dixit
1790 2604 1910 2673 quia
1944 2616 2069 2672 pos-

499 2717 733 2773 sidemus
745 2726 865 2768 eum
889 2725 902 2761 :
928 2706 1083 2761 Beata
1102 2719 1219 2777 gens
1238 2701 1382 2772 cujus
1395 2707 1464 2753 est
1480 2696 1724 2751 Dominus
1734 2693 1869 2747 Deus
1879 2707 2070 2748 eorum.

499 2809 660 2878 Cujus
685 2815 766 2860 est
816 2800 1008 2856 fundus
1039 2795 1171 2852 iste?
1200 2792 1362 2847 Illius.
1387 2788 1550 2859 Cujus
1582 2786 1703 2843 ille?
1725 2786 1868 2878 Illius
1890 2783 1934 2838 ⁸.
1966 2782 2074 2878 Gu-

499 2873 592 2972 jus
613 2908 696 2954 est
718 2893 854 2950 iste?
879 2892 1121 2945 Dicamus
1157 2885 1225 2940 de
1256 2885 1365 2938 Deo
1384 2923 1399 2946 ,
1426 2880 1667 2977 dicamus
1695 2876 1846 2977 cujus

500 2965 765 3063 quomodo
790 2983 941 3040 nobis
966 2980 1103 3036 solet
1129 2971 1462 3047 responderi,
1485 2968 1696 3040 quando
1709 2966 1793 3071 de
1818 2965 1995 3070 fundis
2020 2974 2074 3020 et

500 3086 567 3141 de
594 3079 805 3154 prtediis
833 3072 1093 3145 aliquibus
1125 3068 1314 3139 amplis
1351 3074 1507 3133 atque
1529 3068 1899 3154 amoenissimis
1924 3074 2073 3128 qua:-

503 3149 668 3232 rim-us
697 3171 822 3227 :Est
844 3165 1058 3238 quidam
1084 3170 1318 3221 senator,
1340 3168 1393 3211 et
1416 3153 1541 3208 illud
1566 3163 1656 3207 aut
1679 3149 1808 3206 illud
1832 3158 2070 3216 vocatur,

502 3268 654 3337 cujus
680 3270 760 3317 est
781 3261 879 3314 ista
908 3253 1168 3325 possessio
1193 3269 1205 3305 :
1228 3258 1283 3304 et
1302 3247 1547 3307 dicimus,
1571 3241 1866 3297 Beatusille
1891 3239 2080 3337 homo,

503 3334 593 3419 Sic
618 3361 660 3414 si
690 3367 987 3428 quaeramus
1007 3390 1021 3411 ,
1051 3346 1211 3415 Cujus
1250 3353 1333 3398 est
1375 3342 1514 3411 Deus
1538 3337 1675 3394 iste?
1704 3337 1798 3391 Est
1834 3334 2074 3405 quaedam

507 3458 655 3510 beata
681 3463 810 3521 gens
837 3445 986 3515 cujus
1007 3450 1089 3497 est
1117 3457 1130 3492 :
1160 3452 1280 3492 nam
1308 3434 1561 3489 Dominus
1583 3431 1726 3486 Deus
1747 3442 1932 3483 eorum
1970 3436 2073 3481 est.

508 3551 577 3604 Et
603 3561 704 3602 non
731 3545 863 3597 sicut
889 3546 1102 3594 senator
1136 3532 1227 3586 ille
1253 3527 1489 3600 possidet
1506 3524 1725 3578 fundum
1753 3536 1905 3576 suum
1929 3559 1947 3586 ,
1971 3535 2075 3574 non

507 3649 682 3695 autem
711 3631 1006 3704 possidetur
1030 3643 1058 3680 a
1081 3622 1240 3679 fundo
1269 3634 1365 3674 suo
1384 3660 1400 3683 ,
1426 3616 1504 3670 sic
1526 3626 1580 3670 et
1609 3615 1747 3668 Deus
1779 3610 2078 3704 gentisho-

505 3732 610 3803 jus.
634 3703 785 3784 Uude
822 3732 879 3776 ut
907 3722 1021 3789 ejus
1048 3717 1214 3771 simus
1237 3754 1251 3779 ,
1285 3710 1527 3764 laborare
1562 3704 1815 3760 debemus
1844 3720 1858 3755 :
1881 3703 1983 3803 sed.
2002 3703 2077 3803 al-

510 3795 767 3880 terutrum
817 3831 876 3871 se
930 3808 1218 3882 possident.
1264 3801 1499 3858 Audistis
1527 3799 1648 3869 quia
1691 3812 1821 3867 gens
1848 3795 2081 3864 pOssidet

509 3930 632 3968 cum
662 3927 678 3965 :
705 3908 860 3963 Beata
888 3919 1029 3973 gens,
1050 3899 1192 3969 cujus
1220 3904 1291 3949 est
1316 3891 1561 3945 Dominus
1592 3888 1724 3942 Deus
1749 3903 1941 3942 eorum.
1971 3887 2082 3973 An-

510 3964 631 4061 dite
665 4003 785 4072 quia
813 4008 867 4053 et
889 3964 1256 4063 ⁷ἰιιενμοεξδὶἀει
1282 3987 1423 4081 illam
1451 4002 1465 4038 :
1496 3981 1729 4051 Populus
1751 3995 1898 4050 quem
1936 3964 2081 4081 elegit

518 4095 759 4150 Dominus
796 4091 850 4143 in
877 4085 1217 4143 hereditatem
1253 4078 1364 4133 sibi.
1389 4076 1549 4131 Beata
1576 4086 1706 4144 gens
1746 4076 2081 4141 possessione

513 4206 608 4243 sua
635 4233 646 4250 ,
680 4187 831 4238 beata
873 4176 1152 4234 luereditas
1179 4181 1486 4241 possessore
1521 4180 1617 4219 suo
1642 4206 1656 4230 ,
1681 4163 1895 4233 papulas
1938 4176 2080 4230 quem

514 4281 659 4352 elegit
692 4274 933 4329 Dominus
956 4270 1007 4322 in
1026 4264 1360 4354 hazreditatem
1379 4258 1490 4312 sibi.
1551 4270 1583 4354 _'
1638 4343 1672 4354 ﬁ
1769 4343 1780 4354 .
1936 4344 1941 4348 ι

590 4341 674 4426 l9.
708 4368 727 4441 [
764 4380 892 4420 vers.
940 4357 1064 4430 l5.]
1093 4356 1166 4409 De
1202 4353 1323 4407 caelo
1368 4349 1585 4419 respexit
1628 4343 1876 4441 Dominus
1903 4341 2079 4441 ,eidit

510 4478 684 4517 omnes
710 4432 842 4527 tilias
868 4441 1352 4507 hominum.0mnes
1365 4440 1449 4494 hic
1475 4439 1544 4500 ita
1559 4435 1769 4527 accipe,
1788 4441 1845 4487 ut
1865 4432 2036 4502 gentis
2062 4432 2083 4463 ³

519 4552 655 4607 illius
691 4525 877 4605 omnes
913 4538 1173 4607 intelligas
1210 4532 1351 4586 illam
1398 4525 1756 4621 haereditatem
1805 4530 2079 4621 tenentes,

515 4644 602 4697 vel
625 4643 765 4696 illam
790 4631 1150 4691 haereditatem
1180 4623 1483 4689 existentes.
1512 4613 1800 4669 Haereditas
1826 4624 1906 4665 est
1942 4613 2083 4714 enim

522 4737 610 4792 Dei
654 4734 755 4805 ipsi
788 4742 992 4785 omnes.
1038 4722 1106 4776 Et
1142 4720 1285 4788 ipsos
1307 4714 1334 4744 θ
1356 4725 1549 4805 omnes
1583 4707 1651 4762 de
1679 4707 1817 4761 caelo
1846 4707 2087 4805 Γεδρεχίι

526 4794 792 4891 Dominus,
818 4830 872 4877 et
898 4818 1028 4873 vidit
1052 4829 1145 4871 eos
1175 4809 1261 4865 ille
1281 4807 1368 4879 qui
1395 4805 1495 4858 ait:
1512 4801 1635 4856 Cum
1654 4814 1782 4853 esses
1803 4797 1891 4851 sub
1910 4794 2087 4850 arbore

520 4922 627 4990 ﬁci,
653 4919 753 4974 vidi
772 4926 817 4971 te
836 4912 947 4985 (Id.
977 4927 1013 4977 ι,
1043 4908 1155 4978 48).
1180 4902 1320 4958 Vidit
1344 4898 1484 4954 enim
1515 4909 1635 4950 eum
1668 4892 1788 4963 quia
1810 4893 2088 4945 miseratus

524 5094 763 5215 ηιιὶιῗῗὲΐ
776 5091 836 5204 ιξῗ
860 5072 1650 5215 argumentatus;
1667 5076 2090 5192 iistim

526 5219 703 5330 “iiii:
1164 5257 1517 5324 vero,implcvit
1527 5254 1774 5322 fiduciam,
1788 5248 1982 5304 removit
1998 5250 2090 5301 du-

528 5341 837 5454 “filim
878 5400 1023 5448 totum
1054 5393 1246 5454 ργοηιετ
1266 5358 1373 5434 ἠθε-
1405 5388 1461 5454 .L"
1659 5390 1745 5454 ηίὲδ
1766 5373 2092 5454 Pighi???"

529 5439 1197 5527 είηιιὶεῖ“ί›ὶ›ἑὲίά’ἑιίὶῖὶξῖηίξιίξξ
1225 5453 1317 5527 if}!
1337 5439 1858 5527 ‘Ei‘fﬂzilfﬁb‘imfiﬁ‘
1879 5449 2093 5527 "31'3":

529 5496 1197 5583 ﬁy’nﬁiﬂiibuidéiu
1234 5521 1318 5558 nos
1350 5503 1613 5569 Ροδδίάείαν
1649 5516 1679 5551 α
1717 5499 1865 5559 "abis’
1905 5496 1999 5548 mm
2037 5496 2094 5547 ab

530 5588 950 5707 “agiagi-Cujus
972 5632 1246 5707 ille
1266 5625 1607 5707 cujusﬂstistc.

597 5690 781 5775 eiEi-5
801 5690 990 5773 ᾱέῆλά..
1012 5690 1336 5775 naues-:1
1347 5690 1519 5775 sets-

596 5769 621 5804 ί
641 5759 955 5823 Μαι-εἴωθε..
972 5761 1067 5828 ipsi
1089 5770 1267 5820 ames,
1293 5763 1336 5807 et
1358 5759 1507 5815 ipsius
1524 5759 1699 5801 anates.

909 5864 928 5903 ν

1735 287 1791 342 s.
1834 246 2195 343 aucusrttvt
2236 288 2529 346 EPISCOPI

3645 307 3756 363 296

2178 410 2262 460 est
2282 416 2422 456 eum.
2463 402 2613 459 Unde
2643 406 2952 479 plerumque
2979 423 3225 481 rogantes
3248 415 3669 479 misericordiam
3702 428 3717 455 ί
3739 468 3759 489 ,

2177 490 2401 547 dicimus
2426 492 2642 560 homini,
2672 496 2803 553 Vide
2831 515 2934 555 me.
2964 502 3026 557 Et
3051 503 3119 558 de
3152 505 3241 560 illo
3268 509 3359 576 qui
3386 518 3437 565 te
3461 518 3757 570 contemnit

2179 582 2304 652 quid
2328 583 2497 639 dicis?
2516 585 2630 642 Non
2658 604 2744 645 me
2767 591 2928 647 videt.
2960 594 3055 649 Est
3075 610 3203 666 ergo
3227 600 3466 670 quantum
3496 607 3629 659 visio
3652 610 3753 662 mi-

2176 676 2475 743 scrantis’,
2499 694 2602 732 non
2642 680 2776 736 visio
2802 685 3086 752 puuientis.
3120 686 3209 741 Illa
3249 690 3381 747 visio
3417 692 3482 749 ad
3531 710 3755 765 peccata

2176 767 2567 845 animadversio
2596 781 2679 827 est
2706 790 2722 828 :
2747 789 2864 844 quae
2894 776 2980 831 ille
3019 789 3232 847 peccata
3265 798 3367 837 non
3406 787 3515 841 vult
3539 789 3710 844 videri
3739 836 3754 854 ,

2177 858 2267 926 qui
2292 859 2418 916 dicit
2445 862 2653 918 :Aaerte
2678 865 2858 934 {aciem
2883 878 3021 923 tuam
3047 889 3079 925 a
3104 876 3324 943 peccatis
3351 880 3471 933 meis
3497 879 3669 953 (Psal.
3702 901 3753 947 ι..

2176 948 2291 1019 11).
2317 948 2466 1018 Quod
2488 955 2599 1008 vult
2619 955 2845 1026 ignosci,
2873 974 2976 1014 non
3001 963 3111 1017 vult
3134 967 3349 1034 agnosci
3384 987 3396 1021 :
3428 948 3636 1038 Averte,
3676 976 3757 1028 in-

2177 1039 2310 1108 quit,
2343 1040 2526 1110 faciem
2556 1054 2696 1099 tuam
2719 1063 2751 1100 a
2777 1051 2990 1117 peccatis
3020 1053 3160 1106 meis.
3183 1054 3315 1109 Cum
3343 1072 3471 1128 ergo
3499 1070 3759 1119 averterit

2176 1133 2360 1187 faciem
2387 1150 2535 1190 suam
2563 1152 2592 1191 a
2623 1140 2850 1208 peccatis
2873 1144 2975 1197 tuis
2997 1185 3013 1209 ,
3041 1163 3144 1199 non
3182 1148 3381 1203 videbit
3410 1153 3500 1206 te?
3523 1155 3587 1207 Et
3612 1159 3758 1213 unde

2175 1223 2299 1278 alibi
2326 1224 2454 1281 dicit
2480 1245 2499 1298 ε
2529 1226 2613 1282 Ne
2640 1242 2833 1285 avertas
2853 1236 3033 1303 faciem
3065 1246 3200 1290 tuam
3222 1256 3253 1291 a
3278 1257 3357 1294 me
3382 1241 3712 1313 (Psalexxn
3738 1291 3754 1314 ,

2174 1313 2270 1399 9).?
2299 1315 2441 1387 Ergo
2468 1330 2671 1377 avertat
2712 1338 2741 1377 a
2782 1326 3013 1392 peccatis
3050 1329 3153 1383 tuis
3176 1371 3190 1396 ,
3224 1347 3327 1386 non
3371 1347 3574 1392 avertat
3596 1354 3625 1393 a
3655 1349 3711 1396 te

2175 1405 2352 1461 videat
2399 1418 2488 1476 te,
2518 1413 2832 1470 misereatur
2872 1418 2981 1484 tui,
3027 1421 3303 1477 subveniat
3345 1426 3460 1481 tibi.
3503 1429 3583 1484 De
3625 1433 3759 1487 calo

2166 1501 2390 1569 respexit
2404 1501 2669 1572 Dominus,
2694 1507 2816 1561 vidit
2836 1526 3004 1565 omnes
3018 1512 3152 1582 ﬁlios
3167 1515 3425 1574 hominum
3446 1538 3464 1575 :
3483 1525 3762 1593 pertinen-

2176 1600 2255 1647 tes
2281 1592 2348 1648 ad
2377 1595 2566 1651 Filium
2595 1598 2845 1656 hominis.

2242 1683 2331 1777 20.
2358 1685 2525 1758 [vers.
2560 1688 2678 1763 14.]
2713 1690 2785 1745 De
2825 1706 3108 1765 praeparato
3130 1699 3413 1756 habitacula
3436 1720 3527 1758 suo
3554 1719 3577 1759 :
3608 1708 3761 1777 quod

2172 1774 2269 1829 sibi
2302 1781 2637 1847 praeparavit.
2675 1782 2811 1837 Vidit
2836 1801 2932 1842 nos
2956 1789 3021 1843 de
3060 1793 3328 1859 Apostolis
3359 1835 3375 1858 ,
3398 1795 3530 1850 vidit
3558 1774 3659 1854 nos
3686 1801 3761 1856 de

2175 1866 2604 1934 praedicatoribus
2632 1875 2867 1931 veritatis
2889 1917 2903 1940 ,
2936 1878 3066 1933 vidit
3091 1896 3190 1936 nos
3228 1881 3297 1938 de
3334 1886 3549 1956 Angelis
3572 1930 3587 1953 ,
3617 1906 3761 1960 quos

2172 1957 2239 2012 ad
2291 1974 2390 2014 nos
2436 1962 2598 2019 misit.
2637 1965 2761 2022 Iliae
2795 1969 2969 2024 omnia
3006 1971 3197 2028 domus
3247 1976 3381 2044 ejus,
3424 1977 3538 2034 haec
3573 1957 3759 2036 omnia

2174 2048 2529 2107 habitaculum
2551 2056 2667 2124 ejus
2698 2076 2710 2111 :
2739 2060 2860 2128 quia
2887 2061 3000 2118 hsce
3031 2066 3205 2120 omnia
3230 2068 3349 2123 caeli
3390 2072 3477 2139 qui
3496 2074 3763 2129 enat-rant

2176 2142 2394 2209 gloriam
2414 2144 2531 2200 Dei.
2564 2146 2700 2201 Vidit
2724 2166 2891 2205 omnes
2920 2154 3051 2221 filios
3076 2154 3367 2222 hominum;
3388 2160 3451 2214 de
3466 2176 3761 2232 pra’pnrato

2171 2234 2457 2291 habitacula
2480 2255 2573 2293 suo
2601 2243 2815 2312 resth
2839 2260 2991 2315 super
3007 2262 3178 2302 omnes
3195 2254 3281 2317 qui
3298 2250 3523 2307 habitant
3544 2264 3759 2310 terram.

2173 2325 2275 2398 Ipsi
2319 2339 2445 2385 sunt
2467 2372 2480 2391 .
2510 2333 2592 2387 sui
2628 2346 2750 2388 sunt
2772 2334 2829 2401 ³,
2854 2351 2984 2406 gens
3034 2338 3123 2392 illa
3149 2350 3231 2395 est
3268 2341 3419 2398 beata
3441 2384 3458 2410 ,
3485 2345 3637 2411 cujus
3673 2357 3765 2403 est

2162 2419 2430 2476 Dominus
2461 2423 2602 2479 Dens
2645 2441 2859 2493 eorum;
2894 2429 3115 2499 populus
3148 2432 3236 2487 ille
3267 2443 3349 2488 est
3372 2476 3387 2498 ,
3411 2450 3569 2506 quem
3594 2440 3766 2508 elegit

2173 2510 2430 2569 Dominus
2456 2515 2507 2569 in
2537 2515 2899 2573 bmreditatem
2935 2519 3035 2576 sibi
3061 2538 3074 2574 :
3098 2522 3223 2592 quia
3245 2538 3338 2593 per
3368 2541 3555 2582 omnes
3585 2539 3764 2585 terras

2172 2615 2287 2671 est,
2313 2615 2367 2661 et
2393 2623 2497 2661 non
2517 2617 2601 2663 est
2627 2609 2681 2664 in
2706 2621 2877 2681 parte.
2901 2610 3142 2684 Respexit
3164 2631 3314 2686 super
3340 2633 3511 2673 omnes
3540 2622 3629 2691 qui
3658 2621 3765 2674 Im-

2172 2695 2333 2752 bitant
2357 2706 2563 2753 terram.

2242 2789 2334 2845 21.
2363 2789 2385 2865 [
2420 2807 2547 2847 vers.
2585 2791 2718 2866 15.]
2745 2793 2846 2862 Qui
2879 2796 3027 2865 ﬁnxit
3051 2797 3346 2869 singillatim
3371 2800 3526 2856 corda
3558 2818 3760 2858 eorum.

2174 2885 2329 2940 Manu
2349 2888 2535 2957 gratiae
2563 2903 2694 2952 suae,
2722 2904 2879 2944 manu
2905 2890 3283 2947 misericordia:
3309 2907 3421 2947 sua:
3454 2896 3603 2948 tinxit
3626 2912 3765 2951 eor-

2175 2976 2263 3042 da,
2294 2977 2572 3046 plasmavit
2597 2978 2756 3032 corda
2788 2990 2985 3045 nostra,
3014 2981 3163 3036 ﬁnxit
3187 2983 3513 3054 singillatim,
3543 2988 3761 3058 singula

2173 3068 2414 3135 quaedam
2454 3069 2614 3124 corda
2643 3069 2776 3131 dans
2812 3070 2985 3138 nobis,
3013 3089 3130 3141 quae
3160 3084 3332 3129 tamen
3360 3090 3463 3129 non
3493 3078 3759 3133 dirimunt

2177 3161 2451 3215 unitatem.
2479 3159 2756 3228 Quomodo
2777 3162 3077 3231 singillatim
3105 3164 3338 3219 membra
3380 3165 3603 3221 formata
3632 3181 3768 3224 sunt

2175 3250 2372 3316 omnia,
2403 3251 2703 3320 singillatim
2733 3250 2929 3307 habent
2952 3267 3113 3321 opera
3137 3267 3253 3320 sua,
3276 3265 3331 3310 et
3351 3263 3525 3311 tamen
3556 3257 3606 3310 in
3642 3260 3769 3312 uni-

2177 3350 2282 3395 tate
2322 3340 2560 3410 corporis
2589 3342 2804 3406 vivunt;
2838 3358 3024 3396 manus
3063 3343 3189 3399 facit
3229 3346 3367 3415 quod
3420 3349 3607 3403 oculus
3651 3365 3765 3404 tuo»:

2177 3431 2319 3495 facit,
2347 3434 2490 3487 auris
2520 3434 2571 3487 id
2596 3434 2737 3489 valet
2759 3435 2904 3504 quod
2928 3449 3029 3492 nec
3046 3436 3232 3493 oculus
3262 3453 3362 3492 nec
3389 3454 3574 3494 manus
3593 3442 3763 3505 valet;

2177 3525 2353 3579 omnia
2380 3534 2553 3580 tamen
2582 3526 2633 3578 in
2657 3527 2852 3579 unitate
2874 3536 3181 3596 operantur,
3211 3537 3265 3582 et
3285 3544 3471 3583 manus
3495 3540 3550 3583 et
3567 3531 3766 3586 oculus

2179 3625 2232 3670 et
2257 3617 2401 3671 auris
2427 3617 2634 3671 diversa
2660 3616 2890 3683 iaciunt,
2921 3634 3021 3674 nec
3044 3620 3143 3674 sibi
3168 3619 3514 3676 adversantur
3546 3640 3559 3674 ;
3593 3626 3673 3678 sic
3703 3636 3762 3679 et

2181 3709 2233 3763 in
2259 3708 2455 3763 Christi
2488 3724 2714 3778 corpore
2753 3711 2944 3781 singuli
2989 3712 3229 3767 homines
3251 3755 3265 3774 ,
3296 3725 3542 3784 tanquam
3588 3733 3729 3771 mem
3760 3751 3769 3757 -

2184 3802 2276 3856 bra
2316 3802 2521 3872 singula
2553 3803 2708 3857 donis
2743 3803 2856 3857 suis
2896 3807 3165 3874 gaudent,
3191 3808 3309 3875 quia
3353 3807 3441 3862 ille
3470 3811 3558 3877 qui
3600 3810 3771 3880 elegit

2181 3896 2430 3966 populum
2455 3897 2506 3951 in
2537 3898 2895 3951 [nereditatem
2921 3898 3056 3964 sibi,
3090 3900 3239 3954 tinxit
3263 3902 3564 3971 singillatim
3598 3907 3767 3960 corda

2182 4003 2386 4040 eorum.
2414 3985 2675 4055 Numquid
2700 3987 2831 4040 enim
2846 4004 3017 4058 omnes
3045 3991 3259 4056 apostoli
3279 3992 3564 4058 ?numquid
3591 4011 3771 4048 omnes

2184 4077 2476 4147 prophetat?
2507 4078 2749 4148 numquid
2782 4054 2953 4131 omnes.
2998 4080 3262 4134 doctores?
3307 4084 3549 4153 numquid
3591 4102 3772 4142 omnes

2183 4168 2316 4221 dona
2345 4168 2522 4223 habent
2546 4169 2847 4222 sanitatum?
2865 4170 3104 4238 numquid
3133 4187 3302 4225 omnes
3333 4174 3518 4243 linguis
3542 4177 3735 4244 loqnnn
3754 4211 3771 4220 -

2185 4261 2303 4315 tur?
2338 4258 2581 4327 numquid
2613 4275 2785 4312 omnes
2822 4253 3247 4328 interpretantur?
3288 4263 3389 4315 Alii
3423 4266 3628 4333 quidem
3675 4287 3773 4337 per

2187 4353 2433 4422 Spiritum
2458 4350 2609 4402 datur
2632 4365 2794 4403 sermo
2820 4351 3100 4420 sapientiaz,
3127 4354 3217 4405 alii
3231 4370 3395 4407 sermo
3414 4356 3655 4425 scientiw,
3673 4359 3773 4413 alii

2186 4446 2309 4513 ﬁdes
2328 4444 2600 4498 secundum
2615 4441 2842 4496 eumdem
2857 4442 3122 4511 Spiritum,
3143 4446 3285 4498 alteri
3300 4447 3435 4499 dona
3452 4450 3771 4507 curationmn

2191 4540 2229 4608 (l
2269 4537 2385 4591 Cor.
2414 4552 2481 4589 xu
2509 4576 2524 4601 ,
2553 4537 2587 4590 8
2611 4576 2626 4600 ,
2652 4534 2685 4590 9
2711 4577 2725 4597 ,
2751 4534 2822 4589 29
2843 4576 2855 4598 ,
2888 4534 2998 4605 30).
3038 4536 3254 4603 Quare?
3278 4538 3412 4603 Quia
3464 4538 3612 4594 ﬁnxit
3655 4542 3771 4596 siu-

2186 4632 2405 4701 gillatim
2454 4629 2613 4684 corda
2666 4644 2871 4684 eorum.
2926 4629 3205 4697 Quomodo
3247 4641 3423 4685 autem
3480 4632 3532 4686 in
3589 4650 3765 4687 Ιιιϐιιι-

2189 4723 2296 4777 bris
2337 4723 2530 4776 nostris
2570 4721 2778 4775 diversn
2830 4732 2954 4774 sunt
3001 4734 3161 4789 opera
3185 4762 3200 4781 ,
3235 4720 3327 4774 sed
3373 4721 3577 4799 sanitas
3615 4741 3720 4776 una
3760 4744 3769 4774 ;

2189 4816 2265 4870 sic
2312 4815 2362 4868 in
2405 4813 2653 4867 munibus
2698 4811 2950 4866 membris
2993 4810 3185 4865 Christi
3229 4812 3438 4865 diversa
3490 4829 3713 4867 munera
3755 4859 3772 4880 ,

2189 4909 2280 4964 sed
2304 4906 2535 4962 Charitas
2555 4919 2678 4959 una.
2709 4903 2805 4970 Qui
2827 4903 2971 4972 ﬁnxit
2999 4902 3291 4974 singillatim
3320 4906 3473 4955 corda
3494 4920 3692 4957 eorum.

2259 5002 2348 5056 22.
2384 5000 2484 5067 Qui
2511 4997 2743 5068 intelligit
2772 4997 2941 5049 omnia
2968 5010 3123 5065 Opera
3148 5011 3338 5048 eorum.
3364 4993 3614 5065 lntelligit
3639 5000 3772 5065 quid

2192 5094 2308 5148 est?
2349 5091 2615 5147 Secretius
2650 5097 2706 5143 et
2742 5087 2962 5143 interius
3005 5087 3167 5142 videt.
3209 5086 3382 5142 Ilabes
3421 5088 3473 5140 in
3512 5089 3722 5156 psattnn
3755 5106 3775 5120 -

2193 5164 2425 5252 Intellige
2450 5183 2717 5236 clamorem
2738 5196 2902 5233 meum
2929 5177 3098 5247 (Psal.
3125 5196 3173 5242 v,
3194 5179 3275 5248 ει).
3306 5178 3424 5254 Non
3445 5179 3588 5234 enim
3615 5182 3776 5247 quasi

2193 5278 2412 5331 vocibus
2450 5288 2585 5343 opus
2622 5282 2723 5335 est,
2757 5283 2812 5325 ut
2844 5272 3113 5340 perveniat
3142 5270 3334 5340 aliquid
3365 5270 3431 5325 ad
3462 5286 3621 5326 aures
3652 5272 3774 5329 Dei.

2194 5369 2440 5423 Oreultus
2478 5356 2622 5417 visus
2663 5364 2958 5417 intellectus
2987 5372 3222 5417 vocatur.
3269 5361 3584 5431 Expressius
3611 5364 3774 5429 dixit,

2196 5477 2352 5531 quam
2379 5459 2420 5511 si
2451 5458 2672 5520 diceret,
2700 5455 2857 5510 Videt
2884 5456 3060 5509 omnia
3089 5470 3247 5524 opera
3278 5472 3462 5510 eorum
3493 5476 3506 5508 :
3536 5474 3603 5510 ne
3644 5468 3776 5514 tunc

2262 5616 2278 5677 ξ
2305 5620 2369 5677 tta
2385 5613 2440 5677 in
2462 5616 2567 5677 uss.
2595 5616 2648 5659 At
2666 5610 2714 5677 in
2737 5608 3076 5677 Edd.,.egenles
3094 5605 3445 5677 misericordia.

2261 5676 2282 5707 ²
2305 5672 2437 5730 ald,
2461 5669 2729 5737 misegantis
2750 5667 2938 5737 cordis:
2954 5678 3081 5737 vox._
3096 5667 3276 5721 cordis.
3296 5670 3433 5737 abest
3447 5682 3475 5714 a
3492 5673 3597 5737 tias.

2265 5738 2287 5767 ³
2307 5745 2380 5786 sic
2396 5725 2501 5782 .tt'ss.
2526 5729 2738 5781 AtEdd.:
2764 5731 2860 5795 Ipsi
2878 5738 2984 5781 sunt
3007 5730 3101 5797 sui,
3116 5737 3222 5781 sunt
3243 5742 3357 5794 gms
3380 5728 3464 5780 illa
3486 5725 3643 5781 beata.
