1986 3099
96 150 148 179 εθτ
466 153 468 155 ’
616 146 812 174 ΕΝΛΒΒΛΤΙΟ
833 146 865 174 lN
886 146 894 174 l

952 145 1045 174 enim
1062 146 1167 174 xxxu.
1350 140 1358 147 ‘
1663 151 1716 179 298

97 212 203 241 putares
219 204 302 232 videri
317 212 396 239 opera
414 204 479 235 ista,
497 203 600 238 quando
624 208 650 230 et
672 208 699 230 tu
721 204 794 230 vides
817 210 883 237 opus

98 252 220 279 immittis.
240 250 325 277 llomo
347 251 442 277 laetum
459 250 571 276 hominis
592 255 662 275 moto
677 249 755 283 t-jus,I
771 257 884 283 corpore

97 298 175 329 videt,
194 297 263 323 licus
283 301 370 323 autem
391 296 416 322 iu
442 296 521 322 corde
536 295 615 322 videt.
639 295 706 329 Quia
729 303 792 328 ergo
815 297 884 321 intus

97 343 175 373 videt,
193 342 292 369 dictum
306 347 346 368 cst
357 363 363 373 ,
380 342 495 376 intelligit
518 342 601 367 omnia
616 349 691 376 opera
706 349 801 367 eorum.
819 341 885 367 Dant

96 389 146 414 duo
167 387 345 422 pauperibus;
370 394 437 413 unus
457 387 506 413 sibi
522 386 671 413 tnercedetn
692 386 788 420 qua'rit
802 386 884 412 (mle-

96 439 175 465 stum,
199 433 267 460 alius
289 433 430 459 ltuntanattt
451 432 553 458 laudem
569 441 575 458 :
593 437 618 457 tu
642 432 667 458 itt
688 431 792 457 duobus
806 439 884 457 unattt

96 488 149 506 rem
165 479 250 509 vides,
267 478 335 504 Deus
351 478 414 503 duas
429 477 551 511 intelligit
566 486 572 508 ς
595 477 665 503 intus
678 477 749 503 cnitn
764 475 886 510 intelligit

95 530 117 551 et
142 524 216 551 intus
242 523 377 558 agnosuit.
400 523 465 550 lines
486 523 600 556 ipsorum
626 522 705 552 videt,
727 521 886 548 intentiones

96 571 165 605 ipsas
183 569 265 595 videt.
283 569 332 602 Qui
352 568 466 604 intelligit
482 569 565 595 omnia
579 576 654 603 opera
674 576 767 594 eorum.

128 616 174 643 9.5.
189 615 272 651 [υενε.
291 614 330 641 l6.
342 614 350 650 ]
364 614 424 640 Non
437 614 520 640 salvus
533 614 574 647 ﬁet
588 622 631 640 rex
644 622 687 648 per
702 613 887 639 multitudinem

96 662 195 688 virtutis
216 668 280 688 sum.
302 660 341 687 Ad
367 661 503 686 Dutttinnm
527 668 637 691 mnnes,
661 660 686 685 in
712 659 764 685 Deo
785 666 886 685 ontnes.

97 707 161 740 Spes
177 712 222 732 tua
234 706 244 720 ²
258 705 326 732 Deus
348 706 392 737 sit,
415 705 539 732 fortitudo
562 709 604 731 tua
628 705 695 731 Deus
709 705 744 730 sit
755 725 762 735 ,
779 704 888 730 ﬁrmitas

99 758 138 781 tua
157 753 228 779 Deus
241 752 286 784 sil,
300 752 424 778 exoratio
436 751 445 766 ³
460 756 502 777 tua
516 751 572 785 ipse
586 750 629 782 sit,
645 751 700 777 laus
717 755 759 776 tua
775 750 830 784 ipse
843 749 887 780 sit,

100 798 156 825 ﬁnis
169 798 194 824 in
209 806 263 832 qtto
280 797 430 832 requiescas
443 797 498 831 ipse
510 797 554 826 sit.
569 796 728 830 adjutorium
742 804 801 823 cum
815 796 888 822 labo-

101 851 141 871 ras
155 844 214 878 ipse
227 843 270 869 sit.
286 843 354 870 Audi
370 843 505 870 veritatem
522 852 529 869 :
543 842 601 868 Non
623 843 705 868 salvus
721 842 763 875 ﬁet
782 850 826 868 rem
846 850 889 875 per

100 889 285 915 multitudinem
306 889 404 914 virtutis
426 896 480 914 suo:
506 895 514 914 :
537 896 581 914 nec
602 887 674 922 gigas
695 887 778 914 salvus
798 888 844 913 erit
865 887 890 913 in

101 934 260 960 multitudine
279 933 435 967 fortitudinis
454 940 515 959 saw.
540 932 620 967 Gigas
643 932 772 967 superbus
795 932 891 966 aliquis

100 985 148 1013 est,
171 980 304 1008 extollens
327 986 356 1006 se
377 979 504 1006 adversus
528 979 626 1009 Deum,
648 978 719 1004 velut
742 978 802 1012 quia
822 977 833 992 ‘
851 983 891 1005 est

101 1027 155 1061 ipse
175 1025 275 1060 aliquid
300 1026 326 1051 iit
351 1032 380 1052 se
399 1030 425 1051 et
448 1032 494 1059 per
514 1032 552 1051 se.
574 1024 631 1050 Non
648 1023 676 1050 ﬁt
696 1024 744 1050 iste
763 1024 849 1050 salvus
865 1024 890 1050 iit

101 1071 270 1098 multitudine
284 1070 388 1097 virtutis
404 1078 470 1096 sum.

133 1117 178 1144 Ἃ.
193 1116 276 1153 [verm
292 1117 333 1148 l7,
346 1115 409 1151 18.]
423 1115 475 1142 Sed
489 1123 584 1149 eqttunt
598 1115 676 1142 habet
690 1122 824 1149 magnum,
840 1114 892 1141 for-

102 1167 164 1194 tem,
181 1161 309 1193 validum,
325 1161 459 1192 velocem;
482 1165 570 1194 potest
591 1159 613 1186 si
634 1159 731 1194 aliquid
754 1159 891 1194 ingruerit,

101 1209 153 1235 cito
166 1208 242 1234 illum
259 1207 293 1233 de
309 1206 426 1241 periculo
442 1205 575 1232 liberare?
597 1205 653 1231 Non
670 1205 789 1237 fallatur,
805 1204 894 1231 audiat

101 1253 169 1288 quod
183 1253 305 1285 sequitur
318 1261 323 1278 ε
334 1251 447 1278 llfcudaa:
459 1260 533 1286 equus
548 1252 581 1277 ad
591 1252 707 1277 salutem.
723 1250 894 1277 Intellexistis

101 1299 162 1334 quid
174 1299 278 1326 dictttm
293 1298 327 1325 sit
341 1306 346 1324 :
364 1297 475 1324 Mendax
488 1306 563 1332 equus
575 1297 608 1322 ad
630 1296 759 1323 salutem?
774 1296 830 1323 Non
848 1296 894 1322 tibi

103 1345 242 1379 promittat
265 1351 350 1378 equus
375 1348 434 1369 tuus
458 1342 568 1369 salutent
590 1351 595 1368 :
617 1342 638 1368 si
661 1342 706 1368 tibi
733 1342 893 1375 promiserit,

104 1391 256 1418 mentietur.
281 1388 309 1416 Si
333 1389 403 1416 enim
430 1389 497 1415 Deus
518 1387 640 1419 voluerit,
666 1386 819 1414 liberaberis
843 1395 848 1412 ε
873 1386 895 1412 si

105 1437 172 1464 Deus
187 1435 321 1468 noluerit,
337 1434 448 1461 cadente
470 1441 538 1468 equo
553 1434 630 1460 altius
653 1432 741 1459 cades.
760 1432 817 1459 Non
833 1439 896 1467 ergo

105 1481 199 1515 putetis
214 1480 328 1511 dietutn,
343 1479 454 1505 Mendax
468 1487 543 1513 equus
558 1478 591 1504 ad
604 1478 719 1511 salutem,
734 1478 807 1512 quasi
822 1485 897 1504 nien-

105 1527 151 1554 tlax
171 1526 264 1561 justus
286 1526 318 1552 ad
341 1525 463 1555 salutettt,
482 1524 551 1559 quod
568 1525 638 1550 velut
657 1525 720 1558 justi
737 1524 768 1550 ad
785 1524 895 1550 salutent

105 1574 277 1600 mentiantur.
299 1571 356 1598 Non
371 1576 412 1598 cst
432 1571 502 1597 enim
518 1571 643 1605 scriptum
659 1579 745 1604 (t'quus
756 1591 762 1601 ,
779 1569 848 1604 quod
862 1570 895 1595 ab

105 1619 228 1653 :rqnitatc
237 1617 343 1648 dicitur;
353 1617 398 1644 sed
405 1625 491 1652 equus,
500 1616 596 1642 animal
603 1616 761 1650 quadrupes.
770 1615 825 1641 lloc
833 1622 899 1649 grte-

105 1673 151 1692 cns
163 1664 248 1691 codex
261 1664 360 1690 indicat
372 1663 419 1698 (ιι).
438 1663 468 1689 Et
482 1662 675 1696 redargumttur
689 1662 756 1688 mala
766 1662 897 1695 jumenta,

108 1711 229 1737 homines
243 1710 287 1744 qui
302 1710 350 1735 sibi
367 1713 487 1744 ίμιαξιίιιιι
507 1708 660 1734 occasiones
680 1707 876 1734 mendaciorum
890 1717 896 1732 :

106 1765 164 1783 cum
177 1757 315 1790 Scriptura
331 1756 411 1787 dicat,
427 1755 460 1781 05
472 1755 536 1789 quod
549 1754 676 1786 mentitur,
689 1754 777 1780 occidit
789 1755 899 1780 animum

108 1804 184 1839 (Sep.
200 1811 218 1832 ι,
236 1803 300 1837 tl);

107 1851 172 1877 cium
185 1849 272 1884 (Paul.
289 1857 314 1880 v,
331 1848 372 1883 7).
396 1847 462 1881 Quid
483 1852 524 1874 est
539 1854 601 1880 ergo
613 1867 619 1877 ,
637 1846 749 1872 Mendax
768 1855 844 1881 oI/uus
865 1845 898 1871 ad

108 1896 241 1923 salutent?
262 1895 388 1922 Mentitur
408 1894 452 1920 tibi
468 1901 550 1928 equus
564 1892 670 1927 quando
687 1892 814 1926 promittit
829 1892 899 1918 saltt-

109 1948 172 1969 tetu.
197 1940 329 1975 Numquid
354 1947 438 1974 equus
462 1939 539 1966 alicui
566 1938 697 1972 tequitur,
721 1941 748 1964 et
772 1936 900 1970 promittit

109 1987 244 2015 salutent?
268 1986 321 2013 Sed
341 1993 402 2012 cum
419 1991 446 2012 tu
462 1985 535 2011 vides
551 1992 647 2018 eqtnun
663 1984 728 2010 bene
748 1982 899 2014 formatum,

109 2033 188 2060 bonis
210 2032 322 2064 viribus,
348 2038 444 2065 magno
466 2038 544 2057 cursu
569 2029 718 2063 [)t'tl‘tlilullt,
740 2029 787 2054 ista
812 2028 899 2053 omnia

110 2080 184 2105 velut
205 2078 362 2113 promittunt
384 2077 428 2103 libi
453 2076 485 2103 de
510 2076 554 2102 illo
578 2075 688 2101 salutem
707 2083 712 2100 :
729 2073 774 2100 sed
796 2073 899 2104 fallunt,

110 2126 131 2151 si
148 2125 223 2152 Deus
244 2133 296 2151 non
319 2129 421 2155 tuetur,
437 2123 497 2157 quia
513 2122 624 2148 Mendua;
644 2129 721 2155 equus
736 2120 769 2145 (ul
784 2120 899 2146 salutent.

113 2172 215 2206 Equum
229 2170 318 2204 accipe
331 2170 408 2196 etiattt
425 2169 534 2202 ﬁgurate
544 2166 689 2201 quamlibet
700 2165 899 2199 amplitudinem

112 2216 202 2243 seculi
219 2215 307 2249 hujus,
323 2214 466 2248 quemlibet
480 2213 608 2239 honorem
630 2212 655 2238 in
679 2219 756 2245 quem
773 2211 902 2244 superbus

111 2260 237 2287 ascendis
251 2269 258 2286 ι
274 2268 326 2294 quo
348 2259 427 2285 altius
450 2258 606 2292 ingrederis,
629 2264 661 2283 eo
682 2262 706 2283 le
727 2265 777 2282 non
802 2261 901 2283 tantum

112 2305 265 2335 celsioretn,
281 2304 326 2331 sed
348 2304 426 2330 etiam
441 2304 561 2330 tutiorem
580 2303 644 2329 falso
661 2307 744 2335 putas.
765 2302 903 2334 Quonme

113 2351 187 2377 enim
202 2355 226 2377 Ic
237 2349 341 2383 dejiciat
359 2349 453 2380 nescis,
470 2353 542 2375 tanto
558 2348 651 2374 elisum
674 2347 790 2381 gravius,
804 2352 903 2380 quanta

113 2395 256 2422 sublimius
280 2395 416 2422 ferebaris.
441 2394 554 2420 Mendax
576 2401 652 2427 equus
675 2393 708 2418 ad
731 2393 858 2419 Sttittlt’itt.‘
877 2393 902 2419 iu

113 2443 270 2469 abundantia
283 2447 365 2468 autem
378 2442 474 2467 virtutis
488 2449 539 2467 sua:
553 2449 603 2466 non
618 2440 662 2466 erit
677 2439 771 2465 salvus.
789 2439 819 2465 Et
834 2439 903 2465 unde

319 1807 355 1833 et;
370 1801 464 1827 Pardus
479 1809 562 1827 omnes
584 1800 627 1835 qui
649 1801 781 1835 loquuntur
794 1800 898 1826 menda-

114 2491 167 2517 t'rit
180 2489 291 2516 salvus?
314 2489 370 2515 Non
388 2488 421 2515 de
436 2489 542 2520 virtute,
559 2496 610 2514 non
626 2487 658 2513 de
671 2487 769 2513 viribus
781 2506 787 2516 ,
804 2494 855 2511 non
871 2485 904 2511 de

115 2535 237 2565 honore,
253 2543 304 2561 nun
318 2534 350 2561 de
371 2534 464 2568 gloria,
481 2541 533 2561 non
548 2533 580 2560 de
594 2540 672 2567 equo.
690 2533 721 2558 Et
736 2531 805 2558 unde
817 2532 828 2557 ’ἶ
846 2531 904 2564 Quo

115 2582 160 2607 ibo
170 2580 183 2607 ἲ
201 2579 250 2608 Ubi
272 2580 403 2606 inveniant
424 2579 493 2608 unde
507 2579 595 2605 salvus
609 2578 681 2605 sim?
704 2577 760 2604 Noli
775 2578 817 2603 diu
831 2586 905 2611 quat-

113 2633 188 2656 rere,
213 2625 265 2652 noli
289 2625 376 2660 longe.
400 2623 466 2650 Ecce
488 2623 553 2650 oculi
577 2623 676 2650 Dontini
698 2631 771 2657 super
794 2623 905 2648 timentes

145 2693 155 2708 ί
170 2691 238 2719 ma,
250 2691 339 2722 factum
358 2689 459 2722 nonanis
470 2693 534 2715 motu
544 2688 636 2720 ejust'n
653 2683 752 2720 corpore
771 2688 843 2714 ridet.
862 2688 907 2713 Ali-

111 2728 173 2755 quot
189 2726 251 2752 5155.,
266 2725 328 2755 moto
339 2721 391 2755 ejus
401 2727 508 2755 corpore.

145 2756 156 2770 ι
173 2749 332 2778 ιειηέωύωί
344 2749 425 2776 (:oll).:
438 2749 474 2776 Ltd
484 2750 611 2776 Dominum
626 2750 709 2781 omnis,
724 2750 747 2776 in
769 2754 815 2776 Deo
833 2749 908 2776 omnis

113 2792 168 2816 spes
181 2789 232 2811 tua.
248 2788 309 2808 Deus
321 2783 350 2808 sit
360 2783 473 2814 fortitudo
484 2786 533 2807 tua.

145 2817 155 2832 ³
168 2819 194 2839 In
207 2815 317 2839 pluribus
400 2813 532 2839 exhortatio

145 2823 155 2832 ³
168 2823 194 2839 Il]
207 2823 317 2846 plurlnus
327 2823 390 2841 “55.,
400 2823 540 2839 επηυηιιηυ.

145 2848 156 2862 δ
170 2845 266 2877 aliquot
275 2848 339 2874 1153.,
350 2845 398 2876 qui.

144 2880 185 2909 tu)
197 2882 276 2908 ιιφοδ-

220 2914 356 2944 PATROL.
375 2909 491 2941 XXXV
500 2909 522 2939 Ι.

936 211 1001 229 eum.
1020 202 1117 229 Videtis
1128 204 1187 238 quia
1204 203 1251 237 ipsi
1267 208 1328 230 sunt
1342 211 1408 239 quos
1421 205 1555 240 prospexit
1569 205 1603 234 de
1617 205 1721 234 habita-

936 247 999 275 culo‘
1010 256 1068 274 suo.
1083 247 1149 274 Ecce
1160 248 1229 275 oculi
1245 248 1345 275 Domini
1360 258 1434 281 super
1454 251 1565 278 timentes
1579 260 1645 285 eum,
1658 260 1719 287 ιρι-

936 299 1019 320 rantes
1038 302 1113 328 super
1128 295 1322 321 misericordium
1336 296 1390 330 ejus
1402 304 1411 322 ε
1426 296 1526 331 non‘dc
1541 297 1643 325 meritis
1656 299 1723 331 suis,

938 347 989 365 non
1003 339 1036 366 de
1051 340 1156 371 virtute,
1173 347 1225 366 non
1241 340 1274 367 de
1289 328 1459 375 fortitudine,
1474 328 1526 369 lion
1539 343 1572 371 de
1585 351 1663 379 equo,

937 385 971 411 de
984 385 1166 425 misericordia
1181 385 1248 419 ejus.

1038 430 1194 468 [vrrs.19.]
1216 431 1250 458 Ut
1275 437 1345 459 eruat
1367 441 1382 459 a
1405 439 1484 461 morte
1508 435 1605 462 animas
1627 443 1725 463 eorum.

939 476 1024 503 Vitam
1046 481 1172 504 :eteruam
1197 477 1334 511 prontittit.
1358 478 1424 511 Quid
1450 479 1476 505 in
1500 479 1548 506 ista
1572 481 1726 514 peregrina-

940 522 1032 549 tione?
1047 522 1172 556 mtmquid
1185 522 1284 549 deserit
1294 522 1305 543 τ
1324 523 1387 550 Vide
1397 524 1459 558 quid
1473 525 1593 559 sequitur
1607 534 1614 552 :
1626 525 1660 553 Et
1673 526 1726 554 alat

939 575 981 594 eos
995 568 1019 594 in
1035 568 1111 603 fame.
1127 567 1243 602 Tempus
1256 568 1331 595 famis
1345 572 1385 596 est
1403 569 1490 601 modo,
1506 575 1610 606 tempus
1628 573 1726 599 saturi-

941 613 1001 639 tatis
1020 618 1078 647 post
1098 613 1157 639 erit.
1180 613 1229 646 Qui
1251 621 1299 640 nos
1318 614 1343 641 in
1367 614 1437 642 fame
1458 615 1535 650 hujus
1550 617 1727 652 corruptionis

941 666 993 685 non
1017 658 1126 690 deserit,
1152 658 1315 686 immortales
1341 659 1423 687 iactos
1446 660 1578 695 quomodo
1602 663 1729 690 satiabit?

940 702 991 730 Sed
1006 703 1129 738 quamdiu
1145 708 1248 738 tempus
1262 709 1303 732 est
1322 704 1414 737 famis,
1432 706 1595 733 tolerandum
1609 713 1646 734 est
1658 728 1665 740 ,
1680 708 1729 734 dn-

941 749 1052 776 randum
1066 753 1116 780 cst.
1134 750 1355 784 perseverandum
1370 755 1411 778 est
1424 759 1508 786 usque
1522 751 1547 779 in
1563 751 1653 780 ﬁnem.
1671 752 1729 780 Jam

941 794 1071 822 eurrenda
1084 799 1146 822 sunt
1159 795 1247 822 omnia
1257 816 1265 828 ,
1281 796 1340 831 quia
1356 801 1382 823 et
1396 797 1437 823 via
1456 803 1497 824 est
1509 797 1587 832 plana
1597 818 1604 829 ,
1618 801 1646 825 et
1658 798 1730 832 cogi-

943 840 1049 867 tandum
1065 845 1106 867 est
1121 840 1184 875 quid
1201 845 1346 875 portemus.
1362 841 1455 869 Adhuc
1475 842 1581 877 quidem
1600 847 1731 877 spectato-

943 895 986 915 res
998 888 1024 914 in
1034 887 1229 922 amphitheatro
1241 886 1309 915 forte
1320 888 1463 921 insaniunt,
1477 894 1503 915 et
1515 888 1541 916 in
1552 888 1609 915 sole
1620 888 1730 917 sedent:

943 938 970 960 et
983 940 1030 970 nos
1044 933 1067 960 si
1080 937 1192 966 stamus,
1204 937 1293 960 tamen
1308 933 1334 960 in
1349 933 1502 960 umbraculo
1516 940 1608 961 sumus
1618 954 1625 966 ,
1639 938 1666 960 et
1679 934 1732 962 uti-

944 979 1010 1006 liora
1026 983 1053 1006 et
1066 978 1215 1014 pulchriora
1231 984 1292 1006 sunt
1306 987 1365 1014 qua:
1379 985 1529 1014 spectamus
1542 980 1560 1005 ⁸.
1576 978 1734 1014 Speciemus

945 1023 1072 1059 pulcltra,
1097 1029 1124 1052 et
1146 1032 1161 1051 a
1184 1024 1295 1059 pulchro
1319 1029 1480 1060 spectemur.
1504 1024 1661 1060 Spectemus
1684 1032 1735 1052 nos

945 1075 1034 1097 mente
1047 1077 1077 1097 ea
1093 1077 1152 1105 qua:
1171 1069 1295 1097 dicuntur
1310 1070 1337 1097 in
1356 1070 1478 1097 sensibus
1497 1070 1645 1098 divinarum
1660 1070 1734 1098 Scri-

946 1120 1092 1150 pturarum,
1114 1119 1141 1142 et
1161 1115 1324 1150 gaudeamus
1345 1115 1389 1142 tali
1411 1115 1573 1149 spectaculo.
1597 1115 1736 1151 Spectator

945 1166 1032 1189 autem
1046 1166 1136 1188 noswr
1148 1161 1207 1196 quis
1219 1161 1281 1189 est?
1295 1160 1362 1188 Ecce
1372 1161 1437 1188 oculi
1451 1160 1551 1188 Domini
1562 1170 1638 1197 super
1648 1162 1736 1189 linteu-

947 1211 982 1234 κει
1005 1215 1073 1240 eum,
1094 1211 1223 1242 sperante:
1240 1207 1271 1234 in
1292 1207 1464 1234 misericordia
1482 1207 1536 1243 eius
1554 1215 1564 1234 :
1585 1212 1612 1234 ut
1630 1212 1702 1234 eruat
1720 1215 1737 1234 a

946 1258 1027 1280 morte
1040 1253 1137 1279 animos
1152 1261 1248 1285 eorum,
1264 1257 1286 1279 et
1299 1252 1352 1279 alat
1366 1260 1408 1279 eos
1422 1252 1448 1279 in
1463 1254 1540 1287 fame.

981 1297 1027 1325 ‘26.
1047 1296 1201 1334 [vers.‘20.]
1225 1296 1278 1325 Sed
1303 1302 1409 1332 propter
1431 1297 1650 1331 peregrinationis
1673 1297 1738 1324 tole-

947 1342 1059 1370 rantiam
1074 1343 1199 1377 quamdiu
1214 1341 1299 1369 fames
1321 1347 1377 1374 est,
1398 1346 1425 1369 et
1446 1347 1631 1377 exspectamus
1650 1342 1676 1370 in
1696 1343 1738 1370 via

948 1390 1022 1417 reﬁci
1033 1391 1055 1423 ’,
1078 1398 1111 1417 ne
1125 1390 1298 1422 deficiamus;
1322 1389 1383 1425 quid
1404 1389 1480 1417 nobis
1499 1389 1682 1425 imponitur“,
1696 1391 1738 1418 vel

948 1435 1011 1470 quid
1034 1435 1152 1470 proﬁteri
1178 1434 1327 1462 debemus?
1351 1435 1442 1462 Anima
1465 1439 1550 1461 nostra
1573 1435 1671 1469 patiens
1692 1436 1739 1462 erit

948 1480 1069 1508 Domino.
1091 1480 1190 1508 Secura
1210 1479 1376 1515 exspectabit
1398 1480 1605 1507 misericorditer
1626 1480 1739 1516 promit—

950 1530 1064 1559 tentem,
1080 1525 1288 1553 misericorditer
1301 1524 1311 1541 ⁸
1329 1530 1356 1552 et
1368 1525 1496 1552 veraciter
1508 1524 1677 1553 exhibentem
1692 1534 1698 1552 :
1713 1530 1740 1553 ct

949 1573 1034 1600 donec
1049 1572 1186 1605 exhibeat,
1202 1572 1265 1607 quid
1280 1572 1410 1607 agamus?
1426 1571 1518 1598 Anima
1535 1577 1622 1598 nostra
1642 1571 1740 1607 patiens

950 1620 995 1647 erit
1011 1619 1129 1646 Domina.
1143 1618 1195 1645 Sed
1211 1617 1273 1654 quid
1283 1639 1291 1651 ,
1307 1618 1329 1645 si
1342 1617 1370 1645 in
1383 1618 1437 1653 ipsa
1456 1617 1580 1652 patientia
1593 1624 1646 1645 non
1662 1616 1741 1645 duras

951 1666 1059 1694 bimus?
1084 1665 1138 1693 lmo
1162 1665 1238 1700 plane
1258 1664 1413 1691 durabimus
1428 1672 1435 1690 ε
1450 1663 1577 1696 Quoniam
1598 1663 1701 1699 adjutor
1716 1668 1741 1691 et

951 1716 1074 1747 protector
1095 1716 1178 1738 noster
1200 1715 1246 1737 cst.
1271 1702 1386 1744 Adiuvat
1408 1709 1434 1736 in
1459 1716 1555 1743 pugna,
1580 1708 1695 1743 protegit
1707 1708 1742 1739 ab

951 1763 1027 1790 tIESlll,
1043 1765 1095 1784 neti
1111 1762 1136 1784 te
1149 1756 1259 1789 deserit,
1272 1755 1366 1789 tolera,
1379 1754 1454 1782 dura.
1468 1753 1518 1788 Qui
1531 1753 1742 1789 perseveraverit

953 1812 1035 1838 usque
1049 1803 1074 1830 in
1089 1803 1180 1835 ﬁnem,
1196 1802 1211 1829 h
1224 1809 1240 1829 e
1251 1801 1340 1828 salvus
1353 1801 1403 1829 erit
1418 1800 1523 1835 (Matth.
1539 1807 1613 1832 xxw,
1629 1799 1686 1834 l3).

986 1850 1030 1877 27.
1054 1846 1208 1885 [vers.2l.]
1236 1847 1269 1874 Et
1292 1847 1355 1881 quid
1377 1854 1439 1873 eum
1461 1845 1663 1880 perduraveris,
1680 1852 1741 1872 cum

954 1896 1056 1930 patiens
1072 1895 1169 1927 fueris,
1184 1901 1244 1921 etim
1260 1900 1343 1928 usque
1356 1892 1389 1919 ad
1405 1893 1484 1919 ﬁncm
1500 1891 1663 1926 perveneris,
1678 1891 1741 1926 qttid

953 1943 998 1969 tibi
1019 1941 1091 1969 erit?
1114 1941 1170 1974 Qua
1194 1938 1316 1967 mercede
1331 1938 1449 1966 toleras?
1471 1937 1561 1972 utquid
1585 1942 1656 1964 tanta
1675 1937 1741 1965 dura

954 1987 1052 2014 tatttdin
1076 1986 1194 2021 pateris?
1219 1985 1344 2019 Quoniam
1364 1985 1389 2011 in
1411 1984 1466 2019 ipso
1487 1984 1613 2011 lwtabitur
1633 1992 1677 2010 cor
1695 1991 1743 2010 no—

951 2039 1041 2065 strum,
1058 2037 1081 2059 et
1095 2033 1120 2059 in
1134 2032 1234 2058 nomine
1247 2036 1334 2057 sancto
1348 2031 1401 2065 ejus
1412 2030 1575 2066 speravimus.
1590 2029 1672 2064 Spera
1687 2029 1739 2061 hic,

953 2083 982 2106 ut
997 2079 1095 2106 lzeteris
1109 2078 1143 2105 ibi
1162 2087 1167 2104 :
1183 2078 1253 2105 esuri
1269 2081 1295 2103 et
1308 2077 1351 2104 siti
1365 2076 1417 2107 hic,
1435 2081 1463 2102 ut
1477 2075 1593 2110 epuleris
1606 2075 1651 2102 ibi.
1705 2072 1706 2075 “

988 2125 1032 2152 28.
1054 2123 1136 2161 [νει-δ.
1150 2122 1213 2159 ‘22.]
1237 2122 1361 2149 llortatus
1383 2127 1424 2150 est.
1446 2121 1478 2148 ad
1501 2111 1600 2153 munia,
1624 2120 1744 2155 implevit

954 2179 1003 2198 tios
1022 2170 1118 2205 gaudio
1133 2169 1201 2203 spei,
1223 2167 1358 2202 proposuit
1379 2167 1454 2195 nobis
1476 2166 1537 2202 quid
1561 2173 1697 2197 amemus,
1714 2166 1741 2193 in

954 2225 1006 2252 quo
1019 2216 1078 2243 solo
1091 2220 1117 2242 et
1132 2215 1165 2241 de
1186 2222 1239 2249 quo
1260 2214 1317 2240 solo
1333 2219 1521 2248 pra-sumamus
1536 2221 1541 2237 :
1558 2215 1617 2246 post
1637 2210 1695 2237 luec
1712 2211 1743 2237 ﬁt

954 2263 1039 2289 oratio
1058 2261 1150 2288 brevis
1164 2266 1190 2287 et
1205 2259 1319 2287 salubris
1334 2268 1340 2285 :
1358 2257 1416 2284 I-‘iat
1429 2257 1600 2284 misericordia
1615 2262 1658 2282 tua
1668 2277 1674 2288 ,
1693 2255 1743 2283 Uo-

955 2310 1040 2341 mine,
1056 2316 1131 2342 super
1154 2316 1209 2334 nos.
1234 2306 1267 2333 Et
1288 2313 1340 2340 quo
1363 2303 1479 2331 merito?
1503 2303 1575 2330 Sicut
1589 2302 1743 2337 speravimus

955 2354 980 2380 in
996 2359 1027 2380 tc.
1052 2353 1099 2380 Fui
1121 2351 1278 2388 quibusdam
1294 2356 1440 2380 onerosus;
1461 2348 1547 2375 sentio
1564 2357 1570 2374 :
1586 2347 1741 2382 quibusdam
1766 2369 1770 2371 .

955 2405 1043 2426 autem
1058 2399 1137 2426 etiatu
1152 2398 1205 2425 cito
1225 2394 1362 2423 terminavi
1378 2401 1546 2424 sermonem;
1568 2397 1595 2420 et
1615 2392 1666 2420 hoc
1680 2399 1743 2419 scn-

956 2447 993 2472 tio
1015 2454 1021 2472 :
1043 2445 1181 2479 ignoscant
1205 2442 1302 2470 inﬁrmi
1324 2439 1487 2471 fortioribus,
1511 2443 1538 2466 et
1561 2445 1609 2473 pro
1632 2437 1744 2465 inﬁrmis

956 2491 1133 2525 deprecentur
1146 2488 1279 2515 fortiores.
1295 2485 1321 2512 lit
1336 2492 1388 2512 llllo
1400 2492 1511 2519 corpore
1523 2484 1611 2511 omnia
1625 2485 1743 2511 membra

956 2538 1050 2567 simus,
1071 2543 1085 2562 a
1107 2535 1193 2569 capite
1214 2537 1306 2560 nostro
1327 2535 1481 2566 vegetemur
1497 2539 1503 2557 :
1519 2535 1545 2557 et.
1566 2530 1591 2556 in
1617 2529 1662 2556 illo
1683 2536 1745 2562 spes

959 2587 1047 2609 nostra
1067 2586 1125 2609 est.
1139 2585 1166 2606 et
1180 2580 1207 2606 in
1222 2578 1269 2605 illo
1283 2576 1408 2604 fortitudo
1423 2580 1512 2603 nostra
1528 2579 1576 2602 est.
1593 2574 1650 2601 Non
1665 2574 1743 2601 dubi-

990 2658 1098 2681 1Otones
1116 2661 1191 2686 prope
1208 2658 1262 2679 Mss.
1282 2656 1419 2679 constanter
1436 2652 1542 2686 habent,
1563 2655 1724 2683 exspectemus
1739 2656 1747 2676 :

960 2693 1054 2712 necnon
1067 2682 1167 2718 postea,-
1180 2688 1354 2718 exspectentur,
1376 2682 1552 2718 exspectacuto,
1575 2685 1724 2713 exspectatur
1737 2688 1746 2709 .-

959 2718 1020 2747 lneo,
1033 2715 1175 2749 spectemur,
1185 2715 1327 2749 spectaculo,
1343 2717 1469 2747 spectator.

991 2750 1001 2784 ξ
1014 2746 1107 2784 Aliquot
1117 2753 1179 2777 \Iss.,
1192 2746 1332 2784 rleﬁcicntes.

993 2781 1003 2796 ³
1013 2781 1050 2804 sic
1057 2775 1084 2804 iu
1098 2784 1149 2810 uss.
1164 2775 1191 2803 At
1203 2775 1227 2803 iii
1239 2778 1304 2810 edd,
1317 2775 1431 2809 quamdiu
1439 2775 1572 2810 fontes‘ect.
1581 2775 1747 2810 exspectentur!

961 2812 984 2837 in
994 2803 1046 2867 attriti
1062 2803 1149 2842 reﬁci,
1173 2816 1202 2834 ne
1229 2803 1376 2840 deficiamus.
1400 2803 1461 2838 Quid
1488 2803 1688 2836 nobis'lmpom't,
1706 2803 1742 2831 vel

962 2849 992 2867 ou
1023 2859 1030 2867 .
1044 2846 1090 2866 ulc.

979 2846 1030 2870 κω,
1044 2846 1090 2866 ulc.

962 2849 1030 2874 qum,
1044 2849 1090 2866 etc.

996 2879 1003 2888 ο
1016 2877 1039 2899 tu
1052 2871 1159 2903 [luribus
1169 2875 1219 2896 Mss.
1232 2870 1303 2895 deest
1314 2869 1361 2900 hic,
1374 2866 1572 2894 misericorditer.

1457 2910 1570 2948 (Dial
