3972 6198
208 339 300 392 5m

211 461 308 511 est,
339 447 464 502 Cum
485 445 689 499 ntuttmit
710 445 898 499 uultum
927 459 1067 497 suum
1094 459 1258 494 eorum
1291 442 1568 494 Abimeleclt
1592 481 1606 500 .
1634 451 1678 492 et
1706 439 1781 490 di-

213 543 345 593 misit
376 557 510 602 eum,
542 549 588 590 et
611 539 749 596 abiit,
779 537 1033 605 scriptum
1056 549 1173 587 esse
1203 535 1251 585 in
1277 533 1576 601 Regnorum
1601 531 1746 584 libris
1771 573 1787 596 ,

213 633 298 685 ubi
321 631 500 684 omnia
535 629 686 682 nobis
710 632 901 698 scripta
928 636 1050 680 sunt
1076 641 1192 695 quae
1217 624 1482 694 pertinent
1506 622 1570 676 ad
1600 637 1683 675 res
1701 638 1792 690 ge-

210 735 320 778 stas
351 721 514 775 David
545 719 683 773 :sed
715 735 816 771 non
849 717 1143 770 invenimus
1168 718 1286 779 hoc,
1310 723 1364 768 et
1392 723 1566 766 tamen
1592 710 1788 780 aliquid

212 817 518 871 invenimus
568 814 706 867 unde
751 821 1001 880 appareat
1055 809 1155 862 hoc
1201 821 1319 860 esse
1370 817 1612 858 tractum.
1661 803 1788 858 Nam

212 909 470 977 scriptum
501 915 583 960 cst
622 904 740 974 quia
780 897 898 956 cum
944 901 1145 970 fugeret
1193 897 1352 952 David
1402 906 1790 966 persecutorem

213 999 361 1058 Sat'tl.
391 997 618 1053 cantuIit
659 1011 714 1049 se
745 995 808 1048 ad
841 993 1002 1048 Achis
1033 1007 1208 1061 regem
1238 988 1396 1052 Gelli,
1429 987 1480 1041 id
1508 997 1586 1041 est
1614 985 1678 1040 ad
1706 1002 1792 1040 re-

193 1085 332 1161 gem
372 1090 650 1158 cujusdam
687 1089 858 1156 gentis
906 1086 1091 1140 vicime
1131 1099 1293 1153 regno
1323 1082 1628 1137 Judzeorum
1665 1098 1676 1134 :
1724 1079 1793 1132 ibi

219 1183 493 1247 latitabat,
526 1191 582 1237 ut
630 1179 1044 1250 persecutionem
1076 1177 1250 1232 Saulis
1281 1177 1539 1248 .evitaret.
1593 1174 1794 1226 lleccns

216 1285 390 1330 autem
421 1282 540 1328 erat
563 1272 730 1342 gloria
760 1271 891 1339 ejus,
919 1269 1056 1323 unde
1084 1284 1176 1337 pro
1201 1265 1477 1321 benef-acto
1504 1264 1696 1319 meruit
1717 1264 1798 1317 in-

219 1365 411 1419 vidiam
435 1405 453 1430 ,
485 1361 696 1431 quando
739 1360 941 1414 Goliam
986 1357 1282 1422 interfecit,
1313 1366 1366 1410 et
1397 1358 1448 1411 in
1482 1371 1580 1409 una
1626 1369 1793 1424 pugna

216 1457 439 1528 gloriam
480 1455 924 1521 securitatemque
952 1452 1097 1519 regni
1128 1459 1181 1504 et
1211 1451 1319 1519 regi
1351 1458 1403 1503 et
1434 1448 1626 1518 populo
1650 1461 1796 1500 com—

219 1550 442 1620 paravit.
476 1547 600 1603 Saﬁl
634 1556 808 1600 autem
836 1561 955 1599 cum
987 1552 1310 1614 provocante
1342 1541 1494 1596 Golia
1522 1549 1792 1603 aestuaret,

222 1649 488 1710 prostrato
507 1639 655 1694 Golia
687 1638 851 1691 hostis
873 1651 991 1690 esse
1014 1635 1178 1704 cmpit
1202 1635 1271 1697 ei,
1298 1648 1390 1702 per
1412 1631 1561 1700 cujus
1584 1647 1796 1684 mamun

224 1737 427 1788 hostem
462 1740 776 1794 nccaVerat,
816 1738 868 1782 et
899 1729 1082 1782 invidit
1110 1727 1292 1796 gloria:
1330 1724 1491 1778 David
1521 1742 1532 1776 :
1568 1723 1799 1779 maxime

220 1826 339 1895 quia
381 1823 609 1895 populus
654 1822 702 1875 in
735 1819 1092 1875 exsultatione
1130 1822 1484 1878 constitutus.
1537 1825 1589 1868 et
1635 1815 1799 1867 choro

220 1920 322 1988 jam
351 1918 494 1972 latito
526 1897 775 1970 "mlieres
806 1910 1399 1979 cantaveruntgloriam
1441 1907 1626 1972 David,
1659 1907 1799 1975 quod

221 2010 346 2065 Saitl
379 2008 729 2079 percussisset
757 2005 809 2058 in
838 2004 1088 2065 millibus,
1122 2011 1170 2054 et
1203 1999 1361 2052 David
1388 1999 1437 2052 in
1466 1998 1616 2052 denis
1643 1997 1801 2050 milli.

224 2104 340 2157 hos.
369 2103 507 2157 llinc
538 2101 624 2153 ille
652 2106 950 2152 connnotus
977 2137 991 2159 ,
1025 2093 1162 2162 quod
1191 2100 1425 2160 coeperat
1459 2090 1652 2143 habere
1692 2104 1803 2140 ma-

220 2195 390 2264 jorem
418 2191 640 2263 gloriam
667 2205 761 2257 per
785 2203 942 2241 unam
975 2200 1198 2254 pugnam
1227 2199 1374 2252 puer,
1398 2189 1452 2236 et
1471 2181 1579 2249 jam
1606 2180 1654 2232 in
1685 2180 1800 2232 lau-

223 2288 372 2342 dibus
399 2283 639 2339 omnium
673 2280 778 2350 regi
814 2277 1239 2348 prmponel‘tatur,
1276 2284 1330 2327 ut
1357 2289 1415 2327 se
1453 2273 1612 2325 habet
1639 2272 1800 2340 pcsﬁ-

225 2379 378 2434 lentia
407 2375 593 2430 liVoris
617 2383 672 2428 et
700 2372 942 2441 superbia
971 2370 1170 2433 ςαξριιιὶ,
1206 2367 1440 2420 invidere
1466 2377 1719 2433 cmperat,
1751 2372 1804 2417 et

225 2469 488 2540 persequi.
522 2467 673 2521 Tunc
701 2466 788 2519 ille
818 2480 911 2524 Se,
951 2471 1006 2514 ut
1033 2461 1161 2526 dixi,
1192 2458 1489 2514 contulerat
1517 2457 1580 2510 ad
1622 2472 1800 2525 regem

223 2561 380 2625 Cetb,
408 2559 499 2630 qui
522 2546 812 2610 vocabatur
835 2553 1011 2607 Aebis.
1041 2555 1356 2621 Suggestum
1380 2559 1462 2604 est
1489 2559 1662 2603 autem
1695 2550 1800 2619 regi

226 2651 343 2722 ipsi,
371 2647 515 2722 quod
549 2647 694 2700 illum
722 2644 856 2714 apud
879 2660 935 2696 se
952 2643 1191 2705 haberet,
1214 2641 1300 2710 qui
1322 2656 1560 2710 magnam
1584 2639 1804 2709 gloriam

224 2741 421 2798 habere
465 2746 702 2808 cmperat
732 2738 782 2790 in
826 2737 1015 2804 populo
1055 2733 1356 2788 .lndamrum
1381 2774 1393 2796 ,
1419 2740 1472 2786 et
1497 2732 1692 2785 dictum
1723 2741 1805 2785 est

223 2833 300 2888 illi
325 2851 341 2888 ;
373 2831 564 2886 Nattae
588 2831 677 2883 iste
705 2837 772 2880 est
802 2828 981 2889 David,
1010 2826 1089 2878 cui
1110 2827 1315 2878 chorum
1339 2828 1556 2893 fecerunt
1578 2822 1804 2876 mulieres

227 2923 492 2980 Israelitw.
526 2921 740 2973 dicentes
771 2935 789 2972 :
821 2919 948 2973 Saiil
971 2918 1208 2987 permissu
1234 2917 1284 2967 iu
1311 2914 1547 2975 millibus,
1571 2925 1616 2966 et
1647 2913 1806 2968 David

226 3018 275 3069 in
297 3016 440 3068 denis
471 3011 740 3065 millibus?
769 3011 822 3064 bi
850 3021 1022 3061 autem
1055 3017 1266 3076 preptcr
1298 3007 1432 3060 hanc
1464 3006 1685 3075 gloriam
1715 3007 1797 3059 in-

229 3107 404 3160 videre
431 3103 504 3157 illi
539 3110 776 3170 eruperat
804 3101 951 3162 Saftl,
988 3115 1162 3152 nonne
1195 3097 1537 3152 metuendum
1564 3107 1678 3151 erat
1706 3097 1804 3150 Da-

230 3197 333 3261 vid,
365 3212 435 3250 ne
457 3203 510 3248 et
541 3194 628 3247 ille
656 3207 748 3246 rex
778 3191 839 3244 ad
872 3207 1027 3260 quem
1060 3189 1372 3255 confugerat
1395 3230 1408 3249 ,
1441 3188 1596 3242 vellet
1628 3188 1804 3256 oppri-

229 3303 373 3342 mere
402 3302 551 3352 eum,
582 3299 739 3354 quem
775 3290 952 3352 posset
977 3281 1043 3336 de
1083 3282 1254 3334 vicino
1278 3280 1485 3334 hostem
1520 3279 1731 3342 habere,
1761 3279 1803 3331 si

227 3381 429 3433 salvum
468 3377 743 3431 servaret?
773 3375 959 3428 Timuit
996 3386 1039 3427 et
1070 3375 1210 3427 illum
1233 3416 1245 3436 ,
1281 3384 1348 3437 et,
1381 3374 1517 3427 sicut
1551 3374 1802 3441 scriptum

226 3465 324 3527 est.
355 3465 566 3518 mutavit
602 3463 788 3516 vultum
815 3479 961 3514 suum
1000 3477 1166 3513 coram
1197 3461 1338 3525 ipsis,
1374 3469 1418 3512 et
1448 3457 1729 3523 affectabat,
1762 3468 1806 3510 rt

229 3555 600 3630 tympanizubat
643 3555 708 3606 ad
737 3553 865 3607 ostia
887 3554 1120 3618 civitatis,
1150 3561 1192 3604 et
1221 3551 1466 3622 ferebatur
1493 3553 1541 3603 iu
1579 3550 1805 3603 munibus

226 3649 350 3714 suis,
371 3657 424 3702 et
446 3643 733 3715 procidebat
755 3644 820 3696 ad
845 3644 971 3696 ostia
999 3654 1172 3712 porta’,
1203 3652 1246 3694 et
1273 3641 1443 3693 saliva?
1465 3641 1806 3694 discurrebant

225 3757 377 3810 super
405 3737 612 3793 barbam
643 3738 770 3808 ejus.
809 3737 946 3788 Vidit
971 3751 1090 3790 eum
1119 3751 1208 3787 rex
1236 3735 1318 3787 ille
1346 3735 1478 3803 apud
1505 3750 1657 3802 quem
1689 3735 1807 3787 late-

227 3831 332 3896 bat,
358 3841 414 3887 et
439 3832 516 3885 ait
541 3830 650 3883 suis
679 3845 693 3880 :
729 3827 915 3894 thuitl
939 3827 1055 3878 ηιίΙιὶ
1087 3826 1396 3893 arreptitium
1419 3826 1567 3877 istum
1593 3824 1809 3875 adduxi-

230 3923 312 3978 Itis
331 3923 362 3976 .’
399 3919 764 3990 numquidnam
788 3919 1063 3970 intraturus
1094 3925 1161 3968 est
1189 3917 1239 3967 in
1280 3915 1486 3967 domum
1518 3915 1714 3966 meum?
1744 3914 1807 3966 Et

228 4015 303 4070 sic
339 4014 492 4068 illum
537 4011 737 4065 dimisit
779 4008 1059 4079 projiciens
1103 4006 1250 4060 illum
1281 4022 1292 4055 :
1325 4014 1377 4058 et
1420 4006 1637 4057 recessit
1688 4004 1808 4056 inde

229 4105 389 4161 David
413 4103 697 4159 incolumis,
719 4118 811 4171 per
838 4101 987 4154 istam
1010 4099 1370 4167 ﬁgurationem
1403 4096 1592 4148 luroris
1614 4096 1653 4163 (Ι
1683 4094 1804 4164 (leg.

228 4207 358 4261 Im,
388 4201 537 4258 mu,
566 4189 675 4258 x’tx,
714 4207 819 4253 xm,
848 4191 1034 4253 lO-lii;
1067 4205 1189 4253 xxu,
1229 4190 1301 4259 l).
1335 4188 1435 4240 Pro
1463 4187 1560 4240 ista
1590 4203 1716 4255 ergo
1745 4187 1774 4238 ﬁ

229 4286 508 4355 guratioue’
551 4268 743 4337 furoris
770 4277 1009 4335 videtur1
1043 4279 1107 4332 ad
1141 4283 1303 4347 ipsam
1345 4278 1616 4330 historiam
1651 4278 1810 4346 perti-

228 4389 356 4437 tte'l’c
382 4379 527 4452 quod
555 4377 640 4432 hic
665 4378 913 4445 seriptum
943 4385 1022 4429 cst
1052 4392 1064 4427 :
1098 4373 1331 4426 Psalmus
1360 4370 1536 4428 David.
1563 4387 1676 4422 cum
1700 4388 1810 4422 mu-

226 4465 348 4528 tavit
372 4472 568 4527 vultum
608 4486 751 4523 suum
779 4483 946 4521 eorum
974 4466 1253 4519 Abimelec/t
1282 4474 1326 4516 el
1362 4464 1547 4516 dimisit
1586 4479 1697 4516 eum
1717 4505 1730 4527 ,
1763 4476 1809 4517 et

227 4563 370 4620 abiit.
411 4537 518 4617 Sed
567 4562 654 4614 ille
697 4559 857 4613 Acbis
901 4567 1030 4619 erat,
1089 4571 1191 4609 non
1245 4555 1572 4608 Abimeleeb.
1605 4555 1806 4608 Nomen

227 4655 374 4710 enim
415 4654 588 4708 solum
637 4666 738 4704 non
785 4649 992 4701 videtur
1041 4647 1324 4700 e0nvenirc
1355 4665 1366 4696 :
1396 4661 1516 4698 nam
1550 4661 1633 4698 res
1664 4658 1807 4715 gesta

227 4759 400 4814 prope
437 4743 568 4812 ipsis
597 4739 774 4794 verbis
816 4741 1010 4806 pariter
1049 4738 1315 4805 designata
1349 4745 1427 4788 est
1460 4737 1511 4788 in
1554 4736 1804 4801 Psalmis,

224 4837 424 4909 quibus
443 4833 637 4904 scripta
661 4843 742 4886 est
766 4834 814 4884 in
843 4832 1140 4901 Regnorum
1166 4830 1319 4882 libro.
1353 4828 1474 4881 Ideo
1504 4829 1666 4898 magis
1695 4846 1805 4881 ino-

225 4941 361 4990 vere
381 4941 480 4982 nos
503 4926 663 4980 debet
685 4925 748 4977 ad
771 4923 1112 4993 querendum
1140 4932 1556 4983 sacrannentum,
1581 4923 1698 4989 quia
1726 4939 1810 4973 no-

225 5033 359 5074 men
385 5025 647 5072 mutatum
670 5025 770 5068 est.
800 5013 930 5068 Nam
955 5029 1126 5083 neque
1146 5012 1269 5066 illud
1299 5013 1412 5066 sine
1433 5027 1590 5066 causa
1619 5013 1806 5064 factum

220 5097 581 5180 esi,quamvls
593 5105 661 5160 sit
673 5103 980 5168 factum;sed
997 5103 1114 5172 quia
1127 5100 1322 5171 aliquid
1340 5100 1592 5169 ﬁgurabat
1611 5119 1623 5153 :
1641 5117 1810 5170 neque

221 5207 336 5260 hoc
361 5203 478 5259 sine
505 5215 662 5257 causa
692 5200 942 5267 scriptum
972 5199 1081 5262 e‘st,
1110 5206 1164 5250 et
1205 5197 1419 5250 nomine
1463 5204 1807 5249 commutato.

295 5285 357 5352 '5-
399 5293 601 5349 Videtis
627 5301 793 5350 certe,
826 5291 1036 5349 fratres,
1072 5289 1478 5357 prol'umlitatem
1512 5302 1810 5340 sacramen-

217 5400 430 5444 torum.
465 5387 519 5441 Si
546 5401 650 5440 non
691 5393 770 5439 est
802 5384 852 5436 in
891 5380 1176 5452 mysterio,
1206 5381 1343 5448 quod
1377 5397 1402 5431 τι
1438 5394 1602 5449 puero
1631 5379 1808 5431 Colias

217 5463 440 5537 Incisus
461 5487 570 5543 est;
603 5495 707 5532 non
731 5488 811 5531 est
839 5477 889 5529 in
918 5472 1190 5544 mysterio,
1222 5474 1344 5542 quia
1375 5474 1668 5526 immolavit
1694 5473 1810 5524 vul-

217 5587 342 5630 tum
373 5587 551 5634 suum,
583 5581 636 5625 et
659 5568 959 5628 allectabat,
1003 5574 1054 5618 et
1082 5563 1487 5632 tympanizahat,
1515 5574 1565 5617 et
1592 5564 1808 5616 cadebat

285 5752 304 5782 ι
335 5755 448 5795 ηερε
470 5745 638 5793 verba.
669 5753 757 5791 rro
774 5740 864 5789 ista
885 5751 998 5801 ergo
1019 5734 1318 5801 ﬁguratione,
1340 5738 1564 5786 omittunt
1589 5735 1810 5797 plerique

222 5812 340 5859 Μηδ.
361 5820 414 5858 et
433 5810 650 5860 habet“:
685 5806 874 5853 Videtur
898 5798 1095 5865 ergout!
1117 5798 1288 5862 ipsum,
1315 5808 1408 5846 cte.

1222 325 1612 384 ENARRAT‘IO
1651 325 1715 380 Ix
1754 323 2074 384 PSALM'UM
2115 290 2362 384 xxxmf

3358 344 3468 405 302

1900 442 1965 492 ad
1995 442 2126 493 ostia
2154 443 2378 496 civitatis
2404 453 2456 496 et
2479 445 2541 498 ad
2566 447 2696 500 ostia
2719 458 2908 517 portae,
2935 461 2982 503 et
3013 455 3190 508 saliva:
3217 456 3469 514 decurre-

1896 530 2019 585 bant
2049 548 2208 600 super
2239 533 2452 589 barbam
2481 537 2612 605 ejus.
2645 539 2794 594 Unde
2821 544 2929 596 ﬁeri
2961 547 3131 612 potest
3151 531 3215 602 ‘ut
3237 565 3340 604 non
3366 551 3466 607 hoc

1897 623 2092 692 aliquid
2122 624 2478 693 signiﬁcaret?
2499 631 2708 698 quando
2733 633 2943 701 quidem
2972 649 3151 706 aperte
3177 639 3303 694 dicit
3325 644 3472 712 Apo-

1896 714 2064 769 stolus
2097 733 2108 767 :
2145 716 2268 770 [huc
2287 728 2452 771 autent
2478 719 2528 771 in
2553 721 2719 790 ﬁgura
2748 726 3093 796 contingebant
3116 731 3254 795 illis;
3285 734 3470 802 scripta

1890 815 2009 858 sunt
2037 815 2201 860 autem
2223 820 2423 878 propter
2443 828 2549 873 nos,
2581 812 2631 865 in
2657 830 2781 881 quos
2805 817 2918 884 linis
2936 821 3232 874 stt-culorum
3257 823 3469 879 obvenit.

1896 896 1951 949 Si
1988 898 2115 949 nihil
2157 899 2418 970 signiﬁcat
2461 917 2651 956 manna
2677 946 2691 971 ,
2739 905 2804 959 de
2832 922 2937 976 quo
2965 909 3091 963 dicit
3128 913 3416 979 Apostolus
3451 933 3464 969 :

1898 985 1967 1040 Et
1997 987 2158 1041 cibum
2188 991 2501 1059 spiritualem
2528 997 2948 1058 manducaverunt
2988 1016 3007 1054 :
3039 1003 3083 1055 si
3110 1003 3237 1058 nihil
3269 1006 3476 1077 signiﬁ-

1899 1086 1984 1130 cat
2003 1079 2141 1146 quod
2174 1079 2400 1135 divisum
2429 1093 2514 1138 est
2532 1101 2697 1150 mare,
2726 1099 2779 1142 et
2812 1105 2904 1157 per
2924 1093 3154 1148 medium
3180 1096 3370 1153 ductus
3391 1112 3471 1154 est

1899 1168 2144 1236 potiulus.
2179 1179 2230 1222 ut
2253 1171 2542 1227 evaderent
2567 1181 2984 1244 persecutionem
3014 1182 3326 1254 Pharaonis,
3352 1205 3472 1244 cum

1900 1258 2040 1311 dicat
2065 1259 2352 1328 Apostolus
2386 1281 2396 1314 :
2432 1264 2567 1319 Nolo
2593 1269 2724 1320 enim
2744 1285 2829 1324 vos
2855 1271 3104 1342 ignorare.
3129 1281 3328 1345 fratres,
3359 1282 3476 1349 quia

1902 1359 2066 1417 patres
2100 1353 2256 1404 nostri
2275 1370 2444 1408 omnes
2471 1355 2560 1409 sub
2590 1359 2719 1413 nube
2744 1363 2962 1430 fuerunt,
2995 1375 3041 1418 et
3064 1384 3232 1421 omnes
3261 1371 3312 1423 in
3337 1371 3478 1442 Moy-

1900 1457 1985 1494 sen
2007 1441 2246 1512 baptizati
2261 1456 2378 1499 sunt
2399 1447 2448 1499 in
2478 1447 2603 1502 nube
2634 1460 2678 1503 et
2709 1453 2759 1505 in
2789 1456 2958 1530 mari:
2987 1457 3029 1511 si
3066 1458 3194 1513 nihil
3219 1441 3474 1531 signiﬁcat

1901 1533 2039 1600 quod
2065 1549 2313 1601 percussa
2338 1551 2484 1606 petra
2501 1556 2632 1609 aqua
2656 1544 2928 1611 proﬁuvit,
2953 1564 3070 1602 cum
3094 1549 3235 1606 dicat
3253 1555 3479 1623 Aposto-

1903 1625 1984 1678 lus
2019 1644 2031 1679 :
2067 1625 2217 1680 Petra
2237 1639 2402 1684 autem
2428 1643 2532 1684 erat
2558 1632 2784 1689 Clu-istas
2816 1637 2856 1706 (Ι
2883 1637 2999 1693 Cor.
3031 1657 3084 1704 Χ,
3114 1643 3174 1696 ll
3199 1686 3213 1707 ,
3251 1643 3356 1716 14)
3388 1663 3401 1699 :
3433 1648 3479 1705 si

1905 1731 2029 1784 ergo
2059 1715 2148 1770 illa
2177 1718 2303 1772 nihil
2327 1721 2643 1790 signiﬁcant,
2668 1728 2906 1793 quamvis
2935 1729 3204 1801 sintgesta
3237 1752 3250 1788 :
3278 1735 3320 1790 si
3350 1736 3478 1790 nihil

1904 1805 2132 1876 denique
2171 1809 2470 1880 signiﬁcant
2511 1811 2616 1867 duo
2650 1815 2740 1868 lilii
2781 1817 3008 1882 Abrahae
3040 1823 3146 1875 nati
3188 1827 3478 1884 secundum

1903 1899 2143 1954 ordinem
2174 1903 2420 1956 nascendi
2450 1903 2720 1959 hominum
2740 1949 2752 1970 ,
2782 1920 2834 1962 et
2867 1919 3042 1966 tamen
3078 1913 3218 1983 ipsos
3255 1915 3388 1970 duos
3421 1917 3481 1969 ﬁ—

1906 1990 2003 2042 lios
2031 1990 2135 2044 duo
2161 1990 2498 2048 Testamenta
2525 1997 2756 2066 appellat
2787 2003 3090 2069 Apostolus,
3119 2003 3279 2060 Vetus
3299 2015 3352 2061 et
3375 2007 3480 2061 No-

1905 2096 2053 2142 vutu,
2084 2091 2136 2136 ct
2161 2081 2286 2136 dicit
2316 2102 2328 2136 :
2366 2084 2489 2139 llaec
2520 2101 2636 2141 sunt
2664 2089 2765 2144 duo
2790 2090 3135 2160 Testamenta,
3159 2114 3271 2166 qua:
3293 2102 3479 2154 suntin

1905 2173 2146 2243 allegoria
2178 2177 2193 2242 (
2218 2175 2332 2230 Cal.
2363 2194 2413 2231 tv
2437 2221 2449 2243 ,
2475 2180 2580 2250 2i)
2608 2198 2620 2232 :
2659 2183 2702 2236 si
2731 2199 2856 2254 ergo
2888 2186 2970 2239 illa
3003 2189 3132 2244 nihil
3162 2191 3478 2261 signiﬁcant,

1906 2281 2022 2332 quae
2048 2265 2238 2322 videtis
2267 2271 2578 2327 auctoritate
2598 2275 2883 2342 apostolica
2918 2278 2966 2330 in
2995 2283 3248 2350 mysterio
3278 2281 3482 2338 futura-

1909 2372 2020 2408 rum
2049 2347 2224 2410 rerum
2253 2369 2396 2428 gesta
2421 2375 2573 2423 esse;
2604 2364 2858 2420 debemus
2880 2369 3127 2424 arbitrari
3163 2371 3289 2426 nihil
3317 2375 3482 2444 signi-

1910 2447 2064 2501 ﬁcare
2079 2451 2236 2502 etiam
2259 2447 2357 2505 hoc
2373 2453 2511 2521 quod
2531 2454 2678 2509 vobis
2691 2472 2753 2510 ex
2772 2456 2904 2511 libro
2923 2458 3222 2529 Regnorum
3239 2463 3304 2518 de
3320 2465 3480 2520 David

1906 2539 2063 2606 paulo
2083 2553 2202 2593 ante
2234 2544 2460 2596 narravi.
2484 2543 2597 2597 Non
2628 2561 2753 2615 ergo
2783 2547 2909 2602 nihil
2940 2551 3199 2619 signiﬁcat
3219 2603 3230 2617 ,
3261 2564 3316 2608 et
3341 2558 3481 2624 quod

1909 2645 2099 2683 nomen
2131 2641 2386 2685 mutatum
2409 2645 2490 2687 est
2513 2676 2528 2701 ,
2548 2645 2600 2689 ct
2623 2636 2820 2690 dictum
2850 2650 2928 2692 est
2948 2657 3116 2694 eorum
3137 2642 3420 2699 Abimelech
3441 2649 3479 2697 ι.

1977 2724 2030 2775 li.
2074 2722 2330 2779 intendite
2367 2742 2594 2781 mecum.
2624 2729 2812 2785 Omnia
2839 2733 2978 2788 enim
3015 2751 3132 2805 qua:
3161 2737 3269 2792 dixi
3300 2740 3480 2804 modo,

1907 2815 2054 2882 quasi
2081 2816 2146 2868 ad
2175 2832 2385 2871 manum
2409 2820 2668 2887 pertinent
2692 2823 2964 2891 pulsantis,
2988 2829 3218 2884 nondum
3241 2841 3479 2898 apertum

1906 2917 2007 2959 est.
2066 2906 2438 2976 Pulsavimns,
2493 2926 2613 2965 cum
2671 2912 2769 2968 ista
2828 2915 3165 2983 diceremus;
3232 2921 3480 2989 pulsastis

1909 3006 1961 3050 et
2003 3013 2116 3060 vos,
2150 3014 2269 3052 cum
2311 3000 2407 3054 ista
2448 3001 2700 3059 audiretis
2744 3023 2757 3056 :
2798 3008 2971 3063 adhuc
3012 3010 3281 3078 pulsemus
3320 3029 3483 3068 oran-

1907 3086 1997 3146 do.
2033 3096 2090 3140 ut
2133 3088 2382 3142 Dominus
2422 3093 2623 3160 aperiat
2663 3095 2880 3150 nobis'.
2931 3097 3210 3154 Nominum
3253 3102 3485 3159 hebrm

1909 3196 2023 3233 rum
2073 3181 2325 3235 habemus
2367 3183 2857 3254 interpretationem
2893 3207 2906 3242 :
2940 3208 3042 3246 non
3071 3193 3350 3249 defuerunt
3383 3196 3486 3251 do—

1909 3271 1978 3324 cti
2006 3272 2122 3336 viri,
2153 3275 2237 3344 qui
2286 3275 2437 3330 nobis
2471 3279 2683 3332 nomina
2711 3295 2774 3334 ex
2806 3281 3016 3337 hebrteo
3053 3285 3105 3338 in
3141 3302 3367 3355 graecam
3397 3290 3486 3344 lin-

1907 3378 2062 3431 guam
2091 3407 2102 3426 ,
2136 3376 2189 3419 et
2218 3366 2340 3421 inde
2386 3368 2436 3422 iu
2492 3369 2704 3425 latinam
2738 3374 3100 3430 transferrent.
3133 3378 3486 3437 Cons-olentes

1909 3470 2034 3523 ergo
2067 3457 2276 3510 nomina
2309 3459 2429 3525 ista,
2468 3461 2769 3518 invenimus
2796 3467 3128 3535 interpretari
3155 3470 3483 3536 Abimelech,

1910 3546 2079 3599 Patris
2108 3550 2210 3603 mei
2257 3566 2512 3620 regnum;
2542 3564 2593 3607 et
2622 3555 2955 3624 interpretari
2984 3559 3164 3626 Achis,
3209 3561 3486 3629 Quomodo

1910 3650 2008 3693 est.
2041 3641 2161 3695 lla‘c
2194 3645 2405 3697 nomina
2435 3648 2790 3714 attendamus,
2821 3650 2943 3704 inde
2970 3653 3151 3720 incipit
3185 3654 3338 3708 nobis
3356 3671 3484 3725 ape-

1911 3733 2000 3785 riri
2031 3735 2377 3802 pulsantibus.
2422 3738 2474 3791 Si
2504 3740 2716 3806 quarris.
2753 3740 2887 3805 Quid
2930 3751 3013 3796 est
3041 3744 3242 3798 Achis?
3270 3761 3486 3816 respon-

1911 3824 2081 3881 detur.
2115 3826 2391 3892 Quomodo
2415 3837 2514 3881 est.
2540 3829 2814 3895 Quomodo
2842 3841 2942 3893 est,
2974 3833 3190 3888 verbum
3223 3845 3303 3888 est
3323 3836 3489 3892 admi-

1913 3915 2097 3978 rantis,
2130 3926 2182 3969 et
2210 3932 2312 3969 non
2342 3918 2704 3987 intelligentis.
2732 3921 3064 3987 Abinielecb,
3090 3924 3261 3978 Patris
3285 3930 3384 3982 mei
3411 3945 3488 3983 re-

1911 4021 2068 4070 gnum
2101 4024 2112 4058 :
2151 4007 2330 4065 David,
2372 4007 2526 4061 Manu
2561 4010 2727 4062 fortis.
2761 4011 2817 4064 lu
2851 4012 3012 4081 ﬁgura
3042 4013 3237 4069 Christi
3281 4017 3482 4092 David,

1912 4095 2046 4147 sicut
2076 4095 2252 4152 Colias
2280 4097 2330 4149 in
2361 4099 2520 4167 ﬁgura
2553 4098 2748 4154 diaboli
2778 4119 2789 4152 :
2821 4112 2876 4156 et
2902 4104 3041 4172 quod
3073 4105 3230 4160 David
3266 4121 3492 4178 prostra-

1916 4185 1987 4237 rit
2025 4186 2250 4251 Goliam,
2279 4188 2521 4243 Christus
2563 4199 2645 4244 est
2682 4192 2770 4262 qui
2804 4194 2996 4247 occidit
3033 4193 3321 4253 diabolum.
3350 4201 3484 4268 Quid

1913 4264 1993 4331 est
2031 4288 2204 4332 autem
2245 4279 2485 4333 Christus
2525 4282 2615 4351 qui
2655 4283 2923 4338 diabolum
2955 4287 3180 4342 occidit?
3213 4290 3491 4346 llumilitas

1913 4368 2105 4422 occidit
2145 4369 2467 4438 superbiam.
2500 4369 2630 4424 Cum
2658 4388 2786 4443 ergo
2810 4373 3078 4429 Christum
3110 4380 3345 4443 nomino,
3379 4382 3485 4434 fra—

1918 4471 2023 4514 tres
2043 4462 2165 4526 mei,
2188 4462 2414 4516 maxime
2436 4463 2586 4519 nobis
2605 4464 2870 4520 humilitas
2887 4470 3308 4526 commendatur.
3337 4471 3484 4528 Viam

1914 4551 2053 4604 enim
2097 4551 2247 4606 nobis
2295 4551 2420 4607 fecit
2459 4570 2554 4622 per
2591 4555 2943 4612 humilitatem
2975 4577 2986 4610 :
3020 4559 3139 4629 quia
3180 4577 3272 4628 per
3311 4579 3489 4633 supcr-

1916 4642 2052 4694 biam
2076 4657 2471 4699 recesseramus
2501 4662 2528 4697 a
2554 4646 2679 4710 Deo,
2712 4647 2883 4701 redire
2907 4648 2972 4701 ad
3001 4664 3121 4702 eum
3150 4652 3250 4705 nisi
3279 4668 3372 4720 per
3399 4655 3492 4708 lm-

1917 4734 2186 4786 niilitatem
2220 4750 2322 4789 non
2355 4747 2677 4805 poteramus,
2707 4745 2759 4791 et
2793 4754 2946 4806 quem
2974 4739 3125 4793 nobis
3163 4756 3494 4822 praeponere;-

1917 4841 2032 4877 mns
2053 4825 2116 4879 ad
2137 4827 2467 4889 imitandum,
2493 4843 2594 4880 non
2622 4827 2962 4881 habebamus.
2984 4827 3168 4883 Omnis
3192 4833 3332 4886 enim
3357 4851 3492 4888 mor--

1875 4932 1885 4944 '
1919 4920 2090 4974 talitas
2131 4919 2400 4973 hominum
2447 4921 2693 4989 superbia
2726 4929 3008 4976 tumuerat.
3051 4923 3116 4978 Et
3153 4925 3197 4979 si
3240 4927 3493 4987 existeret

1916 5012 2105 5080 aliquis
2121 5011 2334 5065 humilis
2353 5013 2430 5065 vir
2450 5013 2498 5064 in
2517 5013 2725 5080 Spiriiu,
2751 5013 2887 5067 sicut
2902 5024 3052 5068 erant
3074 5016 3371 5086 Prophet'e.
3390 5021 3492 5073 Pa-

1919 5103 2178 5165 triarchae,
2199 5101 2584 5170 dedignabatur
2599 5118 2764 5171 genus
2782 5103 3068 5160 humanum
3100 5109 3289 5164 imitari
3320 5112 3491 5166 Immi—

1918 5195 1994 5246 les
2011 5192 2269 5247 homines.
2298 5192 2373 5246 Ne
2395 5209 2521 5262 ergo
2539 5193 2913 5264 dedignaretur
2933 5197 3089 5252 homo
3117 5199 3306 5255 imitari
3329 5204 3448 5256 hom
3473 5233 3494 5244 -

1919 5299 2036 5337 nem
2054 5283 2468 5348 humilem,Deus
2484 5284 2652 5340 factus
2668 5294 2749 5340 est
2763 5285 3056 5351 lnuuilis,ut
3069 5291 3149 5344 vel
3162 5292 3237 5346 sic
3249 5295 3492 5360 superbia

1917 5376 2124 5444 generis
2165 5373 2374 5428 humani
2405 5391 2509 5430 non
2535 5376 2910 5448 dedignaretur
2946 5382 3091 5450 sequi
3123 5384 3338 5453 vestigia
3377 5385 3491 5440 Dei.

1988 5467 2040 5521 5.
2084 5467 2210 5520 Erat
2255 5477 2465 5531 autem,
2499 5476 2557 5521 ut
2585 5470 2780 5535 nostis,
2831 5473 3144 5526 sacriﬁcium
3189 5474 3504 5534 Judmorum,

1919 5569 2069 5613 antea
2093 5560 2382 5613 secundum
2411 5560 2651 5615 ordinem
2679 5565 2854 5617 Aaron
2885 5565 2934 5618 in
2965 5564 3187 5620 victimis
3215 5582 3486 5635 pecorum.

1985 5676 1997 5705 ¹
2027 5681 2099 5740 Er.
2125 5683 2172 5723 et
2197 5681 2327 5740 lor,
2366 5683 2417 5723 Et
2440 5677 2567 5736 quod
2603 5676 2681 5740 [tie
2718 5678 2899 5727 dictum
2929 5685 2997 5728 est
3022 5691 3182 5728 coram
3212 5680 3492 5740 .1ltt'ntt‘lct‘l].

1921 5739 1990 5798 (ρι
2016 5737 2233 5795 addunt),
2257 5736 2328 5801 ibi
2343 5751 2503 5784 unum
2532 5738 2667 5786 .lflllS
2697 5751 2712 5786 :
2738 5744 2861 5801 quod
2886 5754 2912 5786 τι
2937 5749 3040 5787 Mss.
3061 5743 3215 5788 abest.

1984 5803 2001 5827 ³
2030 5806 2150 5856 Mss,
2178 5799 2356 5847 orando
2383 5808 2427 5846 ut
2447 5800 2626 5859 (tperiui
2659 5814 2673 5849 .'
2694 5799 2883 5862 omisso,
2914 5801 3132 5854 (tantum
3155 5802 3303 5858 nobis.
