3972 6198
567 415 739 469 ethoc
764 412 814 467 in
844 408 1129 481 mysterio:
1160 402 1391 459 nondum
1418 412 1532 458 erat
1560 399 1873 457 sacriﬁcium
1895 395 2133 469 corporis

568 520 620 563 ret
666 504 934 575 sanguinis
984 499 1212 565 Domini,
1260 496 1403 567 quod
1445 496 1626 550 fideles
1676 501 1904 554 norunt,
1948 500 2009 546 et.
2042 488 2134 561 qui

568 596 907 665 Evangelium
936 588 1358 661 lcgeruut,-quod
1379 587 1694 643 sacrificium
1717 598 1856 639 nunc
1877 581 2130 637 diffusum

564 699 645 751 est
690 694 799 740 toto
840 683 968 738 orbe
1001 691 1280 737 terrarum.
1320 678 1606 749 Proponite
1644 690 1772 746 ergo
1817 673 1969 727 vobis
2009 680 2134 728 ante

565 782 744 836 oculos
771 778 877 831 duo
902 776 1181 841 sacrificia,
1217 783 1271 828 et
1295 771 1424 827 illud
1451 768 1742 826 secundum
1762 766 2001 822 ordinem
2023 765 2130 819 Aa-

553 892 689 937 ron,
727 880 783 927 et
817 870 918 924 hoc
945 866 1234 923 secundum
1277 864 1516 921 ordinem
1558 859 1967 917 Melchisedech.
1998 858 2134 913 Scri-

566 981 710 1038 ptum
760 971 843 1018 est
889 961 1072 1016 enim:
1104 958 1302 1011 Iuravit
1348 953 1627 1019 Dominus,
1667 964 1715 1009 et
1755 968 1856 1007 non
1885 950 2135 1021 panitebit

563 1037 692 1118 earn,
709 1063 770 1107 tu
795 1068 849 1108 es
872 1050 1103 1106 sacerdos
1123 1049 1174 1102 in
1201 1057 1442 1101 teternum
1465 1042 1736 1100 secundum
1756 1040 1981 1095 ordinem
2010 1037 2135 1093 Mel-

565 1146 791 1201 chisedec
845 1142 1015 1216 (Psal.
1042 1157 1149 1206 cur,
1179 1141 1257 1210 4).
1283 1139 1355 1193 De
1380 1152 1486 1208 quo
1512 1135 1704 1191 dicitur
1732 1149 1746 1187 :
1782 1132 1858 1187 Tu
1884 1149 1935 1186 es
1959 1147 2129 1185 sacer-

564 1243 652 1294 dos
690 1240 742 1292 in
778 1247 1018 1292 teternum
1044 1232 1317 1288 secundum
1367 1229 1591 1284 ordinem
1636 1223 2006 1280 Dlelchisedec?
2055 1222 2131 1276 De

565 1329 787 1384 Domino
817 1335 999 1382 nostro
1023 1324 1145 1379 Jesu
1172 1321 1398 1397 Christo.
1428 1319 1556 1388 Quis
1582 1327 1698 1374 erat
1744 1314 2131 1372 Melchisedee?

562 1422 673 1478 Rex
700 1421 898 1475 Salem.
926 1417 1101 1472 Salem
1132 1415 1316 1469 civitas
1343 1412 1442 1467 fuit
1467 1423 1640 1477 antea,
1666 1410 1754 1465 illa
1782 1425 1900 1481 quae
1926 1416 2127 1480 postea,

557 1515 697 1572 sicut
736 1510 879 1566 docti
920 1506 1307 1579 prodiderunt,
1337 1503 1626 1560 Jerusalem
1664 1501 1803 1556 dicta
1845 1508 1945 1555 est.
1988 1498 2130 1569 Ergo

559 1613 840 1672 antequam
870 1599 942 1655 ibi
970 1604 1255 1668 regnarent
1280 1594 1471 1661 Judaei,
1504 1592 1574 1647 ibi
1613 1600 1728 1647 erat
1754 1591 1845 1645 ille
1874 1588 2122 1644 sacerdos

560 1689 927 1756 lllclchisedec,
982 1688 1072 1759 qui
1124 1686 1369 1742 scribitur
1407 1685 1460 1739 in
1500 1681 1696 1740 Genesi
1732 1680 1993 1736 Sacerdos
2037 1680 2127 1734 Dei

559 1784 756 1840 excelsi
789 1780 938 1853 (Gen.
967 1796 1074 1846 χεν,
1106 1778 1217 1848 18).
1249 1776 1365 1848 Ipse
1389 1771 1884 1838 occurritAbrahae,
1917 1771 2128 1842 quando

557 1873 801 1932 liberavit
834 1872 935 1927 Lot
961 1870 1029 1925 de
1062 1884 1221 1925 manu
1270 1865 1729 1937 persequentium,
1760 1873 1813 1918 et
1844 1862 2129 1935 prostravit

560 1980 652 2021 eos
679 1979 707 2017 a
735 1962 927 2034 quibus
955 1958 1043 2016 ille
1067 1959 1363 2019 tenebatur.
1392 1955 1709 2031 etliberavit
1728 1954 1941 2009 fratrem
1968 1971 1982 2006 :
2011 1959 2126 2021 post

558 2055 926 2110 liberationem
949 2051 1124 2106 fratris
1143 2051 1371 2105 occurrit
1391 2047 1440 2103 ei
1466 2045 1831 2102 Melchisedec.
1861 2044 1926 2099 Et
1952 2050 2126 2097 tantus

557 2158 673 2204 erat
686 2145 1055 2212 Melchisedee,
1072 2159 1102 2197 a
1127 2158 1232 2215 quo
1255 2140 1669 2197 benediceretnr.
1682 2136 1967 2193 Abraham.
1992 2135 2125 2191 Pro-

559 2239 677 2293 tulit
702 2252 893 2308 panem
919 2244 973 2292 et
999 2235 1178 2290 vinum
1197 2275 1211 2297 ,
1247 2241 1303 2288 et
1338 2231 1609 2288 benedixit
1634 2228 1925 2293 Abraham,
1957 2237 2009 2282 et
2037 2227 2125 2282 de-

556 2329 633 2384 dit
670 2330 718 2384 ei
758 2327 995 2383 decimas
1029 2323 1318 2381 Abraham.
1359 2322 1547 2377 Videte
1593 2320 1717 2392 quid
1762 2318 2002 2391 protulit,
2040 2317 2124 2374 et‘

557 2435 715 2491 quem
740 2418 1025 2474 benedixit.
1055 2416 1120 2471 Et
1137 2416 1342 2470 dictum
1368 2423 1450 2469 est
1473 2424 1651 2484 postea
1679 2431 1690 2465 :
1715 2411 1794 2466 Tu
1820 2430 1871 2467 es
1895 2402 2125 2467 sacerdos

555 2512 606 2564 in
631 2522 875 2565 internum
898 2507 1171 2562 secundum
1201 2506 1426 2560 ordinem
1451 2503 1801 2559 Melchisedec.
1833 2503 1992 2557 David
2024 2502 2126 2558 hoc

556 2604 608 2657 iu
633 2602 829 2672 Spiritu
858 2600 991 2655 dixit
1016 2599 1172 2670 longe
1200 2606 1320 2668 post
1345 2595 1609 2651 Abraham
1640 2613 1655 2651 :
1685 2593 2010 2665 temporibus
2033 2609 2125 2647 an-

554 2706 659 2750 tem
687 2692 913 2749 Abrahae
938 2692 1036 2747 fuit
1069 2689 1437 2746 Melchisedec.
1477 2689 1549 2744 De
1576 2703 1680 2758 quo
1707 2687 1811 2742 alio
1837 2687 1997 2754 dicit,
2032 2687 2109 2741 Tu

551 2805 604 2844 es
630 2786 860 2843 sacerdos
886 2787 939 2840 in
958 2793 1195 2841 internum
1219 2782 1489 2838 secundum
1512 2780 1735 2835 ordinem
1764 2777 2118 2845 Melchisedec,

554 2881 652 2935 nisi
678 2880 746 2936 de
772 2879 863 2934 illo
890 2878 1042 2948 cujus
1068 2876 1234 2931 nostis
1263 2873 1622 2931 sacrificium?

623 2972 675 3026 ὅ.
715 2969 987 3026 Sublatum
1016 2976 1245 3037 estergo
1277 2965 1591 3020 sacrilicium
1628 2965 1801 3018 Aaron
1825 3004 1840 3029 ,
1873 2972 1925 3018 et
1956 2963 2121 3032 erepit

550 3077 671 3117 esse
719 3058 1033 3116 sacriﬁcium
1088 3056 1377 3113 secundum
1443 3046 1695 3109 ordinem
1747 3053 2119 3109 Melchisedec.

554 3147 690 3222 Ergo
721 3151 927 3205 mutavit
957 3149 1134 3204 nescio
1159 3147 1277 3218 quis
1302 3146 1492 3200 vultum
1527 3161 1692 3200 suum.
1732 3144 1861 3213 Quis
1898 3153 1979 3199 est
2023 3144 2122 3199 iste

554 3244 732 3298 nescio
758 3242 920 3312 quis?
962 3240 1075 3296 Non
1119 3241 1190 3296 sit
1228 3239 1408 3293 nescio
1450 3238 1605 3308 quis:
1638 3245 1793 3292 notus
1820 3245 1904 3292 est
1929 3238 2071 3293 enim
2098 3238 2120 3270 ³

556 3334 807 3387 Dmuinus
828 3342 1006 3385 noster
1026 3330 1179 3386 Jcsus
1198 3328 1458 3383 Christus.
1476 3327 1531 3382 lu
1554 3341 1777 3397 corpore
1794 3335 1847 3383 et
1867 3326 2121 3398 sanguine

550 3443 648 3483 suo
676 3427 841 3481 voluit
868 3439 987 3480 esse
1013 3423 1234 3477 salutem
1263 3430 1513 3474 nostram.
1555 3418 1707 3475 Unde
1745 3428 1921 3474 autem
1965 3406 2120 3473 com-

551 3518 818 3573 mcmlavit
844 3531 1035 3585 corpus
1076 3524 1129 3569 et
1170 3511 1477 3583 sanguinem
1518 3524 1669 3565 suum
1699 3509 1926 3581 (Matth.
1955 3526 2076 3565 xxvr
2098 3550 2115 3579 ,

547 3610 617 3666 26
644 3609 703 3680 )?
730 3609 804 3663 De
846 3605 1141 3661 humilitate
1183 3617 1296 3657 sua.
1341 3601 1450 3656 Nisi
1497 3601 1635 3656 enim
1680 3609 1822 3657 esset
1868 3600 2113 3666 humilis,

549 3721 647 3760 nec
675 3700 1118 3765 manducaretur,
1146 3712 1243 3752 nec
1279 3696 1567 3751 biberetur.
1618 3694 1842 3765 Respice
1882 3694 2116 3750 altitudi-

549 3812 667 3850 nem
697 3794 898 3862 ipsius:
924 3788 989 3845 In
1014 3789 1262 3862 principio
1283 3796 1389 3842 erat
1422 3786 1632 3841 Verbum
1656 3826 1670 3850 ,
1700 3796 1746 3841 et
1776 3785 1989 3842 Verbum
2010 3796 2116 3841 erat

547 3887 685 3954 apud
716 3884 909 3950 Deum,
941 3893 985 3937 et
1006 3881 1141 3936 Deus
1167 3888 1271 3935 erat
1307 3878 1522 3934 Verbum
1546 3879 1565 3949 (
1586 3877 1741 3933 Joan.
1770 3894 1826 3944 1,
1860 3880 1883 3934 1
1910 3878 1950 3950 ).
1979 3879 2115 3934 Ecce

544 3977 695 4029 cibus
723 3975 1071 4042 sempiternus
1101 3991 1114 4025 :
1147 3970 1239 4026 sed
1284 3967 1600 4025 manducant
1629 3970 1811 4040 Angeli
1837 4012 1851 4034 ,
1886 3970 2111 4025 mandu—

544 4060 666 4120 rant
690 4080 931 4134 superna:
955 4065 1183 4118 Virtutes
1206 4104 1222 4127 ,
1250 4061 1568 4117 manducant
1590 4063 1832 4117 caelestes
1850 4063 2074 4132 Spiritus
2093 4104 2110 4125 ,

544 4169 599 4213 et
626 4156 1004 4214 manducantes
1029 4156 1333 4225 saginantur
1356 4195 1371 4219 ,
1397 4162 1452 4207 et
1480 4153 1739 4224 integrum
1767 4164 1945 4209 manet
1970 4156 2110 4226 quod

543 4264 636 4306 eos
663 4248 819 4304 satiat
843 4254 897 4301 et
932 4245 1183 4299 hutilicat.
1231 4242 1360 4310 Quis
1400 4251 1575 4298 autem
1623 4244 1780 4298 homo
1826 4254 2003 4314 posset
2042 4245 2109 4300 ad

541 4343 687 4398 illum
718 4338 893 4394 cibum
916 4335 940 4390 ?
968 4334 1120 4392 Unde
1142 4349 1234 4388 cor
1259 4343 1363 4387 tam
1385 4333 1629 4388 idoneum
1652 4335 1723 4388 illi
1752 4335 1913 4389 cibo?
1934 4335 2111 4403 Opor-

540 4433 684 4489 tebat
709 4445 835 4500 ergo
863 4436 921 4483 ut
949 4440 1130 4481 mensa
1157 4423 1241 4478 illa
1267 4424 1580 4478 lactesceret
1600 4466 1614 4490 ,
1658 4432 1712 4480 et
1753 4425 1819 4479 ad
1860 4425 2107 4496 parvulos

537 4524 860 4595 perveniret.
891 4518 1041 4576 Unde
1066 4525 1239 4572 autem
1272 4516 1327 4569 fit
1353 4515 1501 4570 cibus
1529 4517 1652 4571 lae?
1692 4517 1831 4572 unde
1867 4517 2014 4574 cibus
2053 4520 2105 4573 in

540 4619 622 4671 lac
666 4611 994 4671 convertitur
1019 4651 1034 4676 ,
1072 4607 1190 4663 "nisi
1214 4623 1309 4678 per
1351 4621 1563 4661 carnem
1604 4606 1934 4676 trajiciatur?
1971 4609 2104 4664 Nam

539 4715 707 4761 mater
733 4704 835 4758 hoc
860 4702 1000 4757 facit.
1030 4698 1179 4767 Quod
1203 4697 1484 4752 manducat
1512 4707 1681 4751 mater
1704 4739 1719 4763 ,
1752 4698 1851 4754 hoc
1877 4701 2104 4755 mandu-

529 4804 624 4852 ‘cat
650 4796 824 4850 infans
848 4812 861 4847 :
890 4792 985 4849 sed
1010 4792 1130 4862 quia
1160 4790 1332 4844 minus
1374 4787 1613 4843 idoneus“
1640 4796 1725 4843 est
1768 4790 1938 4846 infans
1965 4833 1979 4857 ,
2011 4794 2103 4864 qui

536 4903 673 4959 pane
697 4894 936 4942 vescatur
959 4926 974 4953 ,
1005 4885 1172 4955 ipsum
1204 4896 1389 4952 panem
1430 4890 1599 4934 mater
1627 4880 1862 4937 incarnat
1887 4924 1902 4949 ,
1930 4893 1982 4939 et
2010 4901 2103 4953 per
2145 4925 2158 4932 .

538 4980 887 5036 humilitatem
932 4976 1237 5031 mammillae
1284 4982 1337 5028 et
1374 4972 1524 5027 tactis
1572 4985 1824 5040 succum,
1875 4972 1942 5028 de
1989 4975 2102 5044 ipso

534 5087 670 5144 pane
707 5070 871 5142 pascit
910 5067 1181 5122 infantem.
1227 5064 1502 5131 Quomodo
1541 5078 1669 5134 ergo
1707 5063 1775 5120 de
1816 5066 1931 5135 ipso
1967 5083 2101 5135 pane

536 5162 675 5232 pavit
700 5173 798 5214 nos
822 5158 1087 5227 Sapientia
1128 5155 1262 5211 Dei?
1303 5155 1434 5220 Quia
1489 5153 1705 5209 Verbum
1751 5172 1869 5211 caro
1912 5161 2101 5229 factum

531 5262 602 5308 est
627 5294 643 5317 ,
674 5261 719 5306 et
738 5250 974 5304 habitauit
996 5247 1049 5299 in
1072 5244 1212 5299 nobis
1252 5243 1430 5316 (Ibid.
1482 5244 1549 5299 14
1569 5244 1611 5313 ).
1642 5245 1826 5301 Videte
1845 5261 1972 5317 ergo
1998 5248 2097 5304 hu-

529 5343 806 5398 militatem
828 5357 842 5394 :
865 5338 983 5409 quia
1001 5349 1189 5406 panem
1214 5334 1532 5403 Angelorum
1552 5337 1885 5390 manducavit
1908 5336 2066 5392 homo
2081 5381 2096 5406 ,

529 5448 586 5491 ut
618 5435 872 5504 scriptum
896 5438 1016 5495 est,
1048 5425 1241 5480 Panem
1265 5426 1377 5480 creti
1418 5425 1555 5479 dedit
1592 5426 1663 5479 eis
1684 5467 1700 5490 ,
1730 5443 1908 5494 panem
1933 5425 2099 5498 Αηςε.

591 5545 706 5619 vste
727 5537 1487 5619 plures‘ttss.__AtAt-de.u:‘1i_dete
1507 5536 1626 5602 quid
1648 5539 1842 5601 prendit
1877 5541 1921 5590 ei
1957 5554 2099 5603 quem

489 5644 493 5649 ~
528 5601 1425 5671 δυηςειίἰ.ιτίι.]ςῖιιίίοιζιιηιειειιξίροσειειι.Δ
1473 5659 1485 5671 .
1522 5601 1527 5602 ⁷
1587 5665 1598 5671 Δ
1636 5648 1648 5671 ἰ

589 5659 847 5736 {Nonnulli
872 5668 1033 5736 probae
1073 5673 1199 5736 noue
1233 5659 1358 5736 itas.
1397 5659 1508 5721 (mis
1528 5665 1598 5712 est
1628 5659 1717 5712 iste
1751 5661 1909 5713 nescio
1938 5663 2044 5726 quis
2070 5663 2096 5714 Ρ

520 5738 544 5787 ,⁵
563 5735 691 5785 sario
709 5731 817 5797 quis
837 5734 989 5779 notus.
1014 5734 1092 5778 Est
1113 5731 1257 5786 enim,
1283 5733 1375 5776 etc.

1792 256 2251 339 δ.’Λι1(;υετιΝι
2292 284 2590 343 EPISCOPI

3699 295 3804 354 ὅθι

2226 390 2403 454 lorum
2431 403 2745 458 manducavit
2782 408 2929 461 homo
2972 408 2990 479 (
3017 407 3155 463 Psal.
3190 424 3365 463 uxvn
3390 452 3404 473 ,
3432 409 3501 465 9.4
3525 411 3577 478 )z
3607 410 3658 464 id
3683 422 3769 465 cst
3789 452 3806 477 ,

2242 488 2472 546 Verbum
2515 494 2640 548 illud
2676 512 2781 565 quo
2823 510 3107 567 pascuntur
3145 500 3329 569 Augeli
3378 502 3763 571 sempitermun
3790 544 3808 565 ,

2237 580 2378 651 quod
2419 593 2500 637 est
2539 586 2744 655 tequale
2790 588 2969 653 Patri,
3014 589 3354 645 manducavit
3406 593 3564 645 homo
3612 608 3625 647 :
3680 596 3810 664 quia

2238 690 2350 727 cum
2377 676 2430 729 in
2464 678 2627 747 [arma
2671 678 2767 733 Dei
2805 692 2927 735 esset
2949 723 2962 744 ,
3006 699 3106 738 non
3146 684 3380 754 rapinam
3421 685 3691 741 arbitratus
3737 697 3813 742 est

2236 779 2343 819 esse
2363 768 2572 837 (aqualis
2601 768 2724 824 Deo.
2749 770 3064 842 Saginantur
3100 774 3189 829 illo
3228 775 3414 845 Angeli
3445 794 3459 831 :
3485 775 3572 829 sed
3621 787 3808 831 semet-

2235 855 2404 924 ipsum
2442 859 2712 916 exinauiuit
2735 902 2749 927 ,
2783 872 2840 915 ut
2884 865 3228 923 manducaret
3252 882 3439 934 panem
3481 868 3805 938 Angelorum

2236 945 2396 1001 homo
2418 989 2434 1014 ,
2462 950 2678 1020 formam
2701 954 2828 1006 servi
2856 955 3104 1023 accipiens
3122 998 3137 1022 ,
3164 956 3215 1009 in
3244 957 3619 1012 similitudinem
3642 959 3807 1013 homi-

2234 1052 2355 1091 num
2378 1041 2541 1109 factus
2563 1083 2577 1107 ,
2607 1051 2652 1096 et
2675 1044 2845 1097 habitu
2876 1045 3098 1100 iuventus
3121 1056 3176 1101 ut
3202 1046 3389 1114 homo;
3429 1049 3712 1103 humiliari:
3748 1065 3803 1107 se

2235 1128 2398 1197 factus
2418 1129 2647 1185 obediens
2672 1150 2825 1204 usque
2846 1134 2914 1187 ad
2942 1146 3148 1190 mortem
3172 1178 3187 1199 ,
3214 1147 3423 1193 mortem
3449 1147 3614 1192 autem
3639 1139 3804 1194 trucis

2235 1223 2252 1285 (
2274 1218 2497 1292 Philipp.
2530 1239 2564 1278 η
2590 1267 2603 1287 ,
2633 1212 2766 1296 6-3)
2794 1243 2806 1278 :
2836 1237 2891 1280 ut
2911 1230 3018 1297 jam
3045 1230 3112 1284 de
3153 1244 3312 1284 cruce
3336 1230 3806 1286 commendaretur

2234 1311 2384 1365 nobis
2438 1328 2563 1368 caro
2608 1326 2662 1371 et
2704 1320 2919 1388 sanguis
2965 1320 3166 1375 Domini
3213 1336 3408 1377 novum
3456 1322 3800 1377 sacrificium.

2231 1399 2364 1469 Quia
2406 1405 2611 1458 mutavit
2652 1408 2842 1461 cultura
2882 1425 3026 1463 suum
3062 1426 3233 1464 coram
3278 1411 3591 1479 Abimelech,
3625 1413 3675 1468 id
3723 1424 3806 1469 est

2231 1506 2410 1548 coram
2442 1510 2605 1565 regno
2644 1499 2831 1568 patris.
2874 1500 3111 1573 Regnum
3153 1504 3297 1558 enim
3338 1504 3537 1574 patris,
3578 1521 3802 1577 regnum

2231 1593 2346 1638 erat
2376 1584 2701 1642 Iudaeorum.
2742 1588 3017 1658 Quomodo
3056 1607 3272 1665 regnum
3316 1596 3520 1664 patris?
3559 1597 3803 1668 Regnum

2234 1675 2396 1732 David
2424 1718 2439 1739 ,
2471 1695 2687 1750 regnum
2717 1683 2963 1739 Abraha‘.
3010 1684 3139 1740 Nam
3188 1680 3408 1759 regnum
3453 1689 3543 1744 Dei
3585 1690 3759 1746 Patris
3783 1732 3803 1759 ,

2232 1768 2399 1839 magis
2419 1770 2654 1826 Ecclesia
2682 1789 2839 1844 quam
2869 1777 3092 1846 pepulus
3110 1777 3412 1834 Judarorum
3439 1798 3453 1835 :
3484 1781 3577 1838 sed
3602 1798 3805 1838 secun-

2230 1857 2354 1914 dum
2396 1875 2608 1916 carnem
2648 1879 2871 1934 regnum
2911 1867 3075 1936 patris
3114 1869 3339 1939 populus
3382 1870 3561 1927 Israel.
3590 1871 3803 1928 Dictum

2228 1958 2311 2021 est
2338 1952 2480 2008 enim
2509 1972 2522 2009 :
2550 1953 2617 2010 Et
2643 1956 2781 2011 dabit
2806 1958 2853 2012 ei
2895 1958 3033 2014 Deus
3070 1960 3235 2016 sedem
3278 1959 3447 2016 David
3490 1965 3651 2035 patris
3689 1965 3806 2036 ejus

2229 2041 2250 2114 (
2275 2042 2398 2098 Luc.
2431 2060 2485 2111 ι,
2515 2045 2586 2101 52
2605 2045 2645 2118 ).
2680 2047 3082 2106 Demonstratur
3106 2066 3235 2123 ergo
3265 2052 3552 2109 secundum
3581 2069 3803 2111 carnem

2229 2144 2379 2205 pater
2407 2136 2609 2193 Domini
2635 2155 2753 2195 esse
2784 2139 2945 2197 David
2971 2161 2985 2195 :
3031 2143 3319 2199 secundum
3344 2144 3672 2201 divinitatem
3699 2163 3768 2202 an
3787 2180 3801 2189 -

2230 2234 2335 2281 tem
2364 2227 2604 2284 Christus
2628 2246 2733 2286 non
2766 2231 2903 2287 filius
2924 2274 2939 2298 ,
2982 2233 3076 2288 sed
3120 2234 3373 2291 Dominus
3415 2236 3596 2290 David.
3626 2236 3802 2293 Jmlmi

2229 2332 2356 2372 vero
2380 2317 2652 2374 Christum
2685 2321 2975 2376 secundum
3003 2338 3215 2379 carnem
3245 2334 3437 2380 norunt
3460 2367 3477 2393 ,
3505 2327 3803 2384 secundum

2227 2405 2553 2464 divinitatem
2581 2402 2685 2466 non
2714 2422 2927 2468 norunt.
2961 2414 3085 2469 ldeo
3123 2413 3247 2470 fecit
3281 2416 3381 2472 illis
3406 2418 3756 2487 quzestionem
3783 2461 3800 2485 ,

2204 2509 2285 2555 .et
2301 2499 2439 2556 dixit
2466 2521 2479 2556 :
2504 2493 2660 2574 Cujus
2680 2505 2841 2573 ﬁlium
2863 2522 2969 2559 esse
2988 2507 3151 2561 dicitis
3177 2505 3470 2563 Christum?
3495 2510 3558 2564 Et
3576 2525 3803 2579 respon-

2228 2592 2455 2648 derunt:
2486 2594 2672 2649 Filium
2698 2594 2883 2651 Dauid.
2914 2596 2980 2651 Et
3005 2598 3089 2652 ille
3109 2615 3129 2652 :
3173 2599 3433 2668 Quomodo
3465 2618 3584 2672 ergo
3629 2601 3803 2657 David

2227 2686 2282 2740 in
2308 2689 2488 2757 spiritu
2518 2700 2659 2744 vocat
2685 2707 2796 2744 eum
2824 2690 3089 2745 Dominum
3105 2692 3230 2758 rubi
3252 2694 3322 2747 ait
3344 2711 3362 2748 :
3384 2693 3525 2749 Dixit
3549 2695 3804 2750 Dominus

2227 2778 2445 2835 Domino
2471 2798 2579 2836 meo
2602 2823 2617 2849 ,
2652 2781 2785 2838 Sede
2811 2783 2880 2836 ad
2906 2785 3159 2839 dexteram
3201 2803 3361 2841 meam
3384 2828 3400 2847 .
3429 2786 3586 2842 donec
3611 2804 3803 2856 ponam

2226 2886 2396 2926 omnes
2422 2873 2647 2928 inimicos
2671 2884 2781 2927 tuos
2809 2877 2899 2929 sub
2930 2876 3133 2945 pedibus
3161 2878 3260 2930 tuis
3280 2878 3305 2931 7
3329 2876 3390 2933 Si
3413 2866 3527 2949 ergo
3555 2878 3804 2935 David-in

2225 2965 2404 3032 spiritu
2433 2975 2575 3019 vocat
2602 2983 2713 3020 eum
2739 2965 3011 3022 Dominum
3036 3008 3051 3034 ,
3078 2971 3326 3039 quomodo
3364 2971 3501 3040 ﬁlius
3536 2972 3647 3042 ejus
3685 2983 3760 3025 est
3778 2973 3804 3025 .’

2227 3051 2294 3108 Et
2314 3072 2412 3109 non
2434 3066 2697 3127 potuerunt
2719 3059 2796 3111 illi
2815 3060 3148 3130 respondere(
3168 3060 3349 3115 Matth.
3377 3078 3492 3117 χιιι
3516 3103 3533 3128 ,
3562 3063 3735 3118 42-46
3755 3065 3801 3134 ):

2226 3145 2350 3214 quia
2376 3161 2480 3200 non
2513 3158 2772 3202 noverant
2799 3149 2849 3203 in
2880 3149 3103 3205 Domino
3131 3150 3369 3218 Christo,
3398 3153 3496 3207 nisi
3529 3153 3672 3222 quod
3715 3155 3806 3209 vi-

2223 3236 2449 3292 debatur
2493 3238 2700 3306 oculis,
2743 3255 2846 3295 non
2891 3241 3033 3312 quod
3078 3242 3239 3299 corde
3277 3244 3686 3317 intelligebatur.
3740 3248 3801 3306 Si
3840 3244 3851 3254 ’

2224 3337 2399 3384 autem
2429 3331 2569 3385 intus
2595 3331 2846 3388 haberent
2878 3336 3060 3392 oculos
3082 3336 3216 3392 sicut
3241 3337 3504 3393 habebant
3533 3339 3664 3396 foris
3687 3384 3703 3407 ,
3729 3361 3805 3399 ex

2223 3434 2287 3475 eo
2301 3422 2439 3491 quod
2458 3420 2585 3477 foris
2603 3422 2852 3480 videbant
2879 3426 3228 3496 intelligerent
3257 3428 3418 3484 filium
3440 3431 3623 3491 David;
3640 3448 3704 3486 ex
3728 3448 3804 3488 eo

2221 3511 2363 3582 quod
2381 3512 2518 3567 intus
2535 3513 2915 3583 intelligebant,
2940 3516 3579 3587 intelligerentDominum
3601 3523 3800 3578 David.

2295 3604 2345 3658 7.
2388 3603 2601 3659 Mutavit
2654 3622 2771 3677 ergo
2823 3607 3014 3661 vultum
3064 3625 3210 3662 suum
3256 3626 3426 3664 coram
3480 3612 3795 3669 Abimeleclr.

2221 3696 2356 3766 Quid
2409 3706 2529 3763 est,
2582 3715 2749 3751 coram
2794 3700 3125 3754 Abimelech?
3165 3700 3355 3756 Coram
3393 3718 3558 3774 regno
3601 3706 3794 3772 patris.

2222 3787 2354 3856 Quid
2387 3797 2502 3852 est,
2532 3790 2722 3843 Coram
2767 3805 2931 3860 regno
2971 3791 3182 3860 patris?
3223 3790 3414 3847 Coram
3452 3793 3672 3848 Judmis.
3729 3798 3798 3853 Et

2220 3880 2408 3933 dimisit
2433 3897 2545 3934 euut
2567 3919 2584 3946 ,
2613 3890 2659 3934 et
2684 3882 2823 3934 abiit.
2852 3880 3018 3950 Quem
3045 3882 3285 3938 dimisit?
3332 3883 3502 3953 Ipsum
3533 3886 3793 3955 populum

2219 3969 2521 4025 Judtcorum
2550 3969 2750 4023 dimisit
2773 4011 2788 4034 ,
2817 3979 2870 4024 et
2896 3969 3042 4024 abiit.
3089 3972 3291 4038 Qumris
3330 3973 3485 4027 modo
3515 3974 3794 4031 Christum

2219 4058 2355 4129 apud
2383 4059 2598 4114 Judmos
2618 4100 2635 4124 ,
2669 4070 2722 4114 et
2753 4076 2858 4114 nun
2886 4060 3111 4115 iuvenis.
3133 4060 3285 4117 Unde
3307 4063 3509 4119 dimisit
3533 4075 3589 4120 et
3614 4066 3751 4121 abiit
3769 4070 3796 4122 Ἰ

2217 4150 2347 4216 Quia
2377 4150 2581 4204 otutavit
2609 4149 2801 4204 vultum
2828 4167 2994 4206 suum.
3026 4151 3297 4207 llterentes
3322 4154 3339 4184 ¹
3393 4155 3536 4208 cnim
3580 4156 3656 4212 illi
3701 4173 3798 4212 sa-

2214 4241 2416 4300 crificio
2438 4242 2732 4298 secundum
2755 4243 2994 4298 ordinem
3016 4247 3189 4299 Aaron
3215 4286 3230 4309 ,
3261 4260 3365 4300 non
3392 4255 3675 4304 tenuerunt
3702 4242 3803 4307 sa-J

2211 4336 2466 4390 orificium
2497 4335 2786 4390 secundum
2811 4336 3049 4391 ordinem
3073 4336 3423 4393 Melchisedec
3448 4336 3643 4413 (Hebr.
3673 4358 3753 4398 vn
3775 4386 3794 4411 ,

2215 4427 2273 4480 ll
2297 4426 2344 4496 υ);
2376 4435 2430 4481 et
2463 4428 2756 4481 amiserunt
2796 4428 3057 4483 Christum
3082 4469 3097 4493 ,
3140 4436 3194 4483 et
3234 4439 3508 4498 cmperuut
3530 4447 3651 4487 eum
3684 4433 3795 4487 ha-

2211 4517 2339 4572 bere
2367 4516 2562 4573 Gentes
2588 4558 2603 4583 ,
2631 4532 2736 4587 quo
2760 4533 2862 4573 non
2893 4517 3106 4573 miserat
3144 4530 3268 4574 ante
3307 4535 3600 4591 prmcones.
3645 4522 3792 4581 Nam

2211 4609 2277 4664 ad
2309 4611 2426 4665 lllos
2454 4624 2722 4679 praecones
2753 4609 3004 4674 miserat,
3033 4611 3200 4679 ipsum
3231 4611 3391 4666 David
3417 4653 3433 4678 ,
3467 4612 3738 4669 Abraham
3770 4660 3791 4682 ,

2211 4700 2355 4754 lsaac
2383 4708 2438 4755 et
2460 4699 2624 4755 Jacob
2647 4742 2662 4765 ,
2697 4699 2881 4755 Isaiam
2906 4740 2920 4762 ,
2951 4699 3231 4755 Jcrcmiam
3254 4741 3271 4769 ,
3312 4711 3367 4756 et
3392 4711 3614 4759 cameras
3642 4705 3791 4761 [ιι-υ-

2212 4791 2397 4860 phetas
2423 4792 2673 4854 miserat,
2712 4801 2775 4857 et,
2809 4791 2958 4860 pauci
3006 4790 3125 4845 inde
3164 4802 3562 4862 cognoverunt,
3588 4778 3646 4850 et
3674 4797 3791 4867 ipsi

2210 4884 2358 4948 pauci
2392 4884 2441 4937 in
2468 4882 2863 4954 comparatione
2890 4883 3222 4948 pereuntium
3246 4901 3262 4938 :
3287 4899 3407 4939 nam
3429 4886 3789 4947 mollierant.

2208 4977 2363 5031 .dillia
2390 4978 2529 5031 enim
2562 4977 2783 5047 legimus
2813 4973 2995 5028 fuisse.
3025 4973 3288 5044 Scriptum
3321 4977 3460 5033 enim
3486 4987 3605 5034 est:
3639 4980 3791 5035 Reli-

2207 5069 2337 5136 quia:
2381 5068 2531 5121 salute
2567 5066 2687 5136 ﬁent
2731 5064 2920 5138 (Rom.
2949 5081 2997 5119 is
3024 5105 3039 5130 ,
3065 5065 3135 5120 27
3156 5064 3197 5137 ).
3216 5065 3328 5120 Sed
3372 5068 3564 5137 quaeris
3615 5072 3790 5125 modo

2206 5158 2548 5212 circumcisus
2571 5157 2885 5211 christianos
2910 5197 2924 5220 ,
2949 5166 3002 5210 et
3026 5171 3130 5211 non
3160 5155 3382 5212 iuvenis.
3406 5157 3567 5214 Erant
3596 5169 3784 5216 autem

2207 5250 2272 5303 de
2309 5247 2708 5303 circumcisione
2751 5246 3049 5302 recentibus
3093 5248 3416 5316 temporibus
3445 5248 3566 5303 fidei
3607 5253 3787 5307 multa

2208 5341 2367 5395 millia
2392 5338 2820 5394 christiauurum.
2847 5339 3050 5405 Quatris
3078 5339 3235 5394 modo
3257 5379 3272 5405 ,
3299 5348 3355 5394 et
3388 5356 3495 5395 non
3544 5341 3786 5402 invenis.

2209 5432 2394 5487 Merito
2421 5444 2525 5484 non
2552 5428 2777 5485 invenis.
2811 5428 3024 5483 Mutavit
3046 5430 3186 5485 enim
3215 5414 3403 5484 uultum
3428 5446 3576 5485 suum
3600 5448 3789 5487 curam

2207 5521 2489 5577 Abimelech
2511 5561 2525 5585 ,
2556 5528 2601 5574 et
2629 5520 2816 5574 dimisit
2851 5536 2994 5587 eum,
3032 5531 3077 5575 et
3113 5521 3253 5577 abiit.
3300 5521 3366 5576 Et
3399 5536 3578 5577 coram
3612 5525 3789 5583 Achis

2203 5610 2422 5671 mutavit
2449 5614 2652 5669 vultum
2681 5628 2834 5669 suum
2858 5654 2873 5678 ,
2900 5624 2956 5669 et
2977 5614 3176 5668 dimisit
3199 5629 3318 5693 eum
3347 5656 3362 5683 ,
3391 5625 3446 5672 et
3469 5616 3623 5673 abiit.
3651 5617 3791 5676 [ded

2266 5729 2286 5760 ι
2308 5732 2435 5790 uss,
2460 5726 2691 5778 Habentes
2709 5737 2835 5777 etum
2853 5724 2928 5776 illi
2948 5723 3252 5789 sacriﬁatim.
