3972 6198
230 394 342 455 805

230 509 382 564 etaim
413 512 611 561 mutata
642 511 765 560 sunt
794 502 1006 558 nomina
1033 542 1048 567 ,
1081 509 1137 554 ut
1166 499 1230 554 ad
1274 500 1509 571 mystcrii
1551 498 1815 570 significa-

235 600 445 654 tionem
478 611 577 651 nos
603 596 862 651 excitaret
902 593 1121 648 mutatio
1161 591 1431 646 nominum
1461 608 1475 644 :
1509 607 1575 646 ne
1606 603 1818 659 putare-

234 705 362 746 mus
392 704 500 743 non
523 686 724 742 narrari
745 694 837 740 aut
855 683 1259 740 commemorari
1283 683 1332 736 in
1359 683 1646 752 Scripturis
1673 682 1820 738 Prii-

236 797 453 836 morum
479 820 495 842 ,
525 777 626 833 nisi
654 777 793 848 qttod
821 777 870 830 in
893 776 1040 830 libris
1060 776 1364 845 Regnorum
1386 785 1590 844 gestum
1621 775 1821 830 inveni-

207 883 330 928 ,tnr
353 915 369 937 ,
401 881 454 927 et
485 885 589 926 non
616 871 684 925 ibi
714 883 1076 940 qumreremus
1119 869 1313 938 figuras
1359 867 1648 923 futurorum
1678 911 1692 932 ,
1729 867 1822 922 sed

237 974 499 1035 tauquam
528 978 614 1018 res
643 972 818 1032 gestas
845 946 1228 1030 acciperemus.
1270 958 1399 1014 Cum
1441 974 1568 1029 ergo
1610 960 1822 1013 nomina

239 1064 555 1120 mutantur,
579 1052 702 1122 quid
730 1051 819 1106 tibi
847 1050 1075 1106 dicitur?
1095 1051 1346 1105 Clausum
1376 1059 1458 1104 est
1489 1051 1572 1104 hic
1591 1050 1822 1120 aliquid;

242 1148 396 1216 puISa
423 1187 438 1207 ,
473 1145 581 1198 noli
615 1145 818 1198 haerere
857 1143 908 1196 in
956 1143 1170 1208 littera;
1214 1142 1336 1212 quia
1379 1142 1551 1196 littera
1589 1142 1822 1196 occidit:

241 1239 339 1294 sed
393 1236 638 1293 desidera
689 1236 966 1306 Spiritum;
1010 1236 1229 1305 spiritus
1275 1235 1416 1290 enim
1463 1235 1692 1289 viviﬁcat
1737 1235 1824 1305 (ll

245 1331 364 1386 Cor.
399 1346 456 1384 Ill
480 1372 496 1394 ,
525 1329 599 1402 6)
631 1347 646 1384 :
693 1328 996 1384 intellccws
1038 1329 1330 1400 spiritualis
1370 1328 1677 1385 credentem
1718 1331 1826 1383 Sal-

245 1440 371 1477 vum
401 1423 547 1477 facit.

318 1519 372 1568 8.
415 1512 695 1578 Quomodo
724 1512 740 1544 ⁸
780 1527 908 1582 ergo
950 1511 1150 1565 dimisit
1188 1511 1350 1566 Achis
1392 1527 1606 1581 regem.
1653 1521 1826 1566 atten-

249 1607 359 1660 dite
389 1650 404 1671 ,
435 1601 646 1659 fratres.
682 1605 844 1659 Achis
873 1603 981 1659 dixi
1013 1603 1385 1674 interpretari,
1416 1603 1694 1671 Quomodo
1724 1613 1825 1658 est.

254 1697 626 1752 ltecordamini
658 1695 1002 1766 Evangelium
1033 1714 1045 1747 :
1079 1695 1288 1766 quando
1309 1695 1621 1765 loquebatur
1655 1695 1830 1748 Domi-

255 1804 352 1842 nus
383 1796 568 1840 noster
596 1786 750 1841 Jesus
779 1784 1019 1840 Christus
1045 1786 1112 1842 de
1139 1800 1360 1854 corpore
1389 1800 1487 1840 suo
1511 1827 1525 1848 ,
1553 1786 1628 1839 ait
1658 1804 1669 1838 :
1712 1784 1832 1839 Nisi

253 1881 360 1949 quis
392 1876 768 1930 manducauerit
798 1893 996 1929 carnem
1025 1893 1219 1942 nteant,
1251 1885 1298 1928 et
1326 1875 1498 1929 biberit
1537 1875 1832 1947 sanguinem

251 1986 414 2024 meum
436 2011 450 2032 ,
483 1985 585 2022 non
612 1967 807 2021 habebit
840 1968 893 2021 in
934 1985 988 2022 se
1025 1968 1177 2021 vitam
1199 1984 1218 2020 :
1253 1983 1370 2021 raro
1409 1967 1540 2020 enim
1577 1984 1687 2020 mea
1721 1984 1834 2022 uere

251 2079 361 2115 esca
385 2071 460 2116 est
481 2102 496 2126 ,
528 2071 578 2114 et
597 2060 802 2131 sanguis
828 2075 968 2112 meus
994 2076 1107 2114 uere
1125 2070 1270 2129 potus
1300 2067 1368 2113 est
1397 2057 1593 2131 (Joan.
1617 2074 1669 2114 Vt
1694 2101 1709 2124 ,
1741 2060 1832 2125 54,

252 2153 384 2223 56).
417 2151 485 2207 Et
514 2150 757 2221 discipuli
787 2151 902 2221 ejus
923 2151 1008 2221 qui
1032 2166 1151 2205 eum
1180 2149 1537 2219 sequebantur
1559 2191 1577 2216 ,
1605 2165 1834 2217 OXItat‘e-

254 2255 374 2299 runt
400 2288 414 2307 ,
441 2255 492 2298 et
521 2243 914 2299 exhorruerunt
945 2257 1247 2296 sermonem
1277 2283 1290 2305 ,
1322 2250 1373 2296 et
1403 2256 1509 2294 non
1542 2241 1832 2311 intelligen-

253 2345 332 2392 trs
362 2343 679 2406 putaverunt
707 2334 886 2389 nescio
926 2334 1050 2404 quid
1095 2333 1285 2388 durum
1333 2331 1511 2387 dicere
1553 2333 1835 2386 Dominum

255 2439 497 2483 nostrum
548 2427 728 2482 Jesum
778 2426 1046 2481 Christum
1073 2468 1086 2487 .
1124 2425 1264 2495 quod
1291 2441 1505 2480 carnem
1535 2425 1648 2494 eius
1675 2441 1833 2494 quam

252 2519 541 2584 videbant,
567 2518 926 2572 manducaturi
953 2525 1104 2572 erant
1130 2559 1145 2584 ,
1174 2526 1226 2571 et
1245 2516 1555 2586 sanguinem
1577 2515 1793 2572 bibituri
1818 2534 1832 2573 :

252 2623 306 2667 et
335 2629 439 2665 non
470 2596 753 2681 potuerunt
781 2609 1006 2664 tolerare
1030 2649 1046 2674 ,
1076 2609 1226 2677 quasi
1255 2609 1492 2663 dicentes
1512 2648 1528 2674 ,
1556 2607 1836 2676 Quomodo

253 2705 381 2760 est?
412 2703 580 2758 Error
606 2703 744 2757 enim
774 2711 827 2755 et
853 2700 1145 2770 ignorantia
1177 2707 1232 2754 et
1256 2699 1476 2754 stultitia
1513 2699 1564 2753 in
1607 2714 1834 2770 persona

253 2795 607 2871 regis‘Achis.
640 2792 738 2849 Ubi
777 2792 919 2848 enim
970 2791 1163 2844 dicitur
1188 2831 1202 2854 ,
1247 2789 1686 2856 Quomodo-est.
1728 2804 1834 2844 non

255 2891 566 2959 intelligitur
597 2907 610 2943 :
641 2887 728 2941 ubi
751 2903 855 2940 non
883 2885 1190 2954 intelligitur
1216 2925 1229 2946 ,
1263 2884 1496 2938 tenebrae
1525 2881 1837 2953 ignorantia:

256 2989 397 3036 sunt.
433 2981 566 3035 Erat
607 2993 736 3049 ergo
778 2978 831 3032 in
875 2976 978 3031 illis
1027 2990 1248 3046 regnum
1292 2973 1640 3042 ignorantiae,
1687 2974 1838 3042 quasi

256 3089 344 3128 rex
376 3072 579 3126 Achis:
614 3069 664 3123 id
707 3077 789 3123 est
817 3109 830 3132 ,
862 3082 1080 3133 regnum
1112 3065 1313 3120 erroris
1336 3064 1417 3118 eis
1440 3061 1835 3119 dominabatur.

258 3163 350 3220 Ille
387 3175 566 3218 autem
606 3160 856 3225 diccbat,
905 3157 1024 3213 Nisi
1063 3158 1174 3231 quis
1218 3156 1590 3211 manducauerit
1637 3172 1838 3210 carnem

257 3274 454 3321 nteant,
493 3267 540 3310 et
588 3256 762 3310 biberit
801 3254 1098 3324 sanguinem
1143 3267 1330 3305 meum.
1376 3250 1508 3318 Quia
1545 3257 1840 3304 mutaverat

257 3350 456 3404 vultum
486 3362 642 3402 suum
667 3387 681 3412 ,
705 3345 853 3416 quasi
882 3343 1030 3397 furor
1057 3343 1156 3396 iste
1191 3352 1245 3395 et
1280 3341 1484 3398 insania
1514 3340 1793 3395 videbatur
1819 3379 1835 3407 ,

256 3442 384 3495 dare
411 3455 629 3494 carnem
666 3453 815 3492 suam
846 3432 1264 3489 manducandum
1307 3431 1606 3486 hominibus
1631 3473 1646 3497 ,
1674 3440 1728 3486 et
1756 3431 1841 3484 hi-

261 3532 489 3586 brndnm
515 3527 848 3600 sanguinem.
896 3525 1018 3580 ldeo
1060 3525 1209 3595 quasi
1255 3524 1470 3578 insanus
1515 3530 1724 3591 putatus
1760 3529 1842 3576 est

263 3622 426 3679 David
452 3663 468 3682 .
514 3618 729 3690 quando
775 3617 910 3671 dixit
938 3617 1050 3686 ipse
1087 3614 1286 3670 Achis:
1329 3613 1672 3684 Arreptitium
1705 3613 1843 3666 hunc

262 3714 388 3770 mihi
417 3711 738 3768 adduxistis.
771 3709 955 3764 Nonne
999 3708 1205 3765 videtur
1244 3708 1446 3762 insania
1470 3748 1486 3772 ,
1530 3705 1844 3761 Manducate

261 3822 471 3862 carnem
491 3819 688 3869 meam,
712 3811 765 3857 et
786 3801 946 3856 bibite
965 3799 1277 3869 sanguinem
1295 3813 1470 3853 meum
1493 3797 1516 3859 ?_
1540 3798 1604 3851 Et
1623 3797 1805 3851 dicens
1826 3837 1840 3859 ,

265 3898 576 3965 Quicumque
603 3909 704 3948 non
733 3891 1106 3946 manducauerit
1134 3905 1336 3943 carnem
1363 3903 1527 3941 meam
1551 3927 1568 3952 ,
1600 3898 1644 3941 et
1673 3887 1846 3941 biberit

264 3986 560 4059 sanguinem
588 4001 750 4039 meum
775 4025 789 4048 ,
814 3999 912 4037 non
943 3981 1138 4036 habebit
1162 3981 1214 4034 in
1242 3997 1297 4034 se
1321 3981 1472 4033 vitam
1493 4020 1507 4043 ,
1531 3980 1678 4048 quasi
1708 3981 1850 4031 iusac

271 4082 382 4134 nire
405 4079 641 4134 videtur.
673 4077 777 4133 Sed
804 4075 914 4147 regi
945 4075 1107 4131 Achis
1137 4073 1368 4128 insanire
1395 4071 1602 4125 videtur
1623 4111 1637 4134 ,
1676 4069 1727 4124 id
1755 4078 1851 4150 'cst

268 4171 444 4226 stultis
463 4179 520 4226 et
544 4167 928 4240 ignorantibus.
960 4165 1080 4221 Ideo
1107 4163 1310 4220 dimisit
1332 4177 1426 4218 eos
1449 4171 1503 4216 et
1528 4161 1693 4215 abiit;
1722 4160 1852 4230 fugit

267 4264 338 4319 de
361 4262 526 4318 corde
554 4275 739 4316 eorum
770 4259 1073 4314 intellectus
1096 4297 1116 4320 ..
1136 4272 1202 4310 ne
1229 4270 1348 4320 eum
1377 4253 1580 4322 possint
1605 4266 1851 4322 compre-

267 4351 520 4408 hendere.
555 4350 623 4407 Et
643 4348 766 4420 quid
789 4349 1036 4403 dixerunt
1068 4346 1141 4400 illi
1163 4346 1186 4399 ?
1207 4345 1365 4412 Quasi
1390 4385 1404 4408 ,
1429 4342 1707 4411 Quomodo
1732 4350 1814 4396 est
1833 4380 1850 4406 ,

267 4444 408 4514 quod
437 4443 817 4510 interpretatur
844 4439 1024 4494 Achis.
1057 4438 1312 4492 Dixerunt
1341 4436 1483 4491 enim
1524 4453 1537 4491 :
1585 4434 1852 4499 Quomodo

270 4544 428 4606 potest
456 4533 538 4586 hic
576 4531 718 4585 nobis
757 4529 880 4584 dare
915 4529 1218 4582 manducare
1237 4543 1437 4580 carnem
1465 4541 1609 4579 suam
1636 4522 1810 4595 (Ibid.
1828 4563 1845 4587 ,

269 4628 420 4698 53)?
468 4623 816 4694 Arreptitium
870 4619 1130 4692 putabant
1176 4619 1497 4681 Dominum,
1546 4625 1600 4669 et
1648 4611 1866 4669 nescire

269 4720 394 4791 quid
426 4720 730 4788 loqueretur
757 4756 773 4781 ,
802 4723 855 4769 et
883 4713 1132 4768 insanire.
1173 4709 1266 4764 ille
1304 4719 1477 4762 autem
1509 4707 1596 4776 qui
1637 4713 1856 4760 noverat

270 4809 414 4881 quod
439 4808 648 4864 dicebat
674 4807 727 4860 in
789 4805 872 4858 illa
921 4802 1214 4857 mutatione
1254 4799 1429 4852 vultus
1475 4798 1594 4861 sui,
1624 4807 1676 4851 et
1706 4796 1856 4866 quasi

274 4903 455 4958 furore
473 4910 529 4956 et
550 4900 755 4954 insania
779 4939 793 4962 ,
817 4905 1151 4952 sacramenta
1178 4892 1497 4964 priedieabat
1522 4934 1536 4959 ,
1561 4901 1614 4945 et
1638 4891 1856 4944 affecta-

277 4997 372 5050 bat
400 5038 415 5060 ,
447 5005 501 5049 et
527 4990 920 5065 tympanizabat
950 4988 1015 5043 ad
1042 4990 1176 5043 ostia
1202 4986 1451 5041 civitatis.

347 5088 403 5143 9.
441 5085 796 5155 Quaaendum
818 5093 899 5138 est
920 5082 1046 5154 quid
1067 5083 1174 5149 sit,
1200 5091 1254 5136 et
1275 5081 1444 5151 ipsum
1467 5076 1744 5133 affectabat
1769 5117 1784 5140 ,
1808 5085 1861 5129 et

279 5182 348 5237 ad
377 5183 510 5238 ostia
543 5178 955 5252 tympanizabat.
987 5175 1100 5230 Non
1145 5175 1261 5229 sine
1299 5187 1457 5228 causa
1502 5171 1698 5225 dictum
1739 5178 1858 5235 est,

282 5274 582 5329 I’rocidcbat
602 5273 670 5325 ad
691 5270 819 5325 ostia
843 5277 1003 5339 porta:
1025 5283 1042 5322 :
1067 5282 1170 5322 non
1191 5266 1307 5322 sine
1330 5279 1488 5320 causa
1515 5263 1713 5318 dictum
1741 5269 1822 5314 cst
1843 5302 1859 5327 ,

280 5368 351 5423 Et
377 5367 551 5422 saliua:
576 5363 906 5419 decurrebant
929 5376 1078 5430 super
1097 5358 1298 5412 barbam
1321 5358 1471 5427 ejus:
1520 5370 1624 5408 non
1669 5351 1862 5406 frustra

276 5459 419 5515 dicta
469 5468 613 5513 sunt.
659 5453 904 5511 Mercede
944 5450 1301 5520 intelligentia:
1328 5450 1347 5480 ³
1378 5448 1658 5503 diuturnus
1687 5458 1865 5499 sermo

276 5566 544 5608 onerosus
589 5563 710 5604 esse
752 5562 858 5602 non
900 5543 1077 5599 debet.
1123 5540 1338 5606 Nostis,
1381 5541 1610 5604 fratres,
1649 5537 1864 5592 iudices

279 5647 433 5716 ipsos
457 5684 471 5708 ,
500 5655 680 5696 coram
711 5637 902 5709 quibus
945 5634 1034 5689 ille
1074 5631 1296 5686 mutavit
1335 5633 1537 5686 vultum
1582 5643 1777 5688 suum,
1815 5633 1869 5679 et

349 5745 363 5772 ι
390 5739 526 5795 ML,
551 5739 890 5799 ᾳυοηᾼιιθιεε..
915 5725 1164 5799 (ιιωηξοάίξο
1256 5785 1286 5799 ..
1321 5792 1332 5799 ,
1547 5798 1552 5799 ,
1608 5785 1619 5799 .

345 5805 366 5836 ι
390 5783 593 5850 Sciatis.
618 5783 736 5844 iam.
761 5783 896 5848 vero;
915 5783 1005 5840 non
1029 5790 1210 5850 frustra
1235 5785 1363 5836 dicta
1387 5789 1510 5846 sicut,
1535 5785 1619 5836 sed
1654 5783 1868 5845 indigent

275 5861 613 5928 intelligentia.
652 5857 910 5909 Diuturnus
933 5865 1108 5915 sermo,
1133 5862 1225 5900 etc.

1269 386 1665 445 ENARBATIO
1705 387 1768 442 IN
1809 388 2128 446 PSALMUM
2169 387 2404 446 XXXIII.

3394 396 3498 450 ὗοᾗ

1923 501 2123 556 dimisit
2151 516 2244 556 eos
2266 543 2282 568 ,
2314 511 2368 556 et
2394 502 2558 568 abiit,
2593 502 2748 558 hodie
2774 518 2977 558 vacare.
3009 503 3064 560 Si
3109 505 3179 559 illi
3223 507 3312 575 qui
3340 505 3494 560 Citri-

1925 602 2063 648 stum
2094 593 2382 647 amiserunt
2409 635 2422 658 ,
2454 609 2584 664 quos
2614 594 2811 651 dimisit
2837 639 2853 664 ,
2883 607 2934 650 ot
2960 597 3129 662 abiit,
3159 598 3355 653 habent
3387 602 3498 654 ina-

1930 699 2050 739 nem
2083 685 2410 740 vacationem
2441 702 2455 750 ;
2485 701 2581 741 nos
2611 685 2868 743 habemus
2905 687 3228 744 fmctuosam
3267 693 3500 745 vacatio-

1929 793 2050 832 nem
2075 818 2090 842 ,
2120 789 2177 832 ut
2205 779 2556 849 intelligamus
2598 779 2865 835 Cbristmn
2905 783 2995 852 qui
3037 783 3155 836 illos
3181 781 3378 838 dimisit
3407 767 3422 846 ,i
3449 795 3504 839 et

1929 871 2072 923 venit
2095 870 2161 924 ad
2190 886 2306 926 nos.
2332 871 2516 925 Omnia
2542 887 2645 925 non
2673 871 2861 925 frustra
2895 872 3028 926 facta
3056 885 3180 929 sunt
3205 917 3219 941 ,
3248 886 3302 930 et
3331 877 3380 928 in
3403 859 3503 930 illo

1929 961 2107 1015 furore
2135 961 2302 1016 David
2327 1003 2342 1025 ,
2371 961 2511 1031 quod
2537 963 2728 1017 dicitur
2758 960 3059 1032 alfectabat‘,
3104 977 3148 1018 et
3190 969 3504 1036 tympaniza-

1929 1052 2011 1106 bat
2040 1053 2108 1106 ad
2130 1055 2260 1110 ostia
2290 1055 2500 1109 ciuitatis
2523 1096 2537 1121 ,
2583 1067 2627 1108 ct
2669 1056 2918 1125 ferebatur
2946 1057 2997 1111 in
3027 1058 3253 1112 manibus
3287 1061 3390 1113 suis
3412 1103 3425 1122 ,
3463 1070 3506 1112 rt

1931 1145 2216 1211 providebat
2241 1147 2459 1226 adqostia
2489 1157 2672 1217 porta}.
2699 1158 2743 1202 et
2783 1150 2952 1203 salitur
2990 1151 3315 1206 decurrebant
3351 1169 3504 1221 super

1932 1235 2138 1289 barbam
2181 1238 2310 1307 ejus.
2355 1236 2635 1304 Alfectabat
2673 1240 2795 1294 ille:
2850 1241 3136 1310 quid'est,
3181 1241 3493 1308 affectabat.”

1933 1325 2193 1381 Affectum
2223 1328 2468 1382 habebat.
2518 1330 2652 1394 Quid
2694 1339 2774 1384 est
2817 1330 3062 1384 affectum
3114 1331 3347 1395 habere?
3376 1332 3505 1399 Quia

1931 1432 2241 1486 eompassus
2285 1429 2366 1474 est
2414 1421 2808 1477 infirmitatibus
2855 1425 3049 1477 nostris
3074 1441 3087 1477 :
3117 1433 3168 1477 et
3198 1424 3314 1478 ideo
3345 1425 3511 1478 voluit

1934 1510 2101 1578 ipSam
2133 1526 2345 1566 carnem
2374 1515 2644 1582 suscipere
2670 1556 2682 1576 ,
2718 1517 2767 1567 in
2809 1531 2911 1584 qua
2955 1526 3178 1569 mortem
3223 1516 3508 1570 occideret.

1939 1600 2262 1670 Compassns
2296 1618 2422 1673 ergo
2466 1603 2656 1665 nobis,
2707 1605 2982 1660 affectasse
3026 1606 3196 1660 dictus
3244 1617 3344 1660 est.
3388 1607 3512 1661 ldeo

1933 1693 2276 1761 reprehendit
2302 1695 2584 1763 Apostolus
2614 1711 2705 1749 eos
2734 1697 2821 1765 qui
2853 1697 2968 1750 duri
2998 1706 3119 1750 sunt
3149 1708 3201 1750 et
3241 1699 3354 1750 sine
3381 1698 3510 1751 alie-

1933 1796 2040 1840 ctu.
2071 1787 2484 1856 Reprehendens
2506 1790 2647 1842 enim
2676 1789 2928 1858 quosdam
2957 1832 2970 1854 ,
2995 1791 3062 1842 ait
3092 1809 3103 1843 :
3130 1790 3254 1843 Sine
3281 1789 3465 1855 affectu
3493 1833 3506 1852 ,

1936 1879 2044 1932 sine
2093 1880 2434 1933 misericordia
2473 1878 2748 1949 (Rom.1,
2795 1881 2926 1948 51).
2970 1881 3069 1935 Ubi
3118 1891 3199 1934 est
3249 1882 3470 1935 alfectus
3496 1923 3510 1942 ,

1939 1969 2009 2023 ibi
2043 1971 2425 2026 misericordia.
2460 1968 2558 2026 Ubi
2588 1971 2949 2026 misericordia
2977 1972 3102 2025 est?
3130 1971 3404 2026 Miseratus
3429 1981 3515 2026 est

1938 2077 2036 2116 nos
2064 2060 2316 2132 desuper.
2349 2061 2480 2116 Nam
2517 2062 2562 2117 si
2591 2063 2864 2118 exinanire
2892 2078 2949 2116 se
2979 2063 3140 2117 nollet
3165 2105 3181 2128 ,
3211 2077 3432 2117 mancus
3461 2064 3513 2116 in

1937 2169 2000 2208 ea
2027 2154 2193 2208 forma
2241 2153 2293 2208 in
2343 2169 2446 2224 qua
2489 2155 2709 2225 aequalis
2763 2165 2878 2233 e’rat
2925 2155 3069 2209 Patri
3117 2155 3512 2222 sempiternus.

1936 2260 2147 2315 semper
2173 2260 2270 2299 nos
2300 2244 2351 2298 in
2380 2255 2551 2300 morte
2573 2245 3019 2300 remansissemus
3049 2263 3062 2297 :
3092 2245 3188 2298 sed
3214 2253 3272 2298 ut
3311 2259 3408 2298 nos
3447 2245 3516 2299 de

1941 2347 2111 2391 mOrte
2144 2336 2469 2405 sempiterna
2511 2335 2798 2400 liberaret,
2825 2351 2930 2405 quo
2975 2349 3073 2389 nos
3113 2345 3386 2403 peccatum
3423 2351 3524 2387 suo.

1938 2428 2136 2500 perbia:
2175 2427 2537 2498 perduxerat,
2577 2426 2872 2482 humiliavit
2913 2443 3009 2490 se,
3057 2424 3227 2480 factus
3273 2425 3517 2478 subditus

1939 2533 2105 2590 usque
2133 2518 2197 2573 ad
2225 2528 2450 2573 mortem
2477 2559 2492 2586 ,
2525 2528 2750 2585 mortem
2782 2527 2957 2571 autem
2991 2517 3184 2570 crucis.
3219 2515 3358 2584 Ergo
3387 2514 3517 2568 ali'c-

1937 2611 2283 2682 ctavit,quia
2333 2611 2577 2680 pervenit
2621 2625 2788 2679 usque
2837 2609 2901 2662 ad
2948 2616 3172 2662 mortem
3223 2607 3414 2659 crucis.
3450 2606 3518 2658 fit

1939 2677 2196 2774 quoniam.
2236 2677 2349 2773 (ιυί-
2375 2677 2744 2772 crucifigitur,
2788 2701 2840 2755 in
2890 2701 3038 2770 ligno
3075 2699 3411 2763 extenditur;
3462 2709 3519 2753 ut
3577 2677 3586 2693 ’

1939 2804 2117 2850 autem
2175 2805 2480 2866 tympanum
2537 2793 2665 2858 fiat,
2718 2807 2884 2860 caro,
2939 2793 2991 2846 id
3041 2802 3124 2847 est
3173 2792 3430 2858 corium,
3465 2793 3515 2844 in

1940 2885 2083 2956 ligno
2115 2885 2450 2941 extenditur:
2479 2884 2678 2940 dictum
2700 2895 2819 2950 est,
2849 2892 2896 2937 et
2923 2869 3326 2954 tympanizabut,
3362 2882 3410 2934 id
3439 2893 3521 2934 est

1941 2976 2349 3046 crucifigebatur
2369 3017 2385 3042 ,
2419 2976 2470 3030 in
2500 2977 2652 3046 ligno
2681 2975 3080 3030 cxtendehatur.
3116 2973 3396 3041 A/fectabat
3417 3013 3431 3036 ,
3467 2973 3515 3026 id

1941 3077 2024 3123 est
2049 3109 2065 3134 ,
2097 3066 2343 3122 affectum
2374 3068 2422 3120 in
2457 3082 2554 3121 nos
2581 3066 2847 3131 habebat,
2894 3076 2949 3118 ut
2983 3065 3212 3118 animam
3243 3079 3390 3118 suam
3421 3078 3517 3132 po-

1942 3166 2096 3215 neret
2122 3174 2217 3230 pro
2246 3158 2436 3213 ovibus
2465 3158 2575 3212 suis
2605 3157 2623 3227 (
2646 3157 2804 3211 Joan.
2831 3172 2867 3210 x
2887 3198 2899 3219 ,
2933 3154 3059 3227 15).
3102 3155 3520 3226 Tympanizabat.

1942 3253 2262 3321 Quomodo?
2290 3252 2369 3305 Ad
2395 3253 2522 3306 ostia
2545 3251 2779 3305 ciuitatis.
2820 3249 3025 3304 Ostium
3063 3250 3217 3304 nobis
3257 3257 3340 3305 est
3379 3251 3520 3319 quod

1943 3346 2179 3416 aperitur
2205 3388 2218 3408 ,
2249 3353 2307 3399 ut
2333 3345 2612 3399 credamus
2662 3343 2712 3397 in
2747 3343 2932 3397 Deum.
2975 3342 3346 3398 Clauseramns
3389 3344 3519 3396 ostia

1944 3447 2129 3493 contra
2155 3434 2423 3491 Christum
2448 3479 2467 3503 ,
2519 3445 2573 3491 et
2617 3450 2998 3505 aperueramns
3039 3434 3290 3499 diabolo;
3337 3445 3521 3488 contra

1945 3529 2105 3584 vitam
2133 3535 2384 3582 aeternam
2428 3526 2665 3580 clausum
2699 3541 2792 3582 eor
2832 3526 3154 3580 habebamus
3183 3543 3196 3578 :
3233 3526 3318 3579 ille
3344 3535 3517 3578 autem

1948 3622 2202 3677 Dominus
2235 3620 2372 3674 Deus
2401 3629 2582 3674 noster
2605 3661 2618 3685 ,
2648 3619 2769 3688 quia
2803 3618 3040 3672 clausum
3071 3633 3162 3672 cor
3193 3616 3522 3670 habebamus

1949 3714 2190 3768 homines
2205 3712 2460 3767 adversus
2479 3711 2639 3764 vitam
2653 3718 2927 3772 aeternam,
2949 3723 3045 3761 nec
3064 3716 3364 3775 poteramus
3383 3704 3526 3757 vide-

1948 3821 2008 3859 re
2036 3803 2264 3858 Verbum
2291 3800 2430 3872 quod
2461 3799 2639 3854 vident
2667 3799 2874 3868 Angeli,
2893 3812 3049 3852 cruce
3074 3795 3343 3866 aperiebat
3367 3795 3527 3848 eorda

1950 3895 2274 3959 mortalium,
2303 3893 2404 3947 hoc
2430 3902 2544 3957 est,
2575 3890 2962 3963 tympanizabat
3003 3888 3067 3942 ad
3110 3890 3243 3943 ostia
3279 3889 3526 3942 civitatis.

2023 3988 2110 4043 10.
2143 3986 2207 4040 Et
2234 3987 2485 4058 ferebatur
2509 3986 2561 4038 in
2592 3983 2820 4037 ntanibus
2847 3982 2969 4036 suis.
3001 3982 3111 4036 lloc
3136 3997 3283 4045 vero,
3317 3983 3526 4047 fratres,

1951 4078 2218 4150 quomodo
2249 4087 2428 4148 posset
2455 4075 2565 4130 fieri
2594 4077 2644 4129 in
2672 4074 2905 4140 homine,
2939 4075 3058 4145 quis
3088 4076 3378 4146 intelligat?
3405 4076 3533 4144 Q-tis

1953 4171 2095 4226 enim
2122 4176 2363 4240 portatur
2388 4168 2440 4221 in
2470 4166 2712 4222 manibus
2739 4165 2889 4220 suis?
2913 4165 3151 4222 Manibus
3180 4168 3400 4221 aliormu
3437 4185 3534 4236 lm-

1955 4271 2058 4318 test
2085 4261 2279 4333 portari
2306 4259 2486 4325 homo,
2518 4259 2761 4313 manibus
2787 4259 2897 4313 suis
2923 4275 3081 4316 nemo
3108 4271 3365 4330 portatur.
3394 4261 3534 4326 Quo-

1955 4355 2114 4412 modo
2144 4355 2460 4425 intelligatur
2489 4355 2540 4407 in
2580 4353 2695 4422 ipso
2735 4353 2895 4407 David
2937 4355 3227 4408 secundum
3269 4354 3528 4412 litteram,

1959 4464 2062 4503 non
2087 4446 2420 4510 invenimus;
2451 4445 2502 4500 itt
2530 4444 2740 4499 Christo
2763 4455 2938 4498 autem
2967 4445 3282 4499 invenimus.
3307 4443 3539 4496 Fereba-

1959 4553 2044 4596 tur
2066 4541 2208 4596 enim
2235 4539 2474 4593 Christus
2505 4539 2554 4592 in
2584 4538 2827 4592 manibus
2854 4537 2964 4590 suis
2983 4579 2998 4603 ,
3027 4536 3238 4606 quando
3263 4549 3538 4589 commen-

1960 4635 2091 4690 dans
2129 4633 2299 4701 ipsum
2337 4647 2529 4701 corpus
2562 4645 2716 4684 suum
2735 4670 2750 4692 ,
2781 4630 2858 4683 ait
2886 4647 2898 4682 :
2932 4629 3045 4682 Hoc
3069 4639 3140 4682 est
3169 4645 3347 4698 corpus
3377 4645 3541 4680 meum

1962 4724 2182 4797 (Matth.
2214 4738 2359 4784 xxw.
2389 4721 2514 4792 26).
2544 4721 2767 4776 Ferebat
2794 4721 2934 4774 enim
2966 4720 3092 4774 illud
3123 4735 3315 4788 corpus
3342 4720 3391 4773 in
3423 4736 3504 4772 ma
3525 4749 3540 4760 -

1963 4817 2117 4871 nibus
2158 4816 2267 4870 suis
2291 4815 2331 4868 '.
2371 4813 2486 4883 Ipsa
2525 4821 2607 4867 est
2647 4811 2918 4865 humilitas
2957 4811 3165 4865 Domini
3206 4813 3372 4868 nostri
3413 4812 3540 4867 Jcsu

1961 4907 2192 4974 Christi,
2233 4907 2342 4976 ipsa
2389 4903 2611 4957 multum
2654 4900 3060 4956 commendatur
3103 4901 3421 4955 hominibus.
3462 4901 3550 4956 Ad

1965 5002 2129 5068 ipsam
2156 5013 2254 5052 nos
2281 4998 2541 5056 hortatur,
2571 4993 2781 5054 fratres,
2809 5002 2865 5045 ut
2893 4993 3153 5059 vivamus,
3185 4991 3233 5045 id
3261 5002 3342 5045 est
3371 4992 3541 5045 humi»

1965 5093 2166 5145 litatem
2195 5088 2312 5156 ejus
2342 5086 2609 5140 imitemur
2634 5103 2647 5138 :
2671 5092 2728 5137 ut
2753 5083 3112 5157 percutiamus
3141 5082 3368 5148 Goliam,
3396 5092 3448 5136 et
3471 5092 3546 5134 te-

1967 5192 2153 5239 nentes
2167 5180 2430 5235 Christum
2453 5177 2729 5232 vineamus
2749 5175 3069 5246 superbiam.
3094 5173 3394 5228 Procidebat
3417 5173 3549 5226 enim

1967 5275 2034 5329 ad
2060 5274 2186 5328 ostia
2213 5281 2388 5342 portae.
2416 5267 2550 5337 Quid
2581 5277 2682 5333 est,
2717 5265 3055 5321 Procidebat?
3085 5265 3165 5320 Ad
3196 5266 3548 5320 humilitatem

1968 5383 2026 5421 se
2064 5367 2174 5437 ipse
2202 5361 2501 5431 dejiciebat.
2541 5359 2676 5427 Quid
2706 5369 2818 5424 est,
2851 5358 2919 5412 ad
2946 5359 3073 5413 ostia
3114 5359 3311 5427 portae?
3353 5356 3431 5410 Ad
3463 5356 3549 5409 in-

1971 5458 2116 5512 itium
2145 5454 2401 5522 fidei,quo
2416 5452 2546 5507 salvi
2572 5450 2850 5505 efficimur.
2877 5449 3045 5504 Nemo
3068 5449 3208 5503 enim
3238 5448 3418 5516 incipit
3444 5446 3543 5503 nisi

1925 5599 1936 5620 Ι
1972 5550 2039 5603 a'o
2077 5548 2224 5602 initio
2265 5545 2420 5610 fidei,
2451 5545 2586 5599 sicut
2615 5543 2808 5597 dicitur
2835 5541 2885 5594 in
2921 5539 3151 5594 Canticis
3176 5539 3500 5593 canticorum
3530 5554 3568 5593 ξι

1986 5639 2178 5707 Venies,
2202 5647 2247 5692 et
2283 5635 2583 5708 pertransies
2618 5633 2680 5686 ab
2724 5634 2864 5686 initio
2899 5631 3016 5700 ﬁdei
3046 5628 3222 5701 (Cant.
3266 5644 3340 5695 tv,
3371 5629 3423 5692 8,
3451 5643 3554 5680 sec.

2040 5777 2055 5806 ¹
2082 5774 2232 5823 Nostri
2257 5784 2428 5820 omnes
2459 5776 2584 5830 Mss,
2618 5765 2814 5819 terebat
2849 5764 2971 5816 illm!
2992 5764 3040 5813 in
3073 5759 3288 5813 manibus
3312 5760 3428 5821 suis,
3449 5765 3564 5825 una

1978 5844 2046 5888 est
2071 5833 2332 5893 humilitas,
2359 5843 2454 5884 etc.
