3972 6198
314 4750 327 4791 t

420 322 524 387 501

420 450 608 521 LXX).
638 449 853 509 Venturi
879 463 1062 505 sumus
1089 447 1219 504 facie
1242 446 1307 502 ad
1340 445 1557 525 faciem;
1589 443 1724 499 sicut
1746 443 2000 512 scriptum

417 557 500 602 est
533 563 547 600 :
583 542 905 599 Dilectissimi
925 582 941 607 ,
971 539 1067 609 ﬁlii
1094 537 1187 593 Dei
1214 555 1416 602 sumus,
1446 547 1491 590 et
1520 536 1741 590 nondum
1766 533 2002 604 apparuit

419 637 540 706 quid
560 635 780 690 erimus:
805 632 988 685 scimus
1014 631 1131 699 quia
1154 646 1267 684 cum
1288 628 1599 698 apparuerit,
1627 626 1813 679 similes
1838 626 1882 677 ei
1905 624 1977 678 eri
1986 653 2003 663 -

417 744 546 786 mus,
580 727 817 795 quoniam
846 722 1122 795 videbimus
1150 740 1263 777 eum
1291 722 1440 776 sicuti
1468 732 1537 775 est
1567 720 1607 792 (l
1634 718 1789 773 Joan.
1818 734 1894 783 Ill,
1919 716 2007 795 Ξ).⁵

428 808 711 870 Videbimus
734 831 754 869 :
778 815 1024 886 quando?
1044 816 1173 870 Cum
1204 814 1302 868 ista
1331 813 1653 867 transierint.
1680 811 1814 865 Audi
1842 810 1998 865 etiam
2052 842 2053 849 η

420 904 637 963 Paulum
679 906 975 977 apostolum
1025 924 1036 959 :
1083 905 1318 959 Videmus
1357 921 1489 957 nunc
1528 919 1617 973 per
1657 902 1914 973 speculum
1949 902 2001 953 in

416 999 700 1070 xuigmate,
730 1009 848 1053 tunc
872 1009 1039 1053 autem
1065 998 1192 1066 facie
1215 997 1282 1050 ad
1308 998 1489 1068 {aciem
1517 993 1571 1069 (l
1597 994 1713 1049 Cor.
1744 1010 1862 1059 xm,
1887 992 1999 1063 12).

416 1095 713 1161 Antequam
730 1105 856 1162 ergo
874 1090 1145 1145 videamus
1157 1090 1289 1143 facie
1305 1086 1370 1142 ad
1390 1086 1573 1141 faciem
1595 1085 1840 1147 Verbum,
1862 1084 2001 1154 quod

415 1180 599 1237 vident
624 1181 808 1251 Angeli
831 1223 844 1243 ,
877 1194 1009 1250 opus
1037 1181 1189 1235 nobis
1216 1189 1298 1234 est
1326 1178 1499 1233 adhuc
1526 1177 1678 1232 ostiis
1707 1187 1872 1246 portae
1890 1217 1904 1239 ,
1936 1175 2002 1229 ad

415 1291 537 1346 qum
568 1275 792 1347 procidit
809 1275 1087 1336 Dominus,
1107 1273 1391 1326 humilians
1412 1286 1470 1339 se
1488 1286 1651 1341 usque
1672 1270 1735 1324 ad
1755 1277 1999 1325 mortem.

492 1368 582 1422 li.
608 1366 743 1434 Quid
771 1377 853 1422 est
881 1366 1019 1436 quod
1049 1366 1220 1419 satiate
1249 1364 1577 1418 decurrebant
1611 1378 1762 1431 super
1799 1362 2003 1415 barbam

419 1459 570 1529 ejus?
596 1458 652 1512 In
684 1457 785 1512 hoc
813 1457 951 1511 enim
982 1457 1259 1510 immutavit
1290 1456 1481 1526 vultum
1509 1471 1655 1507 suum
1684 1470 1853 1507 coram
1878 1453 2002 1505 Abi—

420 1550 629 1615 melech,
655 1549 740 1603 vel
770 1548 952 1615 Achis,
983 1560 1029 1602 et
1059 1548 1245 1601 dimisit
1269 1563 1401 1612 cum,
1430 1555 1475 1600 et
1500 1546 1639 1599 abiit.
1668 1544 1779 1599 Non
1808 1544 2003 1599 intelli-

421 1636 607 1713 gentes
641 1642 859 1696 dimisit.
902 1641 981 1696 Ad
1021 1656 1154 1711 quos
1183 1640 1347 1694 abiit?
1376 1639 1455 1693 Ad
1484 1639 1699 1695 Gentes.
1734 1636 1872 1708 Ergo
1906 1650 2005 1692 nos

420 1734 774 1804 intelligamus
811 1733 950 1804 quod
994 1733 1090 1803 ipsi
1138 1747 1243 1787 non
1291 1741 1596 1803 potuerunt.
1642 1731 2003 1786 Decurrebant

422 1842 584 1896 super
612 1826 827 1887 barbam
862 1826 1024 1883 David
1054 1825 1233 1880 saliva:
1264 1843 1276 1878 :
1306 1824 1430 1895 quid
1458 1832 1582 1879 sunt
1608 1822 1819 1878 salivae?
1845 1823 2002 1891 Quasi

421 1916 583 1972 verba
611 1914 868 1985 infantilia
894 1935 907 1970 :
930 1916 1109 1970 saliva:
1131 1914 1272 1970 enim
1294 1924 1515 1969 currunt
1537 1912 1840 1968 infantibus.
1864 1912 2004 1967 Non-

422 2025 489 2064 ne
508 2017 661 2064 erant
685 2017 931 2078 tanquam
958 2000 1216 2062 infantilis
1236 2007 1393 2062 verba
1419 2025 1433 2061 :
1453 2005 1761 2061 Mauducate
1787 2021 2001 2060 carnem

420 2106 616 2164 meam,
643 2107 697 2153 et
720 2098 884 2154 bibite
913 2098 1220 2169 sanguinem
1251 2098 1468 2158 meum?
1494 2096 1597 2152 Sed
1625 2097 1719 2151 ista
1749 2097 2003 2151 infantilia

419 2189 581 2244 verba
614 2189 863 2260 tegebant
892 2191 1135 2245 virtutem
1166 2190 1351 2260 ipsius.
1380 2188 1559 2244 Virtus
1588 2191 1729 2244 enim
1761 2189 1813 2243 in
1843 2189 2002 2244 barba

420 2279 753 2350 intelligitur.
793 2280 984 2335 Salivre
1023 2281 1179 2351 igitur
1205 2281 1550 2338 decurrentes
1591 2297 1750 2351 super
1786 2281 2002 2336 barbam

420 2371 572 2440 ejus,
601 2370 730 2441 quid
756 2379 909 2432 sunt,
940 2372 1038 2425 nisi
1073 2372 1230 2426 verba
1271 2373 1479 2427 infirma
1511 2373 1753 2427 virtutem
1785 2373 1899 2442 ejus
1926 2381 2005 2428 te-

419 2461 636 2532 gentia?
663 2459 958 2529 lntellesit,
992 2471 1049 2521 ut
1082 2462 1331 2527 arbitror,
1364 2462 1629 2519 Sanctitas
1660 2463 1846 2518 Vestra
1877 2462 2003 2517 titu-

419 2554 529 2606 lum
555 2552 739 2621 psalmi
769 2552 941 2623 hujus.
970 2551 1025 2609 Si
1052 2554 1273 2608 velimus
1291 2554 1400 2623 jam
1423 2554 1689 2608 Psalmum
1713 2569 2000 2624 exponere,

422 2642 729 2715 timendum
743 2654 825 2699 est
853 2659 920 2700 ne
948 2644 1034 2698 illa
1063 2661 1182 2716 quae
1210 2646 1432 2700 audistis
1471 2646 1712 2700 labantur
1735 2645 1803 2701 de
1830 2645 2005 2701 cordi-

419 2734 520 2789 bus
560 2735 769 2790 vestris.
814 2735 1040 2790 Titulum
1089 2735 1275 2804 psalmi
1321 2736 1479 2806 hujus
1520 2736 1920 2806 cxposuerimus
1951 2737 2002 2791 iu

420 2828 636 2883 nomine
655 2828 864 2883 Domini
887 2830 1050 2883 nostri
1072 2828 1198 2884 Jesu
1219 2828 1412 2884 Christi
1438 2848 1452 2882 ;
1474 2830 1721 2900 quoniam
1743 2829 2005 2884 crastinus

424 2922 537 2979 dies
562 2921 859 2978 dominicus
883 2930 984 2986 est,
1011 2930 1065 2975 et
1091 2921 1345 2976 debemus
1374 2921 1521 2977 vobis
1550 2936 1870 2984 sermonem,
1898 2921 2002 2976 dif-

423 3010 658 3068 feramus
686 3013 740 3068 in
768 3013 1087 3081 crastinum,
1114 3023 1173 3068 ut
1199 3014 1357 3068 etiam
1388 3013 1581 3069 Psalmi
1612 3022 1809 3069 textum
1838 3015 2007 3069 liben-

424 3115 506 3161 ter
528 3105 775 3161 audiatis.

744 3211 914 3252 SERMO
944 3213 1008 3263 ll,
1054 3212 1278 3252 HABITUS
1304 3213 1390 3251 DIE
1419 3210 1683 3253 DOIINICO.

494 3309 547 3364 1.
577 3307 677 3375 Qui
707 3307 956 3362 hesterno
980 3307 1066 3362 die
1089 3307 1352 3375 adfuistis,
1380 3324 1485 3365 non
1512 3307 1700 3364 dubito
1727 3309 1866 3380 quod
1892 3325 2007 3366 me-

422 3397 685 3452 mineritis
713 3396 1106 3467 pollicitationis
1132 3406 1345 3451 nostrae.
1372 3397 1603 3468 Tempus
1627 3397 1767 3453 enim
1789 3399 1897 3469 jam
1924 3410 2007 3455 est

331 3534 349 3554 ,
424 3489 480 3543 in
510 3488 725 3543 nomine
755 3487 960 3542 Domini
991 3488 1225 3543 debitum
1256 3488 1480 3543 solvere.
1511 3489 1627 3559 Ipse
1651 3490 1926 3560 inspiravit
1952 3503 2007 3559 ut

423 3580 855 3650 promitteremus
875 3621 888 3642 ,
921 3580 1034 3650 ipse
1062 3579 1208 3634 dabit
1237 3588 1292 3635 ut
1327 3580 1623 3648 solvamus,
1651 3596 1864 3651 semper
1890 3584 1972 3639 exi
1990 3615 2003 3623 -

421 3682 623 3728 utentes
642 3671 911 3727 debitores
935 3672 1224 3727 charitatis.
1251 3671 1365 3743 Ipsa
1389 3683 1467 3727 est
1491 3674 1631 3728 enim
1655 3691 1771 3744 qua:
1797 3690 2007 3745 semper

421 3763 693 3830 redditur,
722 3773 776 3818 et
813 3778 1023 3832 semper
1057 3762 1314 3826 debetur,
1347 3764 1484 3818 sicut
1515 3765 1642 3819 dicit
1675 3767 1958 3835 Apostolus
1989 3786 2001 3821 :

423 3854 631 3910 Nemini
655 3856 927 3925 quidquam
954 3856 1172 3910 debeatis
1189 3896 1204 3920 ,
1233 3857 1326 3910 nisi
1356 3868 1410 3909 ut
1438 3856 1647 3919 invicem
1673 3872 1757 3911 vos
1786 3859 2006 3929 diligatis

424 3945 600 4015 (Rom.
626 3961 742 4007 xui,
765 3946 843 4017 8).
868 3946 1063 4001 Psalmi
1089 3949 1242 4011 hujus
1270 3948 1475 4003 titulum
1498 3948 1611 4004 lteri
1633 3951 2002 4020 exposuimus;

422 4036 576 4106 cujus
614 4036 873 4104 expositio
909 4052 1028 4091 cum
1070 4053 1167 4093 nos
1205 4039 1399 4095 diutius
1442 4042 1724 4111 retineret,
1767 4042 2005 4110 ejusdem

428 4126 615 4195 psalmi
643 4135 842 4181 textum
869 4129 1236 4198 exponendum
1261 4130 1580 4187 distulimus.
1611 4134 1899 4191 Audiamus
1924 4152 2008 4189 t-r-

423 4234 501 4288 go
519 4218 643 4288 quid
670 4218 897 4288 Spiritus
925 4230 1138 4275 sanctus
1177 4238 1272 4291 per
1308 4239 1368 4277 os
1407 4224 1685 4293 Prophetm
1718 4228 1883 4281 sancti
1923 4230 2005 4283 sui

424 4311 568 4365 dicat
612 4310 663 4365 in
708 4310 809 4364 isto
847 4325 1091 4364 sermone
1131 4311 1355 4376 Psalmi,
1395 4316 1532 4383 quod
1571 4326 1825 4387 congruat
1854 4317 2005 4372 titulo

420 4418 584 4471 quem
623 4401 874 4457 hesterno
902 4401 987 4456 die
1016 4403 1371 4458 tractavimus.
1410 4405 1508 4472 Qui
1549 4422 1651 4460 non
1691 4407 2002 4475 adfuerunt,

423 4502 675 4564 tauquam
699 4494 716 4524 ¹
746 4501 799 4547 et
838 4491 939 4547 hoc
967 4491 1203 4547 debitum
1247 4503 1429 4563 petunt
1460 4513 1473 4548 :
1505 4497 1599 4552 sed
1638 4514 1705 4554 ne
1745 4500 1878 4554 forte
1916 4515 2007 4567 per

424 4586 556 4642 alias
587 4596 757 4642 tantas
790 4602 967 4640 moras
987 4587 1033 4653 ⁸,
1062 4585 1364 4641 fraudemus
1396 4603 1489 4641 eos
1522 4591 1711 4659 quibus
1744 4592 1851 4661 jam
1884 4594 2006 4647 red-

424 4677 664 4732 dendum
687 4688 767 4731 est
796 4676 937 4747 quod
967 4676 1242 4742 debemus,
1277 4679 1507 4733 breviter
1533 4695 2005 4738 commemoratum

422 4778 734 4840 agnoscant,
758 4780 1009 4841 quantum
1042 4781 1282 4840 possunt,
1307 4773 1395 4843 qui
1420 4772 1579 4829 hodie
1599 4774 1793 4830 adsunt
1814 4786 1868 4831 et
1894 4778 2006 4832 heri

340 4884 350 4905 ν
424 4879 529 4916 non
556 4861 855 4917 adfuerunt.
884 4864 938 4917 Si
962 4865 1084 4933 quid
1107 4874 1282 4919 autem
1305 4880 1397 4920 eos
1425 4875 1599 4921 movet
1619 4868 1759 4937 quod
1786 4867 2009 4939 diligen-

418 4957 529 5008 tius
564 4956 892 5026 interrogare
929 4958 1185 5021 debeant,
1223 4965 1458 5027 patentes
1488 4974 1645 5027 aures
1685 4969 1895 5016 nostras
1925 4964 2005 5016 in-

424 5046 639 5101 venient
678 5046 730 5100 in
770 5047 982 5102 nomine
1011 5047 1206 5102 Christi
1246 5050 1361 5103 aliis
1403 5051 1762 5120 temporibus,
1799 5071 1868 5109 ne
1908 5054 2006 5110 ista

422 5148 748 5208 occupentur
770 5136 809 5192 ⁸.
1516 5198 1523 5205 ,

434 5248 437 5251 λ
492 5232 548 5287 ‘2.
582 5229 820 5285 Diximus
847 5231 1103 5300 scriptum
1130 5247 1248 5287 esse
1273 5228 1326 5287 in
1354 5233 1489 5289 libro
1515 5235 1838 5308 Regnorum,
1865 5240 2005 5309 quod

424 5323 593 5382 David
631 5339 750 5380 cum
789 5321 994 5394 fugeret
1035 5323 1193 5390 Saul,
1236 5324 1397 5380 latere
1438 5327 1606 5383 voluit
1644 5331 1781 5400 apud
1825 5347 2004 5402 regem

488 5445 503 5469 κ
534 5436 667 5502 uid,
686 5442 862 5502 tamen.
888 5433 1229 5502 Aliquo_t__atss.,
1252 5443 1495 5502 tauquam.

484 5502 506 5530 ί
531 5496 664 5557 Edd.,
682 5511 740 5548 ne
763 5500 893 5567 forte
906 5496 994 5561 pro
1013 5496 1124 5548 aliis
1140 5505 1296 5567 tantas
1313 5496 1471 5567 moras
1492 5503 1716 5567 facientes
1729 5504 2009 5567 fraudemus

424 5566 521 5610 eos.
543 5567 749 5624 Moxque
764 5559 893 5622 apud
907 5559 1045 5619 'Lov.,
1069 5559 1237 5623 quibus
1251 5561 1361 5624 jam
1383 5563 1630 5614 redditum
1651 5559 1739 5617 est:
1761 5575 1849 5616 Nos
1879 5577 2010 5617 utro-

423 5636 520 5685 que
547 5622 651 5672 loco
671 5622 921 5685 Sequimur
943 5631 1069 5685 Mss,

489 5684 507 5715 ³
531 5690 585 5733 Er
629 5694 681 5735 et.
703 5684 831 5742 um,
852 5697 908 5734 ue
930 5684 1008 5747 isti
1023 5684 1164 5734 modo
1184 5692 1489 5746 ocameutttr.
1518 5696 1573 5739 At
1590 5694 1717 5747 Mss,
1743 5702 1800 5740 uc
1816 5690 1909 5742 ista
1928 5705 2007 5741 oc-

425 5750 673 5809 cupentur.
700 5758 823 5810 aut,
842 5757 900 5798 ue
923 5745 1014 5800 ista
1037 5749 1197 5810 modo,
1222 5745 1317 5797 etc.

1656 325 1713 381 S.
1744 318 2109 380 AUGUSTINI
2152 320 2453 380 EPISCOPI

3582 323 3696 378 308

2108 436 2388 506 quemdam
2419 436 2585 501 Gctlt,
2619 437 2832 492 nomine
2866 436 3049 492 Achis.
3088 436 3193 492 Sed
3220 451 3341 492 cum
3368 434 3535 510 gloria
3570 437 3692 507 ejus

2086 527 2177 581 .ibi
2206 527 2390 582 fuisset
2412 538 2850 594 commemorata,
2880 544 2944 583 ne
2968 544 3063 598 per
3090 528 3305 583 livorem
3329 528 3473 583 idem
3501 542 3591 582 rex
3621 529 3695 581 ad

2106 636 2262 690 quem
2294 619 2617 689 confugerat.
2648 620 2841 691 aliquid
2870 622 2921 675 in
2946 637 3067 677 eum
3098 620 3507 685 machinaretur,
3539 621 3700 674 finxit

2107 711 2403 778 insaniam,
2432 723 2486 766 et
2511 710 2661 782 quasi
2702 713 2880 767 furore
2917 723 3194 783 correptus
3217 755 3232 779 ,
3264 713 3466 766 nudavit
3500 713 3699 765 uultum

2105 816 2271 863 suum,
2304 810 2367 864 et,
2403 801 2537 854 sicut
2566 800 2804 869 legimus,
2833 800 3119 869 affectabat,
3148 812 3195 855 et
3221 792 3596 873 tympanizabat
3623 803 3699 854 ad

2107 892 2235 946 ostia
2260 893 2498 957 civitatis,
2532 901 2576 947 et
2605 894 2854 964 ferebatur
2879 894 2932 948 in
2960 895 3190 949 manibus
3218 896 3321 949 suis
3338 935 3354 962 ,
3386 894 3698 963 et‘procide-

2108 982 2190 1035 bat
2219 983 2287 1035 ad
2312 982 2441 1036 ostia
2467 992 2646 1053 portat.
2677 982 2743 1036 Et
2771 984 2899 1038 dixit
2934 1000 3023 1038 rea:
3054 985 3204 1040 Achis
3231 1001 3249 1038 :
3281 986 3414 1051 Quid
3440 979 3699 1038 tueamini

2106 1073 2390 1127 adduxistis
2412 1074 2599 1129 istum?
2626 1072 2884 1140 Numquid
2902 1075 3215 1144 arreptitium
3236 1092 3326 1146 ego
3347 1092 3472 1144 opus
3492 1076 3653 1128 habeo
3671 1076 3699 1127 ξ’

2108 1163 2175 1217 Ει
2210 1165 2286 1218 sic
2319 1180 2439 1220 eum
2471 1164 2704 1230 dimisit,
2736 1171 2793 1219 ut
2830 1165 3110 1234 impleatur
3140 1165 3280 1236 quod
3314 1166 3398 1220 hic
3432 1167 3696 1236 scriptum

2107 1267 2206 1320 est,
2242 1254 2456 1309 Mutavit
2483 1256 2675 1310 vultum
2703 1273 2867 1315 suum.
2900 1267 2946 1311 et
2982 1257 3168 1310 dimisit
3196 1274 3329 1323 eum,
3357 1266 3402 1310 et
3428 1257 3569 1311 abiit.
3604 1257 3698 1311 Di-

2108 1346 2251 1400 misit
2290 1356 2466 1401 autem
2506 1362 2684 1416 regem
2717 1346 2878 1401 Achis
2905 1365 2922 1402 :
2949 1347 3035 1401 hic
3059 1363 3185 1402 vero
3212 1347 3406 1402 dictum
3434 1359 3517 1402 est
3543 1349 3696 1418 quod

2108 1440 2317 1493 mutavit
2341 1439 2531 1493 vultum
2557 1456 2701 1493 suum
2730 1456 2901 1494 caram
2929 1440 3235 1505 Abimelcclt,
3264 1451 3311 1494 et
3339 1440 3526 1493 dimisit
3553 1456 3695 1504 eum,

2108 1540 2153 1583 et
2178 1531 2319 1583 abiit.
2342 1530 2582 1584 Diximus
2604 1541 2779 1585 autem
2806 1531 3017 1584 nomina
3046 1518 3241 1585 mutata
3266 1546 3404 1597 esse,
3432 1542 3487 1585 ut
3511 1547 3699 1587 saera-

2106 1632 2342 1675 mentum
2377 1620 2747 1676 ostenderetur
2776 1639 2789 1674 :
2823 1636 2889 1677 ue
2916 1622 2959 1676 si
2992 1622 3129 1677 idem
3171 1637 3364 1678 nomen
3402 1624 3694 1691 repetitum

2107 1722 2250 1767 esset
2281 1712 2331 1765 in
2365 1712 2515 1767 titulo
2545 1712 2759 1779 Psalmi,
2793 1729 2896 1767 non
2928 1713 3081 1768 nobis
3120 1713 3464 1784 pr0pbetasse
3491 1716 3696 1786 aliquid

2108 1804 2160 1859 in
2204 1816 2571 1871 sacramento,
2614 1805 2706 1860 sed
2749 1808 2896 1875 quasi
2932 1815 3080 1876 gesta
3124 1821 3368 1861 narrasse
3397 1807 3690 1862 videretur.

2108 1896 2402 1967 Utrumque
2429 1913 2557 1968 ergo
2603 1914 2794 1954 nomen
2839 1914 3084 1969 magnum
3114 1900 3350 1956 continet
3382 1915 3695 1956 sacramen-

2108 1998 2238 2043 tum.
2265 1987 2396 2061 Nam
2421 1989 2584 2046 Achis
2609 1991 3001 2061 interpretatur,
3028 1990 3304 2063 Quomodo
3324 2003 3406 2047 est
3433 2010 3447 2045 :
3475 1993 3699 2049 Abimm

2107 2079 2225 2133 lecb
2264 2080 2659 2150 interpretatur,
2691 2081 2862 2137 Patris
2896 2078 2999 2137 mei
3032 2098 3272 2152 regnum.
3308 2083 3366 2138 In
3400 2084 3491 2138 illo
3526 2084 3699 2139 verbo

2106 2172 2245 2241 quod
2275 2171 2493 2238 dicitur,
2528 2172 2807 2242 Quomodo
2843 2182 2959 2240 est,
3004 2175 3295 2246 ignorantia
3334 2174 3695 2246 significatur,

2108 2274 2164 2317 ut
2191 2263 2409 2318 verbum
2444 2264 2683 2319 mirantis
2709 2275 2764 2320 et
2792 2282 2897 2319 non
2928 2266 3265 2337 agnoscentis
3299 2267 3559 2337 intelligas
3590 2285 3604 2320 :
3640 2267 3696 2322 in

2107 2355 2211 2409 isto
2244 2364 2419 2409 autem
2451 2356 2590 2426 quod
2623 2355 2818 2413 dicitur
2851 2357 3160 2413 Abimelech
3183 2400 3197 2423 ,
3230 2374 3447 2429 regnum
3473 2357 3690 2413 Iudaeo-

2106 2462 2224 2501 rum
2246 2446 2589 2517 significatur.
2620 2449 2701 2504 Ex
2722 2448 2920 2505 Christi
2946 2451 3086 2506 enim
3114 2466 3336 2522 persona
3366 2461 3539 2522 potest
3562 2452 3692 2518 dici,

2108 2537 2279 2593 Patris
2308 2540 2407 2593 mei
2439 2555 2696 2611 regnum;
2729 2541 2849 2612 quia
2881 2551 3029 2612 pater
3057 2544 3222 2614 ipsius
3247 2544 3540 2600 secundum
3569 2544 3694 2600 car-

2108 2643 2251 2694 nem,
2284 2629 2477 2696 David;
2505 2640 2559 2686 et
2593 2647 2812 2702 regnum
2847 2634 3007 2688 David
3044 2645 3160 2689 erat
3195 2635 3246 2690 in
3283 2646 3442 2706 gente
3474 2635 3694 2691 Judaeu-

2109 2735 2248 2773 rum.
2288 2717 2477 2775 Coram
2530 2737 2696 2793 regno
2742 2740 2869 2795 ergo
2921 2727 3082 2795 patris
3125 2728 3207 2782 sui
3248 2729 3458 2782 mutavit
3499 2730 3695 2783 vultum

2107 2829 2274 2879 suum,
2297 2822 2344 2868 et
2367 2814 2556 2869 dimisit
2581 2833 2711 2884 eum,
2735 2827 2780 2870 et
2804 2818 2962 2884 abiit;
2985 2818 3105 2889 quia
3134 2828 3249 2883 erat
3276 2819 3345 2876 ibi
3375 2820 3697 2876 sacriﬁcium

2107 2904 2398 2960 secundum
2427 2907 2668 2963 ordinem
2698 2908 2876 2963 Aaron
2896 2955 2910 2978 ,
2942 2920 2993 2965 et
3022 2922 3204 2981 postea
3234 2913 3346 2983 ipse
3372 2913 3441 2969 de
3467 2928 3695 2985 corpore

2107 3003 2163 3049 et
2189 2988 2444 3067 sanguine
2477 3014 2574 3054 suo
2610 3001 2831 3056 instituit
2868 3004 3185 3059 sacrificium
3223 3005 3513 3062 secundum
3542 2986 3695 3062 ordio‘

2109 3101 2230 3142 nem
2260 3088 2633 3146 Melchisedec.
2667 3093 2883 3149 Mutavit
2920 3110 3049 3166 ergo
3082 3096 3284 3152 vultum
3321 3113 3474 3153 suum
3510 3098 3562 3152 iu
3600 3114 3694 3152 sa-

2111 3177 2460 3244 cerdotio,.et
2496 3180 2694 3237 dimisit
2734 3194 2946 3254 gentem
2983 3184 3288 3242 Judaeorum
3312 3226 3329 3254 ,
3365 3197 3420 3243 et
3451 3189 3597 3244 venit
3623 3189 3694 3244 ad

2109 3269 2326 3326 Gentes.
2350 3272 2483 3341 Quid
2508 3282 2591 3329 est
2613 3292 2761 3347 ergo,
2793 3277 3068 3346 Alfrctabat
3083 3280 3108 3335 γ
3126 3279 3329 3336 Aﬂ‘ectu
3351 3281 3535 3352 plenus
3554 3293 3693 3336 erat.

2108 3361 2244 3430 Quid
2284 3364 2424 3418 enim
2467 3374 2572 3421 tam
2612 3366 2824 3437 plenum
2866 3371 3092 3438 affectu,
3134 3387 3289 3442 quam
3330 3373 3696 3428 misericordia

2112 3455 2322 3510 Domini
2366 3458 2531 3511 nostri
2572 3458 2699 3514 Jcsu
2737 3461 2965 3525 Christi,
2998 3462 3086 3533 qui
3115 3462 3301 3519 videns
3330 3463 3695 3520 infirmitatem

2110 3554 2347 3600 nostram
2370 3589 2383 3611 ,
2412 3558 2468 3603 ut
2498 3565 2595 3602 nos
2622 3566 2651 3605 a
2682 3552 3003 3623 sempiterna
3042 3564 3213 3609 morte
3241 3554 3523 3621 liberaret,
3555 3566 3697 3611 tcm-

2112 3640 2345 3706 poralem
2376 3649 2599 3697 mortem
2625 3659 2743 3697 cum
2773 3655 2912 3699 tanta
2945 3646 3133 3716 injuria
3157 3649 3579 3719 contumeliaque
3606 3667 3699 3704 su~

2111 3731 2314 3800 serpit?
2343 3730 2412 3785 Et
2438 3734 2812 3803 tympanizabat
2841 3754 2862 3789 :
2884 3738 3004 3807 quia
3036 3746 3341 3809 tympanum
3372 3755 3479 3794 non
3508 3741 3566 3795 fit
3595 3743 3698 3796 nisi

2112 3840 2229 3878 cum
2279 3827 2483 3886 corium
2529 3826 2581 3880 in
2632 3828 2775 3897 ligno
2822 3829 3160 3895 extenditur;
3209 3841 3263 3886 et
3306 3832 3702 3904 tympanizabat

2114 3915 2279 3970 David
2320 3917 2622 3987 significans
2661 3918 2801 3989 quod
2838 3920 3224 3991 eruciligendus
3262 3928 3405 3977 esset
3430 3921 3697 3976 Christus.

2115 4004 2512 4077 Tympauizabat
2540 4019 2715 4065 autem
2743 4013 2809 4064 ad
2838 4013 2965 4066 ostia
2990 4013 3202 4067 civitatis
3230 4029 3249 4067 :
3276 4029 3393 4085 qua:
3421 4024 3547 4069 sunt
3571 4016 3703 4068 ostia

2111 4098 2356 4166 civitatis,
2401 4099 2502 4155 nisi
2538 4101 2699 4156 corda
2737 4113 2916 4157 nostra
2956 4119 3074 4173 qua:
3114 4104 3474 4160 elauseramus
3510 4116 3701 4161 contra

2111 4189 2379 4245 Christum
2397 4233 2412 4257 ,
2442 4192 2529 4260 qui
2558 4191 2625 4247 de
2654 4205 2904 4265 tympano
2932 4196 3105 4249 crucis
3129 4196 3335 4264 aperuit
3360 4195 3521 4251 corda
3550 4213 3701 4251 mor-

2112 4282 2333 4337 talium?
2367 4281 2433 4336 Et
2462 4284 2712 4355 ferebatur
2738 4286 2790 4339 in
2828 4286 3057 4341 manibus
3092 4289 3195 4341 suis
3222 4301 3243 4341 :
3271 4287 3701 4358 quomodo-fere-

2111 4374 2259 4428 batur
2286 4376 2337 4429 in
2364 4377 2591 4430 manibus
2619 4378 2766 4431 suis?
2791 4378 2922 4446 Quia
2952 4395 3071 4434 cum
3100 4381 3498 4435 commendaret
3524 4381 3699 4452 ipsum

2111 4483 2304 4537 corpus
2340 4484 2491 4523 suum
2530 4478 2583 4523 et
2622 4472 2930 4541 sanguinem
2974 4488 3155 4538 suum,
3188 4474 3394 4544 accepit
3426 4475 3477 4528 in
3508 4491 3704 4530 manus

2112 4576 2236 4614 suas
2260 4561 2400 4631 quod
2433 4574 2626 4617 norunt
2654 4564 2870 4629 fideles;
2897 4575 2951 4621 et
2977 4568 3089 4636 ipse
3115 4582 3175 4622 se
3200 4568 3441 4637 portabat
3466 4568 3699 4639 quodam

2112 4652 2303 4715 modo,
2347 4667 2465 4707 cum
2505 4654 2705 4710 diceret
2736 4674 2747 4710 :
2783 4655 2895 4710 Hoc
2933 4669 3003 4711 est
3041 4674 3226 4727 corpus
3265 4676 3429 4713 nteant
3470 4659 3698 4732 (Matth.

2114 4758 2262 4808 sxw,
2291 4742 2405 4814 96).
2439 4744 2502 4797 Et
2533 4747 2819 4812 procidebat
2844 4748 2911 4801 ad
2936 4749 3064 4802 ostia
3094 4759 3250 4820 portae
3272 4766 3291 4804 :
3319 4750 3370 4805 id
3397 4760 3498 4816 est,
3527 4749 3702 4805 humi-

2112 4834 2257 4888 liavit
2295 4850 2372 4888 se.
2414 4835 2526 4890 [loc
2566 4848 2647 4890 est
2683 4838 2823 4891 enim
2867 4840 3141 4907 procidere
3176 4855 3341 4910 usque
3380 4839 3447 4895 ad
3492 4841 3701 4897 initium

2113 4927 2234 4981 fidei
2275 4938 2492 4982 nostrte.
2524 4928 2728 4984 Ostium
2758 4932 2900 4985 enim
2937 4942 3101 5001 porta:
3132 4933 3339 4987 initium
3372 4931 3490 4987 fidei
3510 4975 3525 4997 ,
3559 4934 3704 4991 unde

2113 5017 2295 5086 incipit
2317 5018 2569 5084 Ecclesia,
2594 5030 2646 5073 et
2671 5012 2911 5090 pervenit
2934 5037 3098 5092 usque
3122 5023 3187 5077 ad
3209 5024 3474 5092 speciem:
3496 5032 3556 5078 ut
3578 5040 3702 5081 cum

2112 5110 2281 5164 Credit
2307 5125 2369 5164 ea
2397 5127 2511 5179 qua:
2541 5127 2644 5164 nou
2680 5111 2837 5176 videt,
2871 5125 3135 5169 mereatur
3165 5113 3385 5184 perfrui,
3414 5131 3537 5171 cum
3569 5117 3708 5173 facie

2113 5202 2177 5256 ad
2202 5200 2386 5257 faciem
2412 5200 2591 5256 videre
2610 5204 2852 5273 coeperit.
2881 5205 2968 5261 Sic
2991 5222 3050 5261 se
3077 5207 3234 5261 habet
3258 5208 3440 5261 titulus
3468 5208 3663 5262 Psalmi
3686 5226 3705 5275 ;

2112 5292 2344 5348 breviter
2385 5293 2723 5351 audivimus;
2754 5292 3030 5350 audiamus
3066 5296 3174 5364 jam
3216 5297 3328 5367 ipsa
3367 5299 3529 5353 verba
3567 5299 3702 5354 affe-

2112 5385 2308 5440 ctantis
2335 5394 2389 5439 et
2419 5387 2823 5454 tympanizantis
2849 5386 2915 5441 ad
2949 5399 3150 5457 portam
3178 5390 3427 5446 civitatis.

2184 5478 2237 5530 5.
2266 5474 2416 5548 [vers.
2447 5474 2526 5549 2.]
2554 5475 2853 5531 Beuedicam
2885 5478 3155 5534 Dominum
3189 5480 3242 5535 in
3278 5482 3415 5535 omni
3444 5491 3708 5553 tempore,

2114 5582 2307 5634 semper
2335 5567 2446 5620 laus
2487 5567 2595 5638 ejus
2633 5567 2683 5619 iu
2715 5584 2800 5619 ore
2834 5585 2963 5622 meo.
3007 5569 3143 5624 Dicit
3170 5570 3446 5638 Christus,
3477 5571 3621 5627 dicat
3652 5586 3712 5629 et

2115 5657 2463 5722 rbristianus‘,
2488 5657 2605 5726 quia
2630 5671 2682 5710 et
2706 5658 3024 5714 Christianus
3052 5660 3103 5714 in
3125 5678 3345 5738 cor-ppre
3364 5663 3562 5717 Christi
3586 5677 3707 5732 est;

2120 5759 2175 5804 et
2203 5757 2483 5822 propterea
2509 5746 2751 5806 Christus
2783 5751 2939 5807 homo
2961 5792 2977 5814 .
3011 5760 3068 5807 ut
3098 5762 3281 5824 posset
3306 5768 3425 5809 esse
3450 5751 3699 5810 οιιιιδιίιιι
