3972 6198
237 299 340 367 ωε)

237 432 330 475 tius
354 416 608 485 angelus,
634 411 722 488 qui
749 418 886 482 ait‘,
927 415 1222 471 Denedicum
1261 413 1552 468 Dominum.
1591 415 1813 482 Quando

237 509 519 564 benedicam
548 506 860 563 Dominum?
889 509 1106 574 Quando
1141 508 1233 561 tibi
1273 505 1574 561 lnsnefacit?
1605 505 1816 575 quando

235 600 508 655 abundant
550 601 862 655 s:ecularia?
901 601 1110 671 quando
1159 597 1380 652 multum
1428 597 1660 652 abundat
1705 595 1816 650 fru-

233 695 421 758 tuenti,
453 693 578 754 olei,
611 692 740 757 vini,
773 694 906 758 auri,
947 692 1170 761 argenti,
1213 691 1616 759 mancipiorum,
1659 706 1817 758 peco-

235 802 380 846 rum,
409 784 658 853 salusque
686 785 781 836 ista
815 785 1050 838 mortalis
1081 783 1409 837 iuvulnerata
1437 791 1490 836 et
1517 782 1819 849 incorrUpta

233 876 498 946 persistit,
527 893 586 930 ea
615 891 732 944 quae
762 881 1047 929 nascuntur
1071 884 1317 930 crescunt
1342 874 1538 937 omnia,
1569 872 1698 927 nihil
1725 873 1821 926 im-

234 979 439 1024 matura
489 977 659 1021 inerte
697 968 1042 1029 subtrahitur,
1076 967 1296 1021 felicitas
1346 974 1453 1018 tota
1483 965 1714 1020 abundat
1769 965 1819 1016 in

233 1060 419 1123 domo,
443 1057 814 1112 circumfluunt
834 1059 1030 1124 tntulia,
1056 1068 1178 1112 tunc
1201 1057 1486 1112 benedices
1507 1055 1821 1110 Dominum?

236 1149 348 1202 Non
383 1165 397 1201 :
427 1147 520 1202 sed
550 1149 600 1201 in
627 1149 763 1202 omni
789 1159 1025 1218 (erupere.
1065 1147 1206 1218 Ergo
1243 1156 1296 1200 et
1336 1158 1458 1202 tunc
1479 1189 1492 1212 ,
1521 1153 1576 1200 et
1609 1144 1819 1214 quando

236 1241 334 1293 ista
375 1239 672 1294 secundmn
707 1248 912 1310 tempus
946 1246 1001 1294 et
1038 1238 1328 1293 secumlum
1369 1237 1573 1306 flagella
1614 1235 1822 1290 Domini

241 1331 332 1384 Dei
379 1331 888 1396 nostri‘turbantur,
925 1329 1254 1394 auferuntur,
1300 1330 1469 1382 minus
1513 1337 1821 1391 nascuntur,

237 1423 343 1494 jam
377 1432 501 1477 nata
531 1423 854 1478 dilabuntur.
888 1420 1041 1477 Fiunt
1069 1423 1210 1478 enim
1241 1421 1381 1486 hunc,
1414 1430 1465 1474 et
1495 1421 1614 1475 inde
1645 1419 1824 1485 sequi-

244 1526 327 1569 tur
367 1515 611 1584 penuria,
642 1525 868 1584 egestas,
905 1514 1073 1578 labor,
1107 1514 1258 1568 dolor
1287 1522 1340 1566 et
1370 1514 1604 1566 teatatio.
1637 1511 1741 1565 Sed
1771 1522 1824 1564 tu

243 1607 329 1677 qui
365 1607 626 1672 cantasti,
667 1605 968 1660 Benedicam
1011 1605 1283 1659 Dominam
1313 1604 1364 1658 in
1394 1605 1528 1660 omni
1571 1614 1824 1673 tempore,

248 1720 442 1774 semper
472 1701 585 1768 laus
609 1703 715 1774 ejus
745 1703 797 1755 in
824 1717 908 1755 ore
931 1716 1060 1766 meo,
1093 1709 1145 1754 et
1170 1699 1380 1768 quando
1405 1697 1503 1751 ista
1529 1697 1638 1758 dat,
1667 1696 1828 1750 bene-

244 1795 362 1858 dic;
393 1803 449 1849 ct
477 1793 688 1864 quando
717 1794 817 1847 ista
845 1791 1014 1856 tollit,
1046 1789 1286 1846 benedic.
1317 1789 1447 1856 Quia
1479 1788 1566 1841 ille
1593 1787 1712 1850 dat,
1740 1787 1828 1840 ille

249 1887 384 1940 tollit
412 1902 427 1939 :
460 1885 558 1940 sed
586 1885 818 1956 seipsum
844 1900 872 1937 a
904 1883 1250 1938 benedicente
1277 1896 1335 1936 se
1361 1897 1466 1934 non
1495 1879 1648 1934 tollit.

315 1978 368 2032 ι.
395 1977 528 2044 Quis
564 1985 646 2030 est
679 1985 856 2030 autem
884 1975 972 2045 qui
1005 1973 1267 2029 benedieit
1296 1969 1574 2026 Dominum
1603 1971 1654 2024 in
1684 1969 1826 2023 omni

247 2081 517 2138 tempore.
556 2067 652 2122 nisi
693 2066 911 2120 humilis
949 2064 1146 2119 corde?
1181 2063 1352 2132 Ipsam
1382 2062 1522 2116 enim
1561 2060 1828 2114 humilita-

248 2171 350 2216 tem
392 2161 574 2216 docuit
613 2161 866 2214 Dominus
912 2168 1092 2212 noster
1137 2157 1186 2211 in
1226 2169 1448 2226 corpore
1486 2163 1539 2210 et
1577 2153 1830 2221 sanguine

249 2266 342 2308 suo
388 2270 401 2306 :
443 2251 563 2321 quia
611 2266 729 2304 cmn
783 2248 1122 2303 comu'tendat
1171 2260 1364 2315 corpus
1413 2254 1467 2299 ct
1519 2244 1829 2313 sanguinem

246 2358 434 2407 suum,
471 2342 814 2396 humilitatem
850 2355 999 2394 suam
1039 2337 1404 2402 commendat,
1435 2337 1486 2390 in
1522 2352 1586 2389 eo
1609 2334 1748 2404 quod
1779 2335 1830 2387 in

248 2435 354 2503 ipsa
386 2434 608 2488 historia
649 2436 903 2501 scriptum
932 2441 1033 2498 est,
1068 2433 1118 2485 in
1149 2432 1239 2486 illo
1263 2431 1411 2500 quasi
1441 2429 1617 2482 furore
1649 2426 1829 2492 David,

247 2525 383 2594 quod
414 2525 871 2594 pra-termisimus,
901 2523 962 2575 Et
991 2523 1161 2576 saliua:
1183 2521 1508 2574 decurrebant
1538 2535 1688 2588 super
1717 2520 1832 2570 bar-

245 2618 360 2670 bam
387 2617 514 2687 ejus.
547 2617 677 2669 Cum
707 2615 970 2684 legeretur
1000 2613 1304 2682 Apostolus,
1337 2611 1558 2665 audistis
1586 2612 1724 2679 ipsas
1749 2625 1832 2662 sa-

248 2708 414 2776 livas,
442 2707 539 2763 sed
569 2707 914 2762 decurrentes
954 2721 1115 2774 super
1151 2705 1388 2759 barbam.
1430 2704 1565 2782 Dicit
1603 2703 1828 2770 aliquis,

245 2801 386 2866 Quas
413 2799 614 2854 salivas
643 2798 974 2853 audivimus?
996 2796 1183 2851 Nonne
1208 2795 1364 2849 modo
1389 2795 1554 2849 lectus
1579 2804 1661 2848 est
1690 2795 1831 2860 Apo-

245 2894 444 2956 stolus,
485 2908 608 2948 cum
651 2893 853 2946 diceret
885 2909 899 2945 :
929 2890 1102 2944 λιι(ίωί
1143 2890 1288 2959 signa
1327 2897 1536 2958 petunt,
1578 2899 1623 2940 et
1663 2887 1827 2940 (ἐγωεὶ

249 2986 550 3054 utpientiam
587 2986 862 3054 quaerunt?
904 2982 1058 3037 Modo
1100 2983 1295 3036 lectum
1337 2990 1417 3035 est
1454 2999 1466 3034 :
1511 2980 1621 3034 Nos
1663 2989 1828 3032 autent

247 3075 579 3143 pradicant“
599 3119 611 3139 ,
657 3075 854 3145 inquit,
888 3074 1142 3127 Christum
1171 3073 1468 3139 cruciﬁxum
1499 3069 1662 3141 (tunc
1687 3072 1829 3126 enim

247 3166 660 3237 tympanimbat)
684 3164 880 3219 Judceis
907 3167 1106 3235 quidem
1132 3163 1448 3223 scandalum,
1474 3162 1711 3218 Gentibus
1732 3181 1829 3216 au-

243 3265 341 3310 tem
377 3257 684 3319 stultitiam;
726 3257 849 3323 ipsis
892 3273 1006 3310 vero
1046 3255 1229 3312 vocat-is
1275 3255 1470 3309 Iudaeis
1513 3265 1558 3308 et
1603 3253 1826 3320 Grteeis,

246 3348 497 3402 Christum
528 3347 620 3401 Dei
667 3347 905 3402 Virtutem
939 3359 984 3401 et
1028 3347 1122 3401 Dei
1157 3348 1470 3415 Sapientiam
1500 3363 1518 3401 :
1547 3349 1663 3418 quia
1697 3350 1830 3417 quod

243 3423 450 3494 stultum
477 3449 550 3493 est
579 3439 694 3504 Dei,
719 3441 990 3510 sapientius
1012 3451 1082 3491 est
1109 3439 1427 3502 hominibus;
1457 3449 1501 3493 et
1526 3440 1660 3507 quod
1687 3440 1830 3506 inﬁr-

243 3547 380 3590 mum
417 3541 490 3586 est
526 3530 654 3596 Dei,
686 3531 862 3599 {artius
895 3541 967 3584 est
993 3547 1145 3600 quam
1181 3531 1404 3583 homines
1435 3529 1487 3600 (Ι
1515 3529 1630 3583 Cor.
1663 3545 1699 3597 t,
1727 3528 1822 3582 9‘2-

243 3622 353 3692 ?!6).
381 3621 578 3678 Salivte
607 3624 746 3676 enim
784 3623 1079 3689 significant
1109 3622 1384 3675 stultitiam
1407 3663 1419 3684 ,
1453 3621 1632 3674 saliva:
1663 3620 1826 3688 signi-

250 3715 408 3769 ficant
460 3712 840 3767 infirmitatem.
889 3712 992 3766 Sed
1031 3713 1073 3766 si
1113 3713 1252 3781 quod
1300 3715 1516 3766 stultum
1566 3723 1647 3766 est
1698 3712 1824 3774 Dei,

245 3806 538 3874 sapientius
564 3815 646 3860 est
679 3805 982 3860 hominibus
1003 3848 1016 3868 ,
1047 3816 1096 3859 et
1125 3806 1264 3874 quod
1297 3806 1560 3859 infirmum
1593 3814 1671 3858 est
1705 3807 1790 3857 Dei
1811 3846 1825 3868 ,

244 3897 433 3953 fortius
454 3907 538 3952 est
562 3913 718 3966 quam
751 3897 1024 3950 homines:
1051 3915 1152 3950 non
1183 3907 1426 3964 tanniam
1456 3896 1635 3949 saliva:
1661 3896 1828 3949 oll'en-

242 3990 402 4054 tlant,
445 3989 539 4044 sed
585 3988 830 4051 attende,
881 3988 1000 4056 quia
1049 4002 1207 4055 super
1255 3987 1468 4040 barbam
1517 3985 1824 4040 decurrunt.

243 4081 524 4148 Quomodo
568 4082 708 4135 enim
756 4081 936 4136 salivis
983 4079 1295 4144 infirmitas,
1340 4079 1418 4132 sic
1460 4079 1620 4131 barba
1663 4079 1829 4132 virtus

241 4174 564 4229 Ostenditur.
597 4172 748 4226 Texit
789 4186 916 4242 ergo
951 4171 1196 4225 virtutem
1239 4185 1385 4223 suam
1417 4183 1639 4237 corpore
1679 4168 1828 4222 infir-

245 4267 446 4320 mitatis
484 4281 597 4319 sua:
630 4283 644 4318 :
675 4273 730 4318 et
765 4263 904 4334 quod
947 4261 1244 4317 forinsecus
1286 4259 1678 4320 infirmahatur.
1714 4270 1828 4313 tau-

243 4375 400 4428 quam
430 4357 484 4412 in
513 4357 674 4411 saliva
706 4354 1026 4425 apparebat;
1067 4354 1207 4407 intus
1241 4363 1418 4408 autem
1455 4352 1629 4406 divina
1663 4354 1828 4406 virtus

242 4461 496 4521 tanquam
530 4449 691 4503 barba
724 4448 1014 4518 tegebatur.
1047 4446 1188 4516 Ergo
1215 4446 1479 4500 humilitas
1509 4445 1659 4498 nobis
1683 4460 1828 4499 cotu-

244 4543 545 4599 mendatur.
581 4541 709 4595 Esto
748 4540 992 4603 humilis,
1023 4540 1065 4592 si
1096 4540 1174 4593 vis
1204 4538 1516 4592 benedicere
1550 4537 1824 4590 Domlnmn

245 4636 466 4690 inomni
499 4644 772 4703 tempore,
801 4642 856 4688 et
892 4648 1105 4701 semper
1133 4632 1243 4685 laus
1269 4630 1382 4698 ejus
1411 4630 1478 4684 sit
1511 4630 1559 4683 in
1593 4646 1684 4683 ore
1715 4641 1822 4685 tuo.

242 4728 376 4796 Quia
420 4727 524 4782 Joh
569 4743 672 4780 non
713 4734 912 4779 tantmn
961 4724 1226 4778 benedixit
1268 4723 1576 4786 Dominum,
1615 4722 1827 4789 qu.mdo

241 4820 583 4874 abundabant
616 4818 688 4872 illi
719 4817 928 4882 omniao,
961 4815 1153 4885 quibus
1191 4830 1312 4868 eum
1352 4814 1572 4883 legimus
1607 4813 1822 4866 divitem

243 4915 407 4970 fuisse
432 4923 487 4968 et
526 4911 754 4972 felicem.
784 4923 838 4966 ct
866 4926 1076 4980 pecore,
1106 4919 1160 4965 et
1198 4909 1385 4973 servis,
1419 4917 1472 4963 ct
1499 4907 1678 4971 domo,
1712 4907 1827 4962 feli-

241 5021 360 5060 cem
392 5007 545 5070 filiis,
574 5015 629 5058 et
666 5005 914 5059 omnibus
946 5003 1123 5057 rebus.
1152 5001 1336 5057 Ablata
1369 5009 1487 5054 sunt
1515 5002 1689 5055 omnia
1721 5018 1826 5055 uno

243 5105 505 5166 tempore.
527 5107 582 5149 et
603 5095 838 5163 implevit
857 5091 995 5162 quod
1021 5093 1071 5145 in
1098 5092 1200 5146 hoc
1224 5092 1426 5160 psalmo
1445 5092 1700 5160 scriptum
1721 5102 1820 5149 est.

241 5187 426 5242 (licens
449 5207 463 5246 :
490 5187 738 5241 Dominus
758 5184 914 5246 dedit,
939 5181 1185 5236 Dominus
1203 5183 1440 5247 abstulit;
1462 5183 1586 5236 sicut
1609 5182 1825 5234 Domino

243 5283 463 5351 placuit,
494 5279 575 5332 ita
595 5279 784 5347 factum
815 5287 888 5328 est
916 5291 934 5328 :
961 5276 1022 5328 sit
1057 5288 1234 5328 nomen
1277 5273 1474 5327 Domini
1516 5276 1824 5327 benediuum

243 5373 375 5431 (Job
407 5391 443 5436 t,
471 5373 535 5426 2|
561 5373 603 5443 ).
636 5370 773 5424 Ecce
804 5368 967 5422 habes
992 5368 1293 5435 exemplum
1325 5366 1686 5420 benedicentis
1718 5367 1820 5418 Do-

243 5465 444 5520 minum
475 5466 526 5518 in
557 5461 700 5516 omni
731 5470 989 5528 tempore.

315 5559 368 5613 5.
389 5557 541 5630 [verm
574 5554 652 5627 5.]
681 5555 855 5620 Quare
873 5562 1048 5606 autem
1073 5549 1336 5606 benedicit
1362 5549 1635 5603 Dominum
1663 5547 1823 5599 homo

243 5650 295 5706 iu
329 5650 474 5702 omni
525 5647 796 5730 ωηιηωῖ
841 5644 972 5712 Quia
1025 5643 1237 5696 humilis
1275 5650 1373 5695 est.
1403 5640 1535 5706 Quid
1581 5648 1662 5694 est
1704 5653 1828 5692 esse

306 5762 321 5792 ¹
359 5759 535 5822 Aliquot
559 5765 683 5822 iussa
710 5755 922 5819 angelus,
948 5754 1031 5819 qui
1043 5753 1150 5817 jam
1172 5753 1321 5803 dicat.
1345 5751 1428 5801 alii
1455 5749 1666 5801 nonnulli
1695 5766 1704 5798 :
1734 5761 1821 5798 an-

240 5824 394 5887 (plus.
423 5819 473 5871 lit
499 5819 612 5884 quid
635 5819 718 5870 Iit.

1310 296 1702 356 ENXllRATlO
1749 298 1809 352 ΙΝ
1851 298 2171 358 ιιελωιωί
2206 301 2438 380 XXXlll.

3400 314 3501 367 510

1931 416 2221 470 humilem?
2250 417 2399 472 Nolle
2429 419 2478 472 in
2509 436 2566 473 se
2594 421 2813 474 laudati.
2847 421 2945 489 Qui
2979 423 3028 476 in
3054 439 3108 476 se
3131 425 3239 478 vult
3271 427 3502 485 laudari,

1928 510 2188 579 superbus
2215 520 2315 564 est.
2345 510 2444 577 Qui
2466 514 2724 581 superbus
2754 532 2857 566 non
2889 526 2986 578 est,
3021 515 3234 571 humilis
3259 529 3358 572 est.
3388 518 3503 573 Non

1931 602 2012 653 vis
2043 617 2170 670 ergo
2209 616 2326 656 esse
2369 604 2662 672 superbus?
2697 605 2761 658 Ut
2794 607 2960 673 possis
2992 622 3108 660 esse
3147 607 3356 662 humilis
3380 653 3393 671 ,
3423 613 3507 666 dzc

1931 693 2068 760 quod
2101 691 2296 746 dictum
2341 704 2421 748 est
2447 713 2459 748 :
2486 693 2550 746 In
2593 694 2807 748 Domino
2851 698 3137 752 laudabitur
3165 702 3332 752 anima
3362 719 3507 763 mea;

1929 783 2137 836 audiunt
2169 787 2430 851 mansueti,
2458 797 2500 838 et
2527 786 2773 840 (celentur.
2802 788 2937 856 Ergo
2962 790 3044 858 qui
3073 807 3171 843 non
3203 793 3251 844 in
3287 793 3506 848 Domino

1932 873 2114 928 volunt
2145 875 2366 940 laudari,
2393 892 2493 929 non
2518 863 2635 930 sunt
2661 878 2949 942 mansueti;
2979 880 3068 933 St'tl
3094 888 3287 946 truces,
3312 899 3506 950 aSpert,

1931 966 2075 1029 elati,
2107 966 2341 1032 superbi.
2374 965 2616 1020 Jumenta
2648 979 2919 1024 mansueta
2952 973 3060 1024 vult
3099 971 3292 1026 habere
3327 975 3506 1027 Domi-

1934 1071 2032 1109 nus
2057 1074 2067 1107 :
2093 1066 2210 1110 esto
2235 1058 2532 1126 jumentum
2567 1059 2797 1124 Domini,
2830 1061 2876 1114 id
2905 1073 3004 1126 est,
3037 1072 3151 1116 esto
3183 1065 3506 1118 n'uuisuetns.

1931 1147 2086 1200 Sedet
2140 1147 2227 1201 ille
2271 1163 2432 1216 sUper
2475 1160 2557 1210 te,
2610 1150 2721 1218 ip~e
2767 1153 2895 1220 regit
2943 1164 3033 1207 te:
3067 1155 3169 1207 noli
3217 1155 3398 1210 timere
3444 1172 3511 1209 ne

1933 1236 2201 1304 offendas,
2250 1248 2302 1291 et
2345 1256 2435 1293 eas
2481 1240 2530 1292 in
2575 1257 2828 1311 prmerps.
2863 1241 3142 1297 infirmitas
3179 1246 3386 1314 quidem
3423 1256 3510 1300 tua

1935 1339 2034 1387 est,
2069 1328 2159 1380 sed
2191 1329 2402 1383 attemlc
2431 1331 2549 1399 quis
2582 1331 2671 1384 tibi
2707 1333 3004 1400 przrsideat.
3041 1335 3221 1388 Pullus
3251 1337 3382 1388 asini
3415 1353 3506 1400 es,

1933 1418 2026 1472 sed
2052 1418 2317 1472 Christum
2353 1432 2552 1490 ponas.
2585 1421 2714 1476 Nam
2744 1436 2795 1476 et
2827 1425 2937 1492 ipse
2964 1425 3012 1477 in
3044 1426 3184 1492 pullo
3206 1425 3335 1480 asihi
3368 1429 3511 1482 venit

1933 1510 1997 1561 ad
2039 1512 2339 1576 civitatem,
2394 1521 2448 1564 et
2494 1511 2587 1565 luit
2635 1513 2760 1566 illud
2806 1514 3101 1583 jumentum
3156 1529 3508 1570 mansum-tum.

1931 1601 2195 1670 Numquid
2238 1603 2548 1657 laudabatur
2572 1603 2872 1673 jumentum
2919 1606 3078 1659 illud?
3124 1606 3382 1677 Numquid
3423 1609 3511 1677 jl-

1935 1705 2113 1746 mento
2142 1694 2414 1749 dicebatur
2439 1713 2450 1749 :
2476 1695 2720 1749 llosunua
2741 1739 2754 1761 ,
2788 1699 2863 1762 ﬁli
2887 1697 3054 1751 David
3071 1742 3083 1762 ,
3119 1699 3400 1754 benedictus
3428 1702 3512 1770 qui

1934 1785 2062 1836 reuit
2092 1784 2140 1836 in
2173 1786 2371 1838 nomine
2403 1785 2605 1839 Domini
2636 1785 2847 1853 (Matth.
2882 1804 2992 1853 xxi,
3022 1790 3116 1857 9)?
3146 1791 3354 1843 Asellus
3386 1808 3510 1859 por-

1937 1876 2245 1930 tabat:st
2287 1877 2374 1931 ille
2418 1878 2506 1947 qui
2559 1879 2883 1946 portabatur,
2927 1897 2954 1931 a
2996 1880 3417 1948 ιηἐιξςυάυιιιίυυς
3459 1891 3513 1935 et

1934 1969 2380 2038 consequentibus
2423 1969 2753 2024 laudabatur.
2799 1970 2864 2023 Et
2892 1971 3100 2025 dicebat
3131 1972 3264 2026 forte
3301 1971 3512 2041 jumen—

1937 2067 2045 2112 tum
2069 2077 2081 2112 :
2103 2059 2166 2112 lu
2200 2060 2412 2114 Domino
2452 2061 2739 2115 laudabitur
2761 2063 2931 2116 anima
2961 2080 3101 2129 mea;
3128 2065 3336 2117 audiant
3366 2082 3515 2118 ηρακ-

1935 2152 2092 2216 sueti,
2137 2161 2182 2205 et
2222 2151 2472 2204 lwtentur.
2521 2152 2798 2222 Nunquam
2843 2153 2970 2206 illud
3009 2154 3142 2207 dixit
3172 2155 3258 2207 ille
3292 2157 3506 2221 asinus,

1937 2241 2155 2296 fratres:
2177 2241 2269 2296 sed
2291 2242 2429 2296 dicat
2451 2243 2573 2297 illud
2603 2245 2823 2314 populus
2846 2244 2933 2314 qui
2954 2245 3187 2299 imitatur
3207 2245 3508 2315 jumentum

1937 2334 2062 2388 illud
2085 2375 2100 2398 ,
2134 2335 2176 2388 si
2208 2335 2319 2388 vult
2347 2348 2556 2404 portare
2585 2337 2863 2390 Dominum
2893 2353 3068 2391 suum.
3101 2338 3350 2393 Irascitur
3381 2340 3514 2396 forte

1940 2426 2164 2495 populus
2184 2470 2198 2493 ,
2228 2429 2351 2496 quia
2377 2439 2717 2498 comparatur
2733 2430 2908 2484 asello
2941 2431 2990 2484 in
3037 2447 3141 2501 quo
3168 2433 3306 2488 sedit
3331 2434 3513 2488 Domi-

1936 2533 2071 2583 nus;
2119 2525 2172 2572 et
2213 2519 2392 2573 dicent
2434 2520 2562 2573 mihi
2612 2521 2770 2590 aliqui
2821 2521 3032 2590 superbi
3081 2531 3134 2576 et
3180 2524 3346 2576 elati:
3380 2525 3514 2579 Ecce

1937 2611 2116 2664 asinos
2142 2627 2237 2666 nos
2267 2613 2405 2666 fecit.
2434 2611 2512 2666 Sit
2533 2613 2714 2666 asinus
2739 2613 2942 2666 Domini
2971 2614 3210 2684 quisquis
3237 2615 3333 2668 hoc
3356 2615 3511 2677 dicit;

1937 2721 2002 2757 ne
2039 2705 2108 2758 sit
2147 2720 2314 2772 equus
2360 2714 2412 2758 et
2453 2705 2660 2770 mulus,
2693 2705 2883 2774 quibus
2927 2719 3030 2758 non
3073 2715 3152 2758 est
3192 2706 3509 2761 intellectus.

1936 2795 2112 2849 Nostis
2157 2797 2298 2849 enim
2340 2797 2598 2866 psalmum
2643 2797 2727 2850 ubi
2769 2795 2962 2851 dicitur
2991 2815 3003 2850 :
3029 2795 3201 2850 Nolite
3244 2814 3349 2850 esse
3387 2799 3513 2852 sicut

1935 2905 2088 2955 equus
2113 2898 2159 2940 et
2187 2887 2382 2954 mulus,
2414 2889 2592 2958 quibus
2618 2905 2717 2942 non
2745 2898 2817 2942 est
2853 2889 3132 2942 intellectus
3157 2887 3324 2958 (Psul.
3355 2905 3509 2954 xxxi,

1934 2977 2014 3048 9).
2039 2977 2219 3046 Equus
2245 2979 2385 3032 enim
2413 2987 2466 3032 et
2496 2979 2666 3031 mulus
2686 2978 2896 3048 erigunt
2914 2981 3178 3033 cervicem
3200 2980 3507 3048 aliquando.
3538 3040 3546 3050 μ

1935 3081 1989 3125 ct
2018 3086 2108 3123 sua
2149 3071 2421 3124 ferocitate
2450 3072 2722 3126 excutiunt
2748 3087 2776 3124 a
2807 3088 2864 3126 se
2895 3086 3184 3127 sessorem.
3228 3073 3515 3126 Domantur

1935 3162 2120 3227 frenis,
2153 3179 2304 3215 caluo
2325 3205 2337 3224 ,
2371 3164 2679 3217 verberibus
2699 3205 2711 3224 ,
2744 3163 2915 3216 donec
2941 3163 3149 3217 discam
3178 3163 3427 3226 subesse,
3457 3173 3513 3216 et

1937 3265 2146 3324 portare
2184 3256 2455 3310 dominum
2501 3271 2676 3310 suum.
2719 3256 2796 3309 'l'u
2828 3267 3000 3310 autem
3032 3265 3313 3326 numquam
3361 3255 3510 3310 freno

1939 3348 2225 3401 tunduntur
2250 3363 2342 3401 ora
2373 3357 2458 3400 tua
2478 3391 2490 3409 ,
2541 3357 2656 3401 esto
2688 3359 2996 3403 mansuetus
3016 3391 3030 3413 ,
3075 3329 3128 3402 et
3159 3360 3304 3418 porta
3336 3350 3515 3402 Domi-

1929 3455 2056 3492 num
2087 3450 2229 3492 tuum
2258 3459 2270 3493 :
2298 3439 2400 3492 noli
2433 3441 2482 3492 in
2515 3451 2562 3492 te
2594 3440 2728 3494 velle
2760 3440 2964 3498 laudari
2987 3481 3000 3503 ,
3032 3440 3124 3494 sed
3157 3441 3399 3496 laudetur
3427 3441 3514 3497 illo

1932 3532 2022 3600 qui
2053 3545 2210 3599 super
2251 3541 2298 3583 te
2337 3532 2517 3594 sedet,
2565 3540 2620 3586 et
2655 3532 2800 3584 dices
2835 3550 2846 3584 :
2880 3531 2944 3584 ln
2975 3531 3192 3586 Domino
3223 3533 3513 3586 laudabitur

1932 3623 2100 3673 anima
2129 3639 2258 3683 mt’tt,
2287 3621 2494 3675 audiunt
2517 3623 2783 3687 mansueti,
2807 3634 2851 3676 et
2877 3622 3122 3676 (tutentur.
3147 3623 3277 3677 Nam
3301 3626 3512 3692 quando

1931 3712 2153 3766 audiunt
2190 3729 2291 3766 non
2322 3713 2612 3776 mansueti,
2645 3728 2746 3765 non
2776 3714 3037 3772 laetantur,
3062 3713 3153 3766 Sed
3179 3713 3508 3769 irascuntur:

1934 3815 1985 3856 et
2017 3805 2113 3872 ipsi
2155 3815 2275 3858 sunt
2316 3805 2404 3872 qui
2446 3803 2627 3858 dicunt
2669 3802 2810 3871 quod
2851 3803 3029 3857 asinos
3073 3817 3165 3856 eos
3205 3802 3508 3860 fecerimus.

1933 3897 2032 3963 Qui
2078 3906 2253 3948 autem
2301 3897 2562 3949 mansueti
2591 3905 2743 3960 sunt,
2786 3895 3072 3964 dignentur
3098 3894 3282 3951 audire
3313 3907 3366 3952 et
3391 3913 3511 3952 esse

1931 3986 2070 4055 quod
2099 3984 2337 4039 audiunt.

2003 4100 2053 4154 6.
2075 4099 2224 4172 [rers.
2244 4098 2324 4174 4.]
2345 4099 2610 4168 Sequitur,
2644 4097 2969 4170 Mugniﬁcate
2995 4100 3266 4156 Dominum
3295 4120 3506 4158 meeum.

1931 4193 2059 4261 Quis
2081 4206 2156 4248 est
2193 4195 2289 4248 iste
2315 4195 2402 4263 qui
2435 4185 2745 4248 exhortatur
2771 4203 2827 4248 ut
2855 4195 3255 4263 magnificentius
3275 4213 3393 4250 eum
3425 4199 3511 4251 illo

1935 4287 2255 4342 Dominum?
2283 4287 2531 4356 Quisquis
2561 4297 2661 4353 est,
2692 4286 2903 4353 fratres,
2938 4287 2988 4340 in
3020 4303 3244 4357 corpore
3271 4287 3466 4344 Christi
3493 4332 3506 4353 ,

1931 4381 1995 4432 ad
2027 4379 2123 4433 hoc
2153 4379 2310 4433 debet
2342 4379 2470 4433 dare
2514 4394 2727 4448 Operam
2754 4421 2766 4443 ,
2796 4389 2852 4432 ut
2879 4380 3242 4448 magniticctnr
3267 4395 3387 4433 eum
3419 4380 3509 4433 illo

1935 4471 2206 4524 Dominus.
2241 4473 2398 4524 Amat
2423 4471 2561 4525 enim
2597 4472 2877 4525 Dominutu
2907 4471 3145 4540 quis‘quis
3174 4479 3258 4524 est
3287 4471 3405 4523 iste.
3445 4472 3510 4526 Et

1931 4563 2198 4622 euomodo
2225 4563 2368 4615 liltllll
2397 4563 2576 4616 amat?
2601 4563 2665 4618 Ut
2690 4579 2794 4617 non
2824 4563 3053 4616 invideat
3075 4563 3360 4616 coamatori
3389 4580 3507 4617 suo.

1931 4655 2181 4724 Quisquis
2223 4655 2362 4710 enim
2408 4666 2549 4709 amat
2582 4657 2865 4710 carnaliter
2888 4697 2903 4721 ,
2951 4669 3167 4708 necesse
3199 4664 3279 4708 est
3309 4667 3362 4709 ut
3387 4672 3506 4710 cum

1931 4747 2044 4799 zislo
2074 4747 2320 4814 pestifero
2343 4756 2516 4800 amet:
2539 4747 2581 4800 si
2613 4746 2750 4800 forte
2779 4760 2874 4814 pro
2897 4760 3087 4814 magno
3111 4743 3302 4798 nudam
3329 4745 3510 4802 videre

1930 4839 2180 4907 potuerit,
2210 4855 2364 4907 quam
2395 4837 2649 4907 pestifero
2675 4851 2857 4888 amore
2882 4836 3219 4897 desideravit,
3252 4838 3507 4905 numquid

1933 4931 2040 4984 vult
2070 4940 2129 4984 ut
2161 4931 2333 4983 videat
2362 4929 2503 4982 illam
2536 4938 2584 4981 et
2625 4927 2798 4980 alius?
2835 4927 3062 4982 Necesse
3102 4939 3183 4982 est
3217 4939 3282 4981 'nt
3311 4931 3425 4984 zelo
3454 4941 3509 4985 et

1931 5023 2092 5077 livore
2119 5024 2401 5083 saucielur,
2434 5023 2476 5075 si
2505 5030 2558 5075 et
2583 5021 2718 5074 alius
2747 5037 2866 5074 eam
2907 5022 3158 5077 viderit‘.
3187 5023 3252 5077 Ει
3282 5025 3357 5077 sic
3385 5040 3504 5078 ser-

1931 5123 2080 5166 vatur
2109 5114 2346 5176 eastitas,
2375 5111 2415 5165 si
2444 5121 2533 5164 aut
2562 5110 2650 5164 ille
2683 5110 2853 5165 videat
2879 5112 2961 5164 cui
2992 5113 3133 5176 licet,
3158 5123 3209 5167 et
3236 5115 3370 5167 alius
3400 5129 3505 5167 non

1932 5204 2122 5264 videat,
2151 5213 2240 5256 aut
2267 5218 2365 5257 nec
2396 5203 2530 5271 ipse.
2560 5201 2672 5256 Non
2701 5201 2780 5257 sic
2807 5212 2885 5256 est
2908 5202 3173 5272 Sapientia
3205 5206 3293 5259 Dei
3320 5223 3331 5259 :
3359 5205 3507 5259 vide-

1930 5297 2100 5349 bimus
2133 5295 2271 5348 illam
2303 5295 2434 5347 faeie
2463 5293 2525 5347 ad
2559 5293 2744 5348 faciem
2764 5336 2777 5357 ,
2807 5304 2859 5347 et
2885 5310 3070 5351 omnes
3104 5298 3425 5360 videbimus,
3454 5307 3508 5351 et

1931 5389 2122 5440 nemo"
2155 5386 2224 5441 ibi
2265 5386 2474 5441 celabit.
2521 5384 2778 5440 Omnibus
2807 5401 2866 5440 se
2910 5389 3155 5452 exhibet,
3201 5398 3256 5442 et
3307 5391 3505 5456 integra

1929 5487 2038 5542 est,
2070 5489 2122 5532 et
2146 5490 2289 5532 easta
2321 5488 2403 5531 cst
2444 5477 2709 5531 on‘tnibns.
2765 5477 2837 5531 Illi
2890 5488 3156 5532 mutantur
3187 5479 3235 5532 in
3272 5494 3421 5543 eam,
3455 5487 3509 5531 et

1930 5573 2040 5640 ipsa
2072 5572 2122 5624 in
2155 5587 2248 5626 eos
2277 5588 2378 5624 non
2426 5581 2678 5624 mutatur.
2721 5571 2833 5640 Ipsa
2872 5580 2954 5624 est
3002 5571 3227 5633 veritas,
3272 5570 3383 5636 ipsa
3425 5580 3506 5622 est

1992 5688 2007 5717 ί
2036 5685 2255 5748 Plerique
2281 5694 2404 5742 uss,
2429 5684 2477 5734 .‘i
2495 5693 2538 5733 et
2558 5684 2680 5748 alius
2706 5684 2830 5748 velit.
2852 5683 3047 5748 supple,
3072 5681 3248 5748 ridere.

1992 5752 2009 5777 ’³
2037 5741 2242 5804 Ι.‹ιγ.,’1ι
2266 5762 2399 5796 nemo
2421 5763 2470 5795 se
2504 5747 2568 5795 illi
2595 5747 2779 5794 zelubit.
2818 5741 3004 5807 aliqu—ut
3028 5753 3149 5805 3155.,
3188 5741 3291 5793 sibi.
3324 5743 3425 5806 alii,
3447 5743 3516 5796 ibi

1935 5810 2096 5860 sclubt't
2129 5824 2144 5860 :
2168 5813 2338 5860 omissa
2365 5809 2594 5872 [ill‘llCttlLt
2617 5824 2682 5858 se.
