3972 6198
441 212 536 275 διι

433 336 588 400 Deus.
613 339 874 411 Numquid
894 336 1174 408 aliquando
1192 334 1447 398 audistis,
1488 333 1698 395 fratres,
1729 332 1869 404 quod
1899 348 1996 402 po—

437 438 595 488 tuerit
633 429 944 486 commutari
973 424 1111 482 Deus
1139 427 1358 481 noster?
1385 425 1802 494 Supereminens
1831 424 2004 477 muni-

431 525 529 580 bus
558 526 749 579 veritas
778 529 886 583 est,
923 518 1152 574 Verbum
1187 519 1282 574 Dei
1311 528 1421 583 est,
1462 517 1729 588 Sapientia
1763 516 1855 570 Dei
1887 525 2002 580 est,

432 634 526 686 per
578 631 732 682 quem
784 612 916 666 facta
966 623 1088 678 sunt
1133 611 1307 666 omnia
1337 630 1348 664 :
1375 611 1533 666 habet
1567 620 1828 664 amatores
1855 622 2002 662 suos.

429 708 530 765 Sed
557 706 680 776 quid
725 704 852 758 dicit
892 713 1096 758 amator
1133 703 1330 770 ipsius?
1371 701 1697 773 Magni/irate
1735 699 2005 753 Dominum

426 817 640 855 mecum.
669 798 801 854 Nolo
828 798 972 854 solus
1002 798 1338 868 magnificare
1364 796 1643 850 Dominum
1670 837 1685 860 ,
1711 793 1832 848 nolo
1859 793 2004 846 solus

424 904 605 945 amare
629 932 642 953 ,
694 890 818 944 nolo
856 890 1000 943 Solus
1038 888 1306 958 amplecti.
1348 885 1460 941 Non
1502 887 1641 941 enim
1681 885 1722 938 si
1755 900 1854 954 ego
1884 899 2000 936 am-

428 983 614 1049 plexus
643 981 813 1046 fuero,
847 995 950 1034 non
985 978 1144 1034 habet
1167 977 1302 1032 alius
1327 976 1413 1030 ubi
1437 991 1623 1030 manus
1649 983 1824 1044 ponat.
1855 973 2002 1027 Lati-

426 1073 554 1128 tndo
597 1082 736 1126 tanta
782 1082 862 1125 est
906 1072 955 1124 iu
997 1071 1107 1138 ipsa
1148 1068 1448 1138 Sapientia,
1495 1078 1552 1122 ut
1581 1082 1766 1121 omnes
1809 1067 2001 1120 anima:

425 1166 812 1234 amplectantur
837 1173 890 1218 et
919 1163 1273 1232 perfruantur.
1305 1161 1370 1214 Et
1395 1159 1520 1229 quid
1547 1158 1736 1220 dicam,
1772 1156 2001 1210 fratres?

427 1255 754 1312 Erubescant
789 1258 875 1326 qui
921 1257 997 1309 sic
1023 1265 1202 1308 amant
1234 1255 1428 1317 Deum,
1471 1261 1524 1306 ut
1551 1251 1818 1306 invideant
1844 1250 2002 1304 aliis?

426 1350 676 1419 Aurigam
706 1348 894 1417 perditi
924 1347 1162 1400 homines
1182 1355 1382 1410 amant,
1407 1353 1461 1398 et
1484 1345 1720 1414 quisquis
1745 1343 2003 1397 amaverit

428 1441 663 1507 aurigam
706 1449 795 1491 aut
835 1446 1139 1491 venatorem
1162 1479 1176 1500 ,
1220 1437 1332 1489 vult
1368 1444 1423 1488 ut
1468 1444 1606 1488 lotus
1632 1433 1855 1503 populus
1879 1449 1999 1486 cum

426 1524 521 1583 illo
551 1525 723 1594 amet;
754 1538 809 1582 et
839 1534 1095 1594 hortatur,
1131 1536 1184 1582 et
1213 1527 1580 1582 dicitzAmate
1615 1541 1820 1580 mecum
1853 1524 2000 1578 illum

431 1621 833 1688 pantomimum,
867 1628 1040 1674 amate
1071 1619 1211 1672 illam
1237 1634 1441 1673 mecum
1471 1626 1524 1671 ct
1548 1617 1687 1671 illam
1719 1615 1999 1685 turpitudi-

425 1727 572 1764 nem.
615 1710 820 1765 Clamat
852 1711 938 1764 ille
967 1713 1016 1762 in
1053 1709 1276 1779 populo,
1306 1720 1363 1764 ut
1390 1719 1599 1762 ametur
1623 1723 1742 1762 cum
1773 1707 1864 1760 illo
1892 1717 2002 1759 tur-

423 1801 725 1871 pitudozet
769 1801 1090 1855 Christianus
1129 1817 1233 1854 non
1279 1800 1472 1854 clamat
1521 1799 1571 1852 in
1619 1798 1892 1865 Ecclesia,
1943 1807 2000 1852 ut

423 1909 632 1954 antetur
657 1915 778 1953 cum
810 1899 900 1953 illo
942 1897 1137 1952 veritas
1177 1897 1270 1951 Dei
1299 1897 1311 1949 ἲ
1347 1896 1586 1950 Excitate
1611 1909 1739 1964 ergo
1768 1892 1819 1947 in
1851 1893 1999 1947 vobis

423 2007 658 2045 amorem
680 2033 694 2056 ,
729 1991 918 2044 fratres
939 2033 952 2056 ,
987 2001 1040 2044 ct
1069 1989 1294 2044 clamate
1337 1987 1627 2057 unicuique
1658 1997 1954 2041 vestrorum
1982 2025 1996 2047 ,

425 2093 479 2138 ct
506 2083 664 2137 dicite
693 2099 706 2136 :
731 2081 1055 2150 Maguiﬁcate
1096 2079 1373 2133 Dominum
1410 2094 1622 2131 mecum.
1666 2077 1742 2132 Sit
1771 2078 1821 2130 in
1851 2076 1999 2130 vobis

424 2174 526 2228 iste
553 2172 746 2228 fervor.
776 2173 949 2240 Quare
975 2172 1125 2226 vobis
1169 2173 1458 2226 recitantur
1485 2169 1580 2224 ista
1603 2211 1615 2232 ,
1648 2178 1698 2224 ct
1723 2185 2000 2238 exponun-

425 2263 546 2318 tur?
583 2264 637 2319 Si
666 2266 856 2317 amatis
885 2264 1048 2317 Deum
1071 2305 1084 2328 ,
1116 2263 1283 2332 rapite
1311 2277 1497 2318 omnes
1524 2261 1589 2315 ad
1632 2276 1866 2316 amorem
1909 2261 2000 2314 Dei

424 2357 514 2426 qui
560 2355 708 2411 vobis
744 2355 1075 2426 junguntur,
1123 2363 1178 2409 et
1219 2369 1406 2408 omnes
1454 2353 1542 2423 qui
1584 2361 1708 2407 sunt
1749 2353 1801 2406 in
1841 2351 2000 2405 domo

425 2458 599 2501 vestra
625 2446 702 2501 :si
726 2456 934 2500 amatur
957 2461 986 2500 a
1013 2445 1162 2500 vobis
1186 2459 1379 2514 corpus
1402 2442 1618 2509 Christi,
1653 2442 1701 2496 id
1724 2451 1805 2496 est
1829 2443 2001 2495 unitas

426 2538 700 2606 Ecclesiai,
728 2537 897 2608 rapite
936 2552 1029 2592 eos
1055 2537 1120 2591 ad
1148 2536 1427 2591 fruendum
1447 2577 1462 2600 ,
1493 2544 1548 2590 et
1577 2534 1736 2590 dicite
1761 2552 1773 2587 :
1794 2532 1999 2605 Magni-

427 2633 575 2700 ﬁcatc
601 2629 876 2684 Dominum
905 2645 1118 2683 mecum.

498 2723 551 2776 7.
581 2721 730 2795 [vers.
761 2720 840 2794 4.]
883 2720 949 2774 Ει
984 2717 1258 2776 exaltemus
1297 2736 1477 2773 nomen
1520 2720 1630 2791 ejus
1671 2720 1723 2773 in
1760 2718 1998 2789 idipsum.

429 2813 565 2881 Quid
593 2824 694 2877 est,
735 2814 1011 2868 exaltemus
1035 2829 1215 2867 nomen
1240 2813 1351 2882 ejus
1376 2813 1428 2865 in
1455 2811 1715 2882 idipsum?
1743 2810 1853 2864 Hoc
1885 2819 1966 2864 est
1984 2851 1998 2873 ,

429 2909 484 2963 iu
512 2923 697 2964 unum.
728 2906 860 2962 Nam
886 2906 1036 2962 multi
1061 2905 1273 2962 codices
1310 2905 1389 2959 sic
1429 2902 1656 2958 habent:
1679 2901 2005 2972 Magni/icore

429 3001 707 3055 Dominum
749 3015 941 3053 mecum
963 3039 978 3063 ,
1024 3007 1070 3052 et
1097 2995 1374 3052 exaltemus
1397 3011 1577 3050 nomen
1613 2995 1722 3063 ejus
1746 2993 1797 3046 in
1823 3008 1998 3045 unum.

429 3092 555 3147 Sive
577 3092 631 3144 in
655 3091 876 3160 idipsum
904 3089 1110 3144 dicatur
1129 3129 1144 3156 ,
1186 3088 1298 3142 sive
1324 3088 1377 3140 in
1414 3101 1598 3148 unum;
1628 3085 1726 3138 hoc
1753 3084 1893 3138 idem
1919 3083 2002 3137 di-

426 3180 584 3236 citur.
613 3181 753 3251 Ergo
774 3179 942 3249 rapite
965 3194 1098 3249 quos
1122 3178 1364 3248 potestis,
1384 3175 1662 3238 hortando,
1691 3173 1996 3244 portando‘,

427 3272 688 3343 rogando,
713 3270 1052 3341 disputando,
1081 3269 1342 3323 rationem
1373 3265 1674 3329 reddendo,
1708 3279 1826 3320 cum
1857 3279 2004 3317 man-

426 3364 741 3431 suetudine,
788 3377 909 3417 cum
953 3361 1206 3418 lenitate:
1235 3359 1402 3429 rapite
1447 3356 1516 3413 ad
1559 3368 1830 3422 amorem;
1876 3356 2002 3411 utsi

431 3455 770 3528 magnificam
801 3454 1102 3519 Dominum,
1136 3454 1187 3507 in
1217 3468 1377 3506 unum
1407 3449 1762 3522 ntagniftccnt.
1792 3450 1855 3503 Et
1881 3465 2004 3519 pars

428 3545 621 3604 Donati
650 3546 857 3602 videtur
886 3545 986 3600 sibi
1030 3543 1368 3615 magnificare
1407 3541 1686 3597 Dominum
1717 3558 1729 3592 :
1758 3539 1881 3610 quid
1910 3554 2006 3594 eos

379 3617 387 3627 ’
429 3638 654 3695 offendit
679 3638 826 3694 orbis
852 3635 1154 3692 terrarum?
1185 3634 1434 3689 Dicamus
1464 3632 1566 3687 illis
1587 3674 1602 3699 ,
1635 3631 1863 3686 fratres:
1889 3630 2005 3684 Μα-

429 3732 665 3802 gniﬁcate
691 3729 961 3783 Dominum
989 3743 1180 3780 mecum
1200 3767 1214 3790 ,
1244 3734 1291 3778 et
1315 3725 1588 3779 exaltemus
1615 3740 1794 3777 nomen
1821 3723 1928 3793 ejus
1954 3723 2006 3776 in

429 3839 610 3876 totum.
647 3821 824 3888 Quare
852 3819 906 3874 in
936 3818 1247 3889 prmcisione
1277 3816 1436 3870 vultis
1464 3814 1800 3885 magnificare
1829 3813 2008 3868 Domi-

429 3911 600 3968 num?
629 3911 721 3965 Ille
757 3926 895 3965 unus
919 3918 1019 3975 est,
1050 3907 1378 3979 quare.duos
1404 3906 1626 3977 populos
1650 3905 1807 3960 vultis
1834 3903 2006 3959 facere

434 4002 587 4056 Deo?
630 3999 808 4067 Quare
847 3999 1007 4054 vultis
1048 3998 1313 4068 dissipare
1357 4012 1550 4066 corpus
1594 3994 1826 4051 Christi?
1850 3994 2007 4049 Certe

433 4092 579 4148 enim
609 4090 723 4160 ipse
749 4087 1016 4159 pendebat
1042 4088 1094 4142 in
1119 4102 1312 4153 cruce,
1345 4085 1555 4156 quando
1583 4084 1964 4156 tympanizabat
1992 4101 2004 4135 :

430 4192 488 4239 et
522 4197 644 4237 cum
670 4178 925 4252 penderet
950 4178 1002 4232 in
1028 4193 1185 4234 cruce
1203 4219 1220 4245 ,
1264 4177 1438 4233 emisit
1461 4177 1742 4248 Spiritum;
1771 4186 1823 4230 ct
1851 4191 2008 4231 vene-

432 4283 560 4331 runt
598 4272 674 4328 illi
701 4271 789 4342 qui
816 4285 936 4325 eum
967 4267 1390 4339 suspenderant,
1437 4277 1491 4323 ct
1537 4267 1848 4321 invenerunt
1885 4281 2006 4327 eum

432 4366 676 4422 emisisse
703 4363 970 4434 spiritum,
999 4370 1053 4415 et
1091 4377 1196 4414 non
1225 4359 1298 4414 illi
1337 4357 1606 4430 fregerunt
1629 4374 1783 4414 crura
1809 4375 1821 4411 :
1849 4359 2009 4412 latro-

434 4457 593 4513 nibus
642 4466 820 4510 autem
869 4451 1142 4506 adhuc'in
1192 4465 1349 4505 cruce
1393 4449 1689 4505 viventibus
1742 4449 2011 4518 fregerunt

436 4549 615 4620 (Joan.
643 4563 758 4612 six,
785 4545 871 4609 32,
897 4543 1011 4615 3'5),
1037 4552 1092 4597 ut
1119 4559 1211 4614 per
1236 4542 1406 4613 ipsum
1433 4541 1668 4596 dolorem
1697 4541 2012 4611 compendio

434 4639 625 4696 mortis
649 4637 829 4692 abillo
857 4635 1094 4692 cruciatu
1116 4634 1488 4697 liberarentur,
1515 4631 1781 4702 quomodo
1806 4634 2013 4687 solebat

434 4728 706 4784 cruciﬁxis
751 4729 884 4784 ﬁeri.
927 4726 1070 4797 Ergo
1098 4725 1243 4781 venit
1282 4732 1611 4795 persecutor,
1661 4723 1862 4777 invenit
1907 4725 2010 4778 Do-

435 4821 641 4876 minum
670 4819 849 4888 quiete
892 4818 1204 4888 deposuisse
1245 4817 1486 4887 Spiritum
1515 4816 1672 4885 :quia
1704 4816 1816 4885 ipse
1842 4815 2009 4882 dixit,

436 4907 745 4966 Poteslatem
773 4909 928 4964 habeo
979 4909 1197 4974 ponendi
1234 4909 1455 4962 animam
1499 4923 1660 4962 meam
1690 4907 1800 4977 (ld.
1823 4910 2008 4979 x,18).

437 5001 546 5057 Pro
571 5000 762 5072 quibus
793 4999 966 5069 posuit
991 5000 1222 5054 animam
1248 4999 1434 5054 suam?
1463 4999 1564 5054 Pro
1593 4999 1836 5054 universa
1865 5002 2015 5068 pfehe

437 5108 559 5160 sua,
587 5107 685 5164 pro
727 5100 838 5146 toto
872 5106 1096 5161 corpore
1121 5105 1239 5146 suo.
1266 5089 1424 5146 Venit
1449 5106 1575 5162 ergo
1599 5103 1932 5160 persecutor,
1963 5102 2017 5146 et

439 5201 547 5242 non
591 5183 746 5254 fregit
787 5196 940 5238 crura
968 5181 1164 5237 Christi
1197 5199 1210 5236 :
1243 5183 1385 5237 venit
1425 5182 1660 5237 Donatus
1698 5192 1752 5238 et
1794 5184 2019 5252 disrupit

441 5277 738 5335 Ecclesiam
773 5274 992 5332 Christi.
1029 5273 1293 5344 lntegrum
1335 5287 1530 5344 corpus
1556 5273 1754 5329 Christi
1784 5275 1834 5328 in
1861 5289 2018 5328 cruce

441 5371 583 5427 inter
604 5384 792 5424 manus
819 5375 1218 5437 persecuturum
1252 5376 1354 5431 est,
1383 5376 1437 5422 et
1468 5367 1606 5422 inter
1643 5383 1830 5422 manus
1861 5367 2018 5421 Chri-

442 5463 737 5518 stianorum
765 5477 869 5515 non
896 5469 980 5515 cst
1000 5459 1259 5529 integrum
1290 5474 1482 5530 corpus
1510 5459 1779 5514 Ecclesiae.
1809 5459 2017 5513 Clame-

509 5597 526 5628 '
552 5603 658 5645 ass.
683 5593 876 5658 quidam
898 5595 1140 5658 omittunt,
1169 5593 1416 5658 portando.
1445 5591 1657 5644 Nonnulli
1685 5593 1790 5656 ejus
1813 5591 1916 5642 loco
1937 5593 2021 5643 ha-

449 5667 579 5721 rent,
602 5658 856 5721 ορσναηιίο.

1612 222 1701 276 -S.
1743 214 2106 275 AUGUSTINI
2147 217 2443 276 EPlSCOPl

3573 223 3684 278 5|?

2115 347 2232 387 mus
2254 348 2382 404 ergo
2401 377 2416 400 ,
2448 334 2665 402 fratres,
2705 351 2824 392 cum
2851 337 3045 412 gemitu
3082 347 3331 409 quantum
3361 352 3642 410 possumus
3679 383 3689 393 .

2109 423 2383 480 dicentes:
2408 425 2730 498 Magni/icate
2767 428 3040 484 Dominum
3084 448 3306 498 mecum,
3336 442 3382 484 et
3403 433 3688 488 exaltemus

2111 532 2288 570 nomen
2324 518 2432 587 ejus
2459 519 2511 571 in
2541 536 2717 573 unum.
2745 521 2980 576 Ecclesia
3007 523 3148 576 enim
3180 521 3283 576 illis
3314 523 3508 578 clamat
3533 541 3546 579 :
3571 540 3678 578 vos

2111 617 2191 661 est
2218 608 2488 674 Ecclesiae,
2513 611 2746 666 clamans
2768 613 2870 666 illis
2889 614 2976 683 qui
3008 629 3064 668 se
3095 613 3493 683 prarciderunt‘.
3525 614 3686 670 Unde

2110 703 2250 755 enim
2301 701 2523 774 disrupti
2572 705 2727 759 sunt?
2768 705 2870 760 Per
2910 707 3444 778 sapor-hiamJDocet
3499 718 3680 764 autem

2110 794 2352 851 Christus
2400 797 2779 863 humilitatem,
2835 815 2955 854 cum
3003 800 3341 858 commendat
3387 817 3578 870 corpus
3625 813 3687 856 et

2110 887 2416 956 sanguinem
2448 904 2600 944 suum
2629 909 2640 945 :
2665 891 2802 960 quod
2833 892 3061 945 diximus
3091 891 3362 947 Sanctitati
3391 893 3602 948 Vestrae.
3627 897 3682 947 in

2109 978 2210 1033 hoc
2237 980 2428 1036 Psalmi
2463 992 2605 1036 textu
2634 985 2715 1051 agi
2744 995 2793 1039 ct
2835 985 3090 1040 celebrari
3115 1027 3128 1049 ,
3162 986 3249 1040 ubi
3277 986 3686 1042 commendatur

2107 1085 2299 1139 corpus
2327 1083 2380 1126 et
2406 1074 2616 1144 sanguis
2636 1073 2853 1139 Christi,
2879 1074 2965 1129 ubi
2987 1077 3387 1131 conuncndatur
3412 1077 3686 1132 humilitas

2108 1159 2322 1226 Christi,
2353 1177 2509 1232 quam
2541 1179 2634 1230 pro
2661 1165 2810 1218 nobis
2839 1165 3104 1234 suscipere
3132 1167 3373 1237 dignatus
3399 1178 3498 1223 est.

2177 1251 2229 1306 8.
2281 1250 2430 1324 [vers
2473 1253 2549 1327 5.]
2595 1254 2841 1327 lnquisivi
2885 1256 3174 1322 Dominum,
3217 1269 3263 1313 et
3300 1261 3552 1314 exaudivit
3581 1278 3683 1314 me.

2109 1341 2206 1398 Ubi
2251 1344 2519 1399 exaudivit
2564 1347 2847 1401 Dominus?
2895 1347 3056 1403 Intus.
3108 1349 3205 1405 Ubi
3248 1351 3373 1405 dat?
3410 1351 3569 1407 Intus.
3605 1355 3684 1408 lbi

2107 1448 2248 1499 oras,
2281 1434 2348 1488 ibi
2376 1436 2660 1502 exaudiris,
2687 1437 2754 1492 ibi
2781 1437 3114 1494 beatiﬁcaris.
3145 1439 3374 1510 Orasti’,
3399 1444 3688 1498 exauditus

2107 1538 2199 1588 es,
2246 1524 2573 1582 heatilicatus
2613 1543 2700 1597 es;
2753 1537 2808 1583 et
2849 1544 2954 1584 non
3001 1530 3102 1586 scit
3146 1533 3233 1600 qui
3273 1533 3420 1601 juxta
3463 1545 3511 1590 te
3539 1544 3684 1592 stat:

2107 1626 2310 1683 gestum
2339 1627 2420 1671 est
2447 1627 2612 1672 totum
2640 1619 2690 1673 in
2721 1621 2948 1687 occulto,
2979 1623 3119 1678 sicut
3149 1624 3398 1680 Dominus
3427 1627 3476 1681 iu
3499 1629 3686 1682 Evan-

2107 1706 2244 1775 gelio
2273 1707 2395 1762 dicit
2424 1725 2438 1763 :
2469 1707 2612 1762 Intra
2650 1711 2701 1763 in
2741 1711 3024 1766 cubiculum
3075 1723 3243 1780 tuum,
3284 1716 3464 1771 claude
3495 1719 3689 1772 ostium

2107 1808 2270 1865 tuum,
2319 1809 2366 1853 et
2407 1817 2497 1854 ora
2539 1801 2590 1854 in
2629 1803 2852 1866 occulto,
2895 1814 2941 1857 et
2987 1803 3145 1859 Pater
3183 1817 3298 1861 tuus
3338 1809 3422 1878 qui
3461 1810 3588 1864 videt
3632 1812 3688 1864 in

2108 1890 2320 1954 occulto,
2367 1891 2538 1944 reddet
2567 1891 2654 1946 tibi
2683 1892 2895 1962 (Matth.
2939 1910 3026 1959 vr,
3075 1894 3152 1966 6).
3193 1897 3322 1952 Cmu
3365 1915 3489 1968 ergo
3518 1901 3690 1956 intras

2106 1981 2403 2036 cubiculum
2438 1993 2582 2038 tuum
2609 2026 2622 2050 ,
2658 1985 2821 2040 intras
2849 2000 2941 2040 cor
2969 1996 3134 2041 tuum.
3167 1988 3310 2042 Beati
3341 1990 3427 2059 qui
3452 1991 3690 2060 gaudent

2107 2073 2317 2140 quando
2361 2073 2557 2128 intrant
2594 2075 2659 2128 ad
2687 2091 2781 2138 cor
2805 2090 2956 2130 suum
2983 2119 2998 2143 ,
3043 2088 3097 2133 et
3123 2080 3252 2133 nihil
3281 2081 3402 2135 mali
3431 2082 3499 2137 ibi
3527 2083 3684 2139 inve—

2109 2162 2278 2217 niuut.
2328 2165 2574 2220 Attendat
2617 2163 2881 2222 Sanctitas
2928 2167 3443 2241 Vestrazquomodo
3489 2175 3682 2230 nolunt

2109 2253 2306 2309 intrare
2331 2256 2517 2311 domos
2536 2272 2657 2312 suas
2677 2258 2762 2327 qui
2785 2257 2981 2313 habent
3001 2262 3166 2316 malas
3185 2279 3394 2330 uxores,
3414 2267 3693 2335 quomodo

2108 2355 2302 2400 exeunt
2330 2347 2393 2400 ad
2421 2345 2591 2401 forum
2614 2390 2628 2413 ,
2675 2357 2727 2403 et
2763 2349 3026 2419 gaudent;
3055 2352 3217 2421 coepit
3244 2352 3373 2407 hora
3400 2369 3548 2418 esse,
3578 2371 3689 2424 qua

2108 2432 2305 2493 intrent
2327 2441 2376 2493 in
2406 2440 2619 2498 domum
2641 2458 2808 2506 suam,
2843 2445 3222 2500 contristantur
3245 2448 3523 2503 :‘intraturi
3551 2461 3684 2503 Sttnt

2107 2531 2248 2585 enim
2290 2532 2356 2586 ad
2395 2533 2586 2599 taedia,
2633 2535 2698 2589 ad
2743 2551 3044 2603 murmura,
3087 2537 3151 2592 ad
3183 2539 3582 2600 amaritudines.
3619 2543 3692 2596 ad

2109 2624 2445 2689 eversiones;
2477 2627 2600 2696 quia
2631 2643 2734 2682 non
2764 2637 2844 2684 est
2869 2628 3060 2686 domus
3087 2631 3400 2700 composita,
3433 2632 3518 2687 ubi
3546 2633 3695 2688 inter

2108 2715 2278 2770 virum
2303 2726 2352 2770 et
2376 2732 2593 2773 uxorem
2617 2734 2719 2788 pax
2749 2721 2891 2775 nulla
2916 2731 3025 2787 est;
3059 2730 3112 2777 et
3140 2723 3328 2777 melius
3355 2723 3422 2777 illi
3450 2734 3532 2780 est
3557 2726 3695 2780 foris

2109 2807 2410 2863 circumire.
2456 2807 2512 2864 Si
2541 2824 2667 2878 ergo
2697 2811 2874 2866 miseri
2919 2820 3076 2879 sunt,
3109 2813 3198 2884 qui
3225 2830 3342 2868 cum
3370 2816 3588 2870 redeunt
3618 2819 3691 2871 ad

2110 2901 2338 2968 parietes
2365 2914 2522 2964 suos,
2557 2902 2746 2956 timent
2783 2919 2850 2957 ne
2873 2903 3136 2974 aliquibus
3158 2921 3372 2961 suorum
3405 2909 3692 2976 perturba-

2111 2990 2342 3045 tionibus
2371 3002 2700 3056 evertantur;
2731 3004 2930 3063 quanto
2959 3003 3083 3050 sunt
3120 2997 3423 3052 miseriores
3445 3039 3462 3063 ,
3501 3001 3588 3068 qui
3620 3003 3692 3053 ad

2110 3081 2490 3135 conscientiam
2520 3098 2669 3136 suam
2701 3084 2873 3140 redire
2898 3079 3104 3154 nolu‘ht,
3151 3103 3217 3143 nc
3251 3089 3320 3142 ihi
3351 3089 3526 3145 litibus
3558 3109 3691 3161 poc-

2109 3183 2347 3226 calorum
2389 3177 2728 3230 avertantur!
2761 3177 2904 3246 Ergo
2933 3188 2989 3232 ut
3019 3182 3190 3248 possis
3219 3181 3386 3236 libens
3418 3184 3590 3238 redire
3620 3188 3692 3240 ad

2110 3277 2203 3316 cor
2232 3272 2410 3327 tuum,
2452 3265 2647 3319 munda
2689 3266 3016 3322 illud:beati
3065 3270 3207 3324 enim
3256 3273 3434 3326 mundi
3480 3275 3648 3328 corde
3675 3319 3691 3341 ,

2110 3353 2357 3422 quoniam
2397 3355 2496 3424 ipsi
2541 3356 2704 3410 Deum
2744 3357 2998 3413 videbunt
3027 3359 3136 3431 (Id.
3164 3378 3228 3426 v,
3262 3362 3340 3433 8).
3373 3367 3535 3419 Aufer
3565 3367 3696 3421 inde

2109 3447 2452 3516 cupiditatum
2475 3449 2680 3516 sordes,
2698 3449 2850 3506 aufer
2869 3451 3041 3506 labem
3061 3455 3317 3521 avaritia},
3340 3458 3487 3512 aufer
3509 3458 3694 3514 tabem

2111 3539 2584 3608 superstitionum,
2635 3540 2786 3596 aufer
2842 3543 3114 3615 sacrilegia
3165 3553 3218 3600 et
3268 3547 3433 3602 malas
3484 3551 3697 3619 cogita-

2113 3632 2316 3694 tiones;
2346 3630 2462 3686 odia
2483 3670 2498 3697 ,
2534 3645 2638 3685 non
2674 3632 2794 3686 dico
2818 3632 3074 3689 adversus
3098 3635 3356 3702 amicum,
3403 3638 3496 3692 sed
3527 3640 3694 3694 etiam

2111 3723 2366 3778 adversus
2411 3723 2889 3778 inimicum:aul‘er
2935 3725 3035 3780 ista
3075 3727 3284 3791 omnia;
3328 3728 3464 3782 intra
3506 3731 3557 3784 in
3595 3747 3698 3786 cor

2113 3821 2298 3877 tuum,
2343 3821 2400 3868 et
2447 3813 2700 3882 gaudebis
2741 3814 2832 3868 ibi.
2881 3813 3012 3870 Cum
3046 3817 3116 3871 ibi
3158 3820 3382 3888 coeperis
3419 3822 3694 3892 gaudere,

2113 3904 2224 3973 ipsa
2251 3904 2507 3959 munditia
2532 3905 2708 3960 cordis
2739 3906 2810 3960 tui
2839 3905 3122 3962 delectabit
3142 3917 3213 3973 te,
3244 3919 3296 3964 et
3325 3909 3481 3966 faciet
3499 3929 3692 3970 orare:

2113 3998 2378 4070 quomodo
2414 3999 2458 4055 si
2496 3999 2676 4060 venias
2705 3999 2771 4054 ad
2798 4000 3027 4070 aliquem
3056 4001 3229 4056 locum
3251 4043 3265 4065 ,
3311 4004 3578 4061 silentium
3609 4021 3697 4063 est

2115 4089 2219 4155 ibi,
2253 4089 2390 4144 forte
2418 4089 2568 4160 quies
2604 4099 2685 4144 est
2723 4090 2831 4156 ibi,
2879 4091 3106 4146 mundus
3135 4103 3218 4147 est
3242 4093 3416 4160 locus;
3461 4095 3699 4152 Oremus

2115 4178 2223 4246 hic,
2266 4179 2399 4235 dicis
2423 4198 2436 4233 :
2460 4190 2516 4235 et
2556 4180 2783 4239 delectat
2813 4190 2864 4236 te
2888 4182 3208 4252 compositio
3238 4185 3337 4238 loci
3365 4225 3381 4250 ,
3422 4196 3478 4240 et
3513 4188 3700 4242 credis

2115 4273 2256 4343 quod
2298 4273 2367 4328 ibi
2412 4282 2463 4328 te
2502 4272 2748 4328 exaudiat
2791 4275 2947 4329 Deus.
2996 4275 3054 4331 Si
3091 4291 3219 4345 ergo
3265 4277 3363 4331 loci
3391 4278 3615 4334 visibilis
3644 4291 3698 4336 te

2114 4366 2343 4420 delectat
2369 4365 2625 4419 munditia
2649 4407 2663 4430 ,
2691 4381 2854 4435 quare
2886 4377 2935 4421 te
2966 4382 3069 4421 non
3099 4368 3318 4423 ollendit
3355 4369 3694 4426 immunditia

2115 4456 2291 4511 cordis
2319 4455 2431 4510 tui?
2462 4455 2624 4522 lntra,
2657 4457 2851 4511 munda
2876 4459 3050 4512 omnia
3075 4492 3091 4524 ,
3123 4459 3234 4514 leva
3264 4461 3446 4515 oculos
3475 4471 3594 4516 tuos
3626 4465 3695 4516 ad

2118 4548 2306 4613 Deum,
2334 4559 2387 4602 et
2414 4549 2593 4602 statim
2627 4557 2677 4602 te
2697 4549 2959 4603 exaudiet.
2991 4548 3193 4616 Clama,
3217 4562 3269 4606 et
3296 4550 3382 4606 dic
3407 4571 3420 4606 :
3446 4550 3698 4622 Inquisivi

2118 4639 2420 4704 Dominum,
2467 4649 2513 4693 et
2553 4639 2804 4694 exaudivit
2845 4657 2959 4704 me;
2998 4650 3044 4694 et
3085 4657 3148 4695 ea:
3198 4643 3430 4696 omnibus
3479 4643 3699 4698 tribula-

2120 4734 2335 4787 tionibus
2366 4734 2488 4788 meis
2517 4734 2643 4786 eruit
2680 4749 2774 4790 me.
2806 4733 3023 4798 Quare?
3049 4734 3180 4802 Quia
3225 4751 3346 4790 cum
3378 4736 3540 4792 fueris
3569 4738 3696 4791 illu-

2120 4828 2370 4892 minatus,
2388 4841 2506 4879 cum
2524 4825 2747 4895 corporis
2765 4824 2848 4878 hic
2865 4825 3058 4880 habere
3076 4826 3264 4880 bonam
3287 4831 3694 4894 conscientiam,

2120 4928 2322 4973 restant
2351 4917 2753 4982 tribulatioues,
2803 4916 2926 4986 quia
2972 4927 3136 4972 restat
3176 4919 3372 4988 aliquid
3403 4919 3698 4985 inﬁrmum,

2120 5009 2289 5063 donec
2315 5022 2460 5062 mors
2479 5007 2824 5061 absorbeatur
2853 5006 2902 5060 in
2922 5007 3229 5075 ,victoriam,
3258 5019 3312 5064 et
3339 5013 3564 5067 mortale
3591 5013 3698 5068 hoc

2123 5100 2305 5156 induat
2345 5098 2795 5153 immortalitatem
2841 5096 2896 5168 (l
2936 5099 3052 5153 Cor.
3094 5116 3187 5164 xv,
3219 5101 3587 5169 54):necesse
3617 5117 3704 5160 est

2124 5193 2264 5255 utin
2294 5194 2395 5247 hoc
2422 5192 2618 5246 saecqu
2661 5191 2972 5261 llagelleris;
3023 5208 3240 5250 necesse
3279 5205 3360 5250 est
3398 5205 3456 5249 ut
3492 5198 3701 5266 aliquas

2126 5285 2444 5340 tentatioucs
2486 5287 2952 5353 suggestionesque
2981 5284 3214 5354 patiaris.
3260 5286 3530 5342 Mun‘dabit
3557 5289 3700 5344 Dens

2126 5376 2334 5440 omnia,
2361 5382 2512 5430 eruet
2553 5383 2606 5428 te
2633 5373 2700 5428 ab
2724 5374 2866 5428 omni
2900 5375 3253 5442 tribulatione,
3287 5377 3456 5447 ipsum
3495 5395 3695 5450 quaere.

2192 5534 2207 5562 ²
2232 5531 2304 5579 sic
2327 5529 2375 5578 in
2399 5535 2501 5578 Mss.
2529 5535 2584 5578 At
2603 5529 2648 5577 in
2674 5528 2805 5591 Edd.,
2833 5527 3261 5591 principi/avorum.

2133 5595 2213 5707 Ah:
2325 5597 2539 5704 ἒὲογη
2579 5592 2736 5642 Oresti
2756 5590 2896 5654 intus,
2924 5590 3178 5644 exauditus
3198 5605 3262 5643 es.
3277 5591 3451 5657 west,
3475 5590 3625 5650 intus.
3643 5596 3705 5646 ab
