3972 6198
180 346 282 403 Si?)

245 465 298 518 9.
344 461 590 531 Inquisi'vi
623 460 924 526 Dominum,
971 473 1016 516 et
1044 462 1295 516 exaudivit
1342 479 1436 515 me.
1479 462 1578 530 Qui
1627 477 1755 534 ergo

179 571 280 612 non
319 555 696 617 exaudiuntur,
745 571 848 609 non
891 554 1167 608 Dominum
1211 563 1472 624 quierunt.
1521 554 1760 609 lntcndat

176 647 440 702 Sanctitas
471 643 692 698 Vestra:
740 660 841 696 non
871 642 1035 706 dixit,
1082 642 1327 712 lnquisivi
1372 659 1555 697 aurum
1596 660 1623 696 a
1653 643 1758 697 Do-

176 737 342 800 mino,
375 743 432 791 et
469 733 736 789 exaudivit
770 749 884 800 me;
913 733 1154 803 inquisivi
1196 750 1224 787 a
1255 735 1477 789 Domino
1509 746 1756 790 senectu-

175 839 316 894 tem,
357 837 414 882 et
454 826 724 882 exaudivit
762 839 879 892 me;
919 827 1162 896 inquisivi
1209 841 1237 880 a
1286 827 1508 881 Domino
1535 828 1634 883 hoc
1667 840 1756 883 aut

173 921 334 986 illud,
365 931 423 976 et
458 920 724 975 exaudivit
752 935 855 974 me.
898 919 1050 974 Aliud
1081 929 1164 974 est
1190 920 1382 989 aliquid
1432 921 1696 989 inquirere
1723 937 1750 974 a

173 1013 430 1075 Domino,
470 1011 609 1066 aliud
639 1011 807 1080 ipsum
836 1011 1114 1064 Dominum
1161 1010 1444 1080 inquirere.
1475 1011 1720 1080 lnquisivi
1737 1053 1751 1076 ,

170 1105 377 1175 inquit,
414 1104 713 1165 Dominum,
744 1113 788 1156 et
815 1102 1066 1156 exaudivit
1091 1118 1188 1155 me.
1219 1100 1298 1156 Tu
1340 1111 1514 1156 autem
1546 1103 1754 1172 quando

171 1211 321 1260 oras,
372 1206 426 1250 et
466 1194 632 1260 dicis,
677 1192 870 1248 Occide
913 1193 1056 1246 illum
1088 1192 1356 1246 inimicum
1396 1207 1605 1256 meum;
1651 1208 1752 1246 non

172 1286 736 1360 Dominmn'inquiris,
777 1284 869 1338 sed
895 1284 1044 1354 quasi
1089 1283 1217 1338 facis
1246 1294 1294 1338 te
1334 1284 1566 1353 judicem
1593 1299 1753 1353 super

171 1377 442 1432 inimicum
485 1387 662 1441 tuum,
716 1383 768 1429 et
815 1373 942 1428 facis
985 1373 1058 1446 (α)
1107 1375 1538 1443 quaestionarium
1588 1375 1750 1428 Deum

173 1475 338 1520 tuum.
369 1465 521 1522 Unde
551 1465 655 1519 scis
682 1480 749 1520 ne
777 1465 964 1519 melior
993 1475 1041 1519 te
1068 1465 1136 1518 sit
1165 1465 1316 1534 cujus
1353 1477 1574 1518 mortem
1603 1483 1750 1534 qum-

172 1561 282 1615 ris?
310 1559 390 1614 Eo
431 1559 547 1628 ipso
584 1558 716 1612 forte
739 1600 752 1619 ,
782 1557 901 1627 quia
935 1557 1022 1611 ille
1053 1572 1155 1610 non
1198 1557 1386 1626 quaerit
1421 1568 1582 1610 tuam.
1615 1558 1750 1627 Ergo

173 1651 278 1704 noli
304 1650 499 1719 aliquid
537 1664 566 1702 a
597 1648 816 1702 Domino
841 1657 988 1701 extra
1018 1663 1285 1716 qnmrere,
1319 1646 1411 1701 sed
1441 1648 1608 1718 ipsum
1640 1647 1750 1700 Do-

175 1741 374 1794 minum
391 1753 581 1810 qua-rc
602 1780 618 1806 ,
649 1749 700 1791 et
727 1738 969 1790 exaudiet
1013 1747 1063 1790 te
1082 1777 1096 1799 ,
1125 1747 1178 1790 et
1203 1736 1374 1790 adhuc
1413 1747 1463 1790 te
1502 1737 1749 1805 loquente

172 1831 328 1894 dicet,
362 1828 495 1883 Ecce
518 1829 698 1882 adsum
727 1827 876 1899 (lsoi.
905 1843 1026 1892 va,
1059 1827 1175 1899 24).
1203 1827 1336 1894 Quid
1363 1837 1463 1892 est,
1497 1825 1630 1881 Ecce
1655 1827 1749 1879 ud-

171 1925 318 1977 snm?
345 1921 485 1976 Ecce
514 1937 747 1990 priesens
774 1937 890 1973 sum
908 1962 922 1985 ,
953 1920 1078 1989 quid
1111 1920 1188 1972 vis
1208 1960 1221 1983 ,
1265 1919 1389 1990 quid
1415 1935 1444 1972 a
1491 1935 1577 1974 me
1603 1937 1748 1989 quzc-

173 2015 273 2068 ris?
299 2012 565 2082 Quidquid
591 2012 681 2066 tibi
712 2011 908 2065 dedero
927 2051 943 2076 ,
987 2011 1144 2064 vilius
1169 2020 1250 2064 est
1277 2028 1434 2080 quam
1463 2027 1560 2080 ego
1592 2030 1603 2065 :
1638 2024 1750 2066 me-

170 2107 336 2175 ipsum
366 2105 504 2158 habe
531 2105 572 2168 ¹,
603 2118 689 2156 me
731 2102 905 2157 fruere
924 2142 940 2168 ,
989 2118 1072 2155 me
1114 2103 1434 2172 amplectere
1463 2120 1475 2152 :
1508 2103 1742 2156 nondum

170 2206 314 2266 putes
363 2203 504 2249 totus
549 2196 604 2259 ’;
655 2193 736 2248 ex'
765 2193 869 2246 iide
909 2193 1154 2262 continge
1199 2209 1314 2257 me,
1357 2186 1418 2247 "et
1467 2194 1747 2248 iniuerebis

169 2289 290 2343 mihi
319 2287 465 2361 (hoc
492 2287 584 2343 tibi
625 2287 763 2342 Deus
788 2284 966 2358 dicit),
993 2299 1042 2340 et
1069 2297 1260 2341 cetera
1286 2301 1446 2340 onera
1475 2296 1559 2340 tua
1591 2302 1688 2358 ego
1715 2303 1743 2340 a

169 2391 216 2436 te
239 2381 535 2451 deponam,
580 2389 640 2434 ut
681 2363 820 2434 totus
851 2379 976 2432 mibi
1009 2378 1302 2443 inhaerens,
1329 2393 1448 2432 cum
1477 2377 1576 2432 hoc
1607 2394 1748 2433 mor-

167 2472 264 2527 tale
309 2479 460 2524 tuum
494 2467 562 2524 ad
602 2469 1050 2522 immortalitatem
1089 2480 1404 2523 convertere
1432 2467 1480 2540 (l
1510 2467 1624 2524 Cor.
1656 2485 1743 2536 xv,

167 2563 288 2638 51);
322 2571 381 2616 ut
405 2563 480 2616 sis
506 2560 726 2631 mqualis
756 2561 969 2629 Angelis
997 2561 1128 2613 meis
1159 2560 1368 2632 (Matt/1‘.
1397 2577 1525 2626 xx”,
1549 2562 1663 2629 '50),
1690 2570 1746 2614 et

166 2671 374 2726 semper
403 2654 588 2708 videas
615 2653 802 2707 faciem
835 2668 1028 2714 meam,
1060 2663 1113 2706 et
1139 2652 1389 2721 gaudeas,
1417 2663 1470 2706 et
1498 2655 1742 2723 gaudium

169 2759 307 2803 nmm
337 2763 496 2803 nemo
525 2746 732 2802 auferet
770 2761 801 2800 a
845 2756 896 2801 te
929 2745 1103 2818 (Joun.
1133 2762 1240 2811 xvi,
1271 2745 1396 2813 Q2);
1429 2747 1546 2814 quia
1578 2747 1743 2815 inqui-

169 2843 276 2897 sisti
304 2842 589 2896 Dominum
607 2882 622 2906 ,
664 2847 719 2894 et
745 2839 1014 2896 exaudivit
1040 2849 1119 2906 te,
1147 2847 1199 2893 et
1223 2854 1289 2893 ex
1313 2839 1555 2893 onmibus
1583 2839 1746 2894 tribu-

168 2933 450 2990 lationibtts
471 2933 577 2987 tuis
605 2933 745 2988 eruit
771 2940 845 2987 te.
1077 2935 1080 2938 ’

233 3025 302 3080 ιο
343 3022 498 3098 [vers.
545 3022 623 3094 6.]
673 3022 912 3076 Diximus
953 3021 1030 3092 (ιι)
1066 3023 1188 3092 quis
1229 3031 1373 3076 esset
1415 3022 1781 3086 exborlator,‘

166 3127 369 3171 amator
395 3116 485 3170 ille
507 3157 522 3177 ,
551 3114 642 3184 qui
670 3130 773 3168 non
805 3114 950 3169 solus
977 3115 1086 3169 vult
1123 3114 1368 3183 amplecti
1399 3115 1536 3184 quod
1567 3121 1740 3182 amat,

165 3218 214 3262 et
237 3209 404 3263 dicit:
438 3207 669 3260 Accedite
696 3207 764 3259 ad
791 3223 928 3271 eum,
958 3215 1005 3260 et
1030 3207 1407 3260 ittuminamini.
1438 3208 1574 3261 Dicit
1601 3209 1741 3261 enim

165 3299 300 3365 quod
339 3300 456 3368 ipse
495 3297 756 3369 probavit.
799 3297 1098 3367 Spiritualis
1132 3298 1270 3352 enim
1302 3298 1512 3368 quidam
1545 3299 1595 3352 in
1626 3315 1744 3352 cor-

168 3406 293 3460 pore
321 3390 552 3455 Christi,
593 3391 676 3444 vel
720 3390 879 3445 etiam
923 3391 1036 3460 ipse
1075 3390 1329 3446 Dominus
1367 3403 1548 3446 noster
1589 3392 1743 3449 Jesus

165 3483 408 3538 Christus
430 3482 719 3537 secundum
747 3497 983 3549 carnem,
1013 3491 1171 3551 caput
1195 3482 1480 3537 exhortans
1506 3485 1740 3538 membra

170 3587 350 3633 extera
371 3616 389 3642 ,
420 3575 545 3645 quid
575 3575 739 3630 dicit?
769 3574 997 3629 Accedite
1019 3574 1087 3628 ad
1119 3591 1259 3639 eum,
1289 3585 1333 3628 et
1364 3575 1738 3631 illuminamini.

167 3669 266 3722 Aut
291 3667 474 3738 potius
493 3667 815 3722 christianos
838 3666 1024 3736 aliquis
1043 3666 1332 3737 spiritualis
1351 3667 1416 3721 ad
1440 3669 1607 3737 ipsum
1630 3668 1707 3721 Do
1723 3701 1738 3710 -

169 3759 362 3814 mitium
377 3767 624 3812 nostrum
654 3757 833 3812 Jesum
850 3757 1114 3812 Christum
1129 3757 1313 3811 invitat
1329 3767 1384 3811 ut
1403 3758 1738 3813 accedamus.

169 3850 264 3905 Sed
282 3849 606 3907 accedamus
631 3850 696 3904 ad
718 3866 860 3914 eum,
877 3860 932 3905 et
949 3851 1329 3916 illuminemur;
1355 3867 1457 3906 non
1475 3853 1742 3922 quomodo

166 3941 225 3994 ad
246 3957 368 3996 eum
394 3949 734 3996 accesserunt
753 3939 937 4005 Judaei,
961 3949 1017 3995 nt
1040 3941 1458 3995 tenebrarentur.
1488 3943 1740 3996 Accesse-

168 4043 284 4086 runt
309 4033 456 4086 enim
487 4030 552 4086 ad
582 4032 748 4095 illum,
778 4041 834 4084 ut
853 4029 1263 4100 eruciﬁgerent:
1292 4047 1388 4086 nos
1413 4032 1479 4086 ad
1506 4047 1628 4087 eunt
1655 4048 1742 4087 ac-

161 4124 445 4190 cedamus,
493 4131 552 4177 ut
594 4137 787 4192 corpus
817 4115 880 4178 et
917 4123 1225 4192 sanguinem
1252 4122 1368 4190 ejus
1396 4123 1734 4194 accipiamus.

161 4210 236 4269 liii
279 4207 368 4270 de.
404 4212 967 4269 crucifixotenebrati
1013 4221 1183 4268 sunt:
1229 4229 1329 4268 nos
1377 4213 1743 4268 manducando

156 4309 474 4363 crucifixum
501 4315 555 4359 et
585 4305 814 4360 bibendo
843 4305 1220 4359 illuminamur.
1254 4302 1485 4358 Accedite
1508 4304 1577 4357 ad
1604 4321 1738 4369 eum,

158 4413 204 4454 et
249 4399 649 4463 ittuminamini,
701 4413 829 4453 ecce
875 4396 1135 4453 Gentibus
1180 4396 1392 4451 dicitur.
1447 4396 1742 4452 Crucitixus

155 4491 410 4546 Christus
455 4490 593 4544 inter
634 4488 846 4543 Judaeos
889 4496 1006 4542 erat
1049 4485 1331 4541 saevientes
1375 4494 1429 4541 et
1469 4486 1737 4552 videntes,

159 4588 362 4643 Gentes
391 4586 642 4640 absentes
679 4591 832 4638 erant
857 4599 872 4636 :
901 4596 1028 4635 ecce
1067 4580 1141 4635 illi
1183 4588 1521 4634 accesserunt
1556 4579 1645 4649 qui
1686 4577 1739 4634 in

158 4680 395 4736 tenebris
431 4685 616 4738 erant,
657 4686 712 4729 et
744 4675 831 4744 qui
875 4689 978 4727 non
1010 4672 1259 4727 viderunt
1289 4670 1568 4726 illuminati
1597 4679 1739 4724 sunt.

159 4773 310 4830 Unde
354 4769 620 4826 accedunt
661 4766 900 4824 Gentes?
946 4764 1074 4820 Fide
1118 4763 1405 4828 sectando,
1453 4761 1614 4816 corde
1658 4762 1741 4816 in-

154 4862 381 4925 hiando,
424 4860 683 4914 cbaritate
709 4856 990 4912 currendo.
1019 4855 1185 4910 Pedes
1229 4853 1332 4920 tui,
1377 4853 1609 4908 charitas
1653 4863 1739 4907 tua

151 4965 252 5010 est.
289 4955 441 5009 Duos
468 4949 632 5022 pedes
662 4949 854 5004 habeto
875 4990 889 5012 ,
919 4947 1028 5002 noli
1074 4961 1192 5001 esse
1217 4945 1460 5000 claudus.
1493 4943 1590 5009 Qui
1619 4954 1742 4998 sunt

149 5046 258 5102 duo
297 5043 507 5116 pedes?
553 5042 664 5096 Duo
705 5046 964 5110 prmeepta
993 5037 1328 5102 dilectionis,
1356 5035 1449 5090 Dei
1479 5045 1530 5088 et
1561 5035 1744 5104 proxi-'

149 5136 246 5192 Ini.
272 5135 403 5191 Istis
428 5132 651 5205 pedibus
678 5145 834 5186 curre
862 5127 928 5183 ad
975 5128 1172 5193 Deum,
1211 5125 1406 5182 accede
1442 5123 1508 5180 ad
1547 5125 1696 5180 illum
1722 5142 1736 5178 :

208 5271 228 5304 ⁸
255 5275 320 5331 In,
336 5265 562 5331 omnibus
583 5275 736 5326 prope
758 5267 885 5331 Iussa
906 5256 1064 5331 habes.

208 5335 233 5365 ³
258 5329 403 5386 Edd.,
424 5321 718 5377 totumitts's.
744 5321 986 5386 plerique,
1010 5325 1146 5368 totus.

209 5375 691 5453 (aSEuicstionarius
713 5375 859 5453 idem“
884 5375 960 5453 est
975 5375 1130 5453 atque
1167 5378 1400 5453 carnifex.
1425 5375 1565 5453 unde.
1581 5381 1739 5453 vetns

145 5438 447 5505 soboliastes
464 5446 686 5498 Juvenal.
712 5453 804 5496 sat.
829 5443 879 5502 6,
898 5442 956 5490 ad
997 5438 1130 5505 illud,
1159 5460 1179 5505 ιι
1202 5449 1311 5490 Sunt
1338 5452 1449 5505 qtae
1479 5438 1739 5505 tortoribus

151 5499 384 5565 ignaua,
405 5499 663 5568 praestent,
687 5523 710 5552 ν
740 5499 951 5568 annotat.
981 5521 1003 5549 ι
1041 5501 1208 5568 salaria
1245 5499 1596 5568 (luaeStionariis
1623 5500 1736 5568 sive

151 5557 531 5627 Heraean};
545 5557 716 5618 ἷειίιι
738 5557 1232 5629 ίηξιτιιινίε.⁵¹²ξιόί³¹¹ίθ
1258 5557 1380 5629 5““?-
1396 5561 1512 5629 “·ν⁵’
1537 5557 1735 5621 legium

151 5656 173 5683 ι
193 5624 368 5688 iuratus
381 5636 538 5698 judex
563 5629 741 5698 talibus
773 5624 914 5698 dictis
934 5627 1173 5698 virginem
1208 5632 1304 5672 Deo
1328 5624 1736 5698 _di(.:atain_,_g_qtlt§j

151 5680 176 5746 ξ
573 5680 814 5759 manibus
851 5680 1233 5753 alapis'ca'sam,
1256 5699 1304 5735 tu
1328 5683 1439 5734 ludo
1455 5680 1736 5745 gladiatorio

154 5781 177 5806 ι
198 5761 355 5822 iussit
372 5755 568 5806 includi.
581 5771 616 5822 ρ

207 5815 289 5887 (ὁ)
315 5829 484 5883 Supra,
509 5831 558 5866 n.
574 5815 626 5866 6.

1245 346 1636 404 ENARRATIO
1675 345 1740 402 ΙΝ
1778 344 2098 404 PSALliUM
2139 347 2352 408 XXXI“

3325 364 3424 423 εις

1859 467 1979 535 quia
1999 477 2052 521 et
2073 475 2128 520 ut
2151 483 2396 524 curreres
2423 470 2533 540 ipse
2560 471 2798 528 hortatus
2826 485 2927 542 est,
2953 485 3007 530 et
3032 476 3142 546 ipse
3168 494 3320 532 suum
3349 481 3432 535 lu-

1859 574 1979 612 men
2010 561 2231 629 aspersit
2254 561 2351 623 sic.
2387 573 2443 616 ut
2467 566 2741 635 magnifice
2770 577 2824 622 et
2852 569 3029 624 divine
3054 585 3113 624 se
3139 573 3286 641 sequi
3319 590 3432 642 pos»

1857 647 1973 703 sitis
2003 649 2041 703 ⁸.
2075 649 2142 704 Et
2162 651 2326 704 vultus
2348 654 2494 707 vestri
2515 672 2612 708 non
2634 657 2936 711 erubescent.
2963 660 3211 725 Accedite,
3240 662 3429 733 inquit,

1855 740 1924 793 ad
1943 757 2076 806 eum,
2101 752 2146 794 et
2166 743 2524 798 illuminamini
2544 763 2563 800 .°
2585 757 2632 800 et
2653 749 2816 802 vultus
2841 753 2986 803 vestri
3006 769 3104 804 non
3123 755 3426 810 crubescent.

1856 830 1970 886 Non
2010 833 2290 888 erubescet
2313 835 2488 890 vultus
2515 837 2613 891 nisi
2646 840 2877 910 superbi.
2909 841 3118 908 Quare?
3157 843 3286 910 Quia
3317 846 3426 899 ela-

1857 933 1941 978 tus
1971 926 2081 979 vult
2105 941 2224 980 esse
2245 969 2259 992 ,
2303 935 2356 980 et
2385 929 2594 998 quando
2626 929 2779 985 fuerit
2804 946 2989 1001 passus
3015 936 3386 989 contumeliam
3412 977 3425 1000 ,

1854 1026 1944 1070 aut
1974 1017 2343 1087 ignominiam,
2374 1031 2464 1075 aut
2498 1038 2676 1076 casum
2699 1025 2990 1078 secundum
3023 1028 3270 1082 smeulum
3293 1071 3306 1094 ,
3338 1041 3426 1085 aut

1853 1107 2078 1176 aliquam
2107 1110 2466 1178 afﬂictionem,
2499 1114 2778 1168 erubescit.
2808 1116 2908 1170 Sed
2939 1119 3040 1172 noli
3076 1119 3260 1173 timere
3280 1161 3292 1183 ,
3325 1136 3421 1174 ac-

1853 1202 1983 1256 cede
2013 1202 2076 1255 ad
2103 1219 2255 1268 eum,
2289 1214 2342 1259 et
2369 1223 2470 1259 non
2501 1209 2799 1264 erubescis.
2834 1211 3094 1282 Quidquid
3127 1213 3309 1268 fecerit
3335 1217 3423 1270 tibi

1853 1293 2126 1360 inimicus,
2168 1296 2373 1349 videtur
2417 1307 2470 1351 te
2512 1301 2753 1368 superior
2795 1316 2912 1355 esse
2959 1303 3095 1371 apud
3144 1304 3421 1360 homines:

1851 1385 1943 1438 sed
1973 1394 2023 1438 tu
2045 1386 2180 1453 apud
2211 1386 2372 1440 Deum
2397 1405 2636 1457 superior
2667 1391 2756 1443 illo
2783 1408 2859 1445 es.
2893 1393 3000 1461 ligo
3059 1395 3206 1462 cepi,
3239 1411 3334 1464 ego
3357 1395 3423 1448 li-

1849 1475 2100 1546 gavi,eg0
2125 1477 2382 1532 interfeci.
2414 1479 2578 1546 Quam
2609 1484 2910 1550 superiores
2941 1484 3037 1536 sibi
3068 1484 3307 1538 videnlur
3335 1487 3420 1554 qui

1850 1569 1948 1622 ista
1989 1569 2203 1625 dicunt!
2249 1570 2414 1638 Quam
2447 1574 2748 1640 superiores
2777 1574 3089 1628 videbantur
3119 1576 3215 1630 sibi
3256 1576 3422 1630 Judaei

1848 1662 2058 1731 quando
2082 1663 2358 1716 Dominum
2385 1664 2782 1732 eoinpbiZabant
2805 1710 2818 1731 ,
2851 1669 3060 1734 ιιιιςιιιάυ
3086 1670 3344 1738 Spuebant
3371 1672 3420 1724 in

1849 1755 2036 1810 faciem
2069 1756 2204 1824 ejus,
2233 1766 2285 1810 et
2313 1757 2378 1811 dc
2407 1772 2571 1810 canna
2603 1759 2964 1826 percntiebant
2994 1771 3146 1828 eaput
3169 1801 3182 1823 ,
3213 1763 3420 1828 quando

1848 1846 2014 1913 Spinis
2033 1846 2377 1912 coronabant,
2401 1843 2610 1915 quando
2635 1849 2805 1900 tunica
2834 1848 3177 1916 ignominiosa
3201 1852 3422 1902 circnm-

1847 1937 2072 1991 dabant!
2105 1937 2270 2004 Quatn
2295 1938 2597 2006 superiores
2622 1939 2805 1991 erant!
2839 1940 2899 1991 iit
2927 1940 3012 1992 ille
3041 1940 3313 1992 videbatur
3341 1941 3417 1993 in-

1847 2028 2026 2092 ferior,
2066 2031 2185 2099 quia
2229 2029 2532 2099 procidcbat
2564 2030 2628 2084 ad
2660 2030 2792 2085 ostia
2827 2042 3031 2100 porta}:
3065 2033 3156 2086 sed
3195 2034 3278 2087 ille
3311 2050 3415 2087 non

1847 2121 2206 2174 erubescebat.
2239 2121 2438 2174 Lumen
2465 2121 2604 2175 enim
2630 2131 2742 2175 erat
2765 2138 2968 2186 verum,
2995 2123 3132 2191 quod
3163 2123 3418 2176 illuminat

1846 2225 2055 2264 onmem
2086 2211 2351 2266 hominem
2381 2212 2682 2266 venientem
2711 2213 2760 2266 in
2787 2213 2926 2266 hunc
2953 2215 3204 2266 mundqu
3235 2214 3414 2282 (Jutm.

1849 2317 1883 2363 I,
1913 2299 1988 2373 9).
2017 2301 2164 2356 Sicut
2185 2318 2312 2371 ergo
2337 2302 2512 2356 ltnnen
2543 2318 2645 2355 non
2673 2313 2843 2372 potest
2869 2303 3142 2370 confundi,
3174 2305 3249 2357 sic
3275 2316 3326 2358 et
3351 2305 3418 2358 il-

1846 2393 2155 2446 luminatum
2186 2393 2436 2447 confundi
2469 2410 2573 2448 non
2603 2394 2746 2448 sinit.
2776 2385 3009 2448 Accedite
3037 2410 3162 2464 ergo
3192 2397 3256 2446 ad
3284 2413 3412 2458 eum,

1845 2497 1887 2540 et
1915 2485 2272 2539 illuminamini
2288 2504 2307 2550 ;
2333 2495 2380 2539 et
2409 2487 2574 2539 vultus
2601 2487 2752 2539 vestri
2778 2503 2876 2539 non
2905 2486 3206 2540 erubescent.

1916 2577 2001 2630 il.
2035 2573 2184 2647 [ινα-ε.
2213 2577 2263 2636 7.
2291 2574 2369 2648 8.]
2401 2576 2504 2631 Sed
2529 2577 2654 2630 dicit
2677 2576 2886 2645 aliquis,
2911 2576 3185 2642 Quomodo
3209 2576 3274 2629 ad
3297 2593 3416 2630 eum

1843 2667 2076 2721 accedo?
2103 2667 2286 2720 Tantis
2315 2667 2498 2730 malis,
2544 2669 2701 2720 tantis
2728 2669 2953 2735 peccatis
2981 2677 3231 2726 oneratus
3264 2683 3378 2720 sum
3397 2709 3413 2732 ,

1847 2770 1986 2812 tanta
2021 2759 2222 2813 scelera
2252 2760 2482 2812 clamant
2508 2758 2574 2812 de
2603 2759 2927 2813 Conscientia
2961 2775 3074 2812 mea
3096 2802 3110 2823 ,
3151 2762 3418 2828 quomodo

1843 2849 2013 2903 audeo
2036 2849 2292 2904 accedere
2320 2849 2386 2903 ad
2418 2849 2619 2903 Deum?
2648 2849 2958 2916 Quomodo?
2981 2850 3031 2903 Si
3061 2850 3420 2904 humiliari-ris

1845 2951 1895 2994 te
1926 2955 2018 3010 per
2045 2940 2428 3010 pmnitentiam.
2459 2938 2564 2995 Sed
2605 2941 2884 3006 erubesco,
2913 2941 2990 2994 ais
3009 2983 3022 3004 ,
3057 2941 3418 3010 pmnitentiam

1843 3049 2019 3102 agere.
2050 3032 2257 3088 Accede
2283 3049 2409 3103 ergo
2439 3033 2503 3087 ad
2531 3046 2672 3097 cum,
2706 3044 2759 3088 et
2788 3034 3187 3097 illuminabcris,
3216 3046 3270 3090 et
3299 3037 3415 3089 vni-

1846 3139 1930 3182 tus
1976 3139 2094 3182 tuus
2137 3145 2240 3182 non
2286 3129 2582 3182 erubescet.
2615 3128 2668 3184 Si
2697 3128 2837 3184 enim
2869 3131 3027 3185 timor
3068 3133 3419 3187 erubescendi

1844 3228 2057 3273 revocat
2083 3226 2135 3272 te
2157 3234 2184 3270 a
2213 3219 2542 3288 ptenitentia,
2573 3220 2881 3288 pmnitcntia
2907 3231 3080 3275 autem
3106 3222 3231 3276 facit
3260 3234 3308 3278 te
3331 3209 3443 3278 ac-'

1843 3311 2034 3365 cedere
2068 3311 2134 3364 ad
2167 3311 2371 3364 Deum:
2414 3327 2516 3364 non
2557 3310 2705 3364 vides
2744 3313 2864 3381 quia
2905 3328 3115 3381 pmnam
3146 3325 3320 3383 gestas
3366 3315 3416 3368 in

1843 3403 2007 3466 vultu,
2039 3403 2158 3472 quia
2183 3401 2301 3456 ideo
2323 3401 2537 3457 erubuit
2563 3401 2736 3456 vultus
2764 3412 2904 3471 tuus,
2931 3405 3178 3474 quoniam
3204 3422 3308 3458 non
3331 3422 3420 3460 ac-

1841 3493 2002 3548 cessit
2037 3493 2104 3548 ad
2147 3494 2348 3548 Deum:
2390 3491 2514 3548 ideo
2552 3507 2654 3548 ttOtt
2699 3495 2952 3558 accessit,
3001 3496 3120 3564 quia
3167 3512 3268 3548 non
3308 3498 3420 3550 vnit

1841 3597 1998 3655 agere
2037 3583 2440 3660 paenitentiam?
2480 3584 2626 3638 Sicut
2665 3593 2945 3639 attestatur
2985 3587 3279 3654 propheta:
3313 3586 3420 3640 Iste

1841 3677 1986 3743 inops
2011 3675 2275 3740 clamavit,
2319 3675 2386 3728 Et
2424 3673 2676 3729 Dominus
2699 3677 2952 3729 exaudivit
2988 3693 3121 3728 cum.
3167 3677 3329 3730 Docet
3353 3689 3418 3742 te

1845 3767 2111 3836 quomodo
2149 3766 2466 3821 exaudiaris.
2501 3765 2624 3820 Ideo
2660 3781 2764 3820 non
2791 3766 3090 3828 exaudiris,
3123 3768 3240 3836 quia
3271 3767 3417 3822 dives

1843 3875 1921 3914 es.
1953 3857 2032 3914 Ne
2059 3857 2132 3929 (ιι)
2157 3859 2288 3913 forte
2314 3857 2609 3924 clamabas,
2639 3868 2692 3912 et
2723 3871 2825 3911 non
2853 3857 3252 3922 exaudiebaris,
3291 3861 3412 3914 andi

1842 3964 2004 4020 quare
2029 3967 2041 4002 :
2073 3948 2180 4003 Iste
2207 3949 2352 4020 inaps
2380 3947 2634 4013 clamavit,
2663 3957 2708 4001 et
2733 3946 2981 4003 Dominus
3007 3950 3257 4004 exaudivit
3281 3967 3414 4004 enni.

1843 4042 1998 4111 inops
2024 4042 2192 4097 clama
2212 4083 2228 4107 ,
2270 4049 2324 4096 et
2359 4039 2576 4096 exaudit
2604 4041 2877 4095 Dominus.
2910 4040 2977 4095 Et
3017 4042 3281 4112 quomodo
3308 4044 3417 4097 ela-

1841 4134 2000 4189 mabo
2024 4133 2212 4201 ineps?
2246 4131 2316 4188 Ut
2341 4133 2439 4187 etsi
2465 4130 2630 4187 habes
2661 4131 2853 4201 aliquid
2877 4174 2890 4196 ,
2933 4147 3037 4187 non
3072 4133 3192 4189 inde
3221 4152 3417 4204 pnesn-

1842 4241 1956 4280 mas
1994 4224 2061 4280 de
2095 4225 2292 4279 viribus
2321 4224 2424 4278 tuis
2453 4241 2466 4278 :
2505 4234 2561 4277 ut
2587 4220 2846 4294 intelligas
2883 4234 2934 4280 te
2963 4225 3280 4297 indigentem
3303 4268 3316 4290 ,
3359 4239 3416 4281 ut

1794 4350 1801 4359 -
1843 4317 2099 4387 intelligas
2131 4325 2180 4371 te
2209 4315 2403 4370 tamdiu
2427 4328 2548 4370 esse
2577 4331 2881 4386 pauperem,
2912 4318 3160 4386 quamdiu
3192 4333 3296 4371 non
3325 4317 3418 4372 ba-

1843 4407 1937 4461 bes
1976 4408 2122 4461 illum
2160 4406 2250 4474 qui
2295 4405 2417 4460 facit
2447 4416 2498 4460 te
2526 4405 2762 4460 divitem.
2794 4407 3070 4473 Quomodo
3100 4416 3275 4462 autem
3307 4409 3416 4461 Do-

1843 4497 2016 4552 minus
2042 4496 2308 4552 exandivit
2334 4495 2492 4550 eum?
2520 4496 2586 4550 Et
2610 4513 2674 4551 ea;
2699 4498 2948 4564 omnibus,
2982 4499 3166 4568 inquit,
3205 4498 3414 4551 tributa-

1843 4589 2060 4643 tionibus
2104 4589 2214 4658 ejus
2254 4587 2448 4642 salvum
2477 4589 2593 4660 fecit
2641 4606 2772 4642 eum.
2819 4588 2887 4642 Et
2934 4589 3196 4658 quomodo
3239 4591 3416 4646 salvos

1843 4680 1966 4734 iacit
2002 4680 2069 4734 ab
2116 4678 2360 4734 omnibus
2408 4679 2869 4733 tribulationibus?
2914 4679 3155 4733 [inmittet
3193 4679 3414 4750 Angelus

1843 4772 2048 4826 Domini
2074 4773 2127 4824 in
2163 4771 2376 4825 circuitu
2420 4771 2694 4824 timentium
2731 4787 2877 4833 eum,
2921 4778 2969 4823 et
3005 4780 3138 4823 eruet
3179 4787 3283 4825 eos.
3329 4771 3413 4826 Sic

1843 4866 2096 4935 scriptum
2139 4873 2250 4926 est.
2299 4863 2523 4928 fratres;
2574 4879 2677 4916 non
2725 4861 2990 4932 quomodo
3023 4863 3216 4917 habent
3255 4864 3413 4934 aliqui

1843 4956 2082 5013 mendosi
2120 4954 2361 5019 codices,
2406 4953 2648 5007 [inmittet
2684 4953 2930 5024 Angelum
2958 4951 3209 5010 Dominus
3234 4957 3285 5009 in
3312 4958 3413 5012 cir-

1842 5051 1976 5103 cuitu
2001 5047 2280 5102 timentium
2304 5062 2417 5099 eum
2437 5087 2451 5108 ,
2515 5053 2563 5097 et
2589 5054 2726 5098 eruet
2764 5062 2845 5098 eos
2873 5062 2891 5099 :
2920 5045 3013 5101 sed
3043 5048 3117 5100 sic
3136 5087 3152 5112 ,
3194 5045 3418 5103 Immitto

1841 5138 2060 5210 Angelus
2087 5135 2294 5190 Domini
2320 5136 2372 5189 in
2393 5133 2605 5188 circuitu
2634 5136 2912 5189 timentium
2932 5154 3062 5201 eum,
3091 5147 3135 5192 et
3155 5150 3288 5193 eruet
3310 5155 3411 5194 eos.

1840 5232 2006 5301 Quem
2037 5229 2124 5284 hic
2146 5227 2280 5282 dixit
2306 5226 2564 5296 Angelum
2595 5227 2822 5294 Domini,
2846 5229 2932 5298 qui
2960 5229 3206 5285 immittet
3231 5231 3281 5284 in
3307 5231 3414 5287 cir-

1840 5323 1984 5378 cuitu
2027 5318 2322 5375 timentium
2364 5333 2517 5384 cum,
2560 5325 2618 5373 et
2655 5326 2807 5373 eruet
2843 5319 2976 5374 eos?
3006 5321 3121 5390 Ipse
3165 5323 3415 5375 Dominus

1841 5423 2021 5470 noster
2047 5410 2205 5467 Jesus
2245 5409 2487 5465 Christus
2517 5410 2570 5463 in
2615 5410 2887 5480 prophetia
2915 5412 3087 5467 dictus
3129 5421 3212 5467 est
3239 5416 3409 5481 magni

1839 5494 2042 5559 consilii
2085 5501 2365 5571 Angelus,
2393 5499 2564 5570 magni
2600 5501 2806 5556 consilii
2851 5502 3064 5556 nuntius
3099 5520 3112 5556 :
3155 5502 3231 5556 sic
3266 5502 3412 5555 illum

1839 5596 2083 5650 dixerunt
2111 5591 2388 5661 Propheta:
2415 5589 2566 5649 Usai.
2599 5608 2677 5657 ix,
2713 5593 2766 5656 6,
2799 5609 2897 5648 sec.
2929 5592 3114 5660 LXX.)
3147 5593 3261 5662 Ipse
3286 5607 3412 5657 ergo

1902 5698 1916 5727 ι
1948 5703 2050 5744 nes.
2075 5705 2249 5755 magno
2268 5705 2504 5762 consensu
2531 5691 2691 5762 ferunt
2715 5706 2728 5744 :
2755 5693 2876 5746 sicut
2899 5689 3152 5758 magniﬁce
3171 5696 3218 5742 et
3249 5688 3412 5740 (livius

1839 5765 2026 5811 secutus
2047 5763 2134 5805 est.
2160 5761 2214 5805 lit
2237 5755 2390 5806 vultus
2412 5755 2569 5818 vestri,
2596 5764 2691 5806 etc.

1905 5820 1980 5884 (α)
2002 5825 2159 5880 Forte,
2184 5823 2256 5869 ει.
2284 5825 2336 5866 Μ.
