3972 6198
531 306 639 365 313

531 418 708 489 ntagui
748 414 951 473 consilii
980 411 1244 484 Angelus,
1286 410 1339 468 id
1386 421 1466 469 est
1495 411 1742 476 nuntius,
1776 412 2020 467 immittet
2050 410 2101 464 in

532 524 631 567 eos
652 508 739 580 qui
773 509 957 564 timent
996 504 1305 572 Dominum,
1336 515 1389 560 ct
1405 521 1564 560 eruet
1597 521 1708 563 eos.
1737 503 1854 558 Noli
1881 519 2008 573 ergo
2035 503 2104 557 ti-

532 618 677 657 mere
702 614 770 657 ne
796 600 958 654 lateas
980 615 996 653 :
1021 598 1338 668 ubicumque
1366 597 1644 667 Dominum
1674 594 1933 657 timueris,
1960 594 2104 649 novit

532 703 585 750 te
615 693 701 748 ille
727 690 957 761 Angelus
987 689 1074 759 qui
1112 688 1357 744 immittet
1386 688 1436 743 in
1464 687 1718 753 circuitu,
1748 695 1803 742 et
1839 694 1991 742 eruet
2030 693 2101 739 te.

604 782 688 837 ιε.
736 778 885 855 [vers.
931 775 1012 853 9.]
1055 783 1253 851 Aperte
1299 779 1457 834 modo
1503 778 1571 835 de
1614 779 1729 851 ipso
1770 785 2104 833 sacramento

529 872 643 928 vult
682 870 858 927 dicere
882 912 900 939 ,
942 884 1049 942 quo
1085 871 1103 904 ³
1145 870 1411 926 ferebatur
1447 869 1499 925 in
1543 870 1785 927 manibus
1818 869 1948 926 suis.
1994 869 2102 925 Gu-

419 995 423 999 ~
524 973 676 1029 state,
715 972 762 1017 et
797 959 958 1018 uidete
983 965 1221 1035 quoniam
1252 963 1273 993 ²
1298 947 1468 1018 ειιαὸἐ
1505 970 1577 1017 est
1604 959 1874 1018 Dominus.
1916 963 2103 1021 Nonne

526 1055 702 1125 atterit
741 1070 801 1112 se
829 1056 850 1087 ³
880 1055 1147 1122 Psalmus,
1179 1064 1234 1111 et
1270 1052 1503 1110 ostendit
1531 1055 1622 1111 tibi
1650 1056 1790 1110 illam
1834 1058 1987 1127 quasi
2018 1058 2134 1127 ἰιιο,

527 1147 732 1203 saniam
767 1157 822 1202 et
860 1147 1090 1202 furorem
1131 1142 1497 1212 constantem,
1527 1162 1710 1201 sanam
1751 1148 2007 1203 insaniam
2051 1158 2106 1206 et

527 1239 760 1294 sobriam
789 1238 1097 1294 ebrietatem
1139 1239 1275 1294 illius
1304 1238 1487 1306 David,
1519 1240 1608 1309 qui
1644 1240 1695 1294 in
1729 1240 1890 1315 figura
1921 1242 2105 1297 nescio

528 1330 654 1398 quid
685 1330 1009 1397 ostendebat,
1043 1330 1253 1401 quando
1280 1331 1353 1386 illi
1384 1347 1450 1386 ex
1478 1346 1701 1401 persona
1728 1332 1865 1403 regis
1892 1331 1916 1365 ⁴
1940 1334 2106 1389 Acbis

530 1423 817 1490 dixerunt,
860 1423 1137 1492 Quomodo
1171 1425 1285 1479 est?
1327 1424 1537 1495 quando
1566 1424 1771 1480 dicebat
1817 1425 2103 1490 Dominus,

533 1513 654 1568 Nisi
694 1515 805 1585 quis
845 1514 1218 1569 manducauerit
1241 1532 1444 1569 carnem
1469 1532 1629 1570 meam
1649 1556 1665 1581 ,
1696 1527 1745 1570 et
1772 1515 1944 1572 biberit
1979 1533 2104 1571 san-

533 1604 732 1675 guinem
755 1620 936 1672 meum,
977 1622 1077 1659 non
1109 1604 1303 1660 habebit
1332 1606 1384 1660 in
1410 1622 1464 1661 se
1489 1607 1683 1662 vitam?
1707 1606 1772 1662 Et
1801 1607 1876 1662 illi
1904 1608 1955 1662 in
1984 1607 2105 1677 qui-

532 1694 632 1750 bus
661 1696 913 1767 regnabat
938 1697 1118 1763 Acbis,
1148 1696 1199 1751 id
1228 1706 1338 1764 est,
1367 1713 1519 1769 error
1545 1706 1601 1754 et
1627 1698 1948 1769 ignorantia,
1979 1697 2105 1767 quid

534 1787 818 1843 dixerunt?
872 1787 1134 1855 Quomodo
1178 1788 1271 1843 iste
1319 1789 1498 1858 poterit
1544 1789 1685 1845 nobis
1734 1789 1858 1843 dare
1901 1804 2105 1843 carnem

531 1895 676 1933 suam
702 1879 1009 1935 manducare
1028 1878 1207 1953 (Joan.
1232 1896 1305 1949 Vl,
1328 1881 1417 1947 53,
1442 1879 1574 1952 54)?
1598 1880 1652 1936 Si
1678 1881 1908 1952 ignoras,
1929 1892 2103 1953 gusta,

532 1980 586 2026 et
612 1972 731 2027 vide
767 1971 1013 2042 quoniam
1051 1972 1227 2028 suavis
1265 1979 1349 2027 est
1390 1972 1681 2027 Dominus:
1712 1972 1757 2028 si
1783 1980 1960 2028 autem
2000 1987 2104 2027 non

534 2059 807 2133 intelligis,
850 2077 944 2117 rex
971 2077 1031 2118 es
1065 2060 1246 2117 Achis.
1273 2061 1574 2118 lmmutabit
1600 2062 1788 2119 faciem
1818 2078 1966 2119 suam
2000 2062 2104 2117 Da-

533 2152 641 2216 vid,
675 2161 730 2208 et
758 2152 971 2210 recedet
1002 2168 1033 2208 a
1063 2161 1135 2221 te,
1166 2162 1220 2209 et
1242 2152 1470 2210 dimittet
1496 2163 1567 2220 te,
1597 2164 1655 2210 et
1677 2153 1860 2210 abibit.
1952 2185 1960 2197 μ

606 2240 702 2299 13.
731 2241 919 2299 Beatus
943 2243 1019 2297 oir
1044 2243 1130 2315 qui
1154 2253 1320 2316 sperat
1342 2245 1395 2299 in
1423 2262 1554 2301 eum.
1582 2244 1693 2301 Hoc
1712 2245 1837 2317 quid
1869 2251 2001 2318 opus
2026 2255 2109 2302 est

532 2330 622 2390 ditt
650 2334 876 2404 exponi?
913 2333 1163 2404 Quisquis
1199 2351 1304 2391 non
1347 2345 1524 2406 sperat
1561 2337 1612 2391 in
1648 2337 2108 2404 Domino,'miscr

531 2432 634 2480 est.
662 2424 791 2492 Quis
816 2435 899 2481 est
943 2425 1031 2493 qui
1071 2440 1177 2480 non
1205 2436 1383 2496 Sperat
1427 2427 1480 2482 in
1523 2428 1783 2482 Domino?
1824 2429 1922 2495 Qui
1960 2428 2010 2482 in
2049 2443 2109 2485 se

534 2523 733 2586 sperat.
765 2515 1059 2587 Aliquando
1086 2516 1225 2587 quod
1257 2517 1405 2587 pejus
1430 2525 1532 2585 est,
1561 2516 1752 2575 fratres
1778 2519 1903 2586 mei,
1932 2527 2108 2574 atten-

534 2607 663 2672 dite,
691 2606 972 2678 aliquando
997 2607 1240 2664 homines
1271 2609 1454 2664 nolunt
1479 2625 1694 2682 sperare
1728 2610 1780 2664 in
1807 2626 1901 2678 se,
1932 2610 2024 2666 sed
2054 2611 2107 2667 in

534 2699 653 2753 aliis
677 2698 997 2754 hominibus.
1025 2699 1180 2755 Salva
1211 2701 1379 2757 salute
1404 2700 1519 2758 Gaii
1545 2700 1672 2768 Seii,
1707 2701 1835 2757 nihil
1860 2703 1990 2758 mihi
2013 2718 2110 2774 po-

536 2801 615 2845 tes
652 2791 843 2849 facere.
871 2792 936 2848 Et
963 2792 1097 2850 forte
1126 2793 1358 2865 loquitur
1383 2794 1451 2851 de
1488 2795 1703 2852 homine
1739 2796 1849 2867 jam
1877 2806 2106 2852 mortuo.

500 2881 592 2958 .lu
625 2883 721 2938 ista
765 2883 977 2941 civitate
1017 2885 1180 2953 dicit,
1226 2886 1383 2942 Salva
1430 2889 1599 2945 salute
1641 2889 1815 2957 illius,
1845 2900 1899 2945 et
1927 2890 2017 2946 ille
2055 2890 2111 2947 in

536 2975 655 3031 aliis
681 2976 812 3031 locis
842 2976 977 3033 forte
1005 2969 1244 3036 mortuus
1269 2990 1370 3036 est.
1399 2981 1465 3035 Et
1491 2998 1646 3052 quam
1673 2984 1779 3039 cito
1801 2984 1981 3040 dicunt
2010 2984 2110 3040 ho-

536 3065 709 3120 mines
745 3064 884 3123 hoc:
915 3075 971 3122 et
998 3083 1111 3123 non
1140 3068 1349 3136 dicunt,
1387 3056 1560 3127 Credo
1603 3073 1745 3139 Deo,
1773 3073 1895 3145 quia
1925 3091 2032 3131 non
2061 3083 2113 3132 te

538 3154 796 3225 permittit
823 3171 1016 3235 nocere
1041 3159 1189 3214 mihi.
1219 3159 1336 3216 Non
1373 3160 1583 3230 dicunt,
1609 3162 1782 3220 Credo
1816 3164 1931 3221 Deo
1954 3180 2075 3222 meo
2093 3208 2109 3234 ,

537 3246 659 3317 quia
685 3246 783 3303 etsi
817 3256 868 3302 te
893 3249 1193 3318 permiserit
1217 3250 1282 3306 ad
1307 3251 1502 3323 aliquid
1545 3269 1718 3310 meum
1738 3296 1753 3321 ,
1786 3254 1854 3310 ad
1880 3256 2111 3313 animam

539 3351 713 3392 meam
735 3353 840 3392 non
866 3347 917 3393 te
936 3340 1225 3411 permittet.
1250 3341 1355 3398 Sed
1378 3357 1498 3398 cum
1524 3343 1734 3410 dicunt,
1764 3343 1921 3403 Salva
1941 3348 2113 3406 salute

541 3427 701 3492 illius,
731 3443 829 3484 nec
852 3429 949 3501 ipsi
977 3430 1154 3487 volunt
1183 3432 1378 3490 habere
1403 3434 1649 3503 salutem,
1672 3446 1727 3494 et
1752 3437 1875 3495 illos
1895 3452 2114 3513 gravant

541 3533 639 3589 per
657 3533 790 3589 quos
817 3528 1000 3589 putant
1026 3519 1222 3578 habere
1248 3524 1491 3581 salutem.

613 3609 698 3666 M.
726 3608 873 3683 [oers.
907 3612 1018 3688 10.]
1047 3612 1238 3670 Timete
1262 3614 1555 3684 Dominum,
1587 3634 1756 3676 omnes
1776 3624 1936 3677 sancti
1965 3624 2075 3695 ejus
2094 3667 2110 3691 ,

541 3701 661 3771 quia
686 3700 820 3756 nihil
849 3702 984 3758 deest
1011 3706 1294 3762 timentibus
1329 3723 1462 3762 eum.
1489 3708 1632 3765 Multi
1666 3712 1803 3767 enim
1836 3723 2112 3785 prepterea

540 3791 726 3847 nolunt
749 3792 775 3824 "
801 3793 987 3850 timere
1014 3795 1293 3852 Dominam
1313 3839 1329 3866 ,
1372 3814 1441 3853 ne
1468 3798 1661 3855 famem
1701 3804 1984 3872 patiantur.
2016 3804 2112 3859 Di-

541 3885 680 3938 citur
701 3885 802 3940 illis
828 3904 841 3941 :
867 3886 1040 3944 Nolite
1064 3889 1300 3946 fraudem
1322 3891 1513 3949 facere.
1536 3894 1602 3950 Et
1620 3895 1832 3952 dicunt:
1854 3898 2007 3956 Unde
2026 3915 2114 3957 me

541 3977 734 4045 pasco?
758 3976 870 4034 Non
902 3990 1073 4050 potest
1092 3998 1180 4039 ars
1198 3984 1314 4040 sine
1339 3984 1628 4058 impostura
1650 4004 1787 4055 esse,
1812 4007 1917 4046 non
1944 4002 2116 4062 potest

541 4067 809 4137 negotium
834 4084 953 4126 esse
979 4072 1094 4128 sine
1124 4073 1324 4131 fraude.
1352 4076 1458 4133 Sed
1491 4077 1731 4135 fraudem
1757 4083 1906 4151 pauit
1950 4083 2110 4139 Deus.

537 4155 694 4213 Time
724 4157 914 4213 Deum.
945 4160 1050 4216 Sed
1075 4164 1119 4218 si
1146 4165 1369 4222 timuero
1398 4167 1584 4232 Deum,
1612 4184 1715 4224 non
1747 4170 1952 4227 habebo
1977 4172 2115 4228 unde

542 4247 737 4303 vivam.
768 4247 955 4304 Timete
978 4249 1273 4322 Dominum,
1314 4273 1486 4313 omnes
1511 4260 1671 4314 sancti
1707 4262 1816 4332 ejus
1834 4303 1849 4331 ,
1880 4264 2113 4334 quoniam

542 4339 675 4394 nihil
693 4338 829 4395 deest
848 4340 1130 4398 timentibus
1151 4361 1284 4400 eum.
1302 4345 1516 4418 Copiam
1539 4351 1796 4419 promittit
1816 4353 2037 4423 trepido,
2061 4362 2118 4412 et

538 4428 801 4487 dubitanti
827 4448 896 4489 ne
918 4432 963 4488 si
984 4431 1120 4490 forte
1141 4434 1374 4491 timuerit
1395 4437 1672 4495 Dominum
1694 4441 1941 4498 deserant
1965 4443 2113 4500 illum

541 4523 829 4594 superflua.
854 4524 1109 4581 Pascebat
1135 4536 1186 4583 te
1221 4527 1475 4586 Dominus
1502 4539 1929 4590 contemnentem
1954 4550 2032 4602 se,
2062 4547 2118 4594 et

537 4614 754 4673 deseret
773 4625 825 4673 te
854 4617 1126 4675 timentem
1151 4618 1246 4675 se?
1271 4620 1501 4699 Attende
1519 4662 1536 4689 ,
1569 4632 1624 4680 et
1648 4624 1757 4680 noli
1782 4624 1996 4683 dicere:
2025 4625 2117 4685 ille

539 4706 688 4762 dives
726 4717 833 4773 cst,
864 4718 919 4765 et
945 4724 1044 4781 ego
1071 4725 1273 4782 panper
1299 4704 1416 4767 sum
1441 4729 1454 4765 :
1481 4728 1580 4784 ego
1609 4713 1770 4771 timeo
1800 4717 2114 4786 Dominum,

541 4794 632 4851 ille
655 4811 761 4851 non
787 4798 1018 4854 timendo
1046 4810 1300 4872 quantum
1328 4801 1639 4872 acquisivit,
1685 4813 1740 4860 et
1761 4821 1860 4876 ego
1886 4808 2117 4866 timendo

540 4885 717 4949 nudus
735 4902 852 4944 sum
876 4891 892 4945 ι
932 4891 1116 4948 Videte
1139 4893 1265 4962 quid
1293 4893 1563 4964 sequitur:
1594 4892 1785 4953 Divites
1806 4911 2043 4971 eguerunt
2070 4912 2118 4957 et

540 4978 842 5044 esurieruut,
865 4979 1172 5052 inquirentes
1212 4994 1379 5039 autent
1401 4981 1677 5041 Dominum
1702 5006 1802 5043 non
1836 4991 2118 5048 minuentur

544 5071 685 5125 omni
709 5073 855 5128 bona.
896 5072 950 5130 Si
976 5074 1044 5131 ad
1072 5076 1300 5133 litteram
1328 5080 1575 5151 accipias,
1602 5081 1809 5138 videtur
1835 5093 1888 5140 te
1914 5084 2113 5142 fallere.

605 5203 626 5274 ξ
650 5204 731 5274 §ic
895 5205 1211 5274 Edd._atttem.
1234 5210 1361 5273 qtmd
1384 5211 1643 5274 ferebatur.

605 5265 1096 5345 inisszhichetkalibi
1137 5265 1414 5323 constanter
1448 5265 1665 5328 habent:
1705 5284 1752 5330 et
1787 5278 1942 5332 videte
1973 5293 2117 5345 quam

541 5335 703 5379 suavis
716 5335 789 5379 888
811 5335 1055 5381 Dm.

556 5414 561 5421 .
589 5390 627 5464 Aa
658 5389 845 5464 “:un
868 5398 992 5464 nisa"
1016 5400 1176 5464 mansne
1195 5394 1350 5464 aperit
1370 5393 1471 5461 ipse
1493 5397 1724 5453 Psalnuts.
1759 5403 1969 5464 Quidam,
1994 5411 2115 5457 Non"

540 5460 602 5501 tte
619 5451 783 5513 aperte
805 5451 1020 5505 Psatmus
1042 5451 1260 5505 ostendit.

605 5512 629 5545 ⁸
652 5512 726 5579 ita
742 5520 851 5579 μίξει.
878 5520 934 5564 At
954 5516 1088 5579 edd.,
1113 5515 1196 5579 qui
1209 5515 1413 5579 ﬁgurate
1434 5528 1790 5574 sacramentum
1821 5526 2116 5578 Deminiewn

541 5574 832 5647 “end-“ba”
858 5578 998 5627 ⁹³¹¹¹⁰
1038 5574 1148 5640 νοεῖ
1175 5574 1285 5649 W-
1314 5589 1375 5649 ,ει
1395 5590 1501 5649 tiss-
1524 5583 1780 5649 ferebant.
1817 5574 2118 5649 quam;

728 5650 1030 5714 coramrege
1057 5652 1075 5689 :
1098 5641 1187 5711 sed
1227 5642 1274 5691 in
1296 5642 1485 5695 duobus
1524 5644 1660 5696 libris
1699 5641 1871 5700 meriio
1904 5654 2116 5714 reposita

542 5706 652 5763 erat
673 5698 814 5763 lectio
833 5698 1260 5763 ιιιιιιιιῐδιιιιιιὶιηιιτ.

607 5760 628 5795 ⁵
658 5761 792 5827 ald,
815 5760 989 5815 colum.
1012 5760 1178 5816 melius
1199 5773 1322 5831 Mss,
1345 5766 1520 5819 nolunt.

1754 300 1814 359 S.
1856 290 2216 357 AUGUSTINI
2256 294 2556 355 EPISCOPI

3672 306 3779 370 316

2213 407 2451 480 Respicis
2479 411 2620 467 enim
2665 413 2860 470 multus
2887 413 3076 470 divites
3100 412 3307 485 iniquos
3345 418 3478 473 mori
3511 416 3562 474 in
3588 418 3794 478 divitiis

2209 499 2340 567 suis,
2383 518 2487 557 non
2528 504 2692 559 factos
2735 505 2899 561 fuisse
2941 521 3221 577 pauperes,
3254 521 3371 562 cum
3400 508 3609 574 vivunt;
3639 511 3795 568 vides

2211 594 2331 650 illos
2354 608 2653 662 senescere,
2683 596 2897 667 perduci
2917 597 2982 652 ad
3002 597 3245 652 ultimmn
3266 599 3387 653 vitae
3413 599 3548 654 inter
3573 617 3797 671 magnas

2208 686 2390 756 copias
2416 686 2755 753 divitiarum,
2785 688 3042 745 celebrari
3087 690 3166 744 eis
3211 705 3453 761 pompam
3494 690 3696 748 funeris
3742 695 3795 750 in

2210 777 2416 847 magnis
2452 776 2831 845 eﬂ‘usionibus,
2897 780 3115 850 perduci
3160 795 3326 851 usque
3381 782 3447 838 ad
3489 783 3795 854 sepulcrum

2207 870 2447 936 divitem,
2474 871 2563 942 qui
2589 881 2641 926 et
2668 872 2952 943 exspiravit
2996 873 3047 928 in
3076 873 3225 929 lectis
3249 873 3518 939 eburneis,
3559 875 3793 931 circum-

2209 960 2369 1017 flente
2392 964 2407 994 ¹
2436 961 2631 1018 familia
2658 978 2912 1029 suorum;
2939 973 2992 1019 et
3015 964 3149 1020 dicis
3176 966 3229 1020 in
3250 967 3428 1021 animo
3453 977 3562 1031 tuo,
3589 968 3631 1020 si
3656 968 3794 1021 forte

2209 1054 2347 1109 nosti
2389 1054 2567 1124 aliqua
2607 1066 2658 1109 et
2706 1066 2920 1133 peccata
2964 1068 3017 1112 et
3045 1058 3246 1113 scelera
3280 1059 3445 1130 ipsius
3476 1077 3489 1112 :
3523 1059 3634 1129 Ego
3671 1063 3791 1114 ltut’i

2207 1157 2403 1218 quanta
2449 1147 2632 1203 fecerit
2661 1150 2765 1205 iste
2804 1150 3000 1214 homo;
3031 1166 3155 1207 ecce
3198 1153 3407 1215 senuit,
3438 1167 3677 1225 mortuus
3714 1162 3792 1208 est

2209 1239 2260 1293 in
2286 1240 2424 1295 lecto
2451 1240 2569 1309 suo,
2597 1241 2868 1297 deducunt
2888 1242 3037 1298 illum
3061 1243 3163 1308 sui,
3204 1238 3392 1313 pompa
3423 1253 3563 1298 tanta
3594 1244 3793 1300 funeris

2208 1331 2509 1386 celebratur
2538 1350 2551 1385 :
2584 1347 2683 1400 ego
2713 1332 2836 1387 novi
2875 1349 2994 1404 quae
3035 1330 3251 1399 fecerit;
3293 1334 3501 1406 decepit
3529 1351 3616 1390 me
3645 1338 3794 1391 Scri-

2207 1433 2381 1492 ptura,
2407 1432 2462 1477 et
2490 1422 2690 1490 fefellit,
2727 1424 2814 1479 ubi
2843 1423 3001 1479 audio
3028 1435 3081 1481 et
3104 1435 3262 1480 canto
3289 1443 3303 1480 :
3338 1423 3529 1481 Divite:
3551 1438 3795 1498 eguerunt

2207 1524 2253 1569 et
2278 1515 2579 1573 esurierunt.
2600 1516 2823 1584 Quando
2853 1518 2952 1573 iste
2974 1517 3125 1588 inops
3151 1516 3509 1587 fuitiquaudo
3535 1520 3795 1574 esurivit?

2209 1605 2527 1676 Inquirentes
2550 1619 2716 1663 autem
2740 1604 3014 1662 Dominum
3039 1625 3138 1664 non
3167 1610 3457 1665 minuentur
3484 1611 3622 1665 omni
3662 1610 3795 1666 bono

2211 1697 2385 1769 (Paul.
2414 1716 2581 1756 χχχιιι
2606 1741 2621 1766 ,
2651 1698 2760 1775 il).
2789 1700 3040 1768 Quotidie
3062 1702 3128 1757 ad
3155 1702 3426 1759 basilicam
3452 1717 3631 1772 surgo,
3655 1719 3795 1773 quo-

2211 1792 2340 1848 tidie
2364 1791 2685 1863 genuflecto,
2714 1793 2949 1864 quotidie
2994 1794 3201 1864 inquiro
3234 1793 3534 1860 Dominum,
3576 1804 3627 1848 ct
3659 1795 3793 1849 nihil

2209 1886 2333 1941 boni
2367 1885 2582 1941 habeo:
2627 1887 2730 1942 iste
2773 1901 2878 1943 non
2922 1886 3193 1957 inquisivit
3237 1886 3537 1951 Dominum,
3558 1888 3621 1941 ’et
3652 1887 3797 1943 inter

2212 1985 2354 2032 tanta
2383 1976 2519 2031 bona
2542 1975 2822 2033 defunctus
2846 1985 2929 2033 est
2950 1978 2965 2033 ι
3001 1976 3092 2032 Sic
3115 1976 3435 2048 cogitantem
3462 1974 3698 2032 suflocat
3723 1977 3797 2032 la-

2209 2084 2378 2140 queus
2438 2069 2700 2125 scandali.
2749 2069 2938 2125 Escam
2986 2067 3128 2124 enim
3177 2068 3452 2124 mortalem
3500 2068 3693 2137 quarrit
3745 2070 3797 2123 in

2211 2171 2351 2217 terra
2376 2200 2391 2226 ,
2434 2170 2489 2217 et
2516 2168 2693 2217 veram
2740 2160 3039 2216 mercedem
3072 2175 3177 2214 non
3221 2159 3413 2230 quaerit
3441 2160 3492 2214 in
3523 2160 3703 2222 οατιυ,
3747 2170 3799 2215 ct

2210 2253 2374 2307 mittit
2402 2262 2559 2323 caput
2601 2253 2653 2308 in
2689 2252 2932 2323 laqueum
2980 2251 3217 2318 diaboli,
3261 2252 3707 2323 constringuntur
3749 2253 3795 2307 ei

2210 2346 2392 2403 fauces
2418 2389 2432 2410 ,
2476 2356 2530 2402 et
2555 2356 2701 2402 tenet
2742 2346 2984 2402 diabolus
3024 2346 3090 2401 ad
3123 2345 3558 2401 malefaciendum
3583 2388 3600 2412 ,
3641 2358 3694 2398 ut
3723 2347 3798 2401 sic

2213 2440 2447 2494 imitetur
2488 2438 2637 2493 illum
2685 2437 2941 2507 divitem,
2988 2453 3146 2509 quem
3190 2437 3331 2493 videt
3358 2438 3411 2492 iu
3456 2449 3597 2492 tanta
3642 2439 3797 2507 copia

2211 2531 2536 2588 defunctum.

2284 2623 2370 2679 15.
2407 2620 2528 2678 Noli
2567 2635 2694 2693 ergo
2729 2604 2806 2676 sic
2846 2620 3159 2689 intelligere.
3191 2620 3258 2674 Et
3288 2618 3554 2690 quomodo
3597 2619 3796 2673 Ῐιιιυιῐί-

2211 2714 2369 2786 gem?
2392 2713 2445 2768 ln
2469 2714 2620 2771 bonis
2639 2712 3024 2783 spiritualibus.
3052 2711 3157 2768 Sed
3179 2713 3266 2767 ubi
3289 2712 3448 2766 sunt?
3474 2711 3587 2766 Non
3612 2712 3798 2765 viden-

2213 2814 2299 2861 tur
2322 2805 2513 2873 oculis,
2535 2804 2627 2860 sed
2653 2804 2833 2860 corde.
2863 2802 2978 2859 Non
3005 2803 3162 2858 video
3190 2804 3302 2871 ipsa
3327 2803 3485 2859 bona.
3520 2801 3680 2857 Videt
3711 2804 3797 2857 illa

2212 2897 2300 2969 qui
2328 2908 2488 2952 amat.
2515 2895 2779 2952 Justitiam
2806 2910 2909 2950 non
2934 2895 3088 2951 video
3106 2898 3149 2949 ¹.
3171 2895 3285 2951 Non
3308 2896 3448 2952 enim
3477 2911 3668 2951 aurum
3693 2904 3795 2959 est,

2193 3003 2321 3044 ~non
2346 2988 2489 3045 enim
2505 2996 2778 3058 argentum
2798 2996 2900 3043 est.
2923 2987 2978 3043 Si
2992 3002 3178 3042 aurum
3203 2998 3364 3054 esset,
3391 2988 3599 3044 videres
3630 3004 3648 3043 :
3673 2991 3799 3060 quia

2181 3079 2346 3136 .lides
2386 3089 2489 3146 est,
2534 3093 2639 3134 non
2682 3078 2849 3134 vides.
2879 3078 2947 3135 Et
2983 3078 3029 3134 si
3070 3095 3175 3134 non
3222 3079 3371 3136 vides
3411 3080 3592 3147 fidem,
3630 3094 3799 3151 quare

2213 3186 2362 3227 amas
2400 3186 2615 3228 servum
2671 3170 2919 3231 fidelem?
2962 3171 3231 3244 Interroga
3277 3174 3535 3243 teipsum,
3578 3175 3798 3244 qualem

2213 3276 2429 3319 servum
2454 3261 2645 3334 diligis.
2668 3262 2828 3345 Forte
2854 3262 3021 3320 habes
3043 3279 3252 3320 servum
3281 3265 3594 3332 formosum,
3621 3276 3798 3324 statu-

2213 3370 2415 3422 rosum,
2444 3356 2579 3414 bene
2602 3358 2984 3428 compositum;
3020 3358 3114 3414 sed
3144 3357 3343 3431 furem,
3363 3374 3612 3429 nequam,
3652 3360 3796 3416 frau-

2214 3446 2489 3504 dulentum
2513 3466 2528 3503 :
2550 3446 2716 3504 habes
2742 3458 2917 3504 autem
2947 3449 3106 3505 alium
3138 3449 3272 3505 forte
3301 3466 3518 3520 parvum
3552 3460 3761 3507 statura
3779 3491 3797 3515 ,

2215 3539 2506 3596 defamem
2541 3538 2697 3604 facie,
2733 3541 2912 3597 colore
2940 3549 3110 3607 tetro;
3153 3541 3249 3598 sed
3276 3541 3512 3610 fidelem,
3554 3558 3794 3613 parcum,

2218 3629 2452 3685 sobrium
2487 3648 2501 3684 :
2541 3630 2778 3698 attende,
2824 3646 2953 3703 rogo
2991 3639 3064 3698 te,
3112 3649 3271 3704 quem
3312 3634 3539 3689 istorum
3565 3634 3795 3691 duorum

2216 3720 2427 3793 diligis?
2455 3721 2511 3779 Si
2552 3723 2735 3779 oculos
2773 3724 2950 3780 carnis
2992 3724 3323 3796 interrogas,
3359 3727 3521 3782 vincit
3560 3728 3705 3797 apud
3748 3738 3797 3782 te

2216 3812 2438 3884 pulcher
2467 3813 2727 3885 iniustus;
2757 3814 2803 3870 si
2830 3814 3015 3870 oculos
3035 3815 3231 3881 cordis,
3262 3817 3427 3873 vincit
3444 3816 3704 3874 deformis
3732 3820 3796 3874 fi-

2215 3904 2369 3961 delis.
2401 3905 2561 3962 Vides
2599 3922 2750 3977 ergo,
2787 3906 2927 3975 quod
2967 3909 3043 3969 vis
3073 3918 3129 3961 ut
3169 3908 3417 3964 exhibeat
3443 3908 3533 3964 tibi
3559 3910 3719 3970 alter,
3747 3910 3795 3964 id

2216 4007 2298 4052 est
2324 3996 2480 4052 fidem
2505 4038 2520 4063 ,
2551 3997 2743 4053 exhibe
2774 3998 2848 4052 illi
2870 4001 2923 4053 et
2946 4006 3022 4052 tu.
3054 3999 3228 4067 Quare
3254 4000 3454 4070 gaudes
3482 4001 3549 4054 ad
3566 4017 3689 4056 emn
3710 4003 3794 4068 qui

2217 4087 2373 4143 fidem
2409 4088 2502 4143 tibi
2533 4089 2770 4157 exhibet,
2811 4097 2866 4145 et
2906 4089 3089 4146 laudas
3121 4106 3240 4145 eum
3279 4091 3347 4146 de
3386 4092 3468 4148 bis
3499 4092 3654 4148 bouis
3680 4111 3797 4164 qua:

2216 4194 2325 4241 non
2354 4180 2598 4236 videntur
2624 4180 2726 4235 nisi
2754 4181 2909 4236 oculo
2946 4181 3161 4236 cordis?
3189 4181 3320 4239 Cum
3364 4182 3599 4251 repletus
3636 4185 3797 4239 fueris

2216 4272 2576 4341 spiritualibns
2601 4272 2819 4337 divitiis,
2851 4288 3052 4344 pauper
3079 4274 3186 4330 eris
3206 4273 3265 4328 "t
3290 4274 3358 4330 Et
3386 4275 3475 4330 ille
3499 4275 3652 4331 dives
3679 4271 3798 4332 ideo

2218 4364 2335 4429 fuit,
2357 4365 2479 4436 quia
2509 4364 2736 4423 habebat
2763 4365 2957 4421 lectum
2979 4366 3303 4433 eburneum;
3326 4376 3379 4423 et
3407 4376 3459 4422 tu
3481 4383 3687 4439 pauper
3714 4384 3794 4433 es,

2212 4457 2370 4526 'cnjus
2397 4456 2698 4513 cubiculum
2723 4457 2899 4514 cordis
2920 4458 3132 4528 plenum
3157 4472 3240 4515 est
3262 4459 3423 4514 tantis
3443 4461 3672 4530 gemmis
3692 4462 3798 4516 vir—

2219 4556 2411 4616 tutum,
2438 4546 2678 4618 iustitiae,
2706 4549 2972 4615 veritatis,
3001 4550 3302 4615 charitatis,
3331 4549 3490 4617 fidei,
3526 4550 3798 4620 patientia:

2219 4648 2274 4696 et
2296 4639 2620 4696 tolerantitel
2654 4637 2872 4709 EXplica
2899 4639 3106 4695 divitias
3132 4649 3249 4697 tuas
3267 4681 3285 4707 ,
3311 4641 3355 4695 si
3388 4639 3552 4697 habes
3580 4642 3722 4709 illas,
3744 4649 3799 4697 et

2218 4744 2466 4804 compara
2503 4732 2702 4789 divitiis
2730 4733 2970 4789 divitum.
2999 4734 3068 4788 At
3106 4734 3196 4790 ille
3235 4734 3287 4788 in
3323 4741 3559 4790 mercatu
3594 4735 3799 4791 invenit

2220 4825 2391 4880 mulus
2431 4825 2722 4896 pretiosas,
2750 4834 2805 4879 et
2832 4824 2962 4880 emit
2992 4839 3102 4880 eas.
3130 4824 3188 4882 Si
3224 4824 3379 4881 fidem
3413 4826 3683 4882 invenires
3708 4842 3799 4879 vc-

2221 4917 2425 4984 nalem,
2457 4926 2709 4988 quantum
2738 4932 2834 4987 pro
2858 4917 2947 4972 illa
2976 4915 3167 4984 dares,
3196 4933 3354 4988 quam
3386 4928 3438 4974 te
3464 4918 3632 4973 voluit
3659 4920 3798 4975 Deus

2220 5008 2383 5079 gratis
2413 5007 2641 5075 habere,
2668 5016 2722 5062 et
2749 5008 2981 5079 ingratus
3004 5009 3099 5064 es?
3126 5009 3295 5080 Egent
3316 5025 3442 5081 ergo
3467 5010 3541 5065 illi
3578 5010 3799 5075 divites,

2221 5110 2376 5172 egent
2404 5117 2417 5154 :
2446 5108 2520 5165 et,
2550 5100 2689 5170 quod
2714 5100 3045 5170 est-gravius,
3080 5117 3213 5171 pane
3237 5113 3413 5173 egent.
3434 5101 3511 5158 Ne
3535 5102 3675 5159 forte
3704 5118 3800 5172 pn-

2221 5197 2343 5251 tetis
2361 5237 2375 5260 ,
2403 5188 2525 5266 quia
2552 5210 2683 5250 auro
2713 5186 2870 5265 egent
2896 5205 2951 5251 et
2977 5207 3195 5267 argento
3213 5239 3229 5264 ,
3259 5213 3559 5269 quanquam
3597 5208 3653 5253 et
3695 5199 3801 5253 hoc

2220 5297 2429 5356 egeant.
2459 5284 2723 5354 Quantum
2754 5284 2936 5343 habuit
2962 5286 3173 5367 quidam
3193 5328 3208 5353 ,
3237 5297 3286 5343 et
3314 5287 3438 5358 quid
3468 5305 3589 5343 eum
3630 5290 3800 5343 satia-

2223 5376 2335 5431 vit?
2363 5375 2450 5432 Sic
2478 5387 2716 5431 mortuus
2740 5384 2825 5432 est
2847 5392 3029 5447 egens,
3061 5380 3180 5448 quia
3212 5378 3356 5448 plura
3384 5380 3591 5435 volebat
3617 5384 3805 5448 acqui-

2286 5469 2302 5532 ι
2336 5468 2408 5517 sic
2427 5465 2610 5530 aliquot
2623 5473 2810 5532 ωδε-...ιιι
2826 5467 2958 5532 add,
2976 5467 3348 5532 circumﬂuente.

2283 5531 2304 5599 ξ
2337 5535 2385 5578 ιιι
2416 5527 2525 5579 Mss.’
2546 5527 2822 5599 nonnullis:
2856 5529 2989 5582 Videt
3011 5528 3094 5581 ille
3115 5527 3199 5593 qui
3241 5537 3370 5581 amat
3398 5531 3655 5595 justitiam.
3702 5541 3804 5583 Non

2221 5589 2359 5655 rideo
2379 5603 2481 5655 ego.
2509 5599 2605 5655 Non
2626 5589 2754 5641 enim
2773 5604 2949 5655 aurum
2970 5598 3059 5655 est.
3084 5589 3177 5642 etc.

2288 5653 2310 5684 ι
2343 5659 2389 5722 tl!
2406 5651 2803 5724 iilsristttleaiss.)
2826 5659 2872 5703 et
2896 5652 3065 5724 laudas
3086 5653 3235 5705 cum?
3258 5652 3341 5724 llis
3363 5654 3493 5724 “ollis
3515 5668 3648 5724 "."90'
3690 5669 3803 5715 φα

2338 5712 2554 5806 uidentur
2576 5712 2668 5766 nisi
2687 5716 2823 5766 oculo
2845 5715 3023 5777 cordis,
3047 5728 3157 5767 cunt
3180 5715 3384 5780 rquctus
3418 5712 3591 5780 famis;
3618 5712 3804 5780 panper

2225 5788 2321 5827 61⁸18
2338 5788 2351 5826 3
