3972 6198
154 366 272 428 517

151 500 284 542 rere
319 501 480 556 quant
517 487 746 540 tenebat.
792 488 952 557 Egenl
997 496 1051 542 et
1091 502 1244 556 pane.
1291 486 1464 550 Quare
1505 494 1662 553 egent
1703 493 1759 537 et

157 580 356 647 parte?
385 575 439 632 Si
471 595 573 632 non
607 581 856 650 intelligis
885 596 1069 649 panem
1090 621 1103 641 ,
1136 579 1220 633 ille
1259 579 1390 632 dixit
1415 579 1430 610 ³
1463 598 1476 632 :
1511 577 1618 648 ligo
1647 594 1759 630 sum

155 671 320 736 panis
347 671 510 733 vivus,
537 671 625 737 qui
653 671 717 724 de
752 659 874 724 cwlo
913 670 1142 724 descendi
1181 668 1360 738 (Joon.
1393 684 1445 722 Vt
1466 710 1480 734 ,
1508 669 1635 738 il);
1666 677 1754 722 et:

155 757 320 814 Beati
344 760 430 830 qui
456 764 697 821 esuriant,
725 773 769 816 et
797 764 968 815 sitiunt
985 764 1260 834 justitiam,
1291 764 1525 830 quoniam
1551 762 1648 830 ipsi
1676 778 1759 815 sa-

154 852 475 906 turabuntur
502 852 717 921 (Matth.
743 869 798 914 ν,
829 854 902 920 6).
935 851 1254 924 lnquireutes
1291 863 1454 907 autent
1487 851 1758 906 Dominum

153 959 262 997 non
300 943 591 996 minuentur
611 943 744 996 omni
771 945 916 998 bono.
946 945 1050 1000 Sed
1077 961 1180 1016 quo
1208 945 1345 999 bono
1367 944 1474 1014 jam
1501 943 1753 999 diximus.

209 1038 334 1092 ‘16.
384 1049 533 1110 luere.
562 1035 674 1110 12.]
717 1037 914 1103 Venite,
944 1039 1059 1107 ﬁlii,
1088 1039 1259 1091 audite
1278 1055 1372 1102 me,
1401 1039 1626 1091 timorem
1646 1036 1756 1090 Do-

152 1129 296 1183 mini
327 1127 508 1182 docebo
533 1145 639 1184 vos.
670 1130 874 1184 Putatis
896 1132 937 1196 ³,
969 1131 1178 1198 fratres,
1204 1131 1323 1201 quia
1349 1146 1445 1201 ego
1472 1131 1628 1184 dico:
1657 1145 1756 1199 pu-

156 1230 278 1276 tate
311 1222 431 1290 quia
458 1221 619 1276 David
641 1222 787 1287 dicit,
813 1229 993 1293 putate
1013 1222 1135 1291 quia
1161 1223 1442 1294 Apostolus
1463 1222 1587 1276 dicit
1610 1239 1622 1274 :
1651 1224 1757 1275 imo

158 1322 355 1380 putate
383 1313 504 1381 quia
533 1313 644 1382 ipse
669 1314 923 1368 Dominus
949 1323 1128 1368 noster
1149 1313 1305 1369 Jesus
1327 1313 1567 1366 Christus
1593 1313 1752 1367 dicit:

169 1401 374 1464 chite,
405 1403 522 1470 ﬁlii,
551 1404 720 1457 audite
741 1421 838 1459 me.
865 1405 1156 1458 Audiamus
1186 1405 1332 1458 illum
1363 1405 1516 1456 simul
1538 1446 1550 1463 ,
1579 1405 1756 1458 audite

161 1494 318 1548 illum
345 1509 438 1562 per
461 1512 593 1549 nos:
624 1497 816 1551 docere
843 1497 981 1550 enim
1005 1498 1112 1549 vult
1141 1497 1226 1550 ille
1249 1496 1482 1559 humilis,
1510 1496 1596 1550 ille
1623 1506 1754 1566 tym-

164 1585 442 1654 pmizans,
465 1586 550 1639 ille
572 1585 844 1652 affectans,
869 1587 1061 1641 docere
1085 1602 1181 1641 nos
1203 1587 1329 1641 vult.
1359 1586 1422 1640 Et
1441 1586 1562 1657 quid
1587 1587 1755 1640 dicit?

175 1679 388 1745 Venite,
418 1681 544 1749 filii,
587 1683 755 1734 audite
795 1700 902 1750 me,
948 1683 1172 1736 timorem
1200 1683 1406 1736 Domini
1434 1683 1618 1736 docebo
1649 1699 1753 1736 vos.

169 1773 368 1826 Doceat
389 1788 536 1843 ergo,
563 1773 894 1842 praebeamus
917 1790 1120 1836 aurem,
1150 1775 1480 1844 praebeamus
1504 1790 1617 1830 cor.
1641 1775 1754 1828 Non

169 1862 473 1932 aperiamus
495 1881 653 1916 aures
679 1865 874 1928 carnis,
904 1876 955 1919 et
977 1865 1152 1920 cordis
1172 1865 1510 1930 claudamus;
1540 1866 1632 1920 sed
1656 1865 1756 1919 sic-

171 1965 229 2008 ut
258 1957 369 2024 ipse
393 1955 529 2009 dixit
557 1957 608 2009 in
640 1957 954 2026 Evangelii),
987 1957 1086 2024 Qui
1125 1958 1270 2011 habet
1309 1975 1456 2013 aures
1492 1959 1752 2021 audiendi,

167 2050 343 2102 audiat
370 2047 482 2122 (Id.
507 2065 580 2112 XI,
607 2051 717 2120 15).
746 2049 874 2118 Quis
900 2052 1031 2105 nolit
1050 2051 1071 2082 ³
1095 2052 1279 2107 audire
1304 2053 1578 2108 docentem
1603 2053 1756 2107 Citri-

168 2149 310 2193 stum
344 2155 443 2208 per
476 2139 838 2208 Pr0pltetam?

241 2237 326 2289 17.
359 2233 511 2306 [rem
542 2231 655 2308 13.]
691 2235 815 2301 Quis
845 2246 915 2290 est
952 2237 1100 2290 homo
1129 2239 1214 2306 qui
1240 2239 1342 2291 vult
1369 2238 1537 2303 vitam,
1566 2247 1614 2293 et
1639 2236 1756 2292 dili-

167 2327 236 2394 git
260 2327 370 2381 dies
394 2327 562 2381 videre
589 2328 784 2381 bonos?
815 2328 1128 2400 interrogat.
1160 2329 1345 2385 Nonne
1373 2331 1547 2385 omnis
1577 2331 1627 2384 in
1661 2347 1755 2385 vo-

168 2417 248 2472 bis
271 2405 589 2488 respondet,
615 2417 760 2489 Ego?
786 2421 866 2473 An
890 2421 1164 2490 quisquam
1186 2430 1267 2476 est
1292 2421 1344 2475 in
1369 2411 1520 2476 vobis
1541 2422 1627 2492 qui
1651 2437 1753 2476 non

166 2509 335 2580 diligit
359 2509 541 2575 vitam,
574 2510 622 2564 id
647 2521 748 2576 est,
778 2511 866 2581 qui
893 2529 997 2566 non
1024 2513 1133 2567 vult
1163 2515 1344 2581 vitam,
1372 2523 1425 2568 et
1452 2530 1555 2568 non
1585 2515 1754 2584 diligit

164 2601 278 2656 dies
309 2601 494 2657 videre
522 2603 729 2657 bonos?
767 2602 950 2658 Nonne
979 2605 1208 2675 quotidie
1251 2605 1349 2658 hoc
1387 2607 1748 2670 nmrmuratis,

167 2702 218 2744 et
239 2693 343 2747 hoc
361 2691 540 2747 dicitis
566 2711 578 2746 :
604 2693 868 2760 Quamdiu
893 2695 988 2748 ista
1017 2695 1277 2763 patimur?
1305 2696 1547 2762 Quotidie
1577 2697 1751 2766 pejora

167 2793 219 2836 et
247 2785 429 2854 pejora
462 2800 476 2836 :
502 2785 642 2853 apud
673 2795 920 2854 parentes
949 2793 1159 2838 nostros
1203 2783 1411 2840 fuerunt
1444 2788 1558 2840 dies
1588 2787 1752 2840 fictio-

168 2889 280 2940 rcs,
329 2874 549 2930 fuerunt
585 2874 703 2945 dies
747 2876 1014 2930 meliores.
1049 2875 1094 2930 Ο
1129 2876 1173 2930 si
1213 2877 1569 2946 interrogares
1613 2878 1752 2947 ipsos

175 2979 424 3034 jaretues
467 2976 620 3030 tuos,
662 2967 907 3020 similiter
950 2967 1040 3022 tibi
1070 2965 1137 3020 de
1161 2965 1348 3022 diebus
1375 2967 1485 3022 suis
1515 2980 1752 3021 murmu-

169 3069 364 3114 nrcnt.
393 3057 629 3114 Fuerunt
648 3060 784 3115 beati
808 3066 982 3129 patres
1004 3058 1190 3126 nostri,
1220 3075 1315 3112 nos
1341 3059 1518 3113 miseri
1541 3075 1743 3123 sumus,

168 3149 337 3204 malos
361 3151 480 3205 dies
510 3150 768 3207 habemus
797 3168 809 3203 :
841 3151 1143 3216 dominatus
1172 3161 1253 3205 est
1285 3149 1370 3204 ille
1391 3193 1406 3216 ,
1442 3151 1754 3220 putabamus

167 3241 286 3308 quia
319 3241 414 3296 illo
445 3251 655 3296 mortuo
683 3251 864 3311 posset
887 3240 1098 3312 aliquod
1127 3241 1454 3310 refrigerium
1483 3240 1631 3307 dari;
1661 3240 1754 3296 de-

170 3333 361 3388 teriora
388 3343 670 3388 venerunt.
700 3332 744 3390 Ο
770 3335 909 3389 Deus
929 3374 944 3399 ,
973 3332 1193 3388 ostende
1223 3333 1375 3387 nobis
1400 3333 1513 3388 dies
1553 3334 1748 3390 bonos!

171 3425 292 3490 Quis
312 3433 388 3478 est
412 3424 583 3488 homo,
611 3425 697 3494 qui
721 3425 825 3478 uult
854 3425 1024 3487 vitam,
1056 3436 1100 3478 et
1128 3424 1291 3495 diligit
1329 3425 1494 3478 videre
1529 3425 1634 3480 dies
1661 3424 1754 3478 bo-

170 3515 297 3570 nos?
319 3513 438 3570 Non
466 3514 554 3569 hic
582 3525 783 3585 quaerat
806 3515 920 3570 dies
947 3515 1133 3569 bonos.
1162 3515 1360 3568 Bonam
1396 3531 1508 3569 rem
1544 3515 1749 3585 quzcrit,

170 3607 257 3662 sed
286 3623 393 3662 non
427 3607 478 3661 iu
511 3606 726 3678 regione
751 3607 866 3676 ejus
894 3607 1034 3659 illam
1061 3607 1269 3676 quarrit.
1295 3605 1570 3674 Quomodo
1595 3607 1639 3662 si
1661 3607 1756 3660 ali-

171 3716 324 3768 quem
341 3701 546 3770 justum
571 3715 839 3770 qurereres
862 3699 911 3751 iu
935 3713 996 3753 ea
1020 3699 1205 3768 patria,
1233 3699 1319 3752 ubi
1345 3715 1447 3753 non
1473 3697 1748 3762 habitaret,

171 3790 438 3846 diceretur
463 3791 558 3844 tibi
589 3804 604 3844 :
634 3790 837 3846 Bonum
863 3790 1032 3843 virum
1059 3791 1272 3858 quaeris,
1304 3805 1549 3859 magnum
1581 3793 1752 3842 virum

172 3885 384 3954 umeris,
417 3899 598 3953 quaare
627 3883 796 3949 illum,
828 3881 920 3936 sed
949 3881 1055 3934 noli
1086 3881 1190 3946 hic,
1220 3880 1487 3948 superfluo
1515 3879 1602 3933 hic
1631 3894 1753 3934 eum

171 3975 384 4047 qumris,
416 3989 830 4046 nunquameum
855 3975 1164 4027 inventurus
1185 3987 1264 4024 es.
1294 3971 1414 4024 Dies
1437 3971 1603 4025 bonos
1623 3985 1755 4038 qua:-

171 4070 277 4136 ris,
307 4069 470 4124 simul
499 4082 592 4122 eos
619 4081 918 4136 quaeramus
938 4107 953 4130 ,
986 4065 1150 4118 nolite
1181 4064 1282 4116 hic.
1324 4062 1426 4117 Sed
1460 4063 1758 4115 habuerunt

174 4162 291 4225 illos
315 4172 500 4232 patres
541 4159 729 4220 nostri.
763 4157 1023 4212 Fallimiui
1069 4173 1083 4208 :
1124 4169 1311 4209 omnes
1353 4153 1441 4207 hic
1483 4149 1758 4206 laborave-

177 4263 315 4308 runt.
357 4253 545 4322 Legite
587 4251 889 4320 Scripturas
918 4267 932 4304 :
959 4248 1078 4304 ideo
1103 4247 1272 4302 voluit
1297 4246 1438 4300 Deus
1467 4255 1526 4299 ut
1554 4244 1758 4298 scribe-

178 4357 386 4411 rentur,
420 4356 483 4400 ut
525 4360 623 4400 nos
661 4344 1080 4400 consolarentur.
1118 4339 1471 4409 Temporibus
1508 4338 1634 4392 lilia:
1664 4337 1761 4392 fuit

180 4440 362 4507 fames,
395 4439 534 4509 passi
561 4447 686 4492 sunt
713 4452 828 4491 eam
857 4447 1034 4506 patres
1063 4433 1251 4488 nostri.
1279 4432 1462 4502 Capita
1489 4431 1758 4500 jumento-

179 4549 296 4589 rum
326 4542 658 4588 mortuorum
687 4544 817 4584 auro
844 4527 1214 4592 vendebantur
1233 4563 1253 4592 ,
1275 4524 1583 4581 occiderunt
1612 4539 1757 4589 suos,

176 4639 229 4682 ct
253 4622 602 4680 comederunt
627 4637 720 4676 eos
752 4637 764 4673 :
795 4628 849 4674 et
872 4619 992 4674 dua:
1019 4617 1268 4671 mulieres
1297 4622 1592 4676 statuerunt
1622 4613 1760 4667 inter

175 4733 234 4773 se
263 4728 320 4771 ut
344 4715 656 4770 occiderent
683 4712 820 4768 ﬁlios
860 4726 1017 4775 suos,
1050 4719 1103 4764 et
1129 4707 1543 4767 manducarent;
1570 4705 1762 4758 ()Ct'idll

177 4825 278 4863 una
313 4808 479 4862 lilium
511 4821 688 4869 suum,
720 4813 772 4858 et
796 4801 1244 4857 manducaverunt
1277 4813 1396 4851 eum
1427 4796 1630 4858 amluc;
1658 4793 1759 4848 alia

177 4899 394 4955 nolebat
432 4897 678 4952 occidere
717 4894 879 4948 filium
925 4907 1108 4957 suum,
1141 4900 1196 4946 et
1232 4887 1477 4959 exigebat
1521 4887 1602 4939 illa
1644 4902 1762 4953 qua:

178 4993 322 5051 prior
351 4990 616 5044 occiderat
656 4987 816 5040 lilium
859 4999 1046 5048 suum;
1079 4993 1132 5038 et
1163 4981 1282 5035 talis
1323 4980 1431 5031 rixa
1475 4976 1762 5029 venitante

179 5097 358 5152 regem
379 5122 393 5144 ,
423 5081 755 5133 adduxerunt
799 5091 856 5131 se
895 5086 1018 5129 ante
1045 5089 1255 5144 regem,
1283 5069 1668 5127 contendentes
1695 5067 1762 5122 dc

176 5171 548 5227 interiectione
578 5169 808 5222 filiorum
835 5165 925 5235 (IV
957 5165 1082 5235 Reg.
1109 5180 1178 5228 vr,
1207 5159 1439 5230 26-50).
1472 5160 1544 5212 De
1572 5159 1761 5213 talibus

175 5265 313 5319 cibis
339 5272 544 5317 avertat
574 5262 714 5316 Deus
740 5275 802 5314 ea
831 5273 948 5328 quae
981 5257 1216 5326 legimus.
1245 5254 1468 5323 Semper
1493 5250 1606 5306 dies
1636 5251 1761 5305 mali

176 5359 229 5412 in
257 5359 455 5411 sarculo
475 5396 488 5417 ,
523 5353 618 5410 sed
655 5365 866 5420 semper
894 5347 1010 5403 dies
1037 5348 1157 5400 boni
1187 5347 1237 5400 in
1268 5346 1396 5400 Deo.
1431 5344 1620 5398 l-labuit
1647 5343 1784 5396 diess

176 5449 351 5503 bonos
380 5444 666 5508 Abraham,
695 5441 789 5496 sed
819 5441 958 5493 intus
990 5438 1040 5491 iu
1063 5436 1262 5491 corde:
1292 5433 1615 5489 habuitdies
1647 5447 1762 5484 ma-

175 5541 297 5609 los,
332 5539 549 5612 quando
577 5553 607 5591 a
637 5536 775 5591 fame
817 5531 1037 5587 mutavit
1067 5531 1366 5599 regionem,
1395 5535 1449 5581 et
1488 5525 1763 5595 quaerebat

239 5679 258 5710 ⁸
294 5682 427 5733 uss,
451 5670 500 5723 si
521 5670 757 5731 uitelligns
778 5679 965 5732 panem.
1005 5661 1089 5714 Ille
1110 5661 1235 5713 enim
1258 5658 1404 5720 dixit,
1429 5665 1523 5708 etc.

239 5741 261 5770 ¹
293 5749 474 5787 omnes
496 5747 645 5798 prope
677 5739 803 5791 MSS"
829 5735 1015 5798 ¹ῗὲ¹ίί¹⁸⁴ἷι
1165 5791 1175 5798 .
1328 5792 1338 5798 .
1399 5785 1411 5796 ο

224 5799 260 5839 ’³
285 5784 438 5862 έιῖἇί
460 5784 727 5862 Quis-novit
755 5784 930 5862 aud-ire
979 5791 1364 5862 Εῐφειιὶελικξξῑ,
1393 5785 1667 5862 interroga,
1684 5784 1749 5840 At

177 5849 659 5931 ἈδδῗῖίἶέέΪΫάίἰξί,
689 5870 804 5922 ctc-,
835 5857 948 5920 Quis
973 5849 1090 5908 nolit
1107 5849 1370 5903 (tudit'ci’...
1396 5851 1682 5911 lntcrrogat.

1229 368 1625 426 ENARRATlO
1662 368 1728 425 ΙΝ
1767 368 2084 427 PSALMUM
2123 369 2359 429 XXXIII.
2448 376 2450 378 ’

3327 383 3432 439 318

1863 483 2036 541 cibum
2067 485 2216 556 (Gen.
2237 503 2330 551 an,
2356 487 2438 554 10,
2455 489 2499 542 et
2517 503 2656 553 λινε,
2679 490 2751 561 1).
2779 488 2867 546 Sic
2887 506 3073 546 omnes
3091 497 3429 564 quaesierunt.

1863 578 2054 634 Paulus
2085 581 2262 644 habuit
2289 583 2402 636 dies
2432 582 2598 637 bonos
2618 625 2631 647 ,
2661 586 2746 652 qui
2775 586 2900 640 dicit
2936 604 2950 641 :
2991 586 3056 640 In
3091 591 3224 659 fame
3252 603 3296 642 et
3325 594 3430 656 siti,

1862 671 1915 724 iu
1960 673 2147 742 {rigore
2185 682 2228 726 et
2258 674 2482 729 nuditate
2521 675 2590 747 (ll
2623 675 2739 729 Cor.
2770 694 2854 744 XI,
2882 679 3011 748 27)?
3055 680 3155 734 Sed
3191 698 3292 736 non
3327 685 3432 736 ira-

1861 773 2077 818 scautur
2102 766 2238 818 servi
2265 782 2277 818 :
2309 767 2418 835 ipse
2443 767 2694 823 Dominus
2725 787 2823 830 non
2851 772 3027 825 habuit
3047 771 3161 828 dies
3186 774 3353 828 bonos
3382 778 3430 828 iu

1860 852 1962 909 hoc
1987 855 2214 920 sarculo;
2243 859 2590 918 contumelias
2609 902 2625 926 ,
2656 861 2872 930 injurias
2892 901 2906 930 ,
2930 878 3140 918 crucem
3161 905 3178 930 ,
3206 877 3258 921 et
3290 875 3431 921 tanta

1861 947 1997 1002 mala
2035 950 2348 1018 patiebatur.

1932 1041 1999 1096 18
2053 1041 2200 1114 [vers.
2227 1042 2338 1116 Νι]
2379 1045 2494 1100 Non
2524 1062 2650 1117 ergo
2673 1049 2992 1104 christiauus
3020 1065 3330 1118 murmurat,
3356 1056 3402 1108 vi

1859 1130 1983 1186 deat
2007 1133 2162 1203 cujus
2189 1136 2404 1206 vestigia
2435 1149 2704 1207 sequatur.
2740 1140 2843 1194 Sed
2875 1143 2917 1194 si
2944 1131 3058 1197 dies
3083 1145 3246 1200 bonos
3267 1159 3428 1215 amat,

1860 1225 2038 1279 audiat
2067 1226 2341 1281 docentem
2364 1240 2416 1283 et
2435 1231 2699 1301 dicentem
2729 1251 2742 1287 :
2776 1233 2965 1299 Venite,
2994 1237 3108 1304 ﬁlii,
3137 1241 3307 1293 audite
3332 1259 3429 1304 nte,

1862 1311 2087 1370 timorem
2123 1317 2328 1372 Domini
2367 1321 2549 1376 docebo
2588 1340 2692 1377 vos.
2726 1326 2859 1392 Quid
2889 1324 3003 1380 vis?
3038 1330 3203 1383 Vitam
3237 1342 3291 1388 et
3319 1333 3434 1387 dies

1860 1408 2048 1462 bonos.
2080 1412 2249 1476 Audi,
2281 1421 2336 1466 et
2378 1414 2457 1468 fac
2487 1433 2498 1467 ε
2529 1414 2736 1470 Contine
2773 1419 2994 1488 linguam
3034 1433 3169 1474 tuaut
3209 1442 3238 1475 ll
3277 1427 3428 1477 malo.

1860 1499 1965 1554 Fac
1994 1503 2138 1554 illml.
2172 1503 2326 1569 Nolo,
2357 1505 2486 1559 dicit
2513 1507 2670 1561 homo
2699 1509 2858 1564 miser
2886 1529 2900 1564 :
2929 1521 2980 1565 ct
3004 1514 3228 1582 linguam
3260 1531 3430 1568 meant

1859 1596 1984 1649 nolo
2009 1597 2284 1652 continere
2310 1614 2337 1651 a
2364 1600 2533 1663 malo,
2567 1612 2619 1654 et
2651 1603 2807 1655 vitam
2840 1605 2986 1668 volo,
3014 1617 3066 1659 et
3102 1606 3213 1660 dies
3244 1608 3429 1680 bonos.

1859 1687 1912 1743 Si
1935 1691 2209 1759 operarius
2236 1700 2356 1745 tuus
2381 1692 2473 1746 tibi
2499 1693 2696 1747 diceret
2721 1713 2733 1746 :
2761 1695 2826 1748 Et
2853 1706 2999 1750 vasto
3025 1699 3176 1751 istam
3201 1701 3428 1766 vineam,

1859 1792 1914 1836 et
1941 1784 2092 1853 exigo
2119 1800 2147 1836 a
2175 1793 2227 1838 te
2257 1786 2553 1840 mercedem
2585 1805 2598 1841 :
2629 1788 2894 1843 adduxisti
2926 1807 3009 1843 me
3043 1791 3107 1845 ad
3140 1793 3344 1848 vineam
3378 1808 3434 1848 ut

1860 1873 2086 1930 falcitem
2116 1875 2257 1930 illam
2287 1886 2342 1930 et
2373 1887 2582 1944 putem,
2615 1881 2836 1934 concide
2873 1882 3047 1934 omnia
3093 1883 3229 1951 ligna
3261 1885 3428 1948 utilia,

1860 1963 2142 2034 pra‘cidam
2169 1965 2280 2036 ipsa
2310 1967 2498 2022 robora
2521 1970 2726 2035 vitium,
2751 1980 2808 2024 ut
2837 1987 2939 2024 non
2969 1972 3052 2025 hic
3074 1973 3266 2028 habeas
3289 1975 3430 2043 quod

1858 2056 2096 2126 Colligas,
2125 2067 2321 2113 etcum
2348 2059 2523 2115 fecero
2551 2061 2646 2115 ista
2668 2104 2682 2127 ,
2713 2063 3014 2119 redditurus
3043 2080 3101 2119 es
3130 2065 3254 2118 mihi
3287 2067 3432 2119 Ialm-

1858 2163 1968 2201 rem
1998 2165 2194 2203 meum.
2232 2150 2418 2206 Nonne
2455 2153 2694 2208 insanum
2726 2155 2869 2209 illum
2898 2157 3134 2211 diceres?
3166 2174 3341 2213 nonne
3365 2160 3430 2234 il-

1858 2239 1967 2293 lum
1994 2240 2058 2294 de
2084 2241 2244 2296 domo
2271 2253 2354 2296 tua
2389 2247 2707 2314 repelleres,
2741 2257 3021 2318 antequam
3055 2250 3287 2304 mitteret
3316 2268 3429 2306 ma-

1858 2347 1982 2386 muu
2021 2333 2085 2387 ad
2121 2333 2347 2390 falcem?
2385 2333 2539 2393 Tales
2568 2351 2688 2394 sunt
2719 2340 2988 2406 homines,
3033 2345 3120 2413 qui
3165 2353 3220 2398 et
3260 2345 3430 2400 facere

1858 2425 2040 2478 volunt
2071 2425 2239 2490 mala,
2272 2438 2324 2482 et
2352 2427 2531 2496 jurare
2574 2429 2906 2485 mendacium
2927 2473 2943 2498 ,
2972 2444 3025 2487 et
3062 2434 3431 2504 blasphemare

1857 2523 2038 2568 contra
2069 2515 2263 2580 Deum,
2311 2529 2364 2572 et
2405 2535 2765 2587 murmurare,
2796 2532 2851 2577 et
2880 2522 3113 2579 fraudem
3144 2525 3349 2592 facere,
3378 2538 3432 2581 et

1858 2606 2125 2673 inebriari,
2155 2619 2207 2662 et
2237 2611 2470 2681 litigare,
2500 2622 2552 2668 et
2579 2615 2862 2669 adulterari
2886 2658 2898 2680 ,
2927 2628 2978 2671 et
3004 2618 3251 2688 ligaturas
3274 2621 3427 2674 adhi-

1856 2699 2003 2762 bere,
2027 2709 2080 2753 et
2105 2702 2178 2756 ire
2201 2703 2266 2756 ad
2289 2704 2581 2774 sortilegos,
2612 2716 2664 2760 et
2683 2707 2796 2761 dies
2817 2708 2984 2761 bonos
3009 2710 3207 2763 videre.
3235 2711 3430 2765 Dicitur

1857 2793 1928 2845 illi
1962 2809 1976 2845 :
2003 2792 2116 2846 Non
2148 2803 2294 2863 potes
2324 2796 2461 2850 male
2491 2797 2684 2851 faciens
2716 2815 2953 2868 qu_:erere
2994 2800 3184 2855 bonam
3225 2783 3449 2858 merce?

1856 2885 1998 2938 dem.
2035 2885 2091 2940 Si
2122 2897 2173 2939 tu
2207 2887 2429 2956 injustus
2456 2903 2544 2956 cs,
2587 2865 2812 2959 injustas
2853 2893 2954 2946 erit
2991 2902 3046 2947 et
3086 2893 3261 2947 Deus?
3290 2895 3430 2964 Ergo

1856 2977 1979 3045 quid
2011 2977 2236 3032 faciam?
2263 2979 2396 3044 Quid
2425 2981 2542 3035 vis?
2571 2980 2740 3036 Vitam
2778 2984 2926 3043 volo,
2954 2983 3069 3038 dies
3097 2985 3262 3054 bonos
3289 2987 3427 3040 volo.

1857 3067 2066 3123 Contine
2090 3069 2316 3140 linguam
2350 3080 2487 3124 tuam
2513 3089 2546 3125 a
2570 3073 2722 3138 malo,
2751 3083 2796 3126 et
2818 3075 2950 3129 labia
2972 3085 3057 3127 tua
3084 3092 3144 3128 ne
3163 3077 3433 3146 loquantur

1857 3160 2029 3214 delum
2058 3177 2076 3215 :
2106 3162 2154 3215 id
2182 3172 2284 3229 est,
2318 3163 2445 3217 nulli
2478 3164 2748 3230 fraudem,
2779 3166 2907 3220 nulli
2936 3167 3289 3221 mendacium.

1927 3253 2016 3309 19.
2063 3252 2212 3328 [εει-δ.
2392 3256 2496 3312 Sed
2536 3257 2664 3328 quid
2687 3269 2797 3326 cst,
2831 3259 3038 3313 Declina
3066 3277 3096 3311 α
3125 3260 3300 3314 malo?
3335 3261 3436 3315 Pan

1857 3361 1973 3402 rum
1999 3358 2082 3402 est
2110 3347 2236 3402 nulli
2277 3363 2501 3413 noceas,
2547 3350 2746 3404 nullum
2789 3351 3032 3417 occidas,
3071 3366 3174 3406 non
3216 3351 3430 3414 fureris,

1857 3453 1962 3492 non
1989 3438 2273 3505 adulteras,
2305 3455 2409 3494 non
2441 3439 2675 3495 fraudem
2707 3440 2866 3496 facias
2886 3484 2901 3508 ,
2929 3458 3033 3497 non
3065 3443 3250 3497 falsum
3280 3444 3431 3498 testi—

1857 3534 2093 3585 monium
2137 3532 2302 3586 dicas.
2350 3531 2563 3586 Declina
2600 3549 2631 3586 a
2669 3534 2803 3587 malo
2842 3549 2862 3588 :
2899 3549 3018 3588 cum
3063 3533 3430 3600 declinaveris,

1858 3624 1990 3679 dicis
2019 3641 2033 3680 :
2069 3625 2299 3680 Securus
2339 3641 2454 3679 sum
2477 3668 2490 3690 ,
2529 3625 2724 3695 perfeci
2761 3627 2936 3680 omnia
2959 3668 2972 3692 ,
3006 3626 3211 3680 habebo
3247 3627 3431 3691 vitam,

1857 3717 2047 3771 videbo
2082 3717 2196 3772 dies
2234 3718 2422 3772 bonos.
2458 3717 2572 3772 Non
2609 3719 2778 3773 solum
2810 3719 3004 3772 declina
3041 3735 3072 3770 a
3105 3719 3276 3782 malo;
3316 3719 3432 3784 sed,

1858 3793 1902 3863 et
1928 3814 2009 3880 fac
2035 3811 2236 3863 bonum.
2268 3809 2458 3864 Parum
2497 3820 2579 3863 est
2615 3819 2671 3863 ut
2711 3825 2814 3863 non
2843 3809 3140 3876 exspolies:
3171 3809 3299 3862 vesti
3332 3825 3432 3862 nu-

1859 3902 2004 3956 dum.
2032 3901 2088 3956 Si
2112 3917 2213 3954 non
2237 3903 2630 3971 exspoliaveris,
2655 3902 2926 3955 declinasti
2956 3916 2984 3954 a
3012 3901 3151 3954 malo
3177 3919 3188 3954 :
3215 3901 3306 3954 sed
3330 3918 3432 3955 non

1848 3993 2020 4048 facies
2049 3995 2245 4048 bonum
2265 4036 2278 4058 ,
2313 3994 2410 4047 nisi
2439 4010 2556 4047 cum
2584 3994 2912 4063 peregrinum
2944 3994 3239 4062 susceperis
3267 3994 3317 4046 in
3343 3995 3438 4047 do-

1843 4103 2003 4149 ,mum
2031 4098 2190 4142 tuam.
2220 4089 2357 4164 Ergo
2383 4088 2459 4140 sic
2484 4085 2688 4142 declina
2710 4102 2738 4139 a
2764 4085 2923 4152 malo,
2954 4096 3009 4138 ut
3036 4085 3192 4139 facias
3217 4086 3434 4140 bonmn.

1865 4180 2045 4246 Qutere
2071 4195 2262 4250 pacem,
2294 4189 2341 4232 et
2368 4195 2570 4249 sequere
2597 4195 2723 4231 eam.
2757 4177 2869 4232 Non
2905 4177 2994 4231 tibi
3025 4177 3186 4241 dixit,
3221 4177 3438 4232 habebis

1862 4271 1947 4326 hic
1974 4286 2153 4340 pacem
2187 4288 2199 4323 :
2231 4287 2410 4342 quatre
2439 4271 2577 4325 illam
2599 4314 2612 4333 ,
2647 4281 2697 4324 ct
2729 4285 2949 4340 sequere
2983 4286 3120 4325 eam.
3151 4271 3436 4338 Qtto'illalll

1860 4361 2091 4433 Sequor?
2119 4363 2232 4430 Quo
2255 4361 2540 4431 prmcessit.
2571 4361 2823 4415 Dominus
2847 4357 2984 4415 enim
3009 4371 3090 4415 est
3116 4378 3212 4430 pax
3236 4371 3434 4424 nostra,

1861 4455 2152 4510 resurrexit
2177 4464 2229 4509 et
2254 4454 2491 4510 ascendit
2522 4455 2570 4508 in
2599 4455 2815 4510 cmlum.
2850 4456 3028 4520 Quwre
3048 4470 3218 4524 pacem
3238 4494 3254 4518 ,
3285 4462 3330 4507 et
3356 4471 3437 4506 sc-

1861 4565 2008 4619 quere
2043 4549 2185 4602 illam
2211 4565 2230 4602 :
2259 4547 2379 4618 quia
2408 4557 2462 4602 et
2491 4556 2544 4601 tu
2573 4562 2692 4601 cum
2722 4547 3044 4606 surrexeris.
3081 4544 3181 4598 hoc
3215 4544 3440 4599 mortale

1863 4639 2153 4694 mutabitur
2171 4680 2184 4704 ,
2212 4649 2266 4693 et
2288 4638 2625 4707 amplecteris
2653 4653 2836 4708 pacem
2855 4678 2870 4702 ,
2899 4636 2984 4690 ubi
3016 4636 3109 4689 tibi
3139 4649 3294 4688 nemo
3320 4651 3438 4687 mo-

1865 4733 2028 4788 lestus
2053 4731 2172 4786 erit.
2203 4731 2275 4786 lbi
2301 4732 2441 4786 enim
2469 4739 2551 4786 est
2577 4731 2804 4800 perfecta
2835 4745 2954 4798 pax,
2979 4727 3070 4781 ubi
3088 4742 3190 4781 non
3211 4727 3434 4781 esuries.

1863 4825 1992 4879 Nam
2039 4823 2124 4880 hic
2167 4824 2256 4877 tibi
2305 4838 2484 4893 pacem
2525 4822 2647 4877 facit
2675 4821 2864 4889 panis:
2893 4819 3094 4873 subdue
3135 4833 3353 4885 panem,
3385 4828 3440 4873 et

1865 4918 1982 4972 vide
1999 4919 2151 4988 quale
2172 4917 2367 4971 bellum
2390 4917 2490 4970 erit
2513 4917 2646 4968 intra
2669 4917 2868 4967 viscera
2894 4923 2999 4964 tua.
3031 4911 3130 4979 Ipsi
3156 4913 3281 4980 justi
3305 4927 3439 4982 quo-

1864 5011 2022 5065 modo
2049 5018 2265 5080 gemunt
2305 5009 2388 5062 hic
2407 5049 2423 5074 ,
2461 5005 2684 5062 fratres?
2713 5015 2772 5058 ut
2798 5003 2980 5058 sciatis
3001 5003 3120 5073 quia
3152 5003 3439 5073 qumrimus

1867 5105 1952 5160 hic
1979 5120 2160 5174 pacem
2178 5145 2190 5165 .
2217 5115 2601 5170 consequemur
2627 5107 2802 5152 autem
2835 5096 2886 5149 iu
2916 5097 3036 5150 line.
3068 5095 3173 5150 Sed
3200 5112 3265 5152 ex
3289 5106 3443 5166 parte

1864 5199 1950 5255 hic
1977 5199 2284 5261 habeamus,
2311 5205 2366 5248 ut
2391 5211 2453 5249 ex
2484 5203 2594 5246 toto
2620 5191 2725 5246 illic
2745 5189 2939 5244 habere
2965 5205 3280 5244 mereamur.
3303 5189 3438 5255 Quid

1863 5305 1964 5360 est,
1993 5309 2056 5350 ex
2092 5291 2274 5362 parte?
2303 5287 2604 5344 Concordes
2629 5287 2794 5340 simus
2824 5283 2928 5347 hir,
2957 5281 3234 5352 diligamus
3264 5281 3442 5351 proxi-

1863 5403 2007 5441 mum
2034 5382 2300 5454 quomodo
2330 5394 2446 5433 nos.
2490 5378 2576 5433 Sic
2615 5376 2774 5446 dilige
2813 5373 3026 5428 fratrem
3063 5372 3328 5444 quomodo
3358 5381 3440 5424 te-

1864 5479 2069 5547 ipsum,
2103 5473 2238 5528 habe
2272 5487 2390 5527 cum
2429 5470 2520 5526 illo
2554 5483 2754 5547 pacem.
2788 5465 2893 5521 Sed
2937 5482 3040 5519 non
3079 5473 3300 5535 possunt
3339 5462 3438 5516 nisi

1863 5571 2092 5625 existere
2122 5567 2249 5620 rixae
2278 5565 2464 5633 aliquae
2485 5604 2501 5628 ,
2533 5558 2796 5630 quomodo
2837 5560 2974 5612 inter
3003 5556 3194 5610 fratres
3207 5564 3275 5609 -ct
3303 5553 3440 5607 inter

1865 5669 2076 5717 sanctos
2102 5661 2434 5720 exstiterunt,
2467 5656 2602 5708 inter
2630 5652 2921 5708 Barnabam
2960 5657 3015 5704 et
3053 5647 3267 5702 Paulum
3303 5644 3438 5714 (Act.

1865 5771 1962 5822 xv,
1995 5755 2086 5819 59)
2115 5771 2128 5807 :
2158 5752 2250 5806 sed
2282 5765 2383 5805 non
2414 5766 2532 5818 qua:
2571 5746 2875 5802 occiderent
2920 5741 3254 5797 concordiam
3274 5779 3290 5805 ,
3329 5753 3438 5793 non

1866 5862 1986 5916 quae
2005 5841 2372 5907 iutctimcrent
2395 5840 2725 5900 charitatcm.
2754 5836 2883 5902 Nam
2908 5841 2962 5890 et
2989 5832 3081 5888 tibi
3107 5830 3208 5903 ipsi
3235 5829 3444 5886 resistis
