3972 6198
524 351 630 410 319

521 462 822 536 aliquando.
855 469 908 515 et
933 468 1103 512 tamen
1136 468 1240 511 non
1269 463 1322 510 te
1348 453 1524 508 odisti.
1552 450 1736 508 Omnis
1761 453 1900 508 enim
1928 467 2085 522 quem

524 557 741 625 panitet
764 550 992 620 aliquid,
1023 547 1221 603 rixatur
1250 561 1450 602 secum.
1482 543 1755 609 Peccavit,
1784 543 1950 607 redit,
1982 541 2089 596 ira-

521 649 686 704 scitur
711 642 1018 713 sibimetipsi
1053 641 1152 695 hoc
1177 639 1370 695 feciSse
1387 679 1402 702 ,
1429 637 1555 692 illud
1581 635 1972 691 commisisse‘.
1999 633 2092 688 Ri-

521 752 640 792 xam
668 750 793 804 ergo
818 746 996 788 secum
1028 731 1217 796 habet,
1257 728 1350 786 sed
1392 729 1488 782 ista
1524 727 1634 781 rixa
1664 726 1727 780 ad
1755 723 2086 780 concordiam

519 827 704 883 tendit.
735 825 864 880 Vide
892 822 1159 895 quomodo
1184 836 1362 876 secum
1388 821 1606 884 rixetur,
1639 827 1692 873 et
1715 818 1854 872 dicat
1877 815 2087 887 quidam

511 918 686 990 justus
714 935 726 971 :
757 916 922 982 Quare
947 915 1100 968 tristis
1127 930 1197 980 es,
1226 911 1395 964 anima
1416 926 1545 972 mea,
1577 918 1622 962 et
1651 924 1804 977 quare
1827 904 2091 960 conturbas

519 1010 636 1063 me?
666 1007 832 1076 Spera
856 1007 907 1059 in
935 1005 1224 1068 Dominum,
1253 1000 1487 1071 quoniam
1516 999 1681 1051 adhuc
1709 995 1979 1064 conﬁtebor
2014 994 2089 1047 illi

521 1099 691 1172 (Psal.
715 1115 817 1153 xw
837 1140 851 1163 ,
884 1098 960 1165 5).
987 1095 1119 1150 Cum
1156 1094 1283 1148 dicit
1308 1092 1497 1145 animae
1521 1105 1630 1144 sua:
1651 1131 1666 1155 ,
1702 1088 1868 1155 Quare
1890 1096 2090 1140 contur-

517 1191 605 1245 bas
629 1189 742 1256 ine;
771 1192 948 1258 utique
976 1185 1216 1240 turbabat
1243 1184 1410 1238 illum.
1441 1180 1662 1235 Volebat
1691 1179 1822 1233 forte
1847 1178 1958 1246 ipse
1981 1177 2089 1246 pati

517 1296 616 1351 pro
637 1280 864 1344 Christo,
889 1286 943 1332 ct
964 1276 1136 1330 anima
1163 1275 1326 1344 ipsius
1349 1271 1775 1328 contristabatur.
1800 1269 1866 1323 Et
1888 1267 1974 1323 ille
1999 1267 2089 1337 qui

517 1372 716 1427 sciebat
741 1378 794 1426 et
819 1369 1042 1431 dicebat,
1072 1367 1238 1433 Quare
1261 1364 1414 1418 tristis
1436 1380 1508 1429 es,
1535 1363 1703 1416 anima
1722 1377 1850 1428 mea,
1874 1370 1918 1415 et
1937 1375 2091 1430 quare

516 1461 783 1516 conturbas
812 1477 890 1512 me
905 1475 924 1524 ;
957 1473 1135 1528 pacem
1162 1456 1335 1510 adhuc
1357 1470 1534 1510 secum
1566 1469 1672 1507 non
1697 1452 1926 1508 habebat
1951 1469 1966 1504 :
1995 1449 2090 1506 sed

517 1569 584 1608 ex
609 1561 782 1606 mente
812 1550 1045 1605 hmrebat
1067 1549 1297 1610 Christo,
1325 1557 1383 1601 ut
1410 1555 1718 1617 sequeretur
1745 1545 1890 1598 illum
1917 1544 2088 1598 anima

517 1647 633 1718 ejus
652 1689 666 1712 ,
695 1655 749 1701 et
776 1661 879 1700 non
899 1645 1050 1704 illum
1079 1642 1433 1697 conturbaret.
1467 1639 1607 1708 Ergo
1631 1637 1852 1708 quatrite
1881 1651 2086 1707 pacem,

515 1739 724 1794 fratres.
751 1738 1001 1792 Dominus
1021 1734 1151 1789 dixit
1175 1753 1188 1789 :
1217 1732 1340 1787 Hazc
1365 1733 1542 1796 loquor
1562 1730 1696 1784 vobis
1713 1769 1727 1796 ,
1755 1738 1809 1782 ut
1832 1730 1884 1782 in
1902 1744 1978 1781 me
1997 1727 2090 1780 Ita-

517 1831 670 1886 beatis
697 1845 886 1897 pacem.
916 1826 1102 1881 Parem
1127 1827 1180 1879 in
1207 1835 1337 1878 terra
1362 1823 1498 1877 vobis
1525 1839 1624 1875 non
1651 1821 1882 1892 promitto
1908 1819 2087 1889 (Joan.

513 1936 600 1978 xvi
623 1966 636 1988 ,
666 1923 774 1991 '53).
805 1921 858 1975 ln
890 1921 987 1976 ista
1017 1921 1116 1974 vita
1147 1934 1246 1986 pax
1280 1931 1400 1971 vera
1431 1930 1534 1970 non
1565 1923 1666 1978 est,
1698 1929 1798 1969 nec
1827 1913 2089 1983 tranquil-

513 2016 653 2070 litas.
699 2015 958 2071 Gaudium
1002 2008 1442 2074 immortalitatis,
1491 2007 1718 2062 societas
1767 2005 2085 2076 Angelorum

513 2107 856 2178 promittitur.
885 2104 989 2160 Sed
1016 2101 1252 2173 quisquis
1279 2117 1384 2156 non
1414 2100 1553 2154 illam
1583 2113 1704 2153 cum
1735 2097 1820 2152 hic
1840 2107 1920 2152 cst
1939 2113 2084 2168 qure-

511 2181 681 2258 sierit.
713 2211 817 2251 non
849 2195 991 2250 illam
1017 2183 1373 2270 babebit'cum
1405 2192 1625 2246 venerit.

582 2287 672 2342 20.
702 2285 723 2358 [
760 2302 885 2340 vers.
905 2285 988 2340 16.
1013 2282 1033 2356 j
1064 2283 1212 2338 Oculi
1232 2283 1439 2338 Domini
1451 2298 1600 2352 super
1613 2283 1801 2352 justas.
1828 2280 1943 2336 Noli
1961 2296 2088 2352 ergo

513 2379 719 2444 timere,
744 2378 922 2433 labora
952 2379 972 2409 ¹
1004 2393 1018 2430 :
1049 2377 1184 2430 oculi
1212 2375 1418 2429 Domini
1434 2389 1591 2443 super
1609 2382 1661 2428 te
1681 2381 1822 2427 sunt.
1847 2372 1912 2426 Et
1933 2388 2082 2427 aures

511 2471 622 2542 ejus
649 2469 716 2523 ad
757 2484 924 2540 preces
972 2483 1162 2522 eorum.
1193 2465 1328 2531 Quid
1356 2465 1434 2519 vis
1460 2464 1719 2534 amplius?
1743 2464 1800 2519 Si
1843 2479 2085 2518 murmu-

509 2571 713 2619 rantem
735 2576 947 2616 servum
977 2559 1028 2612 in
1061 2557 1217 2613 domo
1237 2571 1422 2626 magna
1467 2570 1572 2610 non
1623 2555 1831 2609 audiret
1854 2553 2085 2624 paterfa-

511 2652 702 2715 milias,
753 2657 1086 2721 quereretur,
1125 2655 1178 2702 et
1224 2645 1462 2702 diceret:
1493 2645 1694 2711 Quanta
1726 2644 1810 2698 hic
1836 2643 2079 2713 patimur,

506 2753 564 2800 et
593 2757 748 2798 nemo
793 2757 891 2796 nos
935 2738 1117 2795 audit!
1174 2735 1437 2808 Numquid
1489 2735 1622 2791 dicis
1666 2734 1793 2789 illud
1823 2735 1889 2789 de
1923 2734 2079 2790 Deo:

507 2837 713 2903 Quanta
746 2835 935 2906 patior,
977 2841 1032 2889 et
1075 2847 1234 2888 nemo
1291 2847 1377 2887 me
1405 2829 1670 2884 audit?Si
1718 2828 1924 2884 audiret
1972 2843 2079 2893 me,

508 2929 644 2982 forte
672 2926 825 2987 dicis.
886 2925 1096 2979 tolleret
1146 2922 1274 2978 mibi
1320 2921 1707 2976 tribulationem
1741 2921 1972 2986 :clamo,
2030 2929 2084 2974 et

519 3019 763 3073 tribulor.
793 3016 1019 3072 Tantum
1064 3024 1120 3072 tu
1149 3024 1272 3071 tene
1297 3015 1408 3068 vias
1428 3014 1561 3084 ejus,
1590 3023 1644 3068 et
1662 3012 1888 3083 ‘quando
1918 3013 2083 3068 tribu-

505 3111 632 3166 laris
650 3109 882 3164 auditte.
907 3107 1010 3164 Sed
1041 3108 1281 3163 medicus
1328 3114 1430 3172 est,
1490 3105 1661 3161 adhuc
1711 3114 1861 3175 putre
1915 3104 2078 3160 habes

504 3201 686 3258 nescio
710 3199 857 3272 quid.
886 3199 1096 3254 Clamas
1124 3216 1137 3251 :
1169 3197 1262 3252 sed
1312 3196 1485 3252 adhuc
1511 3205 1654 3252 secat
1683 3213 1698 3263 ;
1729 3206 1783 3251 et
1809 3212 1913 3250 non
1941 3196 2078 3252 tollit

505 3309 741 3357 manum,
768 3291 869 3346 nisi
917 3289 1145 3345 secuerit
1179 3297 1434 3359 quantum
1464 3287 1692 3343 videtur.
1726 3287 1932 3342 Etenim
1963 3301 2079 3341 me-

504 3384 656 3439 dicus
705 3379 935 3437 crudelis
963 3387 1044 3434 est
1091 3379 1180 3449 qui
1224 3378 1443 3434 exaudit
1487 3377 1781 3444 hominem,
1827 3385 1880 3432 et
1908 3377 2078 3447 parcit

503 3475 711 3531 vulneri
743 3485 793 3530 et
813 3472 1095 3544 putredini.
1124 3471 1317 3526 Matres
1341 3470 1608 3540 quomodo
1652 3470 1844 3525 fricant
1885 3471 1935 3524 in
1965 3471 2077 3525 bal-

503 3567 619 3622 neis
634 3565 698 3620 ad
727 3564 949 3618 salutem
979 3562 1115 3617 filios
1143 3561 1166 3616 ἳ
1204 3560 1389 3616 Nonne
1431 3560 1632 3631 parvuli
1669 3562 1902 3615 clamant
1937 3561 2080 3616 inter

501 3657 690 3711 manus
717 3669 897 3710 earum
923 3654 948 3708 Ἰ
973 3653 1079 3708 Illas
1125 3667 1251 3724 ergo
1300 3651 1542 3707 crudeles
1567 3659 1708 3718 sunt,
1742 3660 1798 3706 ut
1824 3666 1928 3707 non
1960 3667 2079 3722 par-

497 3757 643 3814 cant,
698 3763 802 3802 non
850 3744 1135 3801 exaudiant
1171 3744 1474 3816 lacrymas?
1501 3742 1688 3798 Nonne
1731 3743 1902 3814 plena:
1953 3751 2076 3797 sunt

501 3840 695 3910 pietate
719 3838 743 3892 ?
786 3837 852 3892 Et
868 3845 1044 3892 tamen
1065 3835 1296 3891 clamant
1312 3835 1480 3906 pueri,
1511 3843 1565 3890 et
1590 3850 1694 3889 non
1715 3835 1794 3889 eis
1817 3833 2070 3902 parcitur.
2117 3864 2129 3875 ο

497 3931 587 3986 Sic
613 3938 669 3984 et
693 3929 828 3984 Deus
841 3937 1018 3983 noster
1040 3926 1226 3998 plenus
1249 3933 1332 3981 est
1353 3925 1612 3981 cbaritate
1632 3942 1644 3978 :
1664 3923 1758 3979 sed
1787 3922 1904 3978 ideo
1923 3921 2072 3979 vide-

501 4032 586 4078 tur
610 4036 716 4076 non
742 4019 1014 4084 exaudire,
1043 4027 1102 4074 ut
1125 4025 1276 4074 sanet
1294 4025 1350 4073 et
1377 4024 1558 4088 parcat
1587 4015 1639 4070 in
1659 4015 2065 4085 sempiternum.

569 4113 660 4168 21.
692 4110 715 4184 [
740 4126 867 4165 vers.
897 4110 983 4164 i7.
1013 4108 1036 4182 ]
1065 4108 1212 4164 Oculi
1231 4107 1440 4162 Domini
1480 4122 1634 4177 super
1648 4108 1838 4178 justas,
1865 4114 1912 4160 et
1926 4099 2074 4160 aures

499 4205 608 4272 eius
622 4205 689 4256 ad
710 4216 877 4272 preces
896 4215 1086 4254 eorum.
1109 4199 1270 4254 Forte
1287 4198 1469 4254 dicunt
1488 4197 1610 4252 mali
1637 4215 1650 4252 :
1685 4196 1824 4267 Ergo
1845 4211 2067 4252 securus

500 4296 637 4352 facio
653 4293 811 4360 mala,
837 4291 960 4363 quia
1008 4305 1118 4345 non
1158 4305 1320 4359 super
1359 4305 1446 4345 me
1471 4296 1596 4345 sunt
1619 4288 1758 4343 oculi
1818 4287 2025 4342 Domini
2054 4305 2069 4342 :

493 4391 606 4463 jam
633 4389 769 4444 Detts
794 4384 860 4442 ad
882 4385 1054 4455 justas
1077 4380 1320 4449 attendit,
1373 4395 1458 4436 me
1488 4396 1590 4435 non
1614 4379 1777 4446 videt,
1828 4387 1884 4434 ct
1922 4377 2075 4462 quid-

499 4480 625 4552 quid
651 4479 847 4544 fecero,
878 4472 1280 4533 securusfacio.
1307 4474 1492 4528 Statim
1522 4473 1748 4543 subjecit
1777 4471 1963 4527 videns
1979 4486 2074 4526 co-

499 4575 781 4646 gitationes
814 4571 1088 4627 hominum
1134 4566 1361 4638 Spiritus
1410 4575 1645 4629 sanctus,
1690 4574 1744 4621 et
1773 4565 1846 4620 ait
1878 4581 1892 4618 :
1923 4563 2074 4620 Oculi

500 4664 706 4720 Domini
732 4680 884 4732 super
893 4664 1082 4734 justas,
1103 4671 1149 4716 et
1165 4675 1311 4714 aures
1330 4659 1440 4724 eius
1454 4657 1521 4711 ad
1533 4674 1701 4726 preces
1716 4674 1888 4712 eorum
1918 4672 1936 4712 :
1961 4659 2074 4711 vul-

502 4765 583 4810 tus
607 4766 773 4809 autem
796 4753 1004 4809 Domini
1045 4766 1199 4823 super
1245 4749 1481 4818 facientes
1511 4749 1666 4814 mala,
1697 4757 1752 4801 ut
1781 4751 1957 4818 perdat
2005 4748 2067 4803 de

502 4857 637 4902 terra
662 4846 951 4900 memoriam
979 4859 1171 4898 eorum.

567 4937 658 4993 22.
676 4933 841 5010 [vers.
866 4935 954 4992 18.
982 4932 1376 5008 ]Clamaverunt
1395 4931 1545 5002 justi,
1574 4940 1619 4985 et
1643 4928 1891 4985 Dominus
1917 4945 2073 4984 exau-

496 5030 621 5086 divit
648 5045 752 5096 eos,
781 5038 829 5082 et
857 5043 918 5083 ea:
947 5027 1173 5081 omnibus
1193 5024 1595 5081 tribulationibus
1619 5039 1791 5077 eorum
1814 5023 1943 5076 eruit
1965 5038 2068 5076 eos.

501 5120 640 5178 Justi
665 5127 818 5174 erant
857 5126 970 5173 tres
1022 5117 1170 5187 pueri
1217 5115 1329 5172 :de
1359 5115 1568 5170 camino
1607 5113 1970 5169 clamaverunt
2003 5111 2071 5166 ad

501 5211 803 5275 Dominum,
845 5217 901 5262 et
936 5207 989 5262 in
1045 5205 1289 5262 laudibus
1334 5220 1516 5261 eorum
1556 5204 1703 5275 ignes
1754 5201 2066 5274 friguerunt.

496 5302 766 5363 Accedere
788 5309 844 5357 et
862 5299 1054 5356 laedere
1069 5298 1278 5354 ﬂamma
1301 5312 1407 5353 non
1429 5297 1596 5368 potuit
1616 5295 1887 5352 laudantes
1904 5295 2066 5350 Deum

499 5397 808 5452 innocentes
834 5400 888 5448 et
908 5391 1080 5462 justas
1127 5404 1343 5462 pueros,
1371 5399 1426 5445 et
1450 5390 1586 5444 eruit
1620 5403 1713 5444 eos
1741 5389 1810 5444 de
1859 5388 2071 5443 ﬂamma

496 5487 521 5562 (
550 5482 692 5542 Dan.
717 5499 794 5550 ut,
825 5483 899 5540 49
926 5481 968 5555 ).
993 5481 1132 5536 Dicit
1155 5480 1365 5552 aliquis,
1394 5480 1532 5536 Ecce
1560 5496 1681 5535 vere
1696 5479 1826 5550 justi
1855 5479 1941 5549 qui
1973 5493 2069 5533 ex—

503 5579 668 5636 auditi
695 5586 837 5644 sunt,
863 5575 999 5631 sicut
1033 5573 1288 5644 scriptum
1317 5582 1420 5637 est,
1450 5571 1800 5629 Clamaverunt
1833 5571 1981 5642 justi,
2025 5580 2070 5625 et
2147 5630 2154 5634 ,

560 5698 577 5729 ⁸
611 5703 787 5744 mines
808 5691 914 5742 fere
939 5697 1066 5748 Mss,
1100 5701 1176 5739 me
1199 5686 1285 5738 hoc
1308 5685 1492 5750 fecisse,
1517 5698 1592 5737 me
1614 5681 1737 5734 illud
1759 5678 2063 5740 commisisse,

494 5757 545 5820 ἀ,
564 5770 658 5820 non
678 5753 873 5806 dicitur.
901 5751 1071 5820 [ticam
1091 5763 1223 5814 ergo,
1245 5757 1338 5820 etc.

559 5803 946 5884 ίῖλιιὲῇᾱόιίιδεη
973 5803 1170 5866 tabam;
1213 5803 1319 5876 ζιιιι,
1345 5811 1576 5863 laborans.
1602 5805 1815 5870 Quidam,
1840 5803 2062 5856 laborem.

1760 339 1816 398 S.
1858 338 2218 398 AUGUSTINI
2259 341 2558 401 EPISCOPI

3657 351 3768 408 320

2195 473 2444 534 Dominus
2470 479 2722 535 exaudivit
2772 497 2878 549 eos,
2907 491 2953 536 ct
2997 498 3058 538 ex
3099 482 3324 537 omnibus
3363 482 3774 538 tribulationibus

2194 585 2366 624 eorum
2393 572 2520 624 eruit
2545 588 2627 627 eos
2644 587 2665 625 :
2684 588 2781 644 ego
2810 585 2984 630 autem
3002 576 3240 639 clamavi,
3262 584 3317 629 et
3342 590 3444 629 non
3464 591 3546 630 me
3571 577 3710 630 eruit
3745 593 3766 640 ;

2193 671 2286 718 aut
2305 679 2403 734 ego
2431 680 2533 720 non
2563 666 2881 735 sumjnstus,
2907 679 3114 724 antnon
3142 669 3275 723 facio
3302 685 3418 740 qua:
3451 669 3775 737 nnliijubet.

2193 762 2286 808 aut
2305 753 2440 810 forte
2468 772 2552 812 me
2579 758 2668 814 ille
2719 776 2823 815 non
2855 761 3012 816 videt.
3063 759 3181 815 Noli
3211 761 3417 827 timere,
3459 771 3660 815 tantum
3690 762 3778 814 fac

2194 848 2337 917 quod
2360 849 2546 920 jubet;
2573 862 2627 906 et
2654 853 2763 907 site
2789 869 2890 907 non
2913 855 3432 923 eruitcorporaliter.
3459 864 3610 908 eruet
3655 856 3775 922 spi-

2196 941 2472 997 ritualiter.
2503 942 2595 999 Ille
2627 945 2767 999 enim
2790 945 2878 1015 qui
2910 947 3029 1000 tulit
3053 945 3120 1000 de
3161 945 3370 999 ﬂamma
3399 955 3504 999 tres
3536 960 3754 1014 pueros,

2194 1036 2446 1105 numquid
2479 1038 2596 1090 tulit
2626 1036 2692 1091 de
2744 1035 2953 1090 ﬂamma
2997 1036 3324 1090 Machabaans
3345 1035 3368 1088 ?
3388 1034 3572 1089 Nonne
3604 1033 3678 1088 illi
3711 1035 3764 1088 in

2195 1127 2400 1198 ignibus
2451 1128 2854 1199 bymnizabant,
2911 1128 2980 1183 illi
3045 1129 3095 1182 in
3146 1129 3354 1197 ignibus
3421 1126 3766 1194 exsitirabant

2193 1221 2212 1288 (
2242 1220 2282 1274 ll
2311 1219 2573 1282 ΜαεΙι.γι,
2602 1219 2676 1290 5)
2705 1219 2727 1272 ?
2757 1221 2893 1273 Deus
2919 1221 3073 1273 trium
3111 1233 3410 1288 puerorum,
3442 1234 3616 1271 nonne
3647 1219 3763 1283 ipse

2192 1321 2276 1366 est
2295 1320 2348 1366 et
2367 1311 2783 1365 Machabmorum
2807 1313 2829 1364 ?
2856 1311 2980 1365 Illos
3020 1312 3177 1376 eruit,
3209 1322 3263 1364 et
3301 1311 3417 1364 illos
3447 1324 3548 1362 non
3572 1310 3712 1363 eruit
3745 1324 3762 1370 ;

2192 1403 2300 1458 imo
2323 1412 2571 1470 uerSque
2596 1404 2763 1456 eruit:
2795 1402 2886 1458 sed
2929 1413 3036 1456 tres
3085 1417 3275 1471 pueros
3311 1401 3390 1456 sic
3433 1402 3594 1464 eruit,
3619 1408 3681 1452 ut
3709 1411 3767 1453 et

2192 1495 2432 1550 carnales
2475 1493 2964 1556 confunderentur;
2997 1491 3326 1546 Machabznos
3397 1499 3575 1544 autem
3637 1488 3766 1543 ideo

2194 1603 2298 1643 non
2319 1588 2397 1643 sic
2423 1587 2580 1650 eruit,
2625 1595 2680 1640 ut
2733 1586 2804 1640 illi
2859 1586 2946 1654 qui
2982 1585 3434 1655 persequebantur
3465 1582 3516 1635 in
3575 1597 3769 1648 pmnas

2191 1681 2420 1750 majores
2443 1680 2598 1747 irent,
2623 1694 2740 1734 cum
2788 1678 3038 1746 putabant
3079 1692 3136 1730 se
3188 1673 3516 1742 oppressisse
3563 1682 3773 1742 many--

2191 1787 2279 1826 res
2305 1771 2417 1826 Dei.
2448 1769 2601 1824 Eruit
2646 1770 2880 1832 Pettnm,
2911 1766 3120 1838 quando
3143 1767 3286 1820 venit
3313 1765 3378 1818 ad
3409 1765 3554 1818 illum
3598 1771 3772 1832 ange-

2191 1862 2292 1927 lus,
2319 1876 2438 1916 cum
2465 1869 2607 1915 esset
2633 1861 2682 1914 in
2704 1859 2946 1923 vinculis,
2969 1860 3019 1911 e't
3048 1858 3122 1910 ait
3143 1857 3236 1920 illi,
3267 1853 3452 1926 Surge,
3484 1865 3527 1908 et
3554 1855 3636 1908 exi
3664 1870 3683 1906 :
3716 1863 3772 1907 et

2191 1953 2365 2006 subito
2393 1951 2562 2006 soluta
2587 1961 2711 2004 sunt
2731 1949 2955 2014 vincula,
2985 1957 3038 2002 et
3058 1957 3270 2002 secutus
3295 1957 3378 2001 est
3403 1946 3671 2016 angelum,
3707 1956 3767 2000 et

2190 2046 2328 2100 eruit
2357 2044 2500 2098 illum
2531 2042 2551 2116 (
2581 2044 2690 2097 Act.
2723 2059 2814 2108 xu,
2841 2041 2940 2113 7).
2967 2039 3232 2111 Numquid
3272 2041 3460 2095 Petrus
3511 2039 3770 2108 perdide-

2189 2148 2272 2193 rat
2291 2137 2569 2208 justitiam,
2598 2136 2808 2208 quando
2836 2151 2938 2189 non
2987 2135 3131 2189 illum
3159 2134 3294 2188 eruit
3322 2132 3388 2187 de
3413 2149 3568 2186 cruce
3593 2131 3618 2184 ἲ
3647 2131 3770 2185 Non

2188 2231 2324 2286 eruit
2350 2230 2514 2284 tunc?
2539 2231 2604 2283 Et
2629 2229 2768 2284 eruit
2793 2239 2934 2282 tunc.
2970 2229 3051 2283 An
3081 2227 3197 2282 ideo
3229 2223 3319 2280 diu
3344 2226 3493 2289 vixit,
3527 2235 3583 2279 ut
3611 2225 3768 2294 inju-

2189 2334 2301 2378 stus
2329 2325 2518 2379 fieret?
2543 2322 2702 2377 Forte
2747 2323 2863 2392 plus
2897 2316 3016 2376 eum
3064 2319 3333 2374 exaudivit
3375 2329 3557 2388 postea
3598 2333 3771 2386 quam

2191 2415 2354 2484 prius,
2385 2414 2593 2483 quando
2616 2413 2760 2467 illum
2792 2427 2917 2467 vere
2945 2411 3010 2466 dc
3039 2411 3284 2465 omnibus
3311 2411 3575 2480 pressuris
3598 2411 3769 2463 eruit.

2188 2504 2317 2558 Nam
2344 2503 2557 2573 quando
2580 2504 2803 2573 primunt
2831 2501 2977 2556 illum
3020 2501 3180 2566 eruit,
3207 2512 3397 2571 quanta
3421 2501 3509 2555 ille
3543 2502 3772 2569 pertulit

2189 2605 2368 2666 postea
2398 2595 2410 2649 !
2445 2595 2571 2650 Illuc
2614 2595 2754 2650 enim
2789 2594 3149 2665 misitpostea,
3201 2593 3288 2652 ubi
3336 2591 3464 2646 nihil
3507 2592 3771 2663 malipati

2188 2687 2463 2758 potuisset.

2257 2778 2346 2833 25.
2379 2776 2545 2850 [vers.
2575 2778 2661 2844 i9,
2683 2777 2772 2832 ΞΟ.
2809 2775 2821 2850 1
2847 2775 3006 2831 Juxta
3027 2785 3097 2830 est
3127 2774 3368 2829 Dominus
3397 2775 3474 2828 his
3502 2775 3588 2844 qui
3607 2775 3773 2828 obtri-

2185 2883 2360 2928 verunt
2386 2888 2491 2936 cor,
2518 2883 2563 2926 et
2591 2872 2801 2926 Immites
2824 2870 3004 2940 spiritu
3057 2870 3220 2924 salvos
3269 2868 3438 2938 faciet.
3497 2868 3654 2922 Altus
3677 2879 3769 2924 est

2191 2966 2348 3030 Deus,
2381 2965 2593 3019 humilis
2620 2965 2690 3018 sit
2730 2963 3067 3018 Christianus.
3106 2962 3161 3016 Si
3191 2962 3302 3016 vult
3346 2971 3404 3015 ιιι
3447 2963 3586 3014 altus
3617 2961 3768 3016 Deus

2184 3059 2442 3113 vicinetur
2463 3056 2554 3120 illi,
2585 3055 2670 3110 ille
2692 3054 2903 3134 humilis
2923 3054 3010 3108 sit.
3039 3052 3218 3123 Magna
3247 3052 3522 3124 mysteria,
3543 3051 3767 3106 fratres.

2186 3149 2327 3204 Deus
2350 3163 2510 3219 super
2537 3147 2710 3202 omnia
2739 3155 2821 3202 est
2852 3165 2867 3202 :
2897 3145 3056 3217 erigis
3082 3155 3152 3207 te.
3171 3155 3226 3200 et
3257 3146 3521 3200 nonillmn
3541 3146 3716 3215 tangis
3749 3163 3767 3201 :

2185 3240 2430 3296 humilias
2458 3249 2528 3306 te,
2559 3251 2611 3295 et
2627 3237 2738 3308 ipse
2761 3238 2827 3293 ad
2855 3249 2906 3294 te
2951 3237 3240 3292 desrendit.
3274 3236 3452 3290 Multa:
3475 3237 3770 3290 tribulatio-

2185 3351 2271 3388 nes
2305 3334 2581 3405 justorum.
2629 3329 2889 3400 Numquid
2939 3328 3265 3384 dicit:ldeo
3315 3328 3422 3381 sint
3469 3325 3767 3382 Christiani

2176 3424 2328 3495 justi,
2357 3423 2477 3479 ideo
2500 3423 2713 3477 audiant
2740 3421 2960 3476 verbum
3001 3436 3195 3482 meum,
3221 3429 3279 3474 ut
3300 3419 3434 3473 nihil
3464 3419 3771 3472 tribulatio-

2186 3519 2268 3572 nis
2297 3517 2561 3587 patiantur
2587 3515 2610 3568 ?
2647 3513 2760 3568 Non
2789 3513 2888 3568 hoc
2916 3512 3172 3582 promittit
3201 3528 3215 3574 ;
3254 3511 3347 3566 sed
3369 3511 3496 3565 dicit
3529 3529 3541 3564 :
3579 3509 3768 3565 Multae

2183 3605 2524 3662 tribulationes
2569 3606 2846 3676 justorum.
2877 3603 3038 3673 Magis
3065 3604 3106 3657 si
3137 3603 3313 3669 injusti
3361 3611 3502 3663 sunt,
3535 3603 3762 3671 paucio-

2181 3716 2267 3755 res
2290 3699 2482 3754 habent
2510 3696 2872 3752 tribulationcs
2896 3713 2910 3760 ;
2941 3695 3127 3765 sijusti
3149 3703 3294 3760 sunt,
3319 3695 3511 3748 multas
3529 3693 3758 3747 habent.

2179 3792 2282 3849 Sed
2309 3802 2428 3862 post
2456 3805 2649 3860 paucas
2673 3788 3038 3844 tribulationcs
3085 3797 3176 3842 aut
3215 3786 3405 3851 nullas,
3437 3771 3510 3840 illi
3538 3787 3768 3840 venient

2180 3883 2245 3938 ad
2272 3881 2660 3938 tribulationem
2681 3879 3079 3949 sempiternam,
3109 3877 3246 3932 unde
3267 3892 3531 3947 nunquam
3551 3893 3726 3932 eruat:
3743 3912 3762 3917 -

2185 3986 2303 4030 tur:
2329 3974 2455 4046 justi
2483 3981 2658 4028 autem
2681 3981 2799 4043 post
2824 3970 3017 4025 multas
3066 3967 3431 4024 tribulationes
3451 3969 3666 4023 venient
3686 3970 3765 4024 ad

2181 4081 2366 4138 pacem
2388 4065 2784 4135 sempiternam,
2832 4060 2923 4116 ubi
2968 4074 3235 4130 nunquam
3279 4057 3474 4129 aliquid
3504 4058 3629 4113 mali
3663 4074 3766 4127 pa-

2183 4157 2398 4213 tientur.
2429 4155 2610 4211 Multa:
2664 4150 3009 4207 tribulationes
3043 4151 3298 4221 justorum
3322 4165 3340 4202 :
3367 4157 3413 4203 et
3436 4149 3498 4202 de
3521 4149 3765 4204 omnibus

2178 4248 2256 4303 his
2275 4255 2409 4302 eruet
2432 4263 2515 4301 eos
2535 4245 2798 4300 Dominus.

2246 4341 2336 4398 24.
2363 4339 2385 4414 [
2410 4356 2538 4395 vers.
2556 4339 2645 4394 21.
2675 4335 2698 4411 ]
2720 4335 2944 4393 Custodit
2973 4335 3219 4390 Dominus
3241 4334 3407 4388 omnia
3423 4351 3536 4388 ossa
3556 4352 3761 4403 eorum,

2176 4450 2332 4488 unum
2354 4448 2416 4487 ea:
2444 4431 2522 4485 Itis
2561 4446 2668 4484 non
2680 4439 2964 4484 conteretur
2996 4425 3092 4499 (ιι).
3120 4427 3185 4482 Et
3211 4425 3329 4490 hoc,
3382 4424 3593 4487 fratres.
3644 4443 3761 4482 non

2175 4516 2494 4595 accipiamus
2515 4521 2816 4577 carnaliter.
2843 4519 2974 4576 Ossa
2996 4528 3117 4574 sunt
3142 4517 3467 4572 ﬁrmamenta
3495 4516 3759 4570 ﬁdelium.

2175 4614 2453 4685 Quomodo
2472 4613 2612 4670 enim
2657 4613 2709 4667 in
2745 4627 2906 4667 carne
2955 4621 3135 4666 nostra
3168 4625 3288 4664 ossa
3333 4608 3530 4664 faciunt
3573 4608 3762 4662 lirma-

2177 4717 2440 4770 mentutn,
2464 4703 2542 4761 sic
2571 4703 2625 4758 in
2647 4703 2808 4758 corde
2833 4701 3122 4757 christiano
3149 4700 3280 4756 ﬁdes
3298 4701 3422 4756 facit
3441 4701 3764 4756 firmamen»

2177 4808 2306 4853 tum.
2341 4796 2595 4853 Patientia
2628 4809 2753 4864 ergo
2781 4809 2898 4864 qute
2924 4802 3006 4847 est
3049 4793 3100 4846 in
3129 4792 3246 4856 lide,
3277 4807 3398 4846 ossa
3440 4800 3563 4845 sunt
3610 4792 3764 4848 inte-

2174 4891 2304 4946 rius.
2337 4888 2454 4960 Ipsa
2482 4897 2605 4942 sunt
2635 4901 2752 4957 quze
2780 4885 2946 4956 frangi
2982 4901 3084 4939 non
3124 4894 3362 4954 possunt.
3394 4881 3620 4938 Custodit
3645 4883 3764 4938 Do»

2174 4982 2339 5036 minus
2367 4979 2537 5035 omnia
2561 4995 2673 5034 ossa
2701 4994 2894 5043 eorum,
2925 4993 3079 5030 unum
3099 4992 3163 5030 ea:
3208 4974 3285 5028 Itis
3316 4992 3415 5028 non
3449 4985 3760 5031 conteretur.

2174 5075 2229 5131 Si
2254 5073 2320 5128 de
2342 5072 2567 5127 Domino
2595 5070 2704 5125 Deo
2725 5078 2906 5124 nostro
2921 5067 3045 5123 Jesu
3093 5067 3306 5122 Christo
3347 5065 3573 5120 dixisset
3627 5067 3763 5134 hoc,

2174 5164 2416 5220 Custodit
2441 5160 2696 5218 Dominus
2721 5161 2898 5216 omnia
2944 5175 3064 5214 ossa
3091 5158 3211 5214 Filii
3240 5161 3343 5224 sui,
3389 5175 3553 5214 unum
3578 5175 3644 5213 ex
3670 5158 3764 5216 his

2174 5272 2280 5311 non
2297 5263 2599 5310 conteretur
2628 5271 2640 5306 :
2670 5252 2803 5306 sicut
2833 5252 2991 5306 etiam
3017 5251 3121 5306 alio
3144 5250 3260 5305 loco
3287 5250 3656 5321 prmliguratur
3682 5249 3764 5306 de

2174 5350 2286 5414 illo,
2318 5347 2527 5418 quando
2551 5361 2716 5417 agnus
2741 5345 2912 5400 dictus
2937 5354 3020 5400 est
3074 5344 3383 5399 mactandas
3405 5345 3443 5408 ί,
3472 5353 3527 5398 et
3549 5342 3762 5400 dictant

2173 5433 2254 5496 est
2268 5439 2454 5505 deillo,
2481 5437 2550 5492 Os
2575 5440 2684 5508 ejus
2715 5436 2818 5491 noli
2839 5437 3073 5509 frangere
3093 5424 3288 5506 (Exod.
3311 5435 3542 5506 xu,46):
3573 5434 3763 5509 imple-

2237 5595 2254 5626 ι
2278 5594 2350 5656 sic
2373 5590 2538 5656 plures
2557 5598 2664 5643 Mss.
2692 5598 2747 5640 At
2766 5590 2901 5650 Μὰ..
2927 5589 3152 5655 quoniam
3172 5601 3324 5654 agnus
3347 5588 3520 5639 ductus
3549 5593 3623 5639 est
3645 5601 3761 5638 mu-

2171 5654 2464 5828 Ξηζῖιιὶΐῖδοω
2487 5730 2615 5769 vers.
2641 5713 2700 5768 21
2722 5723 2951 5768 tractatur
2977 5717 3025 5766 in
3046 5727 3194 5767 serui.
3218 5715 3234 5764 l
3260 5725 3408 5776 super
3432 5712 3550 5763 l‘s::l.
3580 5725 3758 5770 xxxiv.

2174 5793 2224 5830 ιι.
2253 5781 2284 5830 1ν
