1986 3099
95 152 143 180 521
643 151 839 181 ENARBATID
858 152 879 180 li

935 153 1069 183 SALMUM
1089 154 1211 183 XXXIV.
1671 157 1722 187 591

97 215 153 235 tum
169 213 212 235 est
226 208 252 235 in
267 208 396 240 Domino;
412 209 471 243 quia
485 216 544 235 eum
559 208 683 243 penderet
694 208 719 235 in
735 216 822 240 cruce,
838 216 884 235 ex—

94 256 206 290 spiravit
222 261 362 290 antequam
377 255 495 282 venirent
511 255 545 282 illi
558 255 590 281 ad
604 262 720 287 crucem,
736 260 761 281 et
777 256 883 282 invene-

95 306 158 329 runt
166 303 219 337 jam
230 309 327 336 corpus
335 301 465 334 exanime,
476 306 502 328 et
511 302 649 330 noluerunt
659 309 736 328 crura
748 302 804 336 ejus
813 302 884 329 fran-

93 356 169 383 gere,
182 353 209 374 ut
219 347 374 382 impleretur
382 347 450 382 quod
457 348 582 382 scriptum
597 352 638 375 est
651 347 740 381 (Jonn.
755 357 809 381 XIX,
821 348 876 383 55).

92 394 148 421 Sed
162 394 282 429 promisit
301 394 364 420 illud
390 398 417 420 ct
443 395 545 420 cmteris
568 394 742 420 Christianis:
760 393 882 421 Dominus

94 441 207 466 custodit
216 440 302 466 omnia
314 448 369 466 ossa
379 447 473 470 eorum,
488 448 565 465 unum
578 448 608 465 ea:
618 439 656 465 his
666 448 715 465 non
730 444 879 467 conteretur.

91 485 167 520 Ergo
187 485 290 517 fratres,
305 485 326 511 si
345 485 488 511 viderimus
509 485 621 518 aliquem
643 490 761 512 sanctum
775 484 882 512 tribula~

95 532 185 559 tiones
204 531 268 566 pati,
283 535 310 558 et
322 530 389 557 forte
402 531 443 557 vel
469 538 483 557 a
508 530 610 557 medico
624 530 661 557 sic
675 530 767 563 secari,
781 530 821 557 vel
849 531 882 558 ab

91 577 184 610 aliquo
196 580 366 611 persecutore
376 576 413 603 sic
424 575 499 608 ca-di,
521 580 549 602 ut
563 575 619 610 ejus
634 583 694 602 ossa
708 575 860 610 frangantur
872 584 880 607 ;

92 630 147 649 non
158 622 289 653 dicamus,
303 621 360 648 Non
376 621 526 656 eratjustus
548 622 606 653 iste,
621 629 681 647 nam
697 621 822 648 Dominus
832 621 881 648 boc

93 667 305 703 promisitjustis
313 667 376 698 suis,
392 667 425 693 de
437 667 532 700 quibus
559 667 597 693 ait
610 674 617 694 ε
632 666 744 693 Custodit
760 667 881 694 Dominus

92 711 178 737 omnia
189 718 246 736 ossa
269 718 353 736 eorum
366 729 374 741 ,
399 717 475 735 unum
501 717 532 735 ex
550 708 587 735 liis
602 717 652 734 non
673 713 820 735 conteretur.
836 709 881 735 Vis

92 755 184 783 videre
198 755 258 790 quia
272 755 323 781 alia
336 762 394 781 ossa
408 754 483 786 dixit,
504 762 563 788 qua:
576 754 689 781 diximus
714 754 878 782 firmamenta

94 801 166 834 ﬁdei,
187 801 213 828 id
239 805 281 828 est
301 801 453 835 patientiam
475 805 501 827 ct
526 800 691 827 tolerantiam
708 800 733 827 in
757 800 879 828 omnibus

95 846 333 874 tribulationibus?
352 845 408 880 ipsa
419 846 488 873 enim
503 850 563 872 sunt
577 853 637 872 ossa
659 853 717 880 qua:
742 853 793 873 nou
808 846 880 873 fran-

95 898 201 928 guntur.
223 892 330 923 Audite,
346 896 372 917 et
388 891 412 917 in
427 891 481 925 ipsa
498 891 619 925 passione
635 891 738 917 Domini
758 891 880 925 inspicite

95 938 163 973 quod
175 938 245 965 dico.
261 938 388 964 Dominus
403 941 459 964 erat
489 937 513 963 in
528 936 614 963 medio
627 936 788 969 cruciﬁxus;
803 937 878 972 juxta

95 985 167 1013 illum
174 984 231 1012 duo
245 984 361 1011 latrones
374 989 449 1010 erant
465 992 471 1010 :
493 991 558 1009 unus
586 983 727 1015 insultavit,
743 983 810 1010 alter
823 991 881 1010 cre-

94 1030 159 1058 didit
171 1039 179 1063 ;
205 1037 276 1057 unus
288 1029 426 1057 damnatus
436 1034 485 1060 est,
498 1028 727 1063 alterjustiﬁcatus
736 1034 777 1056 est
789 1037 795 1061 ;
813 1037 880 1056 unus

94 1076 185 1103 habuit
195 1083 300 1111 pmnam
315 1083 389 1102 suam
403 1081 428 1102 et
443 1075 484 1101 hic
497 1075 561 1101 etin
589 1075 714 1107 futurum,
736 1075 812 1102 alteri
833 1083 880 1102 au-

96 1129 146 1151 tem
160 1123 229 1150 dixit
240 1123 379 1149 Dominus:
392 1122 468 1148 Amm
480 1122 535 1147 ilico
557 1121 600 1147 tibi
615 1143 622 1152 ,
640 1121 714 1147 hodie
724 1129 820 1147 mecum
831 1122 880 1149 eris

93 1170 118 1196 in
133 1168 272 1204 paradiso(
287 1168 348 1194 Luc.
362 1176 435 1197 χχιιι,
449 1168 482 1194 45
496 1168 505 1202 )
523 1176 529 1194 :
546 1172 570 1194 et
580 1173 666 1194 tamen
681 1167 717 1193 illi
742 1168 784 1202 qui
798 1175 881 1194 vene—

92 1220 162 1248 rant,
178 1214 348 1242 Domiuiossa
360 1222 410 1240 non
422 1213 565 1248 fregerunt,
580 1213 711 1239 latronum
725 1217 811 1239 autem
824 1212 877 1239 fre-

92 1266 187 1295 gerunt
198 1260 208 1295 (
220 1259 298 1286 loco.
314 1267 368 1290 tux,
378 1259 433 1293 52)
452 1268 457 1284 ;
473 1259 510 1285 sic
523 1258 604 1285 fracta
617 1262 678 1285 sunt
693 1258 802 1285 latronis
818 1266 877 1285 ossa

92 1307 135 1341 qui
150 1305 353 1341 blasphemavit,
365 1305 496 1339 quomodo
510 1305 619 1331 latronis
633 1305 805 1339 quicredidit.
823 1304 873 1332 Ubi

92 1359 132 1381 est
146 1361 210 1386 ergo
222 1352 291 1388 quod
303 1352 400 1379 dictum
414 1357 462 1382 est.
486 1351 606 1377 Dominus
621 1351 727 1377 custodit
742 1351 825 1377 omnia
838 1359 879 1377 os-

92 1408 120 1426 sa
132 1407 230 1429 eorum,
247 1407 323 1424 unum
336 1406 366 1424 ex
377 1398 414 1424 Itis
430 1406 478 1423 non
493 1402 632 1423 conteretur
647 1397 659 1422 ἶ)
673 1397 739 1424 Ecce
752 1397 793 1423 Cui
803 1397 878 1430 dixit,

94 1446 166 1471 hodie
189 1452 287 1470 "tecum
301 1444 349 1470 eris
361 1444 385 1469 in
396 1444 523 1478 purmliso.
548 1451 598 1469 non
622 1443 705 1476 potuit
720 1443 806 1469 omnia
820 1450 879 1469 ossa

93 1491 148 1525 ejus
162 1490 322 1518 custodire?
337 1489 483 1523 Respondet
498 1489 541 1515 tibi
558 1489 685 1514 Dominus
701 1497 706 1514 :
724 1488 777 1514 lmo
789 1492 879 1514 custo-

92 1537 142 1563 divi
157 1545 165 1568 ;
181 1544 242 1563 nam
260 1535 450 1562 firmamentum
464 1535 521 1560 fidei
535 1533 615 1567 ipsius
633 1533 716 1568 frangi
731 1541 782 1559 non
795 1534 879 1568 potuit

93 1582 144 1608 illis
159 1582 254 1608 ictibus
268 1582 363 1616 quibus
373 1588 448 1607 crura
463 1586 523 1606 sunt
537 1580 627 1606 fracta.

124 1629 171 1654 23'.
192 1627 279 1664 [νει-ε.
298 1627 343 1658 22,
358 1626 423 1662 ‘25.]
441 1626 509 1653 Mors
530 1631 687 1661 peccatorum
701 1627 817 1661 pessima.
833 1628 878 1653 Al-

94 1673 201 1705 trndite,
215 1672 318 1703 fratres,
335 1676 442 1706 propter
457 1672 463 1687 ¹
491 1671 533 1698 illa
562 1679 619 1705 qum
636 1671 796 1698 dicebamus.
813 1671 880 1698 Vere

93 1727 203 1753 magnus
215 1718 351 1749 Dominus,
368 1722 394 1743 et
408 1716 586 1743 misericordia
595 1716 659 1750 ejus,
675 1724 739 1743 vere
751 1717 761 1732 ¹
775 1717 818 1750 qui
832 1724 879 1744 uo-

94 1765 130 1791 bis
141 1765 216 1792 dedit
226 1764 385 1791 manducare
396 1771 491 1797 corpus
502 1771 577 1789 suum
586 1763 610 1789 iu
623 1771 673 1797 quo
687 1768 755 1789 tanta
770 1758 874 1797 perpes-

93 1818 136 1837 sus
148 1815 199 1842 est,
212 1815 240 1838 et
254 1810 407 1845 sanguinem
424 1809 523 1835 bibere.
538 1809 674 1841 Quomodo
700 1809 806 1843 respicit
822 1818 878 1836 ma-

94 1856 115 1883 la
127 1857 287 1889 cogitantes,
316 1861 342 1882 et
365 1855 500 1882 dicentes:
513 1854 557 1880 ille
577 1854 649 1889 male
665 1859 783 1880 mortuus
796 1858 846 1886 est,
864 1862 878 1881 a

94 1902 182 1929 bestiis
209 1906 382 1935 consumptus
408 1905 467 1926 est:
483 1908 534 1925 non
559 1905 614 1925 erat
642 1899 685 1925 ille
707 1899 804 1933 justus,
820 1899 879 1926 ideo

94 1947 158 1975 male
174 1947 271 1981 periit:
297 1954 356 1973 nam
383 1954 432 1971 non
461 1945 559 1979 periret
575 1945 610 1979 (a)
624 1945 635 1970 ?
651 1945 720 1979 Ergo
736 1945 779 1972 ille
791 1945 878 1979 justus

93 1997 140 2020 est.
150 1993 195 2027 qui
214 1992 240 2018 in
254 1991 332 2017 dotno
348 1999 391 2017 sua
409 1992 468 2017 etin
480 1990 548 2016 lecto
559 1997 606 2015 suo
621 1990 731 2016 moritur
744 1991 755 2016 Ἰ
770 1989 825 2016 lloc
840 1994 879 2016 est

93 2048 164 2074 ergo,
180 2038 279 2074 inquis,
296 2037 365 2072 quod
378 2037 468 2066 miror,
485 2037 544 2070 quia
561 2036 619 2062 novi
636 2041 739 2069 peccata
754 2040 780 2062 et
791 2035 877 2061 scele-

94 2092 119 2111 ra
134 2085 227 2120 ipsius,
254 2089 280 2110 et
303 2083 370 2109 bene
384 2087 503 2108 mortuus
518 2085 568 2113 ext,
584 2081 609 2107 in
636 2081 715 2106 domo
727 2089 784 2113 sua,
810 2080 878 2106 intra

94 2130 181 2157 limina
196 2137 254 2160 sua,
270 2128 340 2155 nulla
358 2126 574 2162 peregrinationis
600 2126 692 2159 injuria
709 2126 731 2158 ³,
755 2126 825 2152 nulla
840 2126 879 2153 vel

95 2176 118 2203 in
142 2179 245 2202 matura
270 2178 356 2200 astate.
380 2173 464 2199 Audi:
486 2172 556 2198 Mors
581 2177 736 2205 peccatorum
763 2172 877 2206 pessima.

96 2224 158 2256 Qua:
169 2223 214 2249 tibi
227 2222 331 2248 videtur
346 2221 414 2247 l)0|t:|
439 2227 519 2251 mors,
536 2220 648 2253 pessima
662 2223 710 2250 est,
728 2219 748 2245 si
763 2220 833 2246 intus
847 2219 880 2246 \i-

94 2269 165 2296 dcas.
182 2267 263 2295 Vides
280 2267 343 2293 foris
362 2266 492 2300 jarcutem
509 2266 533 2291 in
560 2265 637 2296 lecto,
662 2265 786 2299 immquid
808 2264 880 2291 vides

94 2315 165 2342 intus
175 2319 278 2348 raptum
299 2313 331 2339 ad
351 2311 521 2347 gehennam?
548 2311 653 2342 Audite,
676 2310 780 2341 fratres,
809 2315 835 2337 et
848 2318 879 2337 ex

95 2360 241 2394 Evangelia
260 2359 390 2393 inspicite,
406 2358 466 2391 quid
488 2357 521 2384 sit
535 2365 604 2383 mors
618 2361 783 2391 peccatorum
798 2359 880 2391 pessi-

95 2415 147 2434 ma.
167 2405 302 2439 Numquid
318 2413 369 2431 non
390 2404 441 2430 duo
465 2408 540 2429 erant
555 2403 580 2429 in
606 2403 656 2428 isto
683 2402 789 2433 sarculo,
806 2402 880 2428 dives

94 2454 139 2485 qui
153 2451 311 2479 induebatur
324 2457 437 2484 purpura
465 2454 490 2476 et
507 2449 595 2484 bysso,
605 2453 631 2475 et
646 2448 800 2482 epulabatur
813 2456 879 2482 quo-

95 2497 310 2532 tidiesplcndide
327 2504 334 2528 ;
357 2496 422 2523 alter
435 2503 534 2530 pauper
556 2494 599 2529 qui
613 2494 716 2528 jacebat
728 2493 759 2519 ad
772 2493 879 2527 januam

94 2544 153 2578 ejus
177 2543 324 2573 ulcerosus,
340 2546 366 2568 et
381 2549 459 2568 canes
475 2540 615 2567 veniebant
629 2544 655 2565 et
674 2539 825 2572 linguebant
839 2539 879 2565 ul-

92 2599 155 2618 cera
168 2590 235 2625 eius,
250 2594 278 2617 et
300 2587 469 2616 desiderabat
494 2586 605 2614 saturari
623 2586 655 2613 de
671 2586 745 2612 micis
767 2594 824 2620 qum
838 2593 881 2611 ca-

93 2637 194 2664 debaut
208 2636 241 2663 de
255 2643 346 2662 mensa
356 2633 445 2660 divitis
456 2633 467 2657 ’ἲ
480 2632 687 2667 Contigitalttcm
700 2631 765 2658 mori
775 2631 879 2665 inopem

93 2684 168 2710 illum
184 2683 280 2717 (justus
293 2686 352 2708 erat
365 2680 408 2706 ille
419 2677 516 2713 inops),
529 2682 554 2704 et
566 2677 663 2704 auferri
687 2677 721 2703 ab
733 2677 840 2711 Angelis
855 2676 879 2702 in

126 2743 135 2756 ι
153 2744 177 2764 ιιι
189 2738 298 2770 plurimis
309 2741 370 2765 .\lss.,
380 2736 550 2770 nonprop‘ter.‘
708 2763 714 2768 .
761 2762 781 2770 Ι.
815 2762 832 2770 ‘7
847 2763 862 2770 μ

126 2772 137 2786 ¹
153 2762 241 2795 ain-ret
250 2772 297 2798 PL,
310 2771 333 2792 et
351 2762 517 2798 misericordia
526 2764 578 2798 ejus
589 2770 655 2798 vera,
671 2763 714 2798 qui
729 2762 793 2787 nobis
805 2762 879 2788 dedit.

92 2807 152 2832 Reg.
165 2805 192 2825 ιιι
203 2794 348 2832 νίιιὶοτρσεεη
360 2804 413 2832 vero
423 2796 505 2831 quibus
515 2794 592 2830 dedit,
620 2825 631 2832 '
645 2794 661 2832 ξ.

126 2824 220 2860 Finit,
233 2824 300 2855 milia
310 2824 506 2861 peiegtimitianis
518 2824 607 2857 injuria
617 2824 661 2856 fuit
671 2824 718 2855 illi,
736 2824 811 2855 nulla,
832 2828 878 2849 etc.

90 2865 166 2889 Abest
177 2862 222 2893 fuit
231 2861 267 2895 illi
275 2867 288 2886 a
299 2864 350 2895 Mss.

125 2898 161 2927 (α)
174 2892 287 2922 ἐυιηιυαη
301 2892 321 2916 si
332 2892 408 2922 justus
419 2892 487 2914 esset.

937 210 1023 237 sinum
1038 211 1160 239 Abrahae.
1176 210 1227 246 Qui
1250 211 1351 240 viderat
1370 220 1467 248 corpus
1494 214 1564 243 illius
1588 215 1677 251 jacere
1688 220 1722 244 ad

939 256 1020 283 limen
1035 256 1133 290 divitis,
1150 262 1176 284 et
1190 265 1241 285 non
1251 265 1310 285 esse
1324 260 1367 294 qui
1387 260 1521 294 sepeliret,
1538 267 1633 296 quanta
1654 262 1722 291 forte

936 301 1038 329 diceret
1051 302 1062 327 ?
1086 302 1131 330 Sic
1146 303 1271 330 moriatur
1282 304 1326 331 ille
1337 304 1458 332 inimicus
1473 314 1556 338 meus,
1571 311 1598 334 et
1608 307 1653 334 ille
1669 307 1715 342 qui

936 355 978 375 me
989 349 1155 384 persequitur
1166 369 1174 382 ,
1184 349 1223 376 sic
1239 349 1313 377 illum
1338 350 1451 378 videam.
1468 351 1644 379 Exsccratur‘
1656 360 1717 380 cor-

936 401 985 428 pus
997 399 1084 428 sputo,
1099 399 1193 430 putent
1213 395 1339 429 vulnera;
1355 400 1380 424 et
1400 397 1445 423 ille
1470 397 1496 424 in
1521 398 1578 425 sinu
1604 399 1720 426 Abrahae

917 440 1087 474 .requiescit.
1110 440 1137 468 Si
1160 440 1296 469 christiani
1322 449 1423 474 sumus,
1446 443 1585 471 ert-damus
1600 453 1606 471 :
1622 445 1644 471 si
1667 452 1720 472 non

935 485 1077 518 credimus,
1093 485 1197 518 fratres.
1212 495 1289 514 nemo
1299 495 1328 515 se
1343 488 1422 523 fingat
1444 488 1625 518 christianum.
1641 491 1720 518 Fides

934 538 983 557 nos
993 530 1121 566 perducit.
1139 532 1277 565 Quomodo
1291 533 1333 560 illa
1352 533 1418 561 dixit
1433 535 1569 570 Dominus,
1589 536 1628 564 sic
1647 543 1718 565 sunt.

935 578 975 602 An
985 584 1047 604 Vero
1055 576 1117 604 dicit
1130 577 1175 604 tibi
1203 577 1414 612 mathematicus,
1426 584 1453 607 et
1465 588 1556 617 verum
1579 587 1619 609 est
1632 590 1640 615 ;
1656 582 1720 610 dicit

934 622 1064 653 Christus.
1079 628 1105 650 et
1119 623 1212 650 falsum
1225 624 1290 651 est?
1304 625 1379 659 Quali
1395 631 1482 653 autem
1497 633 1582 655 morte
1599 634 1719 657 mortuus

935 673 976 695 est
990 668 1033 696 ille
1045 668 1140 697 dives?
1154 670 1243 703 Qualis
1258 678 1330 698 mors
1343 679 1401 699 esse
1414 674 1498 707 potuit
1520 674 1545 701 in
1565 663 1679 710 purpura
1693 681 1721 704 et

935 712 1023 749 bysso,
1034 722 1111 748 quam
1124 719 1289 749 sumptuosa,
1309 725 1386 752 quam
1403 725 1528 753 pomposa
1543 719 1624 755 Tquaa
1637 728 1715 748 exse-

934 760 1003 794 quias
1019 760 1120 788 funeris
1131 761 1164 788 ibi
1174 767 1249 789 erant
1261 762 1273 789 τ
1283 762 1387 798 quantis
1401 765 1562 793 aromatibus
1587 767 1719 802 sepultum

934 810 975 832 est
987 804 1050 832 illud
1064 806 1199 834 cadaver?
1214 808 1245 834 Et
1257 812 1345 836 tamen
1358 817 1418 837 cum
1432 810 1501 846 apud
1517 811 1615 839 inferos
1626 812 1718 849 in‘tor-

935 851 1031 879 mentis
1044 857 1124 884 esset,
1136 852 1296 881 desideravit
1308 861 1340 882 ex
1355 855 1576 892 illiuscontempti
1592 859 1716 893 pauperis

934 896 1016 931 digito
1029 897 1149 933 instillari
1162 906 1237 933 aqua:
1251 903 1350 934 guttam
1366 900 1469 929 ardenti
1485 902 1580 937 lingua:
1593 911 1658 937 suae,
1671 912 1721 931 ne-

934 950 987 979 que
1011 943 1160 978 impetravit
1171 943 1245 978 (Luc.
1262 953 1316 977 xvr,
1334 945 1444 981 19-25).
1462 947 1560 975 Discite
1575 956 1638 984 ergo
1652 949 1715 984 quid

934 988 979 1020 sit,
995 988 1066 1017 Mors
1076 995 1234 1026 peccatorum
1258 991 1365 1026 pessima
1377 1012 1385 1024 ,
1401 996 1428 1020 et
1447 993 1529 1021 nolite
1556 993 1719 1030 interrogare

935 1039 1033 1062 stratos
1048 1035 1171 1070 pretiosis
1196 1036 1314 1065 vestibus
1338 1037 1431 1070 lectos,
1447 1042 1475 1065 et
1498 1046 1605 1066 carnem
1630 1040 1722 1067 multis

935 1078 1036 1107 divitiis
1050 1080 1212 1114 obvolutam,
1229 1073 1423 1111 lamentationis
1448 1076 1570 1119 pompam
1592 1084 1722 1113 exhiben-

935 1129 975 1153 tes
990 1146 998 1158 ,
1024 1125 1192 1161 plangentem
1219 1126 1346 1155 familiam
1360 1148 1368 1160 ,
1392 1129 1496 1156 turbam
1519 1130 1721 1165 obsequentium

934 1171 1130 1205 prmeedentem
1150 1180 1183 1200 ac
1206 1177 1371 1208 sequentem.
1397 1181 1456 1201 cum
1483 1182 1579 1210 corpus
1601 1175 1721 1210 effertur,

935 1222 1108 1245 marmoratas
1121 1223 1276 1254 auratasque
1288 1219 1440 1247 memorias.
1453 1218 1519 1247 Nam
1531 1221 1552 1248 si
1568 1221 1627 1249 h:ec
1641 1221 1724 1249 inter-

934 1263 1042 1298 rogatis,
1052 1264 1211 1298 respondent
1222 1264 1295 1292 vobis
1309 1264 1414 1298 falsum,
1424 1265 1493 1300 quod
1508 1266 1651 1294 multorum
1666 1274 1718 1294 non

934 1309 1028 1336 leviter
1037 1314 1217 1344 peccatorum,
1236 1309 1282 1337 sed
1305 1311 1412 1338 omnino
1435 1312 1623 1339 sceleratorum
1650 1319 1722 1340 mors

934 1355 1033 1389 optima
1047 1360 1097 1391 est,
1110 1356 1154 1390 qui
1171 1356 1209 1382 sic
1229 1355 1327 1390 plangi,
1342 1356 1380 1384 sic
1405 1356 1517 1389 condiri,
1541 1358 1579 1385 sic
1598 1359 1714 1393 contegi,

933 1401 972 1428 sic
982 1401 1068 1428 elfcrri
1082 1422 1088 1434 ,
1103 1401 1141 1429 sic
1160 1401 1267 1436 sepeliri
1294 1408 1460 1429 meruerunt.
1484 1403 1536 1430 Sed
1556 1406 1718 1439 interrogate

934 1447 1116 1482 Evangelium,
1132 1452 1159 1474 et
1192 1447 1313 1475 ostendet
1332 1448 1391 1475 ﬁdei
1422 1454 1518 1477 vestra:
1537 1450 1563 1477 in
1579 1451 1663 1485 pugnis
1676 1458 1723 1478 ar-

934 1492 1040 1520 dentem
1054 1494 1167 1525 animam
1183 1494 1282 1526 divitis,
1298 1502 1375 1529 quam
1388 1494 1617 1529 nibiladjuverunt
1627 1504 1722 1524 omnes

934 1537 1049 1566 honores
1061 1543 1087 1566 ct
1100 1539 1235 1574 obsequia,
1252 1547 1310 1574 qua:
1325 1544 1430 1567 mortuo
1440 1541 1543 1576 corpori
1556 1541 1613 1577 ejus
1629 1542 1722 1570 viven-

935 1584 998 1611 tium
1012 1584 1113 1611 vanitas
1131 1584 1254 1619 prasbuit.

968 1629 1013 1658 26.
1034 1630 1086 1657 Sed
1108 1630 1169 1665 quia
1189 1630 1269 1657 multa
1291 1634 1353 1657 sunt
1374 1638 1470 1665 genera
1493 1636 1679 1666 peccatorum,
1695 1637 1724 1661 et

933 1685 987 1705 non
1001 1685 1060 1705 esse
1074 1683 1239 1712 peceatorcm
1260 1677 1368 1705 difﬁcile
1382 1681 1432 1711 est,
1448 1683 1493 1705 aut
1508 1678 1619 1707 fortasse
1633 1680 1659 1707 in
1674 1679 1724 1708 hac

933 1722 984 1751 vita
999 1730 1050 1750 non
1066 1722 1199 1757 possibile,
1216 1722 1328 1757 subjecit
1349 1723 1438 1750 statim
1453 1723 1529 1759 cujus
1540 1724 1646 1759 generis
1660 1732 1724 1760 pec-

932 1775 1049 1796 calorum
1063 1774 1133 1795 esset
1148 1776 1219 1795 mors
1235 1769 1359 1803 pessima.
1374 1767 1409 1795 Et
1430 1769 1473 1802 qui
1485 1769 1590 1796 oderunt
1604 1771 1701 1805 justum
1712 1790 1722 1804 ,

933 1814 1034 1849 inquit,
1049 1814 1201 1848 delinquent.
1216 1814 1300 1848 Quem
1313 1813 1412 1849 justum
1425 1835 1433 1848 ,
1447 1814 1497 1841 nisi
1512 1822 1572 1841 eum
1588 1815 1631 1849 qni
1642 1814 1722 1849 justi~

933 1859 994 1887 ﬁcat
1006 1859 1115 1894 impium
1131 1859 1140 1893 (
1148 1857 1224 1886 Boni.
1236 1867 1272 1892 Iv,
1287 1858 1343 1895 5)?
1356 1866 1434 1894 quem
1445 1859 1555 1894 justum,
1569 1859 1617 1886 nisi
1632 1859 1721 1889 Domi.

932 1914 994 1933 num
1010 1905 1099 1933 Jcsum
1113 1904 1244 1932 Christum
1257 1926 1265 1939 ,
1277 1906 1321 1940 qui
1342 1910 1384 1933 est
1396 1906 1474 1932 etiam
1497 1905 1646 1940 propitiatio
1658 1913 1723 1941 pec.

932 1956 1049 1978 calorum
1065 1955 1215 1978 nostrorum
1232 1951 1262 1987 (Ι
1276 1951 1353 1978 Joan.
1371 1959 1388 1978 n
1401 1972 1408 1984 ,
1425 1950 1483 1986 2)?
1503 1951 1552 1985 Qui
1567 1959 1631 1987 ergo
1652 1951 1723 1980 hunc

932 1997 1065 2029 oderunt,
1079 2001 1189 2023 mortem
1206 1996 1347 2030 pessimam
1362 1996 1476 2029 habent;
1491 1997 1551 2030 quia
1568 1997 1593 2024 in
1608 1998 1723 2032 peccatis

933 2044 988 2070 suis
1000 2043 1158 2075 moriuntur,
1172 2041 1216 2077 qui
1230 2049 1276 2077 per
1288 2049 1348 2069 eum
1363 2042 1416 2069 Deo
1430 2048 1521 2069 nostro
1533 2051 1585 2070 non
1600 2043 1722 2070 reconci-

931 2088 1029 2115 iiantur
1043 2097 1050 2115 :
1066 2088 1179 2116 Redime!
1189 2089 1259 2116 enim
1275 2087 1398 2115 Dominus
1413 2089 1510 2116 auium:
1522 2096 1649 2116 servorum
1663 2096 1723 2115 suo.

933 2143 999 2162 rum.
1013 2133 1164 2162 Secundum
1186 2133 1299 2160 animam
1323 2133 1393 2160 cuitu
1414 2133 1582 2168 intelligenda
1596 2139 1637 2160 est
1650 2141 1723 2162 mors

933 2185 979 2207 aut
993 2180 1124 2215 pessima,
1140 2183 1185 2206 aut
1206 2179 1321 2214 optima;
1342 2186 1393 2206 non
1413 2179 1558 2207 secundum
1580 2186 1721 2213 corporum

933 2231 978 2253 aut
996 2225 1187 2258 contumelias,
1205 2230 1250 2252 aut
1263 2225 1377 2252 honores
1400 2233 1467 2262 quos
1482 2224 1603 2252 homines
1622 2225 1721 2251 vident.

934 2272 966 2299 Et
980 2281 1030 2299 non
1044 2272 1186 2307 delinquant
1210 2280 1294 2298 onmcs
1315 2271 1356 2306 qui
1371 2276 1471 2305 sperant
1486 2271 1512 2297 in
1525 2278 1591 2297 eum.
1616 2270 1667 2297 Iste
1681 2274 1722 2298 est

933 2318 1028 2345 modus
1042 2317 1163 2344 humana:
1182 2316 1306 2352 justitia3,
1330 2322 1358 2343 ut
1381 2317 1432 2344 vita
1445 2316 1563 2343 mortalis
1582 2321 1723 2351 quantum-

934 2364 997 2391 libet
1016 2364 1156 2397 proﬁciens
1168 2384 1175 2396 ,
1190 2364 1249 2398 quia
1272 2364 1329 2390 sine
1351 2363 1447 2390 delicto
1467 2369 1526 2389 esse
1550 2369 1601 2388 non
1617 2366 1720 2396 potest,

934 2409 960 2437 in
975 2409 1025 2436 hoc
1039 2417 1089 2436 non
1106 2409 1251 2443 delinquat,
1266 2408 1328 2436 dum
1343 2414 1430 2442 sperat
1445 2408 1471 2434 iu
1486 2416 1556 2440 eum,
1574 2408 1600 2435 in
1615 2416 1667 2444 quo
1680 2412 1723 2436 est

933 2456 1056 2483 remissio
1069 2455 1225 2483 delictorum
1237 2475 1244 2487 ,
1259 2455 1354 2481 Amen.
1618 2465 1622 2467 -

938 2509 1725 2526 .______—_._.,

1125 2539 1165 2570 IN
1187 2537 1377 2568 PSALMUM
1397 2536 1536 2568 XXXIV

1216 2586 1423 2614 ENARRATIO.

1236 2641 1321 2662 SERIO
1339 2641 1347 2660 1
1363 2633 1413 2668 (η).

1160 2689 1200 2718 De
1209 2690 1290 2726 prima
1301 2694 1371 2724 parte
1382 2688 1491 2716 Psalmi.

969 2750 994 2778 1.
1009 2749 1091 2786 [νει-ε.
1107 2748 1133 2779 Ι,
1147 2746 1196 2783 2.]
1214 2746 1347 2774 Psalmum
1361 2745 1440 2772 istum
1455 2745 1530 2772 nobis
1543 2752 1558 2771 ει
1569 2743 1721 2780 jubentibus

934 2796 1058 2824 fratribus
1070 2799 1097 2822 et
1110 2793 1273 2829 coepiscopis
1294 2792 1360 2820 meis
1381 2791 1533 2827 impositum
1551 2798 1610 2819 esse
1622 2790 1654 2817 ad
1669 2794 1721 2816 tra-

966 2853 974 2868 ¹
991 2851 1057 2880 ΡΜ..
1070 2852 1210 2876 excreatur.
1222 2849 1306 2874 Melius
1322 2853 1386 2879 ua,
1402 2851 1556 2880 moratur.

969 2883 1003 2918 (α)
1015 2883 1112 2907 Habitus
1126 2885 1236 2913 tempore
1247 2880 1348 2913 alicujus
1359 2879 1463 2905 concilll.
