3972 6198
477 370 481 377 .
495 325 601 381 89.3
1418 374 1421 377 .

496 418 766 505 eundum,
797 433 997 492 noverit
1026 432 1042 463 ‘
1073 430 1304 487 charitas
1328 436 1524 484 vestra.
1556 422 1843 479 Voluerunt
1866 428 1924 473 ut
1951 416 2073 471 hinc

497 545 682 588 omnes
703 526 896 597 aliquid
913 523 1206 579 audiamus.
1231 522 1311 576 Ab
1333 521 1421 576 illo
1438 519 1577 575 enim
1600 531 1787 571 omnes
1807 511 2070 572 audimus,

500 640 530 679 ιι
555 637 658 693 quo
687 628 882 690 pariter
909 615 1162 671 discimus
1185 655 1200 679 ,
1231 620 1286 669 et
1326 611 1379 666 in
1406 609 1556 681 cujus
1596 606 1776 663 schola
1814 602 2076 659 condisci-

502 714 605 785 puli
649 726 849 767 sumus.
883 708 1089 763 Titulus
1135 705 1297 776 ipsius
1341 717 1541 757 moram
1588 699 1743 754 nobis
1786 712 1889 752 non
1922 694 2071 757 facit;

499 807 673 862 brevis
698 814 779 859 est
802 803 967 868 enim,
996 809 1051 856 et
1073 799 1137 854 ad
1169 795 1584 867 intelligendum,
1611 792 1839 847 maxime
1867 788 2076 843 nutritis

499 899 550 953 iu
576 897 810 952 Ecclesia
839 894 949 959 Dei,
976 909 1078 947 non
1103 889 1353 946 difﬁcilis.
1378 887 1544 943 liabet
1566 885 1730 950 enim,
1755 882 1781 936 1
1791 883 1865 946 psi
1886 879 2071 935 David.

499 987 738 1043 l’salmus
764 999 890 1055 ergo
916 984 1012 1054 ipsi
1047 980 1206 1036 David
1251 998 1265 1035 :
1309 976 1468 1033 David
1501 977 1878 1045 interpretatur
1905 969 2076 1025 Fortis

498 1096 659 1136 manu
682 1121 697 1144 ,
729 1078 816 1133 vel
844 1074 1227 1133 desiderabilis.
1261 1071 1501 1127 Psalmus
1530 1082 1658 1137 ergo
1684 1079 1843 1120 manu
1874 1062 1994 1117 forti
2022 1069 2079 1116 et

499 1170 858 1235 desiderabili,
889 1168 977 1241 qui
1010 1175 1242 1221 nostram
1272 1171 1497 1218 mortem
1525 1159 1670 1223 vicit,
1698 1158 1784 1228 qui
1816 1155 1968 1210 nobis
1995 1153 2077 1207 vi-

501 1270 608 1316 tam
638 1261 879 1332 promisit
909 1277 923 1313 :
953 1260 1005 1313 iu
1030 1256 1135 1312 hoc
1159 1255 1299 1311 enim
1330 1268 1487 1307 manu
1513 1251 1684 1315 fortis,
1711 1248 1830 1319 quia
1856 1255 2076 1300 mortem

501 1331 734 1406 nostram
748 1351 901 1414 vicit;
926 1349 976 1403 in
994 1346 1098 1402 hoc
1114 1343 1499 1403 desiderabilis,
1516 1340 1636 1410 quia
1652 1339 1811 1391 vitam
1826 1345 2076 1417 meritam

503 1444 760 1513 promisit.
781 1439 913 1510 Quid
930 1440 1066 1494 enim
1088 1437 1273 1491 fortius
1303 1450 1457 1488 manu
1482 1432 1599 1498 hac,
1620 1448 1734 1499 ιμιιιι
1753 1427 1922 1497 tetigit
1937 1426 2082 1480 locu-

504 1535 651 1598 lum,
684 1544 744 1588 et
790 1541 1027 1586 mortuus
1071 1528 1361 1584 resurrexit
1410 1522 1575 1596 (Luc.
1625 1537 1718 1585 vn,
1768 1518 1910 1588 14)?
1956 1516 2081 1588 quid

505 1625 696 1681 fortius
725 1640 880 1678 manu
910 1622 1007 1677 hac
1032 1664 1047 1688 ,
1075 1636 1193 1691 qua:
1222 1616 1472 1689 mundum
1502 1614 1628 1669 vicit
1648 1653 1664 1679 ,
1697 1627 1799 1665 non
1832 1609 1972 1665 ferro
1997 1610 2082 1663 ar?

507 1727 666 1781 mata,
694 1715 787 1770 sed
818 1715 958 1785 ligno
990 1711 1237 1767 transﬁxa
1256 1709 1283 1762 Y
1311 1707 1434 1779 quid
1477 1714 1653 1759 autem
1683 1697 2085 1756 desiderabilius

505 1825 591 1875 oo,
623 1824 777 1877 quem
810 1823 911 1859 non
943 1804 1180 1858 videntes
1210 1810 1468 1871 martyres
1493 1840 1506 1859 ,
1538 1795 1669 1850 mori
1699 1792 1995 1856 voluerunt,
2030 1796 2086 1843 ut

505 1901 570 1956 ad
602 1902 745 1956 illum
791 1899 1065 1970 pervenire
1096 1890 1462 1949 mererentur?
1489 1890 1625 1959 Ergo
1656 1885 1895 1941 Psalmus
1916 1884 1937 1915 ²
1965 1880 2036 1936 illi
2067 1895 2083 1935 :

507 1994 581 2048 illi
612 2008 704 2047 cor
731 1999 967 2045 nostrum
990 2031 1004 2051 ,
1038 1987 1112 2041 illi
1157 1986 1331 2055 lingua
1378 1989 1555 2035 nostra
1595 1978 1749 2048 digna
1788 1983 1964 2031 eantet
1993 1989 2006 2026 :
2039 1972 2085 2026 si

506 2097 681 2139 tamen
711 2083 822 2153 ipse
848 2080 1145 2150 dignabitur
1171 2076 1370 2130 donare
1407 2070 1544 2143 quod
1590 2077 1787 2124 cantet.
1819 2064 1985 2120 Nemo
2010 2064 2084 2119 illi

417 2224 421 2233 .
508 2183 685 2230 cantat
709 2172 863 2241 digna
886 2211 902 2236 ,
936 2162 1037 2222 nisi
1064 2167 1149 2236 qui
1181 2166 1248 2221 ab
1279 2166 1369 2218 illo
1395 2162 1660 2231 acceperit
1689 2156 1828 2228 quod
1870 2163 2088 2210 cantare

512 2267 699 2335 possit.
735 2240 968 2333 bellique
1009 2260 1111 2315 b-ie
1154 2258 1292 2328 quod
1340 2255 1498 2310 modo
1546 2260 1860 2316 cantamus,
1890 2240 2087 2317 Spiritu

509 2359 627 2427 eius
652 2356 847 2412 dictum
876 2361 959 2409 est
988 2368 1081 2422 per
1108 2348 1420 2418 Prophetam
1451 2343 1565 2413 ejus
1591 2385 1605 2408 ,
1634 2351 1687 2397 et
1716 2342 1767 2394 in
1810 2340 1888 2394 eis
1915 2336 2089 2392 verbis

515 2451 602 2505 ubi
626 2464 727 2511 nos
753 2446 1085 2517 agnuscimus
1112 2454 1164 2497 ct
1194 2441 1386 2510 ipsum.
1418 2437 1525 2491 Nec
1557 2420 1802 2503 injtiriam
1832 2429 2049 2484 facimus
2071 2468 2087 2494 ,

512 2544 633 2614 quia
658 2542 884 2597 dicimus
929 2550 1027 2592 nos
1070 2544 1123 2589 et
1169 2534 1338 2603 ipsum
1372 2547 1385 2584 :
1418 2527 1667 2599 quoniam
1708 2539 1827 2579 cum
1867 2520 2088 2577 essetin

511 2610 672 2698 nmio,
696 2632 771 2688 sic
795 2629 1039 2701 clamavit
1074 2623 1245 2690 :Quid
1275 2639 1351 2675 me
1381 2616 1688 2692 persequeris
1717 2613 1852 2684 (Act.
1884 2628 1958 2679 ix,
1985 2610 2093 2681 1)?

510 2743 633 2782 eum
656 2739 774 2780 cum
802 2735 960 2777 nemo
978 2724 1239 2788 tangeret,
1261 2723 1314 2768 et
1344 2726 1442 2767 nos
1469 2709 1520 2764 in
1550 2718 1687 2763 terra
1710 2706 2089 2760 laboraremus.

514 2822 654 2890 Ergo
678 2831 862 2872 vocem
905 2815 1020 2880 ejus
1049 2809 1344 2872 audiamus,
1378 2818 1515 2858 nunc
1541 2799 1800 2869 corporis,
1829 2786 1971 2851 nunc
1998 2809 2092 2848 ca-

512 2910 659 2981 pitis.
692 2908 782 2962 Est
818 2905 960 2960 enim
1006 2901 1239 2971 psalmus
1278 2898 1380 2951 iste
1422 2896 1675 2948 invocans
1716 2891 1879 2944 Deum
1910 2895 2093 2942 contra

513 2979 760 3058 inimicos
805 2998 854 3050 in
898 2990 1319 3049 tribulationibus
1364 2986 1522 3054 hujus
1564 2983 1743 3038 sa:culi
1777 2998 1790 3036 :
1824 2990 1878 3035 et
1915 2979 2096 3047 utique

522 3094 635 3163 ipse
657 3098 739 3145 est
762 3087 1024 3150 Christus,
1047 3080 1295 3137 tribulato
1321 3087 1445 3132 tunc
1469 3075 1662 3145 capite,
1687 3071 1934 3124 tribulato
1957 3082 2097 3123 nunc

517 3159 743 3250 corpore
777 3195 790 3231 :
824 3186 998 3230 tamen
1039 3189 1131 3242 per
1159 3167 1523 3225 tribulationes
1566 3164 1813 3218 onmihus
1844 3159 2096 3214 membris

520 3275 631 3329 suis
659 3274 790 3327 dans
818 3271 974 3323 vitam
1002 3278 1253 3320 aut-ruam
1275 3303 1290 3327 ,
1319 3274 1476 3331 quam
1507 3253 1859 3327 promittendo
1885 3250 2097 3306 deside-

514 3366 700 3432 rabilis
729 3363 895 3417 fat-tus
922 3367 1030 3414 est.

590 3458 645 3512 2.
683 3454 871 3510 iudica
889 3494 904 3519 ,
933 3450 1136 3521 inquit,
1183 3444 1396 3500 Domine
1414 3485 1429 3508 ,
1458 3449 1687 3496 nocentes
1724 3454 1802 3490 me
1821 3479 1837 3503 ,
1864 3452 2100 3506 expugna

519 3552 874 3621 impugnante:
902 3544 922 3574 ³
952 3558 1047 3595 me.
1079 3540 1134 3594 Si
1164 3539 1301 3592 Deus
1329 3550 1424 3605 pro
1450 3533 1622 3593 nobis,
1649 3530 1766 3600 quis
1789 3539 1971 3583 contra
2001 3542 2099 3581 nos

525 3617 713 3711 (llam.
740 3653 854 3701 vut,
886 3636 945 3690 51
977 3633 1035 3704 )?
1064 3626 1129 3686 Et
1160 3629 1302 3683 unde
1326 3627 1428 3680 hoc
1472 3625 1623 3679 nobis
1664 3629 1878 3691 prasstat
1920 3617 2099 3673 Deus?

524 3731 874 3806 Apprehcmle,
903 3726 1094 3797 inquit,
1121 3739 1263 3777 arma
1293 3731 1338 3774 et
1376 3731 1591 3782 scutum,
1618 3726 1663 3769 et
1689 3730 1898 3786 exsurge
1923 3714 1973 3767 in
2005 3712 2099 3765 ad~

523 3804 762 3891 interimit
792 3819 933 3873 mihi.
961 3817 1202 3886 Magnum
1224 3812 1583 3882 spectaculum
1607 3816 1708 3871 est,
1730 3804 1910 3861 videre
1931 3805 2098 3862 Deum

526 3926 786 3969 armatum
817 3926 910 3981 pro
934 3917 1010 3963 te.
1044 3905 1112 3961 Et
1138 3904 1276 3975 quod
1319 3905 1434 3973 ejus
1474 3896 1727 3955 scutum?
1751 3912 1870 3969 qua:
1909 3894 2101 3950 arma?

540 4005 745 4060 90mins
766 4044 780 4068 ,
811 4000 980 4070 inquit
1026 3999 1131 4052 alio
1158 3999 1272 4053 loco
1298 3995 1459 4050 homo
1507 3993 1607 4051 iste
1630 3989 1718 4061 qui
1745 3999 1797 4045 et
1823 3987 1910 4043 hic
1933 3987 2105 4059 loqui-

492 4160 497 4165 ,
523 4113 632 4162 tur,
664 4108 718 4152 ut
746 4104 885 4151 scuto
921 4092 1068 4146 bona:
1095 4091 1362 4146 uoluntatis
1404 4100 1503 4143 tua:
1530 4085 1781 4140 coronasti
1809 4101 1901 4138 nos
1928 4082 2100 4155 (Psal.

524 4206 578 4260 η,
614 4192 734 4263 13).
765 4191 922 4244 Arma
944 4197 1120 4242 autem
1145 4183 1279 4253 ejus,
1308 4181 1498 4251 quibus
1533 4194 1637 4232 non
1668 4176 1838 4230 solum
1865 4189 1963 4228 nos
1986 4189 2104 4227 mu-

530 4266 662 4351 uiai,
694 4283 786 4339 sed
808 4282 965 4339 etiam
999 4277 1257 4349 percutiat
1284 4274 1545 4335 inimicos,
1580 4271 1624 4325 si
1652 4269 1785 4324 bene
1815 4264 2104 4337 profeceri-

533 4394 673 4443 mus,
700 4385 758 4431 et
786 4371 1123 4429 nosrerimus.
1151 4366 1297 4421 Sicut
1320 4364 1461 4417 enim
1494 4376 1608 4424 nos,
1638 4367 1696 4413 ut
1719 4370 2005 4421 armemur,
2037 4354 2104 4409 ab

532 4470 622 4526 illo
653 4462 942 4529 habemtis,
975 4462 1052 4514 sic
1081 4459 1194 4529 ipse
1221 4462 1456 4508 armatur
1483 4452 1548 4504 de
1572 4449 1743 4504 nobis.
1774 4447 1879 4502 Sed
1902 4447 2015 4516 ipse
2039 4444 2107 4501 de

531 4561 616 4618 bis
653 4567 888 4614 armatur
922 4569 1056 4623 quos
1107 4548 1228 4604 fecit
1258 4588 1274 4614 ,
1306 4560 1403 4599 nos
1446 4544 1511 4596 de
1557 4541 1637 4595 his
1683 4554 1951 4593 armamur
1987 4552 2107 4607 qua:

534 4654 601 4705 ab
619 4654 731 4720 ipso
760 4648 1056 4718 accepimus
1080 4641 1277 4714 quinos
1300 4637 1440 4692 fecit.
1464 4635 1597 4689 Dicit
1617 4633 1731 4688 haec
1743 4631 1967 4702 quodam
1992 4630 2108 4683 loco

536 4761 678 4799 arma
705 4752 885 4797 nostra
907 4736 1209 4810 Apostolus,
1244 4742 1451 4786 scutum
1482 4727 1599 4781 ﬁdei
1629 4768 1640 4785 ,
1665 4736 1717 4780 et
1743 4724 1944 4794 galeam
1971 4723 2110 4775 salu-

537 4846 623 4900 tis,
638 4844 692 4890 et
707 4833 934 4904 gladium
952 4830 1188 4901 spiritus,
1202 4823 1340 4894 quod
1357 4831 1438 4877 est
1453 4819 1667 4873 verbum
1690 4815 1781 4869 Dei
1799 4813 2012 4884 (Ephes.
2033 4828 2107 4875 vt,

540 4925 758 4996 16.17).
780 4924 1023 4979 Armavit
1050 4934 1145 4975 nos
1173 4916 1364 4972 talibus
1389 4911 1551 4967 armis
1570 4952 1585 4975 ,
1611 4909 1852 4979 qualibus
1868 4905 2107 4972 audistis,

541 4995 892 5076 laudabilibus
909 5024 959 5069 et
986 5010 1215 5075 invictis,
1250 5000 1691 5077 insuperabilibus
1715 5007 1769 5052 et
1787 4995 2108 5067 splendidis;

539 5106 901 5182 spiritualibus
929 5119 1058 5160 sane
1084 5112 1243 5173 atque
1281 5095 1632 5155 invisibilibus
1655 5133 1671 5158 ,
1703 5091 1826 5163 quia
1851 5100 1905 5145 et
1933 5088 2114 5142 hostes

544 5199 835 5259 invisibiles
893 5207 1274 5267 expugnamus.
1339 5190 1395 5245 Si
1452 5187 1601 5243 vides
1652 5183 1860 5239 hostem
1919 5189 2064 5234 tuum
2095 5218 2112 5242 ,

548 5294 825 5350 videantur
843 5302 989 5344 arma
1012 5295 1121 5340 tua.
1151 5286 1431 5337 Armamur
1449 5293 1631 5334 earum
1661 5288 1836 5329 rerum
1865 5270 1967 5326 ﬁde
1986 5284 2118 5340 quas

547 5407 653 5444 non
675 5385 935 5447 videmus,
967 5388 1023 5435 et
1048 5376 1333 5433 sternimus
1356 5372 1538 5428 hostes
1565 5383 1698 5439 quos
1726 5380 1829 5420 non
1856 5363 2116 5418 videmus.

551 5460 947 5540 Verumtamen,
971 5468 1251 5531 carissimi,
1278 5478 1423 5519 arma
1448 5463 1543 5517 ista
1576 5476 1641 5515 ne
1661 5458 1857 5529 putetis
1878 5456 1955 5510 sic
1979 5470 2119 5518 esse,
2158 5504 2163 5510 .

615 5597 629 5628 ¹
666 5604 842 5643 Omnes
865 5589 967 5638 fere
984 5591 1112 5639 Mss,
1134 5575 1313 5643 nmverit
1335 5570 1719 5643 etiampharitas
1742 5572 1915 5643 nostra.

551 5733 870 5830 wgsi‘otiores
892 5783 1017 5834 uss,
1046 5769 1383 5831 expugntmtcs.

1700 304 1756 363 S.
1792 293 2152 360 AUGUSTI!“
2195 296 2491 358 EPISCOPI

613 5626 633 5690 ἰ
1137 5626 1405 5706 γρἒιαιιπιιιδ
1422 5633 1515 5685 illi.
1542 5639 1598 5682 At
1620 5643 1717 5680 am.
1748 5636 1811 5679 et-
1835 5636 1960 5687 Mss,
1992 5626 2124 5677 Psal-

3648 297 3765 353 32%

2182 448 2239 492 ut
2266 439 2416 508 quasi
2462 436 2601 508 quod
2648 445 2853 491 scutum
2897 445 3017 501 est,
3048 447 3260 503 semper
3301 441 3507 488 scutum
3538 431 3633 496 sit;
3663 441 3772 484 aut

2179 531 2321 600 quod
2344 531 2491 602 galea
2516 540 2617 599 est,
2647 545 2860 600 semper
2878 529 3025 599 galea
3052 529 3155 594 sit;
3186 536 3278 582 aut
3299 525 3438 597 quod
3462 524 3624 580 lorica
3646 535 3765 582 est.

2178 636 2388 691 semper
2414 621 2574 675 lorica
2617 622 2705 677 sit.
2757 620 2812 674 lu
2864 620 2978 674 istis
3019 619 3160 675 enim
3208 617 3370 673 armis
3396 615 3770 686 corporalibus

2180 712 2250 766 ita
2281 719 2383 776 est,
2415 726 2714 781 quanquam
2758 720 2812 765 et
2836 709 2903 764 de
2940 708 3082 763 ferro
3117 723 3235 778 qua:
3266 706 3397 761 ﬁunt
3419 704 3612 761 mutari
3639 720 3770 773 pos-

2182 803 2290 856 sint
2317 848 2330 868 ,
2361 812 2417 857 ut
2442 817 2507 857 ex
2535 802 2710 872 gladio
2738 800 2825 854 ﬁat
2851 800 3055 855 securis
3081 816 3095 852 :
3129 809 3302 853 tamen
3330 798 3500 867 ipsum
3525 797 3769 866 Aposto-

2180 894 2288 949 lum
2341 895 2583 949 videmus
2629 892 2828 948 dixisse
2878 890 3106 963 quodam
3156 891 3317 957 loco,
3367 889 3584 943 loricam
3638 886 3766 940 ﬁdei

2180 986 2425 1056 (IThes.
2473 1002 2525 1050 v,
2557 986 2651 1055 8),
2682 995 2753 1041 .et
2791 975 2897 1039 alio
2946 983 3063 1038 loco
3110 981 3311 1037 dixisse
3356 989 3564 1035 scutum
3614 976 3765 1032 ﬁdei.

2181 1082 2324 1151 Ergo
2347 1081 2459 1150 ipsa
2484 1079 2636 1145 ﬁdes,
2660 1088 2714 1133 et
2738 1077 2900 1132 lorica
2929 1085 3103 1146 potest
3127 1091 3246 1130 esse
3266 1084 3319 1129 et
3345 1084 3553 1129 scutum
3588 1089 3600 1124 :
3637 1085 3767 1123 seu-

2181 1182 2293 1228 tum
2322 1181 2422 1238 est,
2455 1171 2573 1241 quia
2604 1169 2704 1224 tela
2749 1168 3081 1222 inimicorum
3112 1164 3310 1234 excipit
3336 1172 3390 1218 et
3414 1161 3643 1232 repellit;
3683 1160 3766 1214 ιο.

2182 1267 2291 1321 rica
2315 1276 2431 1330 est,
2458 1265 2579 1334 quia
2608 1262 2861 1318 interiora
2900 1268 2989 1315 tua
3031 1256 3263 1327 transﬁgi
3294 1270 3399 1310 non
3440 1255 3587 1310 sinit.
3643 1252 3769 1308 llazc

2182 1374 2325 1414 arma
2352 1367 2530 1413 nostra
2560 1374 2574 1410 :
2611 1356 2702 1410 Dei
2745 1362 2922 1408 autem
2948 1367 3066 1423 qua:
3095 1352 3111 1383 ¹
3134 1350 3158 1404 ?
3183 1349 3431 1419 Legimus
3456 1345 3691 1417 quodam
3718 1346 3768 1399 in

2185 1450 2303 1505 loco
2333 1468 2346 1507 :
2379 1448 2513 1503 Erue
2537 1449 2600 1501 ab
2642 1446 2812 1517 impiis
2857 1444 3079 1497 animam
3124 1457 3285 1495 meam
3307 1482 3322 1506 ,
3352 1443 3595 1509 frameam
3624 1447 3772 1491 tuam

2184 1543 2247 1596 ab
2270 1540 2486 1594 inimicis
2506 1554 2685 1593 mam
2706 1546 2806 1591 tua:
2834 1533 3019 1607 (Psal.
3048 1548 3158 1597 xxi,
3177 1530 3241 1586 2i
3270 1531 3311 1602 ).
3340 1528 3492 1597 Quod
3520 1528 3773 1597 superius

2185 1633 2354 1699 dixit,
2393 1632 2457 1686 ab
2502 1630 2715 1699 impiis:
2760 1626 2862 1699 hoc
2910 1623 3151 1694 sequenti
3191 1634 3348 1677 versu
3374 1662 3390 1686 ,
3431 1620 3495 1674 ab
3548 1618 3777 1672 inimicis

2186 1740 2364 1779 manus
2392 1726 2540 1778 tute:
2569 1731 2622 1777 et
2650 1720 2791 1791 quod
2837 1717 3082 1788 superius
3113 1714 3284 1781 dixit,
3313 1713 3532 1767 animam
3560 1726 3772 1775 meam;

2187 1816 2289 1872 hoc
2314 1815 2554 1886 sequenti
2596 1828 2752 1869 versu
2775 1854 2789 1878 ,
2819 1811 3064 1879 frameam
3109 1819 3248 1861 tuam
3271 1846 3286 1871 ,
3319 1805 3371 1860 id
3397 1813 3497 1871 est,
3529 1803 3771 1874 gladium
3802 1832 3809 1837 -

2189 1920 2355 1963 tuum.
2385 1908 2525 1976 Ergo
2554 1905 2809 1981 frameam
2838 1902 2933 1958 Dei
2962 1901 3098 1956 dixit
3121 1899 3353 1953 animam
3383 1910 3539 1951 suam
3563 1911 3576 1948 :
3605 1893 3771 1958 Erue,

2188 2000 2391 2069 inquit,
2418 1998 2481 2052 ab
2520 1996 2687 2069 impiis
2715 1996 2938 2049 animum
2981 2008 3177 2058 meam;
3220 1989 3272 2045 id
3310 1997 3393 2044 est
3416 2031 3430 2053 ,
3462 1987 3524 2042 ab
3552 1986 3774 2041 inimicis

2188 2108 2366 2145 manus
2383 2100 2483 2143 tua:
2503 2106 2618 2143 erue
2641 2088 2885 2157 frameam
2913 2095 3069 2138 tuam.
3096 2079 3459 2152 Apprehendis
3484 2080 3629 2135 enim
3653 2079 3773 2133 ani—

2189 2198 2328 2237 mam
2372 2197 2541 2236 meam
2567 2221 2582 2246 ,
2626 2190 2679 2234 ct
2705 2178 2942 2233 debellas
2972 2176 3213 2229 inimicos
3244 2187 3410 2228 meos.
3445 2171 3505 2225 Et
3536 2170 3667 2240 quid
3696 2180 3777 2224 est

2189 2274 2372 2328 anima
2392 2280 2597 2335 nostra,
2619 2263 2860 2339 quamvis
2889 2264 3188 2337 splendida,
3219 2263 3461 2334 quamvis
3489 2261 3772 2331 producta,

2191 2365 2430 2437 quamvis
2446 2373 2621 2419 acuta.
2644 2360 2887 2431 quamvis
2908 2367 3085 2424 uncta,
3107 2356 3347 2426 quamvis
3368 2354 3482 2408 luce
3498 2353 3777 2423 sapientia:

2192 2467 2246 2514 et
2298 2455 2662 2513 coruscation'e
2713 2453 2734 2483 ¹
2776 2444 3041 2505 'vihrata?
3095 2446 3231 2514 Quid
3283 2455 3368 2501 est
3429 2445 3543 2516 ipsa
3594 2445 3775 2498 anima

2194 2556 2397 2613 nostra,
2427 2554 2519 2599 aut
2544 2543 2666 2613 quid
2694 2524 2888 2612 potest,
2922 2539 3024 2595 nisi
3054 2539 3192 2594 Deus
3220 2537 3363 2592 illam
3391 2544 3570 2591 teneat
3594 2543 3655 2590 et
3686 2550 3779 2605 pu-

2194 2647 2320 2712 gnet
2340 2638 2408 2694 de
2451 2636 2575 2692 illa?
2602 2635 2733 2691 Nam
2771 2633 3021 2704 quzelibet
3063 2630 3262 2702 optime
3291 2628 3427 2685 facta
3456 2627 3660 2683 framea
3687 2668 3703 2692 ,
3734 2628 3776 2680 si

2137 2771 2141 2775 -
2196 2748 2302 2788 non
2346 2731 2542 2798 habeat
2586 2724 3127 2794 bellatorem,jacet.
3176 2723 3487 2776 Dixeramus
3513 2730 3697 2775 autem
3727 2722 3779 2778 iu

2196 2823 2364 2879 armis
2391 2821 2607 2884 nostris,
2638 2834 2742 2874 non
2771 2817 2920 2888 quasi
2943 2814 3141 2885 aliquid
3168 2813 3334 2869 ﬁxum
3364 2812 3530 2882 accipi
3557 2810 3779 2876 debere,

2198 2924 2255 2970 ut
2284 2913 2420 2984 quod
2443 2923 2525 2968 eSt
2553 2926 2640 2966 res
2664 2924 2766 2964 una
2793 2950 2810 2972 ,
2846 2908 2958 2977 ipsa
2985 2905 3126 2960 aliud
3157 2920 3280 2961 esse
3323 2920 3427 2958 non
3459 2902 3628 2973 possit
3657 2918 3673 2955 :
3704 2902 3780 2956 sic

2197 3018 2253 3064 et
2290 3008 2343 3061 in
2371 3006 2532 3060 armis
2563 3002 2654 3057 Dei
2700 3000 3019 3056 invenimus.
3051 2994 3191 3052 Ecce
3233 2996 3462 3051 animam
3487 2993 3620 3065 justi
3648 2994 3780 3050 dixit

2198 3101 2452 3163 frameam
2483 3104 2580 3159 Dei
2609 3118 2622 3154 :
2655 3106 2842 3155 iterum
2883 3099 3014 3153 dicit
3037 3097 3268 3154 animam
3293 3094 3421 3164 justi
3449 3108 3571 3148 esse
3595 3090 3778 3148 sedem

2200 3201 2332 3264 Dei;
2379 3198 2552 3253 anima
2581 3196 2707 3265 justi
2752 3192 2909 3249 sedes
2951 3191 3225 3260 sapientia:
3266 3188 3439 3259 (Sap.
3469 3184 3598 3257 vlt).
3641 3186 3781 3256 Ergo

2200 3285 2449 3363 quidquid
2475 3290 2587 3343 vult
2609 3329 2623 3349 ,
2665 3287 2789 3341 facit
2831 3284 2898 3339 de
2926 3283 3100 3337 anima
3147 3289 3350 3336 nostra.
3379 3277 3511 3334 Cum
3542 3280 3594 3333 in
3623 3293 3779 3334 manu

2201 3385 2315 3455 ejus
2342 3391 2441 3446 est,
2472 3388 2651 3435 utatur
2679 3394 2738 3431 ea
2769 3373 3214 3447 quemadmodum
3245 3371 3377 3425 vult.

2273 3478 2325 3532 5.
2345 3476 2605 3543 Exsurgat
2623 3485 2748 3539 ergo
2769 3469 2867 3539 (sic
2885 3469 3023 3523 enim
3049 3466 3321 3520 invocatus
3340 3459 3465 3533 est),
3486 3460 3782 3530 appreheno

2201 3568 2291 3623 dat
2314 3582 2483 3630 arma,
2503 3570 2753 3630 exsurgat
2779 3563 2829 3613 in
2856 3558 3178 3627 adjutorinm
3212 3554 3384 3611 nobis.
3414 3552 3569 3609 Unde
3592 3569 3781 3609 exsur—

2206 3671 2318 3731 gat,
2346 3659 2450 3713 alio
2481 3658 2597 3711 loco
2621 3655 2777 3718 etiam
2822 3651 3015 3706 dicitur
3056 3649 3130 3703 illi
3177 3649 3286 3717 ipsa
3322 3662 3451 3701 voce
3480 3662 3494 3699 :
3528 3643 3778 3713 Exsurge,

2202 3766 2354 3821 quare
2377 3745 2646 3808 obdormis,
2675 3741 2892 3797 Domine
2919 3739 3094 3811 (Psal.
3124 3753 3244 3794 xuii
3270 3778 3283 3794 .
3311 3734 3459 3805 25)?
3486 3735 3556 3790 Ει
3577 3734 3781 3800 quando

2205 3840 2292 3894 ille
2319 3837 2511 3893 dicitur
2539 3833 2771 3889 dormire
2797 3873 2814 3898 ,
2861 3846 2960 3885 nos
2986 3828 3296 3899 .dormimus
3323 3844 3337 3879 :
3365 3834 3420 3881 et
3460 3824 3677 3896 quando
3702 3823 3784 3878 illo

2204 3930 2397 3987 dicitur
2421 3939 2705 3996 exsurgere
2729 3965 2744 3989 ,
2776 3937 2874 3976 nos
2902 3919 3218 3977 excitamur.
3249 3916 3381 3973 Nam
3426 3925 3482 3972 et
3525 3917 3782 3972 Dominus

2205 4019 2494 4078 dormiebat
2521 4016 2573 4071 in
2602 4015 2750 4081 navi;
2776 4022 2831 4069 et
2854 4011 2972 4067 ideo
2996 4010 3284 4067 fluctuabat
3308 4012 3474 4073 navis,
3503 4008 3630 4079 quia
3651 4007 3776 4062 dor-

2206 4112 2403 4168 miebat
2418 4109 2593 4166 Jesus.
2618 4106 2749 4162 Nam
2771 4104 2817 4160 si
2842 4102 2953 4159 illic
2974 4103 3212 4174 vigilaret
3236 4089 3540 4165 Jesus,'non
3568 4098 3786 4155 fluctum

2207 4202 2485 4260 ret-navis.
2514 4194 2673 4254 Navis
2702 4207 2786 4252 tua
2808 4238 2822 4262 ,
2854 4211 2948 4251 cor
2976 4203 3119 4249 tuum
3153 4212 3167 4248 :
3194 4192 3348 4248 Jesus
3368 4193 3419 4247 in
3465 4192 3584 4245 navi
3612 4232 3628 4254 ,
3662 4190 3786 4245 lidcs

2207 4296 2260 4350 in
2290 4292 2469 4349 corde.
2508 4292 2564 4347 Si
2615 4287 2900 4343 meministi
2949 4286 3069 4341 ﬁdei
3117 4296 3217 4339 tu;e
3242 4325 3258 4350 ,
3292 4298 3395 4338 non
3445 4285 3664 4339 fluctuat
3699 4294 3788 4336 cor

2211 4397 2354 4441 tuum
2389 4402 2401 4438 :
2435 4383 2477 4437 si
2517 4380 2710 4436 oblitus
2754 4394 2813 4435 es
2856 4378 3010 4433 ﬁdem
3056 4388 3195 4431 tuam
3217 4419 3232 4441 ,
3264 4375 3458 4429 dormit
3496 4373 3739 4429 Christus
3768 4388 3783 4424 :

2208 4477 2429 4529 observa
2478 4470 2824 4549 naufragium.
2870 4469 3251 4524 Verumtamen
3296 4465 3436 4535 quod
3478 4473 3645 4520 restat
3673 4464 3783 4529 fac,

2211 4578 2265 4622 ut
2282 4565 2614 4620 sidormierit
2635 4562 2925 4625 excitetur;
2948 4560 3094 4614 dicas
3122 4560 3199 4612 illi
3231 4577 3244 4612 :
3277 4558 3521 4623 Domine,
3541 4571 3783 4626 exsurge,

2213 4660 2443 4728 perimus
2478 4675 2490 4711 :
2523 4668 2574 4709 ut
2608 4657 2843 4722 increpet
2872 4659 3188 4717 ventos','vt
3227 4649 3316 4703 ﬁat
3357 4648 3710 4717 tranquillitas
3738 4650 3786 4700 in

2212 4752 2372 4806 corde
2400 4759 2487 4804 tuo
2517 4748 2742 4819 (Matth.
2783 4762 2907 4809 vlu,
2946 4745 3066 4813 9-4).
3110 4742 3381 4798 Recedent
3421 4741 3563 4794 enim
3606 4753 3787 4794 omnes

2215 4837 2665 4905 teutationes,‘aut
2686 4848 2833 4894 certe
2855 4837 2983 4890 nihil
3006 4836 3273 4899 valebunt,
3297 4832 3505 4904 quando
3526 4831 3790 4887 Chri~tu=.

2215 4935 2318 4989 hoc
2344 4942 2426 4990 est
2465 4930 2596 4987 lides
2637 4941 2723 4985 tua
2749 4971 2765 4990 .
2796 4928 3092 4997 vigilaverit
3136 4927 3187 4979 in
3231 4923 3395 4981 corde
3425 4933 3533 4977 tuo.
3565 4920 3797 4989 Exsurge

2216 5041 2343 5095 ergo
2386 5022 2509 5094 quid
2540 5020 2657 5076 est?
2698 5020 3004 5085 Innotesce,
3046 5031 3276 5087 appare,
3302 5014 3519 5070 sentite.
3571 5011 3796 5080 Exsurge

2225 5135 2351 5189 ergo
2377 5119 2429 5171 in
2450 5113 2757 5186 adjutorinm
2781 5111 2924 5164 mihi.

2230 5263 2241 5273 ,
2289 5211 2343 5264 .i.
2383 5206 2540 5280 [vers.
2571 5203 2662 5277 3.]
2704 5201 2924 5268 E/fuude
2964 5203 3243 5272 frameam,
3294 5207 3340 5252 et
3390 5195 3639 5251 conclude
3694 5191 3789 5246 ad-

2222 5316 2391 5355 versus
2413 5313 2495 5351 eos
2522 5296 2607 5366 qui
2632 5310 2708 5347 me
2738 5303 3116 5363 persequuntur.
3148 5290 3246 5356 Qui
3274 5296 3396 5343 sunt
3419 5287 3507 5357 qui
3537 5294 3588 5341 te
3615 5299 3790 5355 perse-

2226 5387 2497 5461 quuntur?
2540 5386 2699 5441 Forte
2736 5384 2939 5437 vicinus
2970 5392 3088 5436 tuus
3109 5424 3123 5444 ,
3155 5391 3244 5434 aut
3284 5379 3374 5433 ille
3398 5393 3555 5448 quem
3586 5375 3790 5439 lmsisti,

2290 5482 2307 5512 ³
2333 5480 2403 5529 sic
2424 5484 2524 5526 Mss.
2552 5464 2606 5525 At
2627 5473 2742 5524 εδει.
2764 5487 2777 5522 :
2803 5482 2914 5523 (nec
2937 5484 3075 5521 arma
3096 5478 3257 5521 nostra
3277 5475 3386 5519 sunt
3411 5466 3517 5527 Dei,
3540 5465 3666 5530 quod
3686 5462 3792 5527 legi-

2500 5595 2714 5662 quamris
2749 5594 2853 5646 luce
2887 5592 3133 5662 sapientia!
3153 5601 3199 5645 et
3235 5570 3573 5662 coruscaiiouis
3600 5588 3790 5662 uibrata.

2232 5674 2288 5715 Αι
2311 5674 2436 5723 uss,
2458 5652 2798 5723 eoi'uscatt‘one.
2821 5665 2877 5719 fl.
2901 5652 2962 5723 es
2983 5659 3057 5705 lus
3081 5654 3292 5723 nonnulli
3318 5669 3329 5703 :
3359 5652 3573 5723 austrinis
3594 5652 3693 5701 luce
3724 5661 3792 5697 sa-

2234 5713 2719 5791 rticntim'sptendittu,
2744 5714 2957 5783 quantus
2978 5726 3022 5768 et
3044 5713 3587 5769 coruscaimtc'tibrctu.
