3972 6198
196 351 312 407 523

194 485 289 528 aut
316 477 400 530 cui
428 475 596 530 fecisti
620 478 885 547 injuriam.
918 489 1007 532 aut
1047 477 1134 548 qui
1164 477 1272 530 vult
1294 475 1500 529 auferre
1527 490 1608 527 res
1640 482 1774 536 luas,

143 603 156 608 -
193 577 286 622 aut
315 580 496 622 Contra
526 584 684 638 quem
727 570 980 640 praedicas
1004 569 1276 624 veritatem
1304 608 1317 630 ,
1345 575 1433 620 aut
1471 564 1779 632 eujuspec-

191 672 376 712 catum
407 658 691 728 obiurgas,
736 670 826 714 aut
868 675 1022 728 quem
1065 657 1203 712 male
1243 659 1503 710 viventem
1548 653 1679 707 bene
1706 650 1782 704 vi-

193 752 375 804 vendo
401 750 565 804 l:edis.
612 750 746 805 Sunt
791 750 1000 821 quidem
1040 758 1093 804 ct
1140 749 1222 802 isti
1272 745 1467 801 inimici
1497 742 1700 808 nostri,
1728 749 1782 796 et

192 853 594 913 persequuntur
615 858 710 896 nos
740 861 753 896 :
780 842 872 896 sed
898 844 1032 896 alios
1057 842 1312 896 docemur
1333 839 1574 894 inimicos
1601 849 1777 900 nosse,

188 944 383 988 contra
431 949 563 1004 quos
609 933 940 988 invisibiliter
981 934 1313 998 dimicanms,
1359 931 1424 986 de
1466 929 1654 1000 quibus
1683 941 1782 981 nos

190 1026 451 1078 admonet
485 1025 772 1094 Apostolus
811 1024 992 1078 dicens
1024 1041 1037 1077 :
1073 1023 1194 1077 Non
1223 1032 1293 1077 est
1336 1021 1474 1076 nobis
1497 1018 1781 1074 colluctatio

189 1117 439 1168 adversus
452 1129 654 1168 carnem
675 1125 720 1168 et
740 1115 1053 1186 sanguinem.
1079 1114 1129 1169 id
1150 1123 1229 1168 est
1245 1112 1498 1168 adversus
1521 1112 1776 1173 homines;

193 1222 303 1257 non
331 1205 590 1260 adversus
614 1221 708 1261 eos
733 1219 865 1275 quos
893 1205 1102 1269 videtis,
1133 1204 1224 1259 sed
1253 1204 1504 1258 adversus
1533 1218 1626 1256 eos
1649 1216 1782 1272 quos

193 1313 302 1348 non
333 1295 554 1358 videtis;
585 1295 823 1349 adversus
851 1297 1097 1366 principes
1125 1305 1171 1349 et
1213 1304 1473 1366 potestates
1500 1303 1544 1347 et
1572 1303 1782 1347 rectores

193 1385 375 1439 πιδηάί
400 1387 719 1440 tenebrarum
743 1387 924 1440 Irarum
951 1387 1179 1458 (Ep/tes.
1212 1403 1282 1448 VI,
1315 1387 1432 1456 (Ξ).
1475 1384 1603 1438 Cum
1633 1383 1780 1438 dicc-

195 1484 277 1529 ret
302 1475 449 1529 enim
481 1485 697 1530 rectores
722 1477 896 1530 mundi
928 1476 1158 1546 (dicebat
1183 1477 1377 1546 quippe
1398 1476 1465 1530 de
1493 1474 1703 1528 diabolo
1729 1483 1781 1528 et

195 1567 396 1636 angelis
417 1567 558 1641 ejus)
586 1610 602 1635 ,
643 1567 934 1624 cavendum
981 1577 1094 1623 erat
1143 1585 1209 1624 ne
1252 1569 1387 1622 male
1434 1567 1781 1636 intelligerent

199 1660 442 1714 homines
468 1702 484 1724 ,
514 1670 568 1724 et
617 1670 862 1732 putarent
886 1677 915 1714 a
957 1661 1167 1716 diabolo
1217 1670 1272 1715 et
1309 1660 1637 1714 daemonibus
1664 1658 1782 1727 ejus

202 1752 454 1806 utendum
483 1753 618 1823 regi.
646 1753 751 1808 Sed
781 1755 901 1823 quia
949 1755 1176 1809 mundus
1213 1753 1404 1807 dicitur
1432 1753 1544 1807 haec
1584 1733 1796 1804 fabrica

200 1858 354 1912 quam
381 1843 636 1898 videmus
659 1845 674 1875 ¹
696 1886 712 1910 ,
739 1854 793 1898 et
834 1845 885 1898 in
931 1845 1292 1913 peccatoribus
1316 1843 1506 1898 dicitur
1529 1841 1777 1906 mundus,

205 1934 326 1988 etin
357 1933 437 1990 eis
469 1934 558 2004 qui
589 1934 811 2005 diligunt
840 1935 1114 1999 mundmn,
1144 1936 1207 1988 de
1235 1935 1421 2004 quibus
1450 1933 1647 1988 dictum
1676 1941 1786 1997 est,

203 2023 264 2077 Et
288 2025 511 2078 mundus
555 2041 667 2078 eum
717 2044 814 2079 non
864 2028 1090 2096 cognovit
1137 2026 1320 2100 (Joan.
1371 2043 1408 2094 ι,
1457 2026 1592 2095 10);
1636 2025 1784 2080 etde

199 2115 389 2184 quibus
410 2116 612 2170 dictum
639 2126 739 2181 est,
767 2116 921 2170 Totus
945 2117 1159 2171 mundus
1183 2119 1234 2171 in
1262 2119 1480 2189 maligno
1502 2118 1690 2188 positus
1710 2125 1784 2170 est

203 2207 258 2278 (I
287 2207 448 2261 Joan.
482 2224 514 2261 v
540 2249 555 2273 ,
602 2208 741 2278 l9);
792 2210 1037 2278 exposuit
1078 2209 1362 2278 Apostolus
1405 2208 1554 2278 cujus
1600 2208 1786 2262 mundi

199 2308 375 2354 essent
404 2311 644 2355 rectores
669 2340 684 2366 ,
715 2303 1047 2366 tenebrarum,
1081 2302 1269 2371 inquit,
1303 2302 1502 2354 harum.
1529 2302 1784 2357 [lectores

199 2393 423 2460 mundi,
459 2393 582 2447 dico
606 2435 620 2455 ,
654 2402 890 2448 rectores
947 2393 1282 2448 tenebrarum
1329 2393 1533 2447 harum.
1582 2393 1784 2446 Rursus

198 2487 334 2556 emovit
363 2500 464 2538 nos
494 2484 788 2553 intelligere
817 2484 939 2555 quid
970 2484 1202 2550 dixerit,
1241 2485 1561 2538 tenebrarum.
1581 2483 1777 2537 harum.

198 2575 432 2644 Quarum
467 2576 802 2630 tenebrarum
847 2586 1081 2632 rectores
1125 2585 1247 2630 sunt
1271 2576 1508 2630 diabolus
1534 2585 1587 2630 et
1611 2575 1780 2645 angeli

199 2667 350 2735 ejus?
387 2665 643 2720 Omnium
687 2665 972 2720 infidelium
998 2709 1010 2730 ,
1057 2667 1292 2720 omnium
1339 2667 1673 2736 iniquorum,
1715 2665 1783 2720 de

200 2758 386 2826 quibus
416 2755 623 2810 dictum
652 2765 731 2810 est
766 2774 778 2809 :
812 2755 924 2809 Lua:
961 2757 1088 2809 lucet
1131 2756 1182 2810 in
1227 2757 1470 2821 tenebris,
1503 2766 1546 2808 et
1575 2755 1786 2809 tenebra:

203 2859 306 2899 eam
333 2863 439 2899 non
484 2845 971 2914 comprehenderunt
1019 2845 1205 2916 (Joan.
1253 2862 1298 2912 ι,
1329 2843 1414 2916 5).
1448 2845 1682 2915 Denique
1717 2860 1781 2900 ex

205 2935 433 3004 ipsorum
464 2951 688 2990 numero
715 2937 1052 2992 credentibus
1094 2937 1270 2990 multis
1290 2977 1304 3000 ,
1335 2935 1460 3006 quid
1487 2936 1614 2990 dicit
1643 2935 1780 2991 idem

203 3025 510 3091 agnistolus?
539 3022 730 3078 Fuistis
753 3032 882 3078 enim
905 3026 1175 3095 aliquando
1196 3025 1408 3080 tenebra:
1427 3067 1440 3089 ,
1468 3040 1599 3078 nunc
1621 3035 1786 3079 autent

206 3113 290 3168 itu:
307 3117 362 3168 in
393 3114 615 3168 Domino
644 3115 870 3186 (Ep/tes.
905 3131 957 3182 v,
984 3115 1069 3186 8).
1095 3115 1210 3170 Non
1237 3116 1318 3170 vis
1344 3117 1450 3187 regi
1477 3131 1506 3170 a
1533 3115 1786 3170 diabolo?

206 3202 360 3274 Nigra
389 3205 457 3258 ad
485 3206 683 3259 lucem.
713 3206 775 3259 Et
806 3206 943 3260 unde
968 3207 1216 3276 migrabis
1241 3205 1305 3260 ad
1339 3206 1508 3261 lucem
1534 3246 1551 3273 ,
1580 3206 1678 3260 nisi
1705 3207 1784 3261 ef-

207 3297 384 3352 fundat
411 3297 503 3353 iile
532 3296 785 3352 frameam
809 3341 822 3362 ,
857 3308 912 3352 et
949 3308 1101 3353 eruat
1130 3309 1180 3353 te
1217 3298 1284 3352 ab
1315 3299 1540 3353 inimicis
1567 3299 1666 3352 tuis
1693 3341 1706 3364 ,
1733 3306 1788 3352 ct

208 3405 233 3439 a
271 3390 714 3459 persequentilnts
757 3390 862 3444 te?
908 3388 1185 3456 Quomodo
1230 3388 1449 3443 effundit
1489 3388 1786 3444 frameam?

214 3483 495 3549 (grauiam
547 3482 656 3549 jam
685 3482 978 3536 audivimus
1031 3482 1152 3552 quid
1207 3483 1276 3536 sit
1325 3481 1521 3536 framea
1573 3482 1782 3551 ipsius:

209 3574 372 3627 auium
403 3574 547 3627 enim
584 3574 710 3642 justi
734 3572 864 3644 est.)
908 3574 1190 3629 Abundth
1227 3575 1350 3642 justi
1378 3614 1392 3639 ,
1423 3584 1477 3629 et
1504 3573 1788 3629 ellunditur

212 3666 444 3727 framea,
475 3673 531 3718 et
580 3665 913 3718 concluditur
954 3664 1208 3719 adversus
1254 3665 1516 3722 inimicos.
1560 3665 1691 3719 Nam
1721 3665 1788 3720 de

212 3754 314 3823 ipsa
341 3755 608 3811 effusione
635 3755 848 3810 frameze
883 3771 1105 3812 monens
1148 3759 1433 3827 Apostolus
1463 3767 1518 3811 ut
1541 3759 1681 3826 juste
1706 3757 1786 3810 vi-

211 3863 390 3900 vamus
409 3890 423 3912 ,
455 3848 507 3900 iu
534 3848 874 3916 Consequenti
904 3848 977 3902 ait
1008 3865 1020 3901 :
1056 3847 1122 3903 Ut
1147 3848 1461 3902 adversarius
1488 3858 1784 3911 revereatur,

211 3938 330 3991 nihil
355 3939 546 3993 habens
573 3939 639 3991 de
659 3939 799 3992 nobis
828 3939 992 3993 dicere
1020 3955 1228 4008 pravum
1257 3939 1393 4010 (Tit.
1425 3956 1496 4004 ιι,
1528 3938 1617 4011 8).
1651 3941 1788 3994 Cou-

211 4031 411 4084 elusum
444 4040 526 4083 est
562 4029 818 4085 adversus
859 4046 981 4086 eum
1008 4070 1022 4094 ,
1067 4032 1190 4101 quia
1234 4029 1374 4100 quod
1417 4031 1662 4101 loquatur
1691 4029 1788 4085 ad-

211 4136 396 4176 versus
420 4130 636 4175 sanctos
655 4163 670 4186 ,
702 4137 806 4175 nou
841 4132 1014 4192 potest
1043 4123 1303 4178 invenire.

278 4213 331 4266 5.
365 4211 432 4265 Et
460 4211 600 4266 unde
625 4221 779 4265 erunt
798 4212 964 4281 justi?
992 4215 1095 4267 Aut
1119 4213 1241 4282 quid
1272 4211 1452 4267 dicunt
1477 4213 1672 4268 inimici
1698 4212 1786 4282 qui

211 4317 306 4355 nos
338 4302 1067 4372 persequuntur?invisibiles
1090 4302 1160 4356 illi
1191 4304 1314 4374 quid
1345 4303 1524 4358 dicunt
1553 4304 1784 4358 inimici?

211 4394 295 4449 isti
340 4396 514 4450 nihil?
539 4394 765 4450 Maxime
794 4396 1092 4466 suggeritur
1120 4395 1351 4450 humano
1380 4395 1524 4450 cordi
1558 4396 1623 4450 ab
1654 4397 1788 4450 invi-

210 4489 436 4542 sibiliter
463 4488 882 4558 expugnantibus
901 4488 1126 4543 inimicis
1142 4490 1182 4553 ’,
1206 4487 1326 4557 quia
1357 4487 1498 4543 Deus
1518 4487 1668 4542 nobis
1686 4504 1788 4542 non

211 4590 296 4633 est
325 4578 537 4647 adjutor
563 4597 586 4649 :7
608 4589 664 4633 ut
685 4580 1012 4649 requirentes
1039 4580 1138 4633 alia
1161 4579 1439 4647 adjuturia.
1460 4580 1791 4634 inveniamur

212 4675 453 4738 invalidi,
482 4684 534 4727 et
558 4648 624 4728 ab
648 4673 874 4727 inimicis
901 4673 1026 4742 ipsis
1049 4674 1337 4742 capiamur.
1371 4672 1483 4725 lloc
1510 4688 1634 4741 ergo
1664 4688 1790 4742 sug-

210 4768 434 4838 geritur.
469 4765 664 4822 Contra
691 4768 818 4820 istas
841 4781 996 4821 voces
1022 4767 1249 4819 maxime
1278 4765 1492 4836 vigilare
1513 4765 1788 4827 debemus,

210 4878 337 4929 qum
367 4861 417 4915 in
445 4861 550 4915 alio
577 4860 778 4930 psalmo
805 4859 1154 4914 ostenduntur
1187 4875 1199 4911 :
1233 4857 1386 4912 Multi
1414 4858 1676 4927 insurgunt
1702 4859 1794 4910 ad—

211 4971 414 5006 versum
440 4971 537 5016 me,
567 4954 712 5006 multi
737 4954 907 5008 dicunt
936 4955 1117 5007 anima:
1139 4969 1260 5008 mea!
1286 4969 1304 5007 :
1326 4951 1446 5006 Non
1465 4963 1538 5007 est
1563 4955 1700 5007 salus
1719 4953 1796 5006 illi

213 5047 272 5097 in
303 5043 411 5097 Deo
435 5046 546 5114 ejus
575 5042 746 5115 (Psal.
778 5060 869 5107 ιιι,
897 5043 962 5111 ‘2,
994 5043 1072 5115 5).
1102 5043 1296 5099 Contra
1331 5044 1459 5098 istas
1488 5060 1644 5099 voces
1668 5044 1795 5114 quid

214 5137 308 5191 hie
345 5137 572 5190 dicitur?
603 5136 696 5190 Dic
722 5138 904 5191 anima:
929 5152 1068 5198 mete,
1096 5138 1248 5191 Salus
1277 5147 1361 5190 tua
1383 5153 1473 5208 ego
1503 5154 1632 5191 sum.
1665 5138 1794 5192 Ctnu

209 5228 420 5282 dixeris
444 5229 635 5281 anima:
660 5243 816 5292 mese,
843 5227 996 5281 Salus
1022 5237 1106 5280 tua
1122 5245 1210 5298 ego
1233 5244 1365 5292 sum,
1395 5227 1534 5296 justo
1560 5228 1723 5292 vivet,
1744 5237 1800 5282 ut

216 5319 494 5374 neminem
533 5319 582 5373 in
614 5318 931 5387 adjutorium
965 5327 1154 5387 prarter
1184 5329 1234 5374 te
1261 5335 1514 5388 quaeram.

294 5413 352 5468 6.
380 5409 529 5483 [verm
576 5409 655 5484 4.]
686 5411 753 5465 Ει
780 5409 904 5481 quid
933 5410 1210 5480 sequitur?
1237 5410 1620 5479 Confundantur
1651 5422 1696 5463 et
1717 5427 1797 5464 re-
1831 5403 1842 5411 ’

286 5600 305 5633 ί
341 5605 453 5648 Mss.
479 5599 623 5648 nostri
643 5608 813 5652 omnes
826 5595 1066 5651 omittunt,
1084 5592 1186 5642 Ittrc
1211 5593 1389 5655 fabrica
1411 5595 1800 5654 mtmnridemus.

284 5666 305 5694 ¹
345 5660 568 5722 Plerique
589 5666 714 5722 Mss.)
729 5658 914 5722 quinos
931 5663 1272 5722 persequuntur
1288 5655 1542 5722 invisibiles
1556 5656 1630 5706 illi
1644 5657 1668 5706 Ρ
1685 5658 1801 5722 quid

226 5725 394 5775 dicunt
415 5715 597 5788 inimici
620 5719 696 5769 ὶδιὲ
718 5715 884 5769 ζ”.νϋιὶι
909 5715 1114 5788 nimim?
1138 5715 1404 5787 suggeritur
1436 5717 1642 5787 humano
1665 5715 1802 5768 cordi

229 5794 289 5843 ab
306 5782 606 5838 invisibiliter
627 5780 1005 5844 cxpugmmtibns
1027 5780 1248 5836 inimicis,
1273 5780 1364 5828 nisi
1397 5780 1509 5840 quia
1537 5789 1677 5841 mus,
1707 5792 1801 5834 em-

1256 332 1649 390 ENARRATIO
1687 330 1749 386 IN
1791 329 2110 385 PS.\l..\|UM
2153 327 2392 384 XXXIV.

3350 337 3456 393 326

1897 458 2155 502 vereantur
2195 449 2498 518 requirentes
2533 450 2753 503 animum
2800 466 2957 505 meant
2989 467 3008 506 :
3049 449 3115 507 ad
3159 451 3261 509 hoc
3314 461 3458 512 cuim
3491 471 3500 474 ·

1889 539 2030 605 illam
2061 540 2333 608 requirunt
2358 581 2372 602 ,
2403 550 2460 593 ut
2482 543 2724 608 perdant.
2749 541 2878 596 Nam
2907 543 3104 598 utinam
3143 543 3279 600 bene
3305 564 3456 615 quze-

1886 629 2040 682 rant!
2076 628 2130 683 In
2155 629 2258 683 alio
2295 631 2491 700 quippe
2521 632 2724 700 psalmo
2754 632 2854 687 hoc
2894 633 3238 703 reprehendit
3281 637 3454 691 inho-

1888 720 2116 774 minibus
2141 762 2156 785 ,
2186 721 2304 790 quia
2333 737 2437 775 non
2476 732 2589 777 erat
2636 725 2721 794 qui
2763 725 3056 795 requireret
3095 728 3324 782 animam
3374 731 3460 800 ip~

1889 811 2002 864 sius
2033 829 2045 864 :
2083 810 2250 865 Periit
2271 812 2391 882 fuga
2412 830 2444 865 a
2464 831 2566 877 me,
2591 825 2637 867 et
2657 831 2756 868 non
2776 825 2846 870 est
2879 817 2966 886 qui
2993 819 3210 887 requirat
3235 821 3460 876 quintam

1885 917 2045 954 meum
2080 901 2254 966 (Psal.
2278 918 2394 957 cxu
2417 944 2430 967 ,
2460 905 2538 976 5).
2568 905 2696 972 Quis
2716 916 2797 960 est
2824 907 2909 962 ille
2936 909 3024 978 qui
3053 909 3216 964 dicit:
3247 909 3366 967 Non
3387 922 3460 967 est

1885 992 1970 1056 qui
1989 993 2206 1061 requirat
2226 993 2444 1046 animum
2469 997 2706 1051 meam‘?
2744 995 3004 1068 Numquid
3043 998 3177 1054 forte
3207 1001 3295 1056 ille
3332 1014 3413 1058 est
3436 1046 3453 1066 ,

1884 1079 1950 1134 de
1976 1095 2081 1150 quo
2140 1089 2284 1136 tanto
2323 1091 2448 1138 ante
2485 1086 2791 1154 praedictum
2820 1099 2900 1142 est
2923 1128 2939 1150 ,
2969 1075 3228 1144 Foderunt
3274 1108 3456 1146 manus

1885 1187 2018 1223 meas
2039 1179 2084 1224 et
2121 1171 2269 1238 pedes
2299 1189 2466 1240 meos,
2505 1175 2942 1229 dinumeraverunt
2961 1179 3130 1238 ontnia
3162 1196 3275 1234 ossa
3303 1198 3413 1236 mea
3435 1225 3451 1246 ,

1883 1263 1980 1331 ipsi
1994 1279 2106 1316 vero
2127 1263 2563 1318 consideraverunt
2592 1275 2639 1319 et
2660 1279 3022 1336 conspexerunt
3043 1287 3156 1334 me;
3185 1273 3458 1328 diviserunt

1868 1353 1975 1407 sibi
2015 1355 2303 1408 vestimenta
2335 1373 2477 1417 mea,
2511 1369 2557 1410 et
2590 1374 2741 1426 super
2787 1369 2966 1412 vestem
3015 1378 3178 1415 meam
3215 1364 3458 1418 miserunt

1883 1457 2062 1502 sortem
2095 1447 2273 1516 (Psal.
2299 1465 2387 1502 xxi
2410 1491 2424 1516 ,
2455 1450 2518 1504 l7
2557 1451 2818 1516 19)?Jam
2847 1452 3022 1506 omnia
3060 1452 3152 1508 ista
3184 1465 3306 1510 ante
3331 1472 3457 1510 octi-

1884 1535 1964 1590 los
1985 1552 2169 1591 eorum
2203 1538 2426 1602 fiebant,
2449 1548 2503 1594 et
2547 1555 2704 1595 nemo
2731 1551 2845 1596 erat
2878 1543 2966 1613 qui
3009 1545 3300 1614 requireret
3337 1547 3456 1602 ani-

1884 1643 2026 1681 mam
2055 1627 2189 1696 ejus.
2218 1628 2524 1684 lnvoccmus
2549 1646 2676 1700 ergo
2695 1671 2709 1695 ,
2755 1631 2981 1697 fratres,
3008 1642 3066 1687 ut
3095 1634 3234 1689 dicat
3264 1637 3457 1691 animus

1885 1728 2118 1774 nostr-te:
2150 1718 2306 1774 Salus
2328 1729 2414 1772 tua
2436 1738 2524 1790 ego
2545 1738 2658 1775 sum
2675 1739 2693 1788 ;
2716 1731 2764 1777 et
2794 1725 2997 1792 aperiat
3033 1740 3192 1782 aures
3215 1728 3362 1796 ejus,
3399 1739 3458 1785 ut

1883 1811 2062 1866 audiat
2086 1812 2348 1866 dicentem
2376 1831 2390 1869 :
2423 1813 2578 1868 Salus
2599 1826 2684 1869 tua
2707 1833 2794 1887 ego
2823 1835 2954 1872 sum.
2987 1819 3122 1874 Dicit
3149 1821 3322 1884 enim,
3360 1823 3456 1877 sed

1884 1902 2096 1970 quidam
2129 1903 2551 1960 obsurdescunt:
2598 1907 2735 1962 unde
2781 1909 3006 1964 audiunt
3051 1912 3225 1979 potius
3272 1928 3456 1982 perse-

1883 2002 2107 2062 quentes
2129 1994 2372 2050 inimicos
2393 1995 2444 2050 in
2477 1997 2814 2054 tribulatione
2835 2003 3128 2058 constituti.
3156 2005 3210 2060 Si
3253 1989 3452 2077 aliquid

1884 2084 2066 2146 deest.
2096 2085 2139 2139 si
2180 2087 2229 2139 in
2276 2097 2497 2157 angusto
2531 2098 2612 2166 est
2652 2091 2853 2158 anima,
2897 2092 2947 2146 in
2981 2093 3154 2164 inOpia
3187 2105 3456 2166 tempora-

1885 2176 2044 2243 lium,
2071 2181 2258 2247 quierit
2295 2180 2545 2235 auxilium
2581 2157 2891 2252 plerumque
2917 2200 2945 2239 ει
2972 2185 3304 2241 darmonibus
3323 2231 3335 2252 ,
3370 2205 3458 2255 ar-

1886 2270 2124 2339 reptitios
2145 2271 2443 2325 dzemouum
2472 2274 2580 2327 vult
2600 2277 2876 2349 consulere
2896 2318 2909 2338 ,
2960 2280 3242 2350 sortilegos
3261 2282 3282 2313 ²
3309 2297 3457 2350 qua:-

1885 2362 1990 2417 rit:
2037 2371 2405 2431 persecutores
2435 2365 2576 2419 illam
2620 2365 2802 2423 hostes
2843 2368 3134 2425 invisibiles
3174 2371 3457 2439 adierunt,

1885 2450 2242 2517 intraverunt,
2272 2467 2703 2524 expugnaverunt
2723 2499 2739 2524 ,
2769 2460 3194 2527 captivaveruut,
3219 2462 3461 2520 vicerunt
3512 2493 3519 2504 ~

1886 2540 2154 2597 dieendo:
2191 2543 2310 2599 Non
2358 2556 2428 2600 est
2480 2549 2616 2602 salus
2647 2549 2724 2602 illi
2776 2551 2828 2604 in
2857 2549 2964 2605 Deo
3015 2555 3144 2624 ejus.
3171 2553 3461 2610 Obsurduit

1891 2641 2278 2688 contra-vocem
2311 2635 2573 2692 dicentem
2601 2657 2614 2692 :
2643 2640 2796 2694 Salus
2822 2651 2907 2693 tua
2933 2657 3024 2711 ego
3057 2660 3187 2696 sum.
3215 2643 3313 2698 Dic
3343 2647 3459 2699 ani-

1886 2738 1983 2776 mu:
2011 2739 2133 2778 mea:
2153 2724 2349 2778 :.Salas
2377 2735 2462 2778 tua
2483 2743 2573 2796 ego
2599 2745 2706 2780 sum
2726 2769 2741 2794 ,
2773 2737 2828 2782 ut
2849 2733 3224 2800 confundantur
3241 2743 3289 2788 et
3319 2735 3466 2788 reue.

1886 2823 2096 2866 reantur
2115 2815 2419 2885 requirentes
2434 2819 2653 2870 animum
2683 2835 2865 2883 meant,
2899 2821 2980 2874 cui
3012 2820 3144 2876 dicis
3170 2832 3222 2878 tu
3253 2841 3268 2880 :
3303 2823 3462 2882 Salus

1888 2910 1972 2955 tua
2023 2920 2112 2974 ego
2150 2921 2279 2956 sum.
2311 2906 2530 2960 Audiam
2561 2907 2822 2963 dicentem
2850 2910 2976 2964 mihi
3002 2927 3014 2964 :
3046 2910 3204 2967 Salus
3246 2923 3335 2969 tua
3369 2933 3462 2987 ego

1887 3009 2019 3048 sum.
2044 2994 2212 3048 Aliam
2242 2995 2464 3050 salutem
2493 3013 2596 3052 non
2615 2999 2890 3070 ,requiram
2918 3041 2934 3068 ,
2965 3011 3156 3071 printer
3184 3003 3460 3062 Dominum

1889 3085 2056 3140 Deum
2089 3102 2285 3140 meum.
2330 3088 2401 3141 De
2429 3099 2670 3144 creatura
2703 3091 2828 3144 tuihi
2867 3092 3009 3146 salus
3040 3098 3364 3164 suggeritur;
3393 3096 3462 3150 ah

1889 3177 2004 3244 ipso
2035 3186 2115 3232 est
2145 3196 2158 3231 :
2191 3188 2245 3232 et
2288 3180 2330 3234 si
2365 3181 2482 3235 levo
2527 3184 2709 3238 oculos
2757 3198 2904 3238 meos
2934 3185 2984 3238 in
3033 3197 3270 3254 montes,
3323 3188 3462 3243 unde

1889 3269 2066 3324 veniat
2099 3270 2352 3324 auxilium
2385 3271 2511 3325 mihi
2539 3288 2552 3336 ;
2611 3287 2714 3327 non
2749 3267 2927 3328 tamen
2963 3290 2992 3328 a
3039 3276 3338 3344 montibus,
3367 3280 3460 3333 sed

1885 3359 2140 3414 auxilium
2169 3376 2344 3415 meum
2381 3377 2409 3415 a
2440 3363 2664 3417 Domino
2684 3363 2773 3433 qui
2811 3365 2934 3419 fecit
2961 3368 3152 3422 emtum
3182 3377 3236 3422 ct
3265 3377 3462 3424 terram

1844 3492 1847 3496 .
1891 3449 2060 3520 (Psal.
2112 3467 2212 3508 cxx
2241 3494 2256 3520 ,
2296 3455 2362 3520 1,
2400 3451 2478 3526 2).
2522 3455 2576 3510 In
2625 3455 2753 3525 ipsis
2797 3459 3173 3526 temporalibus
3209 3462 3464 3529 angustiis

1889 3555 1984 3610 per
2009 3542 2276 3598 hominem
2305 3545 2547 3600 subvenit
2582 3545 2752 3611 Deus;
2785 3547 2931 3602 salus
2963 3556 3047 3602 tua
3087 3549 3198 3618 ipse
3241 3562 3340 3604 est.
3364 3551 3466 3608 Per

1889 3631 2135 3704 angelum
2174 3635 2421 3690 subvenit
2462 3637 2814 3707 Deus;‘salus
2855 3648 2939 3692 tua
2978 3640 3089 3709 ipse
3132 3651 3234 3698 esu
3274 3640 3464 3699 Omnia

1893 3725 1965 3779 illi
1997 3724 2232 3794 subjecta
2263 3737 2416 3793 sunt,
2446 3736 2501 3783 et
2521 3727 2585 3784 ad
2613 3732 2768 3784 istam
2813 3729 3024 3799 quidem
3057 3731 3220 3788 vitam
3260 3741 3464 3803 tempo-

1891 3819 2056 3873 ralem
2085 3820 2362 3887 subvenit,
2387 3822 2476 3880 alii
2515 3823 2637 3879 inde
2657 3865 2672 3888 ,
2702 3825 2790 3879 alii
2814 3823 2936 3880 inde
2962 3842 2975 3878 :
3004 3833 3257 3880 aeternam
3303 3825 3463 3882 vitam

1895 3924 1998 3962 non
2035 3909 2125 3963 dat
2162 3911 2263 3964 nisi
2290 3911 2356 3966 de
2381 3927 2458 3967 se.
2491 3913 2629 3968 Ecce
2660 3914 2710 3968 in
2752 3914 3008 3984 angustiis
3037 3915 3324 3972 constituto
3358 3930 3463 3972 non

1892 3999 2076 4054 subest
2101 4001 2240 4070 quod
2262 4003 2456 4071 quaeris
2473 4044 2488 4067 ,
2520 4002 2612 4057 sed
2629 4002 2780 4058 adest
2807 4020 2960 4074 quem
2986 4005 3200 4074 quieris.
3229 4004 3298 4059 Et
3317 4005 3468 4060 illum

1891 4090 2180 4159 (μιαινοηυί
2205 4090 2392 4146 deesse
2417 4108 2687 4163 nunquam
2719 4103 2916 4164 potest.
2937 4092 3324 4150 Subtrahantur
3347 4113 3466 4166 qua:

1892 4178 2073 4246 dedit;
2102 4181 2356 4251 nmnquid
2404 4181 2736 4238 subtrahitur
2783 4183 2873 4255 qui
2920 4183 3101 4240 dedit?
3157 4185 3466 4241 Reddantur

1892 4286 2010 4340 qua:
2035 4271 2285 4338 dederat;
2317 4273 2571 4344 numquid
2598 4273 2725 4344 ipsae
2748 4284 2873 4331 sunt
2896 4276 3092 4332 divitize
3117 4291 3236 4332 cum
3261 4279 3465 4334 reddita

1892 4360 2088 4415 fuerint
2117 4361 2203 4415 illa
2224 4404 2238 4430 ,
2268 4372 2321 4416 et
2349 4377 2452 4417 non
2479 4363 2566 4418 ille
2592 4365 2679 4434 qui
2701 4366 3035 4422 subtraxerat
3075 4367 3348 4436 probando
3367 4407 3382 4432 ,
3411 4377 3465 4422 et

1892 4453 2124 4508 reddidit
2155 4455 2516 4510 consolando?
2538 4455 2853 4513 Consolatur
2890 4460 3030 4515 enim
3057 4461 3267 4529 quando
3314 4461 3466 4516 nobis

1895 4545 1993 4600 ista
2040 4559 2141 4597 non
2170 4544 2382 4600 desunt.
2415 4547 2731 4604 Consolatur
2759 4559 3003 4620 tanquam
3045 4551 3098 4604 in
3137 4551 3254 4618 via,
3285 4551 3377 4606 sed
3420 4554 3466 4606 si

1895 4652 1992 4690 nos
2021 4637 2375 4708 intelligamus
2398 4641 2530 4694 viam
2559 4660 2574 4696 :
2610 4643 2731 4713 quia
2774 4652 2880 4696 tota
2917 4643 3013 4696 ista
3047 4643 3149 4695 vita
3174 4685 3187 4708 ,
3211 4655 3258 4698 et
3290 4646 3465 4701 omnia

1897 4728 2083 4796 quibus
2114 4731 2276 4785 uteris
2319 4731 2371 4785 in
2422 4735 2518 4787 hac
2550 4734 2650 4787 vita
2678 4775 2692 4799 ,
2723 4736 2801 4788 sic
2850 4733 2942 4787 tibi
2986 4734 3182 4788 debent
3207 4751 3324 4790 esse
3352 4747 3467 4793 tau-

1897 4836 2049 4890 quam
2077 4823 2338 4879 stabulum
2368 4827 2589 4891 viatori,
2626 4843 2729 4880 non
2761 4835 3006 4896 tauquam
3044 4827 3233 4884 domus
3259 4828 3466 4887 habita-

1901 4914 2020 4969 tari.
2053 4915 2316 4972 Memento
2347 4920 2612 4989 peregisse
2639 4928 2689 4973 te
2725 4919 2957 4988 aliquid,
2990 4931 3198 4978 restare
3219 4923 3417 4995 aliquid
3447 4945 3466 4984 :

1900 5008 2179 5064 divertisse
2203 5022 2253 5066 te
2274 5011 2338 5065 ad
2365 5012 2707 5066 refectionem
2725 5055 2740 5078 ,
2761 5027 2864 5067 non
2887 5013 2952 5067 ad
2979 5012 3356 5074 defectionem.

1973 5103 2022 5155 7.
2047 5102 2182 5157 Sunt
2215 5103 2304 5172 qui
2330 5103 2511 5158 dicunt
2539 5119 2552 5157 :
2605 5104 2745 5159 Deus
2781 5105 2986 5173 bonus,
3015 5123 3238 5179 magnus
3260 5151 3276 5174 .
3316 5127 3468 5167 sum.

1823 5214 1830 5222 -
1903 5206 2054 5254 mus,
2107 5191 2383 5247 invisibilis
2415 5234 2429 5257 ,
2483 5204 2714 5249 internus
2746 5236 2760 5259 ,
2804 5193 3216 5268 incorruptibilis
3248 5240 3262 5265 ,
3303 5203 3465 5258 vitam

1904 5294 2155 5339 a'lernam
2187 5282 2337 5338 nobis
2365 5283 2585 5338 daturus
2614 5295 2726 5349 est,
2757 5297 2808 5340 et
2836 5286 2978 5341 illam
3023 5289 3468 5360 incorruptionem

1967 5476 2193 5544 {omnes
2213 5489 2360 5544 prope
2396 5485 2693 5544 Mss._carent_
2729 5481 2802 5531 his
2826 5483 3005 5540 verbis,
3029 5483 3140 5544 Quis
3177 5490 3245 5535 est
3279 5483 3360 5534 ille
3392 5484 3480 5544 qui

1907 5536 2042 5601 dicit,
2069 5536 2254 5601 sanest
2276 5536 2357 5601 qui
2381 5539 2591 5599 requirat
2614 5542 2819 5591 animam
2843 5536 3055 5594 meam'?‘
3075 5555 3125 5594 et
3168 5558 3332 5593 eorum
3368 5536 3470 5594 lo'eo

1906 5600 2098 5668 habent,
2118 5599 2176 5668 id
2194 5607 2263 5649 est
2283 5599 2365 5662 qui
2386 5608 2588 5668 (ﬂllBt'ql,
2612 5603 2722 5668 Quis
2744 5611 2811 5653 est
2830 5603 2911 5654 ille
2925 5605 3007 5666 qui
3021 5605 3318 5668 cruciﬁgitur
3337 5604 3364 5656 .’
3377 5615 3474 5657 και

1899 5661 2072 5726 estqui
2095 5661 2238 5716 dicat,
2264 5661 2501 5726 Numquid
2518 5664 2637 5726 forte
2653 5664 2734 5714 ille
2756 5673 2842 5717 est.
2871 5661 2964 5716 etc.
3154 5661 3163 5668 ’
3189 5661 3211 5668 ”
3485 5699 3488 5703 ~

1971 5724 1990 5752 ³
2025 5730 2071 5770 In
2095 5725 2301 5791 antiquis
2332 5724 2574 5791 emiteihus
2606 5727 2686 5791 hic
2713 5726 2912 5791 et_alihi
2939 5735 3214 5777 constanter
3250 5729 3478 5791 scriptum

1910 5791 2000 5842 est,
2027 5775 2282 5848 sortilog'o?
2300 5799 2316 5835 :
2335 5779 2520 5837 iuutata
2542 5786 2690 5836 vocali
2723 5800 2751 5837 e
2780 5788 2826 5836 in
2859 5800 2905 5837 ο.
