3972 6198
521 332 659 402 δὲΤ

522 476 682 533 quam
709 460 764 515 in
789 454 1173 514 resurrectione
1212 449 1483 523 promisit;
1513 446 1613 503 ista
1659 459 1785 501 vero
1808 437 2083 498 secularia

524 563 579 608 et
607 549 909 620 temporalia
939 545 1004 600 ad
1029 545 1302 600 dmmones
1331 539 1597 611 pertinent
1616 578 1632 602 ,
1668 545 1723 592 et
1751 534 1817 590 ad
1857 542 2092 606 potesta-

524 655 604 700 tes
639 642 751 701 illas
781 639 965 692 harum
1007 634 1368 691 tenebrarum.
1420 628 1650 685 Dicendo
1687 620 1834 690 haec,
1881 622 2092 692 quando

523 722 705 807 amore
739 729 1077 799 implicantur
1100 726 1285 780 harum
1316 737 1494 778 rerum
1519 761 1534 783 ,
1568 719 1841 774 dimittunt
1873 715 2042 771 Deum
2074 753 2089 775 .

521 824 670 897 quasi
701 823 765 878 ad
787 836 944 892 quem
975 819 1075 875 ista
1106 833 1210 872 non
1250 814 1577 886 pertineant;
1609 822 1663 867 et
1701 817 1943 880 qutcrunt
1992 820 2093 861 ne-

520 913 693 969 fandis
740 909 1044 974 sacriliciis,
1085 923 1149 962 ac
1186 904 1367 961 nescio
1419 903 1613 974 quibus
1661 898 1950 963 remediis,
2003 903 2094 951 aut

521 1007 704 1061 nescio
732 1019 834 1075 qua
864 1001 1138 1056 hominum
1186 997 1363 1054 illicita
1396 993 1770 1066 persuasione,
1815 987 2093 1060 providere

521 1096 620 1150 sibi
646 1094 785 1166 quod
820 1090 1112 1162 temporale
1132 1097 1248 1153 est,
1281 1085 1442 1141 veluti
1483 1082 1757 1154 pecuniam
1779 1120 1795 1145 ,
1829 1092 2049 1134 uxorem
2072 1117 2089 1144 ,

525 1188 662 1241 ﬁlios
681 1226 698 1252 ,
728 1194 783 1240 et
806 1184 849 1239 si
878 1198 979 1254 qua
1016 1190 1141 1236 sunt
1177 1195 1294 1251 qua:
1321 1178 1601 1232 humanam
1633 1172 1794 1226 vitam
1820 1177 1913 1223 aut
1958 1183 2091 1222 con-

522 1280 765 1334 solantur
807 1283 1165 1331 transeuntem
1191 1313 1207 1336 ,
1242 1278 1334 1324 aut
1373 1266 1664 1337 impediunt
1710 1261 2090 1317 ambulantem.

523 1369 722 1425 Contra
752 1369 906 1423 istam
924 1364 1226 1435 opinionem
1256 1360 1430 1416 divina
1456 1354 1789 1429 providentia
1819 1352 2089 1423 vigilante,

524 1472 579 1516 ιιι
609 1460 916 1516 ostenderet
943 1459 1078 1511 Deus
1106 1454 1172 1509 ad
1201 1469 1261 1509 se
1292 1452 1560 1523 pertinere
1597 1450 1698 1503 ista
1719 1444 1897 1501 omnia
1920 1482 1937 1512 ,
1966 1453 2017 1498 et
2038 1442 2092 1497 in

524 1570 619 1608 sua
646 1567 765 1608 esse
799 1557 1091 1621 potestate,
1124 1560 1226 1600 non
1254 1544 1426 1599 solum
1461 1548 1660 1597 aeterna
1700 1552 1819 1608 quae
1847 1535 1903 1590 in
1948 1533 2093 1589 futu-

526 1662 646 1702 rum
675 1641 948 1714 promisit,
973 1654 1157 1694 verum
1186 1636 1345 1692 etiam
1383 1630 1695 1703 temporalia
1718 1643 1838 1699 qua:
1871 1626 1924 1681 in
1953 1633 2095 1682 terra

527 1736 619 1792 dat
642 1734 832 1805 quibus
861 1728 1089 1785 voluerit
1113 1770 1128 1794 ,
1160 1736 1209 1783 et
1251 1722 1464 1797 quando
1502 1721 1727 1776 voluerit
1759 1726 2053 1788 opportune
2073 1755 2092 1784 ,

530 1829 706 1884 sciens
732 1827 819 1881 cui
855 1823 980 1890 det,
1013 1820 1100 1877 cui
1137 1835 1242 1876 non
1266 1812 1392 1884 det,
1431 1825 1681 1885 tanquam
1712 1808 1950 1866 medicus
1983 1822 2095 1862 me-
2132 1866 2133 1869 η

526 1920 821 1977 dicanienta
846 1958 862 1982 ,
891 1916 1067 1972 sciens
1093 1912 1284 1968 melius
1311 1907 1555 1965 morbum
1576 1901 1758 1975 :rgroti
1781 1914 1938 1971 quam
1981 1898 2096 1969 ipse

531 2020 758 2084 aegrotus
785 2028 799 2064 :
831 2018 889 2064 ut
933 2022 1061 2079 ergo
1118 2005 1258 2061 Deus
1297 2002 1398 2056 hoc
1446 1996 1782 2060 ostenderet.
1828 1990 2096 2048 distribuit

529 2082 763 2173 tempora
794 2099 1004 2156 Veteris
1027 2106 1081 2152 et
1107 2094 1240 2153 Novi
1294 2088 1643 2182 Testamenti.
1675 2086 1730 2142 In
1766 2083 1943 2141 Veteri
1988 2082 2095 2137 Te-

531 2201 796 2248 stamento
822 2187 1200 2260 promissiones
1243 2173 1589 2241 sunt'rcrum
1619 2188 1985 2239 terrenarum;
2041 2173 2095 2227 in

528 2285 676 2339 Novo
715 2291 926 2348 autem,
986 2277 1133 2349 regni
1170 2275 1447 2332 canorum.
1504 2270 1761 2339 Pleraque
1830 2273 2093 2337 praecepta

530 2377 698 2431 Deum
723 2372 930 2429 colendi
955 2380 1009 2425 et
1047 2378 1193 2424 recte
1233 2365 1478 2430 vivendi,
1521 2363 1632 2432 ipsa
1675 2368 1797 2416 sunt
1830 2367 1884 2416 ct
1922 2357 1992 2412 ibi
2040 2365 2097 2413 et

530 2468 616 2522 hic
641 2484 656 2520 :
683 2465 775 2521 sed
805 2464 927 2535 quia
959 2458 1241 2534 promissio
1270 2457 1344 2513 ibi
1383 2457 1484 2510 alia
1525 2453 1736 2509 videtur
1756 2492 1774 2518 ,
1815 2450 1919 2505 alia
1960 2448 2047 2504 hic
2076 2464 2092 2514 ;

525 2560 759 2632 iubentis
786 2557 1063 2627 imperium
1089 2561 1144 2609 et
1166 2548 1465 2607 obedientia
1480 2545 1765 2603 servientis
1784 2542 1968 2599 eadem
1990 2548 2093 2608 est,

527 2651 620 2708 sed
652 2664 856 2705 merces
877 2646 1028 2718 quasi
1059 2661 1161 2699 non
1190 2649 1273 2698 est
1298 2639 1504 2696 eadem.
1529 2636 1733 2692 Etenim
1764 2634 1871 2690 illis
1898 2632 2094 2687 dictum

524 2726 645 2806 εει,
678 2752 736 2796 ιιι
759 2736 1028 2809 accipiatis
1060 2745 1252 2791 terram
1284 2728 1648 2803 promissionis
1668 2767 1684 2792 ,
1707 2734 1765 2781 ut
1801 2725 1852 2779 in
1889 2723 1975 2778 illa
2009 2737 2095 2777 re-

527 2835 733 2906 gnetis,
766 2841 823 2887 ut
858 2830 1102 2886 inimicos
1130 2835 1335 2883 vestros
1360 2821 1656 2893 superetis,
1681 2828 1740 2875 ut
1776 2817 1844 2873 ab
1874 2817 1952 2873 eis
1991 2831 2094 2870 non

528 2922 881 2995 snbjugemiui
902 2963 917 2988 ,
948 2920 1210 2975 utwomnia
1235 2916 1385 2971 vobis
1406 2912 1678 2969 abundent
1704 2911 1755 2964 in
1788 2908 1888 2962 hac
1911 2917 2049 2963 terra
2077 2947 2093 2973 ,

530 3029 588 3073 ut
610 3018 746 3071 tilias
769 3012 1060 3084 procreetis
1081 3008 1272 3085 (Exod.
1305 3022 1435 3061 siuti
1455 3046 1468 3068 ,
1491 3003 1710 3072 ﬂ5-3i).
1733 3000 1859 3055 llaec
1885 3009 2094 3053 terrena

530 3107 786 3178 promissa
814 3108 971 3166 sunt,
1012 3101 1105 3156 sed
1134 3108 1310 3154 tamen
1342 3095 1583 3166 ﬁgurata.
1626 3091 1734 3146 Fac
1782 3089 1987 3159 aliquos
2016 3087 2097 3142 sic

426 3178 431 3185 ’
531 3176 619 3253 ilia
646 3196 888 3267 accipere
915 3189 1183 3263 quomodo
1209 3185 1467 3258 promissa
1497 3191 1621 3238 sunt
1653 3197 1666 3234 :
1698 3191 1751 3234 et
1791 3193 1918 3233 vere
1945 3176 2094 3231 mnlti

528 3289 608 3343 sic
633 3265 970 3355 acceperunt.
998 3279 1130 3336 Nam
1156 3277 1275 3333 data
1306 3284 1386 3330 est
1415 3283 1553 3329 terra
1585 3270 1706 3325 [iliis
1732 3267 1929 3330 Israel,
1960 3265 2096 3320 data:

528 3386 654 3433 sunt
685 3375 915 3440 divitias,
959 3371 1068 3426 dati
1111 3376 1234 3425 sunt
1268 3366 1358 3421 tilii
1399 3374 1455 3421 et
1487 3361 1754 3419 sterilibus
1785 3369 1842 3415 et
1875 3358 2129 3413 aniculis.

531 3469 838 3541 regantibns
875 3466 1075 3525 Deum.
1118 3468 1174 3516 et
1207 3458 1273 3514 de
1304 3457 1419 3527 ipso
1462 3455 1578 3510 solo
1616 3449 2094 3523 prmsumentibus,

528 3537 772 3616 et'alium
796 3555 893 3610 sibi
924 3553 1222 3623 adjutorem
1251 3560 1349 3602 nec
1373 3544 1438 3600 ad
1466 3544 1561 3599 ista
1591 3540 1970 3613 quaerentibus.
1999 3537 2100 3592 Vo-

528 3668 644 3709 cem
674 3647 882 3704 llotniui
911 3646 963 3701 in
999 3643 1163 3700 corde
1188 3640 1472 3696 audierunt
1497 3655 1511 3691 :
1543 3633 1699 3691 Salus
1730 3643 1816 3687 tua
1845 3648 1935 3703 ego
1966 3647 2096 3685 sum.

530 3745 587 3799 Si
613 3742 677 3797 ad
699 3749 1098 3807 :cterna,quare
1124 3748 1227 3789 non
1255 3731 1323 3785 ad
1352 3726 1700 3799 temporalia?
1726 3722 1972 3780 Ostendit
1998 3721 2100 3776 hoc

532 3836 672 3891 Deus
698 3835 750 3887 in
777 3844 936 3886 causa
959 3827 1058 3883 viri
1090 3825 1228 3881 illius
1248 3820 1416 3878 sancti
1442 3818 1547 3875 Job
1575 3835 1589 3873 :
1620 3817 1741 3888 quia
1772 3825 1826 3870 et
1848 3815 1962 3885 ipse
1987 3812 2101 3868 dia-

533 3925 684 3980 bolus
709 3919 981 3977 auferendi
1011 3919 1125 3973 haec
1151 3930 1257 3971 non
1284 3912 1443 3967 habet
1470 3917 1781 3980 potestatem
1804 3947 1819 3972 ,
1857 3905 1955 3960 nisi
1978 3918 2099 3958 cum

533 4012 798 4081 acceperit
844 4027 875 4066 a
921 4024 1126 4065 summa
1172 4006 1260 4061 illa
1311 3996 1595 4074 potestate.
1639 3998 1880 4053 invidere
1933 3994 2102 4067 potuit

536 4118 754 4172 saneto,
802 4117 996 4158 nocere
1039 4098 1291 4169 nuutquid
1344 4095 1556 4167 potuit?
1581 4094 1845 4146 Accusare
1886 4088 2099 4159 potuit,

535 4200 788 4256 damnare
836 4192 1090 4263 numquid
1143 4190 1347 4260 potuit?
1389 4184 1653 4257 Numquid
1693 4183 1860 4236 valuit
1903 4177 2102 4249 aliquid

537 4292 759 4353 tollere,
792 4283 1043 4356 numquid
1077 4282 1156 4337 vel
1174 4294 1431 4351 unguem,
1461 4274 1715 4345 numquid
1742 4273 1829 4326 vel
1854 4271 2102 4339 capillum

536 4384 756 4442 ltedet'e.
789 4379 887 4433 nisi
914 4378 1021 4431 Deo
1042 4374 1275 4439 diceret,
1302 4368 1448 4424 Mitte
1473 4384 1680 4422 manum
1702 4375 1840 4418 tuam
1875 4360 1996 4435 (Job
2049 4376 2063 4413 t
2085 4402 2100 4428 ,

537 4475 670 4545 ii)?
699 4472 833 4542 Quid
860 4479 943 4524 est
966 4509 981 4535 ,
1028 4464 1174 4519 Mitte
1209 4476 1412 4515 manum
1438 4457 1621 4512 tuam?
1651 4456 1724 4510 Da
1771 4459 2101 4523 potestatem.

535 4568 770 4637 Accepit.
802 4564 893 4618 ille
922 4556 1142 4615 tentavit
1164 4596 1178 4616 .
1211 4553 1298 4608 ille
1333 4559 1563 4637 tentatus
1591 4557 1691 4601 est.
1738 4545 1993 4600 Tentatus
2022 4550 2103 4595 ta-

538 4672 657 4715 men
689 4656 832 4720 vicit,
861 4659 1093 4706 tentator
1121 4646 1291 4699 victus
1317 4630 1417 4696 est.
1450 4638 1587 4693 Deus
1611 4636 1753 4691 enim
1776 4634 1865 4705 qui
1893 4630 2105 4687 diabolo

541 4750 855 4821 permiserat
884 4753 942 4799 ut
969 4744 1055 4798 illa
1078 4738 1321 4801 tolleret,
1353 4732 1500 4788 illum
1540 4743 1753 4785 servum
1792 4716 1943 4781 suum
1973 4723 2105 4777 inte-

540 4818 651 4898 rius
677 4855 779 4894 non
808 4838 1149 4896 deseruerat,
1171 4839 1224 4884 et
1243 4826 1309 4882 ad
1347 4826 1516 4896 ipsum
1549 4818 1814 4888 diabolum
1843 4829 2107 4886 superan-

541 4935 666 4988 dum
689 4931 915 4986 animam
950 4925 1089 4982 servi
1130 4923 1211 4978 sui
1247 4920 1501 4974 frameam
1547 4910 1647 4967 sibi
1686 4911 1898 4965 iecerat.
1930 4905 2107 4972 Quan-

456 5090 461 5095 ,
544 5034 654 5079 ιιιιιι
684 5020 825 5075 valet
852 5017 990 5072 hoc?
1017 5015 1091 5069 De
1117 5012 1333 5067 homine
1361 5006 1480 5063 dico
1503 5006 1544 5057 ⁸.
1570 5001 1749 5057 Victus
1779 4998 1830 5053 in
1865 4994 2107 5066 paradiso

543 5113 693 5187 (Gen.
730 5127 788 5167 ιιι
810 5154 824 5177 ,
849 5108 935 5178 6),
971 5109 1136 5161 victor
1160 5104 1211 5157 in
1239 5112 1493 5157 stercore.
1523 5095 1597 5151 lbi
1626 5094 1797 5148 victus
1824 5099 1907 5145 est
1934 5103 1965 5143 a
1990 5088 2106 5142 dia-

544 5208 666 5264 bolo
688 5219 780 5276 per
810 5200 1084 5257 mulierem
1111 5238 1124 5259 ,
1158 5195 1242 5249 hic
1268 5191 1394 5247 vicit
1419 5187 1688 5244 diabolum
1724 5192 1778 5237 et
1806 5180 2105 5236 mulierem.

545 5272 742 5355 Locuta
764 5309 816 5347 es
834 5333 850 5358 ,
899 5287 1102 5359 inquit,
1134 5296 1370 5352 tanquam
1394 5295 1495 5334 una
1522 5293 1585 5332 ea:
1620 5272 1964 5345 insipientibus
1992 5286 2108 5322 mu-

542 5387 764 5446 lieribus.
794 5383 854 5438 Si
882 5380 1012 5435 bona
1052 5375 1360 5447 percepimus
1407 5370 1470 5423 de
1511 5384 1662 5421 manu
1688 5362 1930 5428 Domini,
1974 5360 2111 5413 mala

543 5494 698 5555 quare
721 5492 819 5530 non
840 5470 1171 5528 sustineamus
1194 5462 1312 5536 (Job
1359 5476 1395 5516 ιι
1418 5501 1434 5527 ,
1475 5457 1603 5531 10)ἳ
1639 5456 1807 5525 Quam
1846 5454 1982 5509 bene
2008 5466 2107 5506 au-

545 5558 715 5645 dierat
742 5585 756 5621 :
787 5565 940 5620 Salus
968 5571 1056 5614 tua
1075 5573 1164 5630 ego
1182 5571 1291 5611 sum
1317 5554 1338 5609 !
1444 5628 1451 5633 ν

615 5638 669 5719 8ξ
695 5657 1080 5733 Confundantur
1107 5661 1153 5706 et
1191 5655 1506 5703 revereantur
1547 5643 1851 5714 requirentes
1888 5638 2109 5692 animam

582 5781 628 5829 ,ι
661 5784 770 5844 tunc
792 5772 956 5840 verba,
982 5775 1050 5831 ne
1070 5762 1255 5831 nam:
1277 5759 1404 5824 dico,
1420 5758 1593 5809 absint
1607 5768 1637 5806 a
1657 5762 1762 5805 Mss.
1787 5752 2047 5816 plerisque.

1763 329 1822 388 S.
1863 324 2220 385 AUGUSTINI
2260 327 2557 388 EPISCOPI

3656 327 3770 386 328

2196 458 2377 517 meum.
2406 443 2628 513 Respice
2660 442 2725 497 ad
2764 441 3027 498 homines.
3054 440 3248 517 Orate,
3280 440 3484 513 inquit,
3527 457 3622 510 pro
3650 441 3757 494 ini-

2198 514 2339 588 micis
2376 536 2547 589 vestris
2581 534 2789 605 (Matth.
2818 545 2885 597 v',
2920 534 3031 604 44).
3069 530 3175 587 Sed
3217 514 3303 586 hic
3333 529 3607 602 prophetia
3651 539 3766 585 est.

2200 623 2268 681 Et
2294 640 2411 695 qua:
2441 624 2604 696 ﬁgura
2642 624 2857 695 eptaudi
2882 624 3164 689 dicuntur,
3202 622 3381 677 animo
3414 619 3773 691 prophetandi

2197 714 2548 785 explicantur.
2580 715 2708 770 Illud
2743 715 2832 769 fiat
2885 724 2939 770 et
2985 713 3110 769 illud
3164 712 3291 777 ﬁat,
3329 712 3460 767 nihil
3487 721 3591 785 est.
3617 710 3773 766 aliud

2195 821 2354 877 quam
2395 808 2495 863 hoc
2523 817 2578 863 et
2637 808 2738 862 hoc
2776 806 3007 862 futurum
3028 814 3128 861 est.
3156 805 3246 861 Sic
3275 819 3401 875 ergo
3426 802 3602 858 audite
3634 818 3766 874 pro-

2197 897 2428 970 phetiam
2453 917 2467 953 :
2496 897 2882 970 Confundantur
2908 907 2955 951 et
2973 906 3291 951 revereantur
3313 895 3619 966 requirentes
3644 893 3771 947 ani-

2196 1008 2330 1044 mam
2373 1005 2556 1046 meam.
2587 990 2721 1058 Quid
2763 998 2878 1052 est.
2906 987 3281 1058 confundantur
3321 995 3368 1040 et
3402 993 3724 1042 τουσι-ωηεν·
3745 983 3771 1037 .’

2170 1081 2597 1138 .Confundentur
2626 1091 2682 1137 et
2736 1080 3137 1136 reverebantur.
3188 1079 3404 1133 Factum
3443 1084 3527 1132 est
3574 1075 3768 1133 enim:

2198 1174 2347 1229 multi
2373 1175 2656 1230 salubriter
2678 1173 2882 1229 confusi
2906 1181 3030 1227 sunt
3050 1213 3064 1232 .
3098 1171 3246 1231 multi
3270 1169 3482 1225 reveriti
3520 1184 3549 1223 a
3576 1183 3770 1239 perse-

2196 1266 2409 1320 cutione
2433 1264 2635 1321 Christi
2675 1264 2741 1319 ad
2788 1266 3096 1319 societatem
3136 1261 3495 1317 membrorum
3523 1261 3640 1331 ejus
3669 1260 3770 1316 de-

2194 1365 2317 1411 vota
2348 1356 2543 1426 pietate
2570 1355 2895 1410 transierunt
2924 1371 2938 1408 :
2967 1362 3020 1410 et
3040 1369 3143 1408 non
3175 1353 3325 1408 fleret
3350 1351 3452 1406 hoc
3471 1393 3487 1418 ,
3510 1352 3611 1407 nisi
3630 1366 3772 1407 con-

2196 1446 2540 1502 tnnderentur
2565 1454 2621 1502 et
2646 1453 3039 1501 revererentur.
3070 1443 3209 1515 Ergo
3232 1442 3368 1497 bene
3402 1441 3505 1497 illis
3541 1442 3771 1511 optavit.

2197 1535 2301 1592 Sed
2326 1537 2448 1608 quia
2469 1537 2574 1592 duo
2602 1545 2727 1593 sunt
2749 1551 2944 1608 genera
2964 1551 3149 1591 eorum
3175 1535 3264 1606 qui
3284 1533 3566 1590 vincuntur
3593 1552 3608 1590 :
3636 1533 3778 1589 duo-

2197 1632 2296 1686 bus
2324 1632 2467 1687 enim
2499 1629 2672 1687 modis
2698 1630 2982 1686 vincuntur
3004 1645 3020 1696 ;
3046 1638 3139 1685 aut
3161 1628 3229 1684 ad
3272 1627 3377 1684 hoc
3402 1628 3692 1684 vincuntur
3720 1637 3779 1684 nt

2200 1731 2578 1778 convertantur
2598 1722 2666 1778 ad
2690 1720 2961 1778 Christum
2988 1737 3003 1787 ;
3032 1728 3125 1776 aut
3149 1718 3217 1774 ad
3260 1718 3360 1774 hoc
3393 1719 3680 1773 vincuntur
3720 1730 3780 1775 ut

2196 1813 2516 1868 danmentur
2542 1827 2571 1865 a
2602 1811 2815 1868 Christo
2843 1828 2857 1867 :
2888 1809 3149 1882 explicata
3171 1818 3295 1864 sunt
3313 1818 3369 1864 et
3402 1807 3487 1863 hic
3505 1807 3613 1863 duo
3655 1808 3775 1879 ipsa

2194 1918 2386 1974 genera
2405 1943 2422 1969 ,
2454 1904 2679 1959 obscure
2702 1901 2916 1974 quidem
2937 1943 2953 1968 ,
2987 1899 3081 1956 sed
3123 1899 3508 1956 intellectorem
3549 1898 3777 1955 deside-

2196 2004 2336 2053 rant.
2386 1996 2461 2051 De
2488 1995 2572 2050 bis
2604 1995 2693 2067 qni
2727 2003 3140 2062 convertuntur,
3178 1991 3361 2062 accipe
3398 1992 3537 2062 quod
3567 1990 3777 2047 dictum

2197 2096 2280 2144 est
2304 2129 2321 2155 ,
2353 2085 2745 2159 Confundantur
2768 2095 2815 2141 et
2850 2093 3174 2141 revereantur
3210 2083 3512 2155 requirentes
3546 2082 3779 2137 animum

2196 2195 2381 2234 meam.
2407 2178 2711 2234 Auertantur
2731 2186 3023 2233 retrorsum.
3045 2174 3158 2231 Non
3182 2173 3517 2245 praecedant,
3545 2173 3641 2229 sed
3687 2191 3778 2228 εε-

2197 2278 2456 2341 quantur;
2494 2283 2601 2323 non
2630 2268 2759 2324 dent
2782 2267 3102 2334 consilium,
3149 2263 3245 2321 sed
3294 2264 3576 2336 accipiant.
3636 2263 3777 2320 Nam

2198 2362 2388 2418 Petrus
2409 2360 2713 2433 praecedere
2737 2359 2902 2414 voluit
2927 2357 3206 2413 Dominum
3222 2396 3238 2423 ,
3265 2355 3478 2428 quando
3517 2355 3781 2411 Dominus

2198 2453 2266 2510 de
2294 2454 2543 2524 passione
2572 2469 2664 2508 sua
2694 2450 2868 2507 futura
2897 2449 3098 2505 diceret
3122 2466 3137 2505 :
3167 2447 3443 2503 consilium
3489 2446 3564 2501 ilti
3616 2447 3778 2517 quasi

2197 2546 2383 2602 salutis
2413 2545 2580 2600 voluit
2605 2543 2732 2599 dare
2751 2584 2766 2607 ,
2792 2541 3074 2597 consilium
3105 2538 3290 2594 salutis
3317 2553 3461 2608 anger
3490 2537 3775 2594 salvatori.

2198 2640 2265 2694 Et
2286 2637 2411 2709 quid
2432 2637 2507 2692 ait
2533 2636 2755 2691 Domino
2778 2633 2847 2690 de
2867 2632 2958 2687 illa
2979 2631 3155 2686 futura
3176 2645 3268 2685 sua
3300 2628 3547 2699 passione
3575 2628 3780 2683 contir-

2199 2730 2403 2790 manti?
2426 2728 2567 2784 Absit
2594 2745 2626 2781 a
2655 2738 2721 2794 te,
2752 2725 3004 2790 Domine,
3045 2722 3302 2794 prepitius
3351 2721 3441 2777 tibi
3469 2729 3585 2775 esto
3607 2760 3623 2784 ,
3673 2737 3779 2776 non

2198 2825 2282 2892 ﬁet
2302 2823 2458 2899 istud.
2486 2820 2797 2876 Prmcedere
2820 2818 3047 2883 volebat,
3075 2825 3134 2871 ut
3164 2814 3420 2870 Dominus
3438 2822 3777 2884 sequeretur.

2200 2915 2266 2969 Et
2289 2914 2376 2970 ille
2395 2912 2558 2984 quid?
2611 2910 2741 2965 Redi
2781 2918 2911 2963 retro
2934 2948 2949 2975 ,
2976 2904 3169 2962 Satana
3225 2907 3248 2975 (
3270 2904 3360 2961 Id.
3391 2920 3480 2959 XVI
3500 2943 3519 2971 ,
3544 2902 3636 2966 22.

2197 3003 2553 3062 Prmcedendo
2602 3010 2810 3058 satanas
2849 3016 2939 3063 es,
2991 2998 3261 3070 sequendo
3309 2997 3597 3067 discipulus
3647 2998 3778 3052 eris.

2200 3097 2310 3152 lluc
2333 3111 2459 3166 ergo
2482 3104 2536 3151 et
2555 3094 2669 3149 istis
2686 3134 2700 3157 ,
2733 3092 3035 3146 Avertantnr
3056 3101 3330 3145 retrorsum
3348 3129 3365 3155 ,
3387 3098 3434 3142 et
3453 3089 3782 3158 confundan-

2201 3199 2314 3253 tur,
2347 3188 2430 3259 qui
2456 3186 2677 3258 cogitant
2710 3183 2833 3238 mihi
2869 3183 3023 3237 mala.
3053 3182 3182 3237 Cum
3212 3182 3354 3236 enim
3390 3180 3655 3252 coeperint
3692 3195 3781 3235 re-

2200 3283 2427 3334 trorsum
2455 3279 2636 3349 sequi,
2658 3276 2769 3347 jam
2800 3291 2908 3331 non
2933 3273 3240 3346 cogitabunt
3260 3272 3392 3327 mala
3413 3312 3428 3337 ,
3453 3272 3546 3327 sed
3567 3271 3781 3327 deside-

2199 3370 2389 3427 rabunt
2413 3370 2575 3424 bona.

2270 3462 2324 3516 9.
2379 3459 2539 3534 (vers.
2582 3460 2637 3526 5,
2667 3456 2747 3531 6.]
2782 3456 2918 3526 Quid
2961 3455 3093 3510 alii?
3137 3453 3251 3513 Non
3289 3455 3430 3508 enim
3470 3467 3666 3508 omnes
3706 3452 3782 3507 sic

2199 3555 2501 3618 vincuntur,
2529 3561 2584 3607 ut
2612 3559 2987 3607 convertantur
3009 3558 3064 3605 et
3086 3547 3311 3603 credant
3342 3565 3355 3600 :
3387 3546 3538 3602 multi
3567 3545 3619 3599 in
3655 3561 3780 3615 per-

2203 3646 2393 3702 tinacia
2418 3652 2717 3707 remanent,
2745 3643 2895 3697 multi
2921 3639 3135 3714 spiritus
3161 3637 3492 3709 prmcedcndi
3512 3637 3530 3667 ’
3561 3643 3782 3691 servant

2202 3740 2255 3795 in
2294 3737 2484 3803 corde;
2520 3745 2575 3792 et
2601 3737 2644 3792 si
2685 3751 2792 3790 non
2834 3740 3108 3796 exserunt,
3151 3741 3329 3786 tamen
3368 3728 3693 3799 parturiunt,
3732 3736 3783 3782 et

2204 3831 2291 3887 ubi
2320 3831 2491 3885 locum
2540 3811 2857 3890 invenerint,
2903 3824 3133 3896 pariunt.
3178 3822 3253 3877 De
3291 3822 3483 3876 talibus
3523 3818 3658 3890 quid
3699 3833 3784 3874 se-

2204 3922 2417 3996 quitur?
2455 3920 2610 3975 Fiant
2649 3929 2883 3990 tanquam
2927 3916 3087 3985 pultn's
3125 3922 3239 3968 ante
3267 3914 3447 3986 faciem
3483 3912 3636 3967 uenti.
3669 3910 3782 3966 Non

2206 4017 2284 4073 sic
2308 4015 2474 4085 impii.
2500 4028 2607 4068 non
2635 4012 2733 4078 sic,
2770 4009 2862 4066 sed
2901 4020 3146 4079 tanquam
3174 4006 3347 4077 pulvis
3374 4019 3533 4076 quem
3564 4003 3782 4074 projicit

2206 4114 2399 4162 ventus
2426 4120 2453 4157 a
2483 4103 2619 4159 facie
2645 4112 2799 4158 terra:
2829 4098 3001 4172 (Psal.
3027 4115 3065 4161 ι,
3096 4098 3173 4169 4).
3205 4095 3407 4152 Ventus
3437 4094 3663 4149 tentatio
3683 4102 3782 4156 est,

2207 4198 2379 4270 pulvis
2408 4196 2642 4266 iniquus.
2674 4190 2900 4261 Quando
2923 4191 3128 4245 venerit
3165 4188 3402 4250 tentatio,
3432 4185 3635 4240 tollitur
3665 4184 3782 4255 pul-

2207 4289 2315 4355 vis;
2342 4301 2442 4342 nec
2484 4293 2609 4350 stat,
2642 4298 2741 4339 nec
2768 4283 2988 4338 resistit.
3031 4280 3185 4334 Fiant
3213 4288 3447 4350 tanquam
3474 4276 3641 4346 puluis
3670 4284 3784 4330 ante

2209 4384 2387 4454 [aciem
2412 4379 2544 4434 venti
2572 4393 2592 4432 :
2618 4387 2663 4431 et
2692 4375 2897 4447 angelus
2929 4373 3133 4428 Domini
3163 4370 3407 4424 tribulam
3433 4385 3536 4425 eos.
3562 4366 3687 4421 Fiat
3707 4367 3783 4421 via

2207 4490 2379 4531 eorum
2422 4471 2634 4527 tenebrat
2672 4478 2716 4523 et
2750 4467 3015 4523 lubricum.
3059 4462 3333 4518 llorrenda
3374 4462 3481 4515 via.
3510 4459 3785 4514 Tenebras

2208 4569 2350 4623 solas
2386 4564 2505 4635 quis
2543 4578 2647 4617 non
2684 4557 2939 4614 horreat?
2967 4556 3262 4635 Lubricum
3314 4553 3485 4608 solutn
3516 4551 3638 4621 quis
3681 4566 3787 4615 non

2209 4633 2430 4714 caventi
2471 4655 2526 4708 In
2578 4650 2808 4707 tenebris
2847 4657 2900 4703 et
2944 4633 3148 4700 lubrico
3189 4659 3290 4714 qna
3338 4642 3421 4697 is?
3462 4641 3548 4696 ubi
3591 4640 3782 4712 pedem

2212 4747 2365 4818 ligis?
2402 4745 2538 4801 Sunt
2576 4742 2676 4798 ista
2713 4741 2818 4796 duo
2849 4738 2983 4792 mala
3016 4751 3219 4805 magum
3261 4749 3430 4804 pmnze
3467 4731 3781 4787 hominum:

2212 4838 2461 4901 tenebrae,
2496 4832 2827 4906 ignorantia;
2861 4827 3142 4891 lubricum,
3188 4823 3414 4879 luxuria.
3446 4821 3568 4876 Fiat
3597 4823 3681 4875 uia
3705 4837 3783 4873 eo-

2210 4948 2323 4993 rum
2341 4928 2551 4982 tenebrat
2578 4935 2623 4980 et
2644 4923 2891 4980 lubricum
2917 4936 2934 4975 :
2961 4930 3006 4974 et
3029 4919 3239 4988 angelus
3263 4915 3467 4969 Domini
3488 4927 3781 4984 persequens

2212 5042 2294 5077 eos
2323 5030 2421 5076 :ut
2450 5035 2552 5075 non
2582 5016 2786 5087 possint
2823 5023 2984 5068 stare.
3025 5011 3153 5066 Nam
3186 5009 3560 5077 unusquisque
3607 5007 3661 5060 in
3711 5015 3783 5059 te»

2212 5094 2391 5177 nebris
2418 5120 2474 5168 et
2499 5110 2704 5165 lubrico
2729 5122 2849 5162 cum
2876 5104 3069 5159 viderit
3098 5101 3291 5172 quia-si
3325 5099 3509 5169 pedem
3538 5095 3783 5159 moverit,

2213 5208 2427 5271 labitur,
2453 5212 2507 5257 et
2535 5202 2623 5255 lux
2662 5199 2738 5255 illi
2764 5206 2888 5251 ante
2919 5195 3081 5265 pedes
3119 5208 3223 5247 non
3249 5199 3369 5255 est;
3401 5189 3483 5244 vel
3513 5187 3620 5244 hoc
3652 5188 3785 5242 forte

2216 5299 2357 5363 facit,
2389 5307 2455 5350 ut‘
2475 5300 2746 5363 exspectet
2786 5288 2958 5345 donec
2984 5287 3159 5343 luceat
3185 5302 3199 5338 :
3232 5281 3327 5341 sed
3363 5282 3433 5337 ibi
3462 5289 3545 5336 est
3568 5281 3785 5351 angelus

2218 5387 2424 5445 Domini
2471 5396 2794 5454 persequens
2842 5394 2960 5436 eos.
3008 5377 3133 5433 Haec
3177 5374 3256 5430 eis
3304 5373 3474 5427 futura
3516 5370 3783 5443 praedixit,

2217 5498 2321 5538 non
2360 5477 2510 5550 quasi
2537 5484 2598 5531 ut
2634 5474 2907 5529 evenirent
2948 5470 3171 5540 Optavit.
3210 5466 3523 5537 Quanquam
3568 5474 3623 5519 et
3653 5465 3775 5517 l'm-

2217 5573 2373 5643 pheta
2402 5569 2456 5623 in
2485 5565 2674 5636 spiritu
2703 5563 2795 5618 Dei
2822 5563 2899 5618 sic
2937 5575 2996 5616 ea
3034 5560 3199 5625 dicat,
3230 5557 3500 5628 quomodo
3531 5557 3615 5611 illa
3647 5555 3781 5610 licus

2282 5753 2299 5785 ⁸
2334 5754 2509 5801 tat-iss.
2534 5743 2762 5811 pluribus,
2784 5738 3032 5794 renitendi.
3072 5743 3122 5787 tn
3146 5735 3269 5796 aliis,
3298 5731 3550 5785 retinendi.
