3972 6198
247 311 353 362 5ὗῦ

238 422 510 478 Potestate
535 430 629 469 sua
649 423 1025 472 sacratissmta,
1054 403 1592 476 magniﬁcentissima,
1627 400 1808 470 alliga-

238 513 320 566 vit
342 508 633 573 diabolmn,
662 501 983 572 ell'nndendo
1011 501 1262 552 fratncam
1292 495 1358 550 ad
1392 495 1813 548 concludendum

240 619 386 663 etnn,
411 610 467 655 ut
489 607 643 652 eruat
671 598 882 664 inepem
911 602 963 648 et
985 604 1232 662 egenum,
1260 587 1344 642 cui
1378 603 1482 640 non
1511 596 1624 640 erat
1661 584 1817 653 adju-

243 692 523 762 tor(l’sat.
546 703 686 754 Lxxt,
718 687 832 754 l2).
869 684 998 752 Quis
1022 683 1161 738 enim
1192 678 1402 750 adjulor
1428 677 1543 741 tibi,
1583 675 1684 729 nisi
1712 675 1818 728 Do-

243 789 422 842 minus
458 783 544 838 cui
585 780 751 836 dicis:
779 777 1012 843 Domine,
1056 774 1262 843 adiutor
1288 787 1427 824 meus
1465 779 1510 824 et
1540 768 1822 838 redemptor

243 875 575 950 meus(Psal.
607 887 758 936 xvm,
791 867 912 941 15)?
937 869 991 923 Si
1021 867 1088 920 de
1115 865 1218 919 tuis
1254 863 1454 918 viribus
1501 873 1823 930 prmsumere

247 947 500 1030 volueris,
525 963 646 1018 inde
670 960 830 1017 cades
863 957 1004 1012 unde
1031 951 1464 1026 praesumpseris:
1495 949 1538 1003 si
1583 948 1647 1003 de
1685 947 1822 1001 alte-

249 1061 382 1123 rius,
411 1055 673 1112 dominari
714 1051 848 1117 vnlt,
892 1064 998 1103 non
1047 1043 1347 1121 subvenire.
1390 1041 1482 1094 Ille
1529 1053 1655 1108 ergo
1691 1052 1824 1090 unus

175 1145 178 1149 ’
249 1148 568 1223 quaerendus
597 1154 697 1210 est,
742 1142 832 1213 qui
876 1149 930 1196 et
958 1136 1203 1200 redemit,
1247 1142 1300 1189 et
1344 1133 1537 1194 liberos
1583 1129 1726 1195 fecit,
1772 1136 1824 1181 ct

250 1241 565 1311 sanguinem
597 1249 751 1291 suum
781 1242 837 1287 ut
857 1244 952 1287 eos
975 1235 1180 1284 emeret
1203 1223 1367 1290 dedit,
1400 1231 1455 1278 et
1492 1235 1675 1276 servos
1701 1233 1826 1273 suos

253 1335 444 1390 fratres
473 1331 617 1386 fecit.

343 1440 512 1482 εειιιιο
550 1439 607 1487 ιι,
637 1431 856 1476 ΙΙΛΒΙΤϋε
887 1431 971 1470 ΜΕ
996 1425 1224 1468 ΡΒΟΧΙΜΟ
1245 1424 1370 1464 ροετ
1401 1419 1724 1463 ευρειιιοιιειι

893 1519 1192 1560 ΞΕΒΜΟΝΕΜ.

695 1602 764 1656 De
786 1600 978 1670 reliqua
1003 1599 1152 1667 parte”
1171 1590 1385 1646 Psalmi.

328 1703 379 1756 1.
419 1698 502 1754 Ad
532 1696 734 1765 reliqua
776 1689 967 1762 Psalnti
998 1684 1333 1741 intendamus
1357 1680 1614 1744 animum,
1648 1677 1827 1732 Domi-

259 1801 557 1864 numqueet
577 1789 738 1844 Deum
768 1794 1028 1847 nostrum,
1057 1789 1113 1836 et
1135 1778 1202 1833 de
1226 1777 1451 1832 sanitate
1479 1771 1827 1842 intelligendi,

259 1886 398 1943 etde
422 1887 597 1938 fructu
624 1879 758 1934 bene
794 1875 982 1947 agendi
1010 1873 1378 1942 deprecemur.
1399 1867 1516 1934 Quo
1538 1881 1705 1935 usque
1732 1864 1828 1919 be-

261 1988 436 2034 sterno
461 1975 552 2028 die
579 1972 902 2041 disputatum
932 1967 1019 2030 sit,
1046 1962 1210 2019 credo
1249 1960 1556 2016 meminisse
1585 1957 1831 2012 Charita-

263 2081 363 2124 tem
390 2067 637 2121 Vestram
659 2081 672 2116 :
695 2077 766 2118 ex
794 2062 908 2130 ipso
928 2051 1044 2126 loco
1062 2056 1220 2111 hodie
1237 2069 1507 2109 sumamus
1533 2050 1831 2111 exordium.

262 2159 606 2228 Intelligimus
630 2155 774 2209 enim
801 2152 886 2206 hie
913 2163 1095 2203 vocem
1125 2146 1354 2210 Christi;
1399 2158 1583 2197 vocem
1628 2140 1834 2195 scilicet

261 2252 448 2322 capitis
473 2257 529 2304 et
553 2243 794 2315 corporis
823 2241 1039 2298 Christi.
1067 2238 1336 2294 Christum
1370 2250 1489 2290 cum
1519 2233 1691 2298 audis,
1726 2233 1835 2287 noli

261 2356 514 2416 sponsum
545 2355 573 2394 a
604 2352 796 2409 sponsa
823 2347 1091 2403 separare,
1138 2339 1193 2386 et
1237 2327 1471 2398 intelligo
1501 2340 1746 2396 magnum
1776 2325 1838 2378 il-

262 2434 351 2489 lud
371 2437 762 2488 sacramentum
783 2444 798 2481 :
822 2424 987 2479 Erunt
1015 2424 1116 2476 duo
1149 2421 1202 2475 in
1225 2436 1376 2473 carne
1406 2435 1507 2472 una
1535 2417 1749 2488 (Ephes.
1782 2432 1832 2480 v,

264 2525 376 2596 3i).
406 2523 462 2578 Si
493 2521 600 2576 duo
626 2519 676 2574 in
702 2532 863 2572 carne
889 2531 1011 2579 una,
1039 2527 1201 2582 quare
1235 2527 1337 2563 non
1376 2519 1429 2564 et
1458 2509 1509 2563 in
1538 2523 1667 2563 voce
1697 2505 1836 2561 una?

264 2618 376 2672 Non
407 2615 552 2670 enim
596 2608 915 2666 tentationes
958 2611 1115 2674 caput
1158 2601 1244 2656 hic
1286 2600 1521 2674 pertulit,
1553 2608 1607 2654 et
1645 2612 1838 2666 corpus

265 2724 367 2764 non
399 2704 633 2777 perfert:
667 2713 757 2755 aut
783 2713 909 2753 vero
949 2696 1046 2750 fuit
1072 2708 1228 2749 causa
1261 2690 1493 2762 patiendi
1521 2689 1702 2759 capiti,
1735 2678 1836 2742 nisi

267 2811 323 2855 ut
364 2796 577 2867 corpori
609 2793 871 2864 praeberet
911 2785 1234 2856 exemplum.
1279 2782 1533 2838 Dominus
1561 2781 1702 2836 enim
1748 2795 1840 2833 vo—

267 2893 470 2946 luntate
501 2900 692 2957 passus
715 2893 816 2946 est,
840 2893 937 2935 nos
967 2875 1280 2934 necessitate
1308 2890 1322 2927 :
1355 2871 1444 2928 ille
1474 2871 1835 2937 miseratione,

269 2997 363 3035 nos
392 2976 720 3034 conditione.
751 2969 978 3027 Proinde
1013 2968 1152 3022 illius
1190 2965 1483 3022 voluntaria
1515 2963 1711 3034 passio,
1753 2977 1841 3016 no-

267 3083 372 3125 stra
415 3080 499 3123 est
540 3060 839 3119 necessaria
868 3057 1190 3122 consolatio;
1223 3065 1280 3110 ut
1319 3054 1530 3126 quando
1557 3053 1678 3108 talia
1706 3049 1842 3108 forte

271 3159 616 3230 perpetimur,
641 3154 938 3206 intueamur
966 3154 1124 3217 caput
1149 3155 1408 3209 nostrum,
1439 3153 1494 3197 ut
1517 3143 1633 3213 ejus
1656 3157 1840 3197 exem-

269 3254 356 3324 plo
381 3245 700 3304 commoniti
744 3243 982 3298 dicamus
1009 3239 1194 3294 nobis:
1223 3237 1277 3292 Si
1309 3237 1419 3302 ille,
1452 3236 1576 3306 quid
1618 3235 1748 3290 nos?
1778 3236 1844 3289 Et

270 3339 718 3414 quemadmodum
765 3337 873 3400 ille,
914 3334 984 3388 ita
1026 3341 1080 3387 et
1118 3346 1234 3385 nos.
1279 3328 1675 3397 Quantumlibct
1701 3328 1841 3381 enim

272 3434 502 3490 saevierit
534 3429 800 3492 inimicus,
846 3440 1012 3495 usque
1041 3423 1104 3476 ad
1150 3430 1374 3476 mortem
1415 3420 1653 3490 corporis
1694 3418 1844 3474 accc-

272 3526 397 3580 dere
427 3522 629 3594 potuit:
653 3517 794 3590 quod
823 3529 1015 3584 corpus
1051 3528 1148 3568 nec
1175 3514 1346 3582 ipsum
1377 3513 1719 3580 exstinguere
1746 3525 1842 3578 po-

275 3618 371 3670 tuit
398 3616 452 3670 in
478 3610 875 3679 Domino,,qnia
904 3607 1060 3662 tertio
1080 3604 1165 3659 die
1186 3603 1495 3659 resurrexit.
1515 3601 1664 3668 Quod
1686 3601 1736 3654 in
1756 3601 1846 3655 illo

275 3709 468 3763 factum
497 3715 575 3760 est
623 3703 710 3758 die
751 3701 925 3764 tertio,
974 3700 1073 3752 hoc
1114 3697 1164 3750 in
1209 3705 1390 3750 nostro
1419 3694 1470 3748 in
1501 3693 1604 3747 ﬁne
1641 3693 1843 3747 saeculi.

274 3801 406 3870 Spes
436 3793 847 3852 resurrectionis
878 3799 1071 3844 nostra:
1094 3787 1354 3850 dill'ertur,
1393 3784 1643 3854 numquid
1670 3782 1847 3837 anfer-

277 3894 392 3949 tur?
420 3891 821 3961 Cognoscamus
848 3883 934 3938 hic
973 3895 1099 3948 ergo
1126 3893 1281 3933 voces
1306 3877 1522 3940 Christi,
1565 3875 1844 3942 carissimi,

276 3997 329 4042 et
369 3995 681 4054 separemus
706 3993 797 4032 eas
836 3991 866 4029 a
910 3972 1128 4027 vocibus
1169 3969 1470 4039 impiorum.
1514 3967 1686 4021 Voces
1725 3977 1851 4020 sunt

277 4080 418 4135 enim
461 4072 704 4143 corporis
734 4067 1155 4140 persecutionem
1205 4061 1578 4132 angustiasque
1605 4069 1657 4113 et
1686 4067 1848 4113 tenta-

278 4171 450 4224 tiones
475 4166 527 4221 in
553 4165 654 4218 hoc
680 4160 872 4218 saeculo
894 4156 1158 4228 patientis.
1187 4153 1292 4208 Sed
1321 4152 1566 4223 quoniam
1596 4151 1744 4205 multi
1765 4152 1850 4208 hic
1878 4169 1888 4182 ν

277 4263 571 4335 patiuntur,
601 4264 654 4311 et
675 4269 770 4325 pro
794 4250 1024 4323 peccatis
1054 4258 1109 4303 et
1139 4263 1234 4317 pro
1259 4243 1551 4301 sceleribus
1579 4243 1719 4309 suis;
1739 4259 1852 4297 ma-

277 4334 380 4425 gna
403 4349 671 4422 vigilantia
700 4341 1048 4400 discernenda
1069 4349 1150 4396 est
1177 4353 1356 4402 causa,
1387 4351 1495 4390 non
1524 4349 1699 4406 poena.
1719 4334 1850 4390 Sce-

279 4447 478 4502 leratus
503 4442 646 4498 enim
673 4446 845 4509 potest
873 4435 1066 4490 habere
1096 4431 1340 4502 martyris
1363 4430 1589 4484 similent
1620 4444 1849 4498 pinnam,

279 4537 374 4591 sed
408 4547 583 4589 tamen
610 4528 917 4586 dissimilem
958 4539 1195 4580 causam.
1239 4521 1373 4578 Tres
1415 4529 1569 4576 erant
1607 4520 1659 4574 in
1697 4535 1853 4575 cruce

283 4628 434 4695 (Lac.
464 4640 614 4685 χχιιι.
643 4619 754 4692 55),
787 4634 920 4673 unus
952 4616 1208 4680 Salvator,
1234 4614 1366 4667 alius
1392 4611 1692 4677 salvandus,
1720 4612 1853 4666 alius

276 4703 652 4775 damnandus:
675 4711 908 4766 omnium
938 4724 1030 4778 par
1059 4721 1234 4777 poma,
1266 4703 1360 4758 sed
1391 4704 1559 4772 impar
1583 4717 1762 4756 causa.

352 4810 409 4864 2.
449 4805 602 4881 [vers.
649 4804 738 4869 ll,
777 4798 887 4872 12.]
930 4800 1075 4853 Dicat
1126 4811 1250 4867 ergo
1277 4802 1435 4864 caput
1463 4801 1733 4849 nostrum:
1764 4793 1855 4846 In-

275 4909 538 4970 surgentes
568 4903 712 4950 testes
732 4892 914 4961 iniqui,
942 4905 1052 4960 qua:
1066 4886 1356 4959 ignarabom
1373 4884 1738 4953 interrogabant
1757 4902 1852 4938 me.

274 4991 394 5047 Nos
412 4998 587 5042 autem
612 4985 849 5039 dicamus
874 4979 1028 5050 capiti
1062 4985 1273 5031 nostro:
1299 4974 1538 5038 Domine,
1557 4973 1679 5043 quid
1712 4974 1860 5042 igne.

275 5080 474 5137 mbas?
503 5078 649 5132 ltane
677 5083 729 5128 tu
758 5071 953 5140 aliquid
986 5069 1263 5138 ignorabas
1282 5069 1304 5116 't
1334 5066 1524 5119 Nonne
1550 5075 1603 5118 et
1631 5066 1857 5118 interro-

273 5169 521 5242 gandum
564 5164 730 5242 corda
791 5160 1050 5214 noveras?
1097 5171 1269 5211 nonne
1311 5172 1493 5210 eorum
1539 5155 1692 5208 dolos
1734 5166 1857 5226 ante

275 5241 676 5332 prospexeras?
705 5266 879 5307 nonne
909 5251 959 5303 in
991 5264 1174 5304 eorum
1205 5263 1391 5300 manus
1422 5247 1668 5309 te,scicns
1697 5245 1859 5299 (lede—

273 5352 409 5409 ras?
440 5364 614 5403 nonne
644 5355 702 5398 ut
742 5344 808 5399 ab
847 5344 924 5397 eis
969 5339 1220 5409 patereris
1267 5338 1522 5392 veneras?
1550 5337 1685 5405 Quid
1730 5353 1856 5405 ergo

274 5441 610 5516 ignorabas?
658 5436 936 5508 lgnorabat
983 5440 1253 5502 peccatum
1289 5448 1300 5481 :
1343 5440 1397 5483 et
1440 5429 1542 5484 hoc
1587 5439 1855 5497 peccatum

273 5534 583 5606 ignorabat,
616 5546 719 5583 non
750 5526 897 5596 quasi
946 5538 1046 5577 neu
1074 5521 1381 5591 judicando,
1429 5520 1522 5574 sed
1570 5535 1673 5572 non
1704 5533 1853 5572 com-

211 5667 220 5672 ι
270 5625 569 5686 mittendo.
603 5621 737 5676 Sunt
767 5614 1062 5687 hujustnodi
1094 5613 1382 5667 locutiones
1408 5613 1567 5666 etiam
1592 5610 1855 5680 quotidia-

270 5735 395 5780 n;e,
425 5732 545 5772 cum
579 5714 710 5768 dicis
741 5711 805 5766 de
847 5710 1041 5778 aliquo,
1069 5705 1184 5760 Non
1214 5705 1358 5759 novit
1401 5715 1563 5769 stare,
1611 5705 1711 5757 hoc
1753 5713 1855 5765 est,

273 5811 414 5883 quia
442 5823 548 5864 non
587 5813 817 5868 statzet,
865 5800 975 5856 Non
1021 5801 1160 5854 novit
1215 5799 1540 5864 benefacere,
1589 5799 1709 5868 qu’a
1751 5811 1857 5854 ntn

1269 287 1662 345 ENARRATIO
1692 287 1755 341 ιχ
1788 286 2108 346 PSALMUM
2152 286 2388 341 xxxnv.
3393 301 3484 346 λης

3393 319 3492 352 0-1]

1927 400 2205 455 hencl'acit.
2234 399 2349 454 Non
2379 401 2525 455 novit
2547 403 2893 471 malefacere,
2914 407 3032 476 quia
3074 424 3177 464 non
3206 411 3491 469 malcl‘aeit.

1922 492 2074 559 Quod
2105 491 2334 548 alienum
2363 501 2447 546 est
2471 493 2537 546 ab
2575 509 2756 562 opere,
2799 497 3026 552 alienum
3057 511 3138 554 est
3163 517 3190 555 a
3217 506 3496 560 conscien-

1924 584 2028 638 tia:
2061 583 2204 654 quod
2227 584 2457 639 alienum
2489 594 2572 640 est
2599 603 2626 639 a
2655 591 3000 654 conscientia,
3030 593 3260 650 alienum
3290 598 3499 654 videtur

1924 684 1979 729 et
2005 691 2035 729 a
2061 675 2301 730 scientia.
2341 675 2412 730 ιω
2453 676 2646 732 dicitur
2687 679 2824 734 Deus
2851 683 3076 748 nescire,
3120 688 3386 754 quomodo
3415 705 3500 744 ars

1927 779 2030 818 non
2060 767 2204 820 novit
2233 767 2388 830 vitia;
2425 775 2479 822 et
2506 776 2680 823 tamen
2722 787 2814 838 per
2843 783 3012 826 artem
3057 777 3265 844 cognita
3305 779 3502 848 dijudi-

1925 857 2168 911 cautur‘.
2197 857 2308 912 Iloc
2336 874 2462 928 ergo
2490 860 2639 914 nobis
2661 870 2822 930 caput
2857 873 3094 919 nostrum
3119 867 3501 940 interroganti-

1929 948 2027 1002 bus
2065 965 2128 1002 ex
2163 949 2325 1018 ipsius
2352 951 2617 1021 Evangelii
2661 953 2741 1006 sui
2781 955 3002 1011 veritate
3032 961 3335 1027 respondet,
3383 978 3502 1019 cum

1928 1037 2236 1106 dixerimus,
2272 1041 2512 1107 Domine,
2547 1042 2669 1111 quid
2705 1044 3019 1113 ignorabas?
3041 1050 3163 1118 quid
3199 1059 3251 1105 tu
3283 1056 3503 1122 potuisti

1933 1130 2245 1202 interrogari
2281 1135 2421 1203 quod
2474 1135 2783 1190 nesciebas?
2831 1137 3169 1207 Respondet:
3200 1144 3506 1214 lniquitatcs

1931 1223 2260 1293 ignorabam,
2301 1227 2366 1280 de
2411 1227 2776 1297 iniquitatibus
2826 1233 3201 1302 interrogabar.
3250 1239 3420 1294 Habes
3453 1243 3506 1296 in

1931 1315 2238 1386 Evangelio,
2273 1318 2315 1370 si
2340 1333 2442 1371 non
2464 1335 2546 1372 me
2567 1320 2741 1374 credis
2764 1321 3008 1391 ignorare
3035 1327 3357 1396 iniquitates,
3388 1334 3508 1402 quia
3534 1327 3542 1336 ’

1933 1415 1986 1459 et
2009 1407 2150 1475 ipsos
2183 1407 2390 1477 iniquos
2422 1409 2624 1478 ignoro,
2654 1412 2846 1481 quibus
2873 1415 2922 1467 in
2953 1418 3054 1469 line
3084 1418 3322 1475 dicturus
3351 1439 3466 1477 sum
3491 1442 3503 1477 :

1935 1498 2054 1551 Non
2081 1500 2195 1552 novi
2221 1517 2323 1562 vos,
2355 1502 2564 1555 rccedite
2589 1521 2619 1554 a
2660 1521 2738 1556 me
2766 1507 2850 1572 qui
2880 1511 3158 1576 operamini
3199 1512 3511 1584 iniquitatem

1938 1589 2150 1660 (Matth.
2183 1608 2276 1657 vn,
2311 1591 2428 1661 9.5).
2452 1593 2715 1664 Numquid
2748 1613 2850 1650 non
2885 1610 3102 1654 noverat
3128 1617 3259 1672 quos
3288 1605 3511 1661 damna-

1935 1681 2019 1735 bat
2039 1681 2062 1734 ?
2085 1691 2174 1736 aut
2202 1693 2373 1752 potest
2393 1683 2533 1753 juste
2561 1685 2833 1754 damnare,
2863 1689 2963 1744 nisi
2992 1691 3159 1748 bonus
3190 1697 3432 1760 cognitor
3447 1704 3494 1758 3?

1937 1774 2004 1828 Et
2032 1783 2204 1829 tamen
2240 1776 2406 1830 bonus
2432 1778 2674 1847 cognitor
2718 1796 2820 1833 non
2851 1793 2930 1835 est
2959 1787 3230 1853 mentitus,
3259 1791 3506 1859 dicenoo,

1937 1865 2058 1919 Non
2097 1867 2212 1920 novi
2239 1884 2324 1921 vos
2347 1885 2364 1920 :
2393 1868 2442 1922 id
2471 1876 2573 1934 est,
2607 1885 2710 1923 non
2757 1875 3074 1948 coaptamini
3122 1892 3253 1948 corp
3275 1881 3332 1934 iri
3365 1899 3507 1948 meo,
3589 1897 3594 1904 -

1937 1974 2042 2012 non
2071 1958 2288 2014 haeretis
2309 1961 2508 2030 regulis
2533 1963 2698 2016 meis:
2722 1964 2844 2017 vitia
2874 1943 3075 2032 estis'a';
3107 1986 3205 2039 ego
3221 1943 3510 2031 autemars

1938 2049 2049 2118 ipsa
2076 2065 2191 2103 sum
2224 2067 2341 2121 qua:
2371 2068 2475 2105 non
2507 2051 2665 2108 habet
2694 2055 2899 2118 vitium,
2946 2070 2998 2111 et
3045 2059 3094 2112 in
3141 2077 3240 2131 qua
3289 2069 3513 2136 quisque

1939 2157 2043 2194 non
2074 2142 2227 2196 discit
2258 2143 2355 2196 nisi
2401 2159 2503 2197 non
2555 2144 2726 2199 facere
2757 2147 2964 2202 vitium.
3007 2149 3327 2224 Insurgentes
3369 2170 3514 2214 testes

1938 2234 2116 2303 iniqui,
2149 2249 2260 2303 qua!
2279 2235 2571 2304 ignorabam
2598 2237 2971 2308 interrogabant
2993 2259 3087 2296 me.
3112 2244 3245 2311 Quid
3268 2248 3343 2302 sic
3362 2249 3513 2318 igno-

1939 2326 2089 2378 rabat
2113 2325 2376 2391 Christus,
2409 2341 2568 2395 quam
2614 2327 3017 2398 blasphemare?
3049 2333 3181 2390 Hinc
3220 2338 3512 2410 interroga—

1942 2416 2096 2470 batur
2121 2433 2150 2470 a
2180 2419 2638 2486 persecutoribus,
2669 2431 2721 2474 et
2743 2423 2862 2492 quia
2889 2439 3072 2480 verum
3099 2427 3250 2492 dixit,
3276 2431 3517 2500 blasphe-

1941 2525 2115 2565 masse
2135 2511 2403 2579 judicatus
2424 2521 2508 2566 est
2530 2510 2638 2580 (Id.
2688 2529 2828 2578 χχιιι,
2856 2515 2966 2584 65).
3000 2517 3104 2572 Sed
3131 2534 3160 2572 a
3191 2498 3415 2588 quibus?
3436 2498 3516 2578 De

1940 2601 2132 2669 quibus
2161 2601 2418 2670 sequitur,
2460 2601 2818 2656 Retribucbant
2848 2606 2971 2658 mihi
2997 2609 3131 2661 mala
3161 2627 3253 2674 pro
3281 2613 3441 2680 bonis,
3471 2627 3518 2670 et

1941 2691 2249 2746 sterilitatem
2279 2693 2462 2745 anima:
2488 2709 2629 2745 metu.
2667 2693 2777 2764 Ego
2803 2697 2952 2749 attuli
2984 2696 3383 2770 fecunditatem,
3419 2707 3518 2776 ipsi

1942 2781 2304 2837 retribuebant
2345 2783 2704 2848 sterilitatem;
2753 2801 2852 2856 ego
2897 2787 3076 2852 vitam,
3124 2791 3222 2859 ipsi
3253 2807 3514 2860 morm";
3601 2830 3607 2836 .

1942 2888 2041 2944 ego
2064 2873 2343 2938 honorem,
2377 2875 2472 2943 ipsi
2500 2876 2883 2931 contumelias:
2912 2893 3010 2948 ego
3035 2882 3371 2951 medicinam,
3421 2889 3517 2958 ipsi

1943 2965 2193 3028 vulnera;
2223 2975 2277 3020 et
2303 2966 2354 3019 in
2383 2965 2466 3018 his
2491 2966 2734 3020 omnibus
2761 2983 2880 3036 qua:
2911 2972 3294 3043 retribuebant,
3337 2979 3519 3050 utique

1945 3057 2196 3112 sterilitas
2222 3066 2354 3111 erat.
2384 3056 2528 3111 Hanc
2559 3057 2890 3113 sterilitatem
2929 3061 2978 3113 in
3006 3063 3196 3120 arbore
3225 3069 3516 3136 maledixit,

1946 3147 2034 3201 ubi
2066 3146 2290 3210 fructum
2319 3162 2439 3201 cum
2471 3157 2734 3218 quaereret
2759 3165 2865 3203 non
2890 3151 3088 3207 invenit
3116 3154 3224 3226 (Id.
3267 3173 3377 3224 xxi,
3406 3162 3517 3235 19).

1946 3239 2094 3294 Folia
2120 3249 2293 3301 erant,
2322 3249 2373 3294 et
2404 3240 2602 3295 fructus
2629 3258 2732 3295 non
2761 3253 2948 3298 erant:
2981 3247 3140 3302 verba
3165 3260 3334 3316 erant,
3367 3263 3417 3308 et
3441 3253 3522 3308 fa-

1947 3342 2030 3387 eta
2071 3349 2174 3386 non
2207 3341 2378 3386 erant.
2417 3331 2544 3388 Vide
2588 3334 2641 3387 in
2687 3336 2866 3390 verbis
2895 3341 3344 3408 numerositatem,
3378 3353 3431 3399 et
3466 3348 3521 3402 in

1949 3423 2098 3478 factis
2122 3424 2450 3478 sterilitatem
2479 3443 2491 3477 :
2525 3423 2625 3492 Qui
2668 3426 2927 3494 przedicas
2968 3445 3070 3482 non
3102 3429 3402 3497 furandum,
3437 3435 3521 3490 fn—

1948 3515 2113 3586 raris;
2147 3515 2236 3584 qui
2261 3516 2390 3570 dicis
2421 3531 2524 3570 non
2553 3515 2975 3583 adulteramlnm,
3028 3520 3296 3577 adulteras
3345 3525 3520 3595 (Rom.

1951 3621 2006 3670 ιι,
2029 3605 2120 3672 2i,
2149 3605 2266 3675 22).
2313 3606 2469 3660 Tales
2497 3616 2648 3660 erant
2679 3608 2766 3676 qui
2795 3609 3062 3662 Christum
3099 3627 3216 3680 qua:
3247 3614 3519 3682 ignorabat

1952 3696 2364 3766 interrogabant.

2022 3789 2074 3840 5.
2096 3785 2246 3858 [vers.
2267 3786 2378 3859 13.]
2398 3785 2505 3857 Ego
2517 3797 2679 3840 autem
2692 3805 2802 3841 cum
2817 3789 2938 3842 mihi
2953 3790 3146 3844 molesti
3158 3803 3336 3862 essent,
3354 3795 3524 3852 indue.

1953 3881 2063 3932 bam
2077 3895 2154 3932 nte
2166 3878 2329 3932 cilicio
2341 3895 2359 3932 :
2373 3889 2418 3932 et
2435 3881 2756 3933 Itumitiabam
2774 3882 2824 3934 in
2831 3883 3029 3951 jejunio
3045 3885 3266 3940 animant
3283 3905 3467 3944 meam:
3479 3903 3524 3945 et

1953 3971 2114 4024 oratio
2132 3971 2477 4024 meainsinum
2496 3988 2654 4024 meum
2671 3983 2982 4027 conrertetnr
3006 3974 3099 4048 (a).
3132 3978 3392 4036 Ducentur
3412 3988 3528 4054 qui-

1953 4063 2094 4127 dem,
2111 4061 2441 4130 fratres,quia
2457 4062 2780 4130 pertinemus
2796 4064 2860 4118 ad
2877 4079 3070 4135 corpus
3087 4068 3426 4143 Christi,qniu
3446 4089 3527 4129 su.

1955 4169 2072 4206 mus
2089 4153 2320 4206 membra
2338 4151 2532 4207 Christi
2556 4151 2594 4220 (Ι
2612 4153 2728 4207 Cor.
2751 4171 2844 4220 xu,
2873 4155 2966 4225 27)
2989 4175 3000 4210 :
3021 4167 3075 4213 et
3102 4160 3450 4218 admonemur
3474 4166 3525 4220 in

1954 4245 2096 4300 omni
2130 4243 2462 4298 tribulatione
2483 4255 2680 4310 nostra,
2701 4261 2804 4300 non
2821 4248 3053 4317 cogitare
3085 4253 3526 4320 quemadmodum

1953 4336 2370 4408 respondeamus
2410 4335 2652 4400 inimicis,
2683 4337 2775 4392 scd
2824 4341 3271 4408 quemadmodum
3325 4349 3529 4401 orando

1958 4428 2123 4482 Deum
2145 4427 2507 4496 propitictnus,
2530 4437 2583 4482 et
2602 4430 2913 4485 maximcne
2931 4432 3217 4489 tentationc
3234 4421 3527 4502 vincamur;

1956 4518 2168 4582 deinde,
2203 4528 2260 4570 ut
2299 4519 2456 4572 etiam
2497 4520 2570 4573 illi
2597 4520 2684 4590 qui
2719 4537 2815 4576 nos
2848 4533 3260 4592 persequuntur,
3286 4526 3360 4581 ad
3387 4534 3532 4586 sani-

1960 4620 2118 4665 tatem
2142 4611 2358 4679 iustitia:
2391 4621 2787 4666 convertantur.
2818 4613 3030 4667 Nullum
3079 4616 3284 4685 majus,
3326 4621 3529 4676 nullmn

1959 4702 2146 4756 melius
2172 4703 2438 4771 negotium
2472 4712 2552 4756 est
2581 4703 2635 4756 in
2677 4704 3033 4769 tribulatione,
3078 4721 3235 4776 quam
3277 4712 3524 4768 recedere

1958 4793 2026 4845 ab
2052 4809 2116 4845 eo
2147 4793 2392 4862 strepitu,
2419 4794 2506 4862 qui
2533 4793 2658 4848 toris
2682 4802 2782 4857 est,
2806 4794 2956 4849 etire
2983 4795 3035 4850 in
3064 4797 3316 4854 interiora
3339 4809 3536 4858 mentis

1959 4883 2236 4937 secretaria
2267 4883 2474 4952 (Matth.
2496 4900 2565 4949 vr,
2596 4884 2678 4954 6);
2713 4886 2783 4939 ibi
2811 4886 2972 4940 Deum
3005 4888 3265 4958 invocare,
3318 4896 3401 4949 ubi
3433 4912 3528 4951 ne-

1961 4990 2048 5026 mo
2078 4974 2218 5026 videt
2239 4983 2539 5043 gementem
2580 4984 2634 5028 et
2671 4977 3103 5046 subvenientem;
3135 4983 3274 5036 illius
3301 4986 3523 5040 cubiculi

1959 5063 2212 5117 adversus
2227 5079 2437 5140 omnem
2455 5065 2783 5121 extrinsecus
2802 5069 2995 5123 illatam
3016 5071 3308 5127 molestiam
3332 5079 3525 5132 ostium

1960 5156 2225 5220 claudere,
2257 5155 2536 5211 humiliore
2579 5160 2808 5227 scipsum
2851 5163 2902 5216 in
2945 5164 3276 5220 confessione
3305 5171 3526 5236 peccati,

1963 5246 2301 5315 magniﬁcare
2321 5256 2376 5300 ct
2404 5246 2614 5302 laudare
2636 5251 2819 5312 Deum,
2848 5262 2901 5306 et
2923 5256 3296 5323 Curl‘ipicntem
3325 5267 3376 5310 ρι
3404 5275 3531 5312 ρο...

1963 5339 2294 5393 solantem“:
2321 5353 2534 5408 prorsus
2575 5340 2674 5396 hac
2701 5343 2842 5397 muni
2889 5347 3046 5398 ntodo
3095 5349 3378 5403 tenendum
3425 5361 3527 5402 est.

2027 5491 2298 5563 {ﬁerique
2320 5501 2423 5563 Mss.
2449 5500 2534 5542 εει
2577 5493 2774 5555 dicitur,
2814 5499 3030 5563 ararit-it,
3055 5503 3288 5563 quomodo
3322 5515 3404 5552 ars
3439 5515 3532 5552 tum

1962 5561 2082 5626 norit
2106 5561 2234 5626 uitta,
2253 5561 2298 5604 et
2320 5562 2474 5626 tanien
2499 5569 2584 5626 per
2605 5566 2756 5626 artctn
2772 5562 2956 5626 crapula
2968 5562 3260 5626 detineatur.

2026 5619 2046 5693 ξ
2077 5618 2146 5693 sic
2168 5624 2274 5693 uss.
2295 5625 2347 5693 at
2522 5616 2760 5693 donatori,
2781 5616 2872 5693 nisi
2895 5623 3006 5684 quia
3027 5624 3180 5673 nudus
3201 5621 3514 5686 cagtwsritur.

2029 5679 2048 5710 ³
2079 5681 2149 5726 sic
2168 5685 2268 5726 Mss.
2297 5686 2349 5728 At
2370 5678 2500 5736 Edd.,
2526 5679 2649 5730 vitiis
2670 5677 2917 5733 ltumistis.’
3254 5677 3262 5686 ’

2028 5741 2050 5813 ’ς
2242 5740 2572 5813 consulemem.
2592 5744 2818 5813 _t_\‘_onnulli
2847 5759 2963 5794 vero
2986 5753 3110 5804 Mss,
3136 5745 3462 5813 consolantcm.

2031 5803 2102 5865 (ιι)
2128 5808 2192 5851 Dc
2219 5807 2395 5852 eodem
2420 5816 2564 5853 versu
2587 5804 2644 5854 15
2669 5814 2895 5857 tractatur
2918 5819 3076 5870 supra,
3098 5803 3198 5858 col.
3224 5809 3314 5860 οὶ*ὶὸ
3336 5843 3351 5874 ,
3377 5826 3425 5862 ιι.
3451 5811 3531 5863 Et.
