3972 6198
448 348 548 367 *ρει-υ

447 366 550 402 ιἸὸι)

443 450 820 512 Verumtamen
850 454 901 507 in
934 465 1153 521 corpore
1184 448 1285 503 hoc
1311 447 1618 511 dixerimus,
1651 446 1701 499 id
1733 455 1813 500 est
1841 447 1891 498 in
1921 461 2016 497 no-

445 550 557 604 bis:
583 550 633 602 in
680 545 899 599 Domino
934 554 1109 597 autem
1155 550 1336 594 nostro
1365 539 1489 594 Jesu
1516 538 1726 592 Christo
1754 536 1878 606 quid
1911 536 2015 590 tale

358 654 361 657 ‘
436 637 819 711 (agiumcinms?
863 633 1151 704 Evangelio
1194 642 1470 703 perspecto
1511 641 1565 686 et
1611 630 2012 700 diligentissime

444 740 792 804 perscrutato,
822 746 927 783 nan
957 726 1255 783 invenimus
1282 726 1562 779 Dominum
1592 725 1643 777 in
1685 722 1860 792 aliqua
1893 736 2014 791 pas-

443 825 591 879 sione
613 830 667 876 et
684 819 1022 874 tribulatione
1048 833 1143 872 sua
1175 816 1408 871 induisse
1434 831 1493 870 se
1520 815 1713 869 cilicio.
1737 813 2014 882 Jejuuasse

446 913 656 981 quidem
686 926 808 966 eum
840 910 1064 980 legimus
1091 918 1269 978 postea
1300 922 1454 977 quam
1480 905 1777 977 baptizatus
1797 914 1910 979 est:
1934 904 2013 957 ci-

425 1007 618 1060 ‘licium
658 1004 728 1058 ibi
759 1004 955 1056 nullum
985 1001 1301 1066 audivimus,
1345 999 1553 1053 nullum
1596 997 1851 1068 legimus:
1871 996 2012 1066 jeju-

439 1113 597 1152 nasse
623 1104 797 1150 autem
827 1094 1055 1148 uondmn
1083 1092 1280 1147 ludatis
1306 1091 1762 1161 persequentibus,
1786 1088 1879 1145 sed
1905 1088 2016 1142 dia-

438 1187 563 1242 bolo
593 1194 826 1242 tentante
843 1183 1140 1253 (ΜαιιΙι.ιν,
1156 1182 1228 1253 l).
1258 1181 1371 1235 Non
1394 1195 1461 1235 eo
1487 1190 1723 1250 tempore
1741 1179 1859 1233 dico
1875 1178 2014 1249 jeju-

442 1292 599 1333 nasse
620 1275 920 1341 Dominum,
944 1272 1152 1343 quando
1176 1288 1295 1327 eum
1324 1272 1715 1341 interrogabant
1734 1286 1850 1341 qua:
1867 1272 2016 1341 igno-

432 1348 543 1435 erat,
559 1380 611 1425 et
626 1368 836 1440 quando
852 1365 1213 1422 retribuebant
1229 1366 1364 1419 mala
1382 1380 1476 1433 pro
1491 1365 1664 1431 bonis,
1680 1364 2009 1432 insectando,

436 1460 829 1533 persequendo,
861 1458 1110 1523 tenendo,
1133 1457 1468 1528 llagellando,
1498 1455 1843 1523 vulnerando,
1869 1456 2010 1510 occi-

424 1555 649 1609 dendo:
672 1552 764 1607 sed
796 1560 968 1605 tamen
994 1551 1045 1605 in
1073 1550 1154 1603 his
1183 1548 1446 1613 omnibus,
1466 1546 1677 1612 fratres,
1707 1547 1750 1601 si
1778 1547 2012 1617 aliquan-

442 1650 608 1701 tulum
639 1647 721 1715 pia
742 1644 1056 1699 curiositate
1087 1643 1320 1697 levemus
1341 1640 1534 1707 volam,
1565 1651 1619 1695 et
1648 1639 1898 1696 interiora
1919 1640 2013 1693 hu-

438 1741 526 1808 jus
547 1739 835 1807 Scriptura:
866 1736 1019 1791 oculo
1047 1734 1223 1789 cordis
1270 1735 1471 1788 intento
1497 1736 1771 1795 rimemur,
1809 1727 2013 1785 i'nveni-

439 1846 560 1885 lllllS
580 1842 632 1883 et
652 1829 746 1884 hoc
763 1828 951 1883 fecisse
969 1827 1267 1881 Dominum.
1287 1824 1527 1880 Cilieium
1545 1822 1769 1878 fortasse
1784 1823 2013 1893 appellat

438 1922 611 1976 carnis
632 1937 740 1975 sua:
760 1918 1165 1974 mortalitatem.
1187 1917 1362 1986 Quare
1389 1914 1655 1970 cilicium?
1683 1913 1910 1983 PrOpter
1936 1913 2009 1967 si-

437 2012 786 2065 militudinem
815 2009 989 2065 carnis
1017 2007 1235 2079 peccati.
1258 2006 1540 2076 Apostolus
1560 2005 1700 2060 enim
1729 2004 1889 2059 dicit:
1911 2002 2010 2057 Μί-

428 2107 502 2160 sit
529 2104 661 2158 Deus
693 2101 883 2157 Filium
920 2117 1068 2156 suum
1108 2101 1161 2153 in
1200 2098 1578 2154 similitudinem
1602 2097 1768 2151 carnis
1797 2098 2007 2168 peccati,

434 2206 492 2250 ut
510 2197 570 2250 de
594 2205 795 2267 peccato
810 2194 1072 2247 damnaret
1085 2200 1340 2263 peccatum
1357 2191 1409 2244 in
1431 2206 1581 2244 carne
1602 2189 1776 2260 (Rom.
1799 2205 1912 2255 vnt,
1932 2187 2008 2260 5):

421 2286 540 2341 rhoc
566 2294 667 2353 est,
697 2283 889 2339 Filium
913 2299 1064 2338 suum
1093 2281 1259 2336 induit
1290 2280 1484 2347 cilicio,
1503 2290 1560 2335 ut
1596 2280 1665 2335 de
1701 2280 1873 2335 cilicio
1919 2280 2012 2334 da-

438 2386 645 2433 mnaret
670 2375 873 2432 bmdos.
908 2374 1021 2430 Non
1055 2372 1175 2445 quia
1224 2381 1497 2443 peccatum
1522 2379 1656 2437 erat,
1678 2386 1781 2425 non
1808 2369 1929 2426 dico
1957 2372 2009 2425 in

438 2469 614 2524 Verbo
644 2466 757 2535 Dei,
789 2466 883 2523 sed
911 2480 1007 2520 nec
1032 2465 1083 2518 in
1110 2464 1221 2534 ipsa
1246 2462 1458 2532 quidem
1485 2460 1605 2517 dico
1632 2461 1805 2515 anima
1827 2471 2009 2516 sancta

436 2575 492 2618 et
537 2572 714 2618 mente
758 2559 1007 2624 hominis,
1040 2572 1197 2627 quem
1242 2555 1342 2610 sibi
1380 2554 1445 2609 ad
1489 2554 1743 2609 unitatem
1770 2568 2011 2623 persona:

437 2655 669 2710 \‘erbum
700 2653 794 2708 Dei
824 2660 877 2706 et
899 2649 1165 2721 Sapientia
1193 2654 1555 2717 coaptaverat;
1578 2645 1671 2701 sed
1699 2659 1797 2701 nec
1818 2645 1871 2699 in
1897 2645 2017 2717 ipso

435 2761 659 2815 corpore
687 2753 958 2815 peceatum
998 2740 1165 2795 ullum
1205 2746 1339 2802 erat,
1384 2736 1477 2792 sed
1517 2735 1807 2792 similitudo
1835 2735 2011 2791 carnis

437 2837 635 2908 peccati
658 2844 771 2890 erat
791 2834 843 2888 in
870 2832 1093 2887 Domino
1108 2848 1123 2895 ;
1141 2829 1263 2900 quia
1286 2843 1430 2883 mors
1452 2842 1556 2881 non
1573 2836 1656 2882 est
1676 2826 1776 2881 nisi
1802 2826 1868 2881 de
1890 2840 2011 2895 pec-

435 2938 555 2982 cato
584 2926 691 2998 (Id.
726 2940 779 2992 v,
803 2923 913 2995 12),
937 2932 992 2978 et
1020 2922 1200 2991 utique
1226 2934 1421 2989 corpus
1456 2917 1583 2972 illud
1622 2919 1845 2973 mortale
1873 2929 2007 2973 emt.

437 3020 567 3074 Nam
596 3018 699 3072 nisi
724 3015 944 3070 mortale
966 3022 1128 3075 esset,
1152 3027 1255 3065 non
1284 3019 1611 3074 moreretur;
1640 3008 1683 3063 si
1706 3025 1808 3063 non
1831 3025 2009 3065 more-

437 3120 602 3180 retur,
631 3123 737 3163 non
779 3114 1115 3173 resurgeret;
1146 3102 1190 3155 si
1221 3115 1324 3154 non
1352 3107 1670 3169 resurgeret,
1705 3100 2007 3169 exemplum

436 3203 558 3256 vitae
599 3208 813 3254 aeterna:
842 3195 993 3251 nobis
1022 3208 1126 3249 non
1169 3191 1578 3246 demonstraret.
1611 3188 1748 3259 Ergo
1777 3190 1854 3244 sic
1880 3190 2010 3242 diei-

437 3305 521 3348 tur
548 3307 691 3347 mors
734 3294 1026 3360 peccatum,
1066 3299 1183 3355 quze
1208 3283 1343 3337 facta
1372 3288 1454 3336 est
1480 3287 1715 3350 peccato,
1741 3280 2007 3349 quomodo

434 3390 625 3445 dicitur
651 3386 826 3456 lingua
863 3395 1052 3452 graeca,
1099 3378 1272 3448 lingua
1297 3375 1478 3441 latina,
1507 3388 1613 3429 non
1642 3374 1811 3442 ipsmn
1841 3388 2007 3427 mem-

437 3482 589 3535 brum
615 3477 810 3541 carnis,
842 3472 934 3529 sed
955 3470 1095 3542 quod
1128 3470 1184 3523 ﬁt
1211 3484 1303 3538 per
1328 3466 1624 3520 membrum
1648 3465 1846 3518 carnis.
1870 3461 2004 3518 Nam

435 3574 609 3640 lingua
631 3570 682 3623 in
710 3565 960 3622 membris
992 3561 1189 3616 nostris
1213 3574 1375 3614 unum
1408 3566 1489 3612 est
1519 3556 1584 3611 de
1609 3556 1838 3622 caeteris,
1869 3555 2006 3609 sicut

433 3664 591 3728 oculi,
624 3675 802 3718 nasus,
846 3671 1022 3721 aures,
1052 3663 1101 3710 et
1131 3661 1356 3708 caetera:
1380 3649 1554 3720 lingua
1584 3657 1760 3701 autem
1808 3662 2000 3717 gneca,

434 3757 592 3813 verba
616 3766 788 3825 graeca
820 3756 943 3804 Sunt
975 3765 988 3801 :
1020 3762 1123 3799 non
1157 3743 1280 3815 quia
1315 3741 1475 3797 verba
1505 3740 1697 3810 lingua,
1742 3738 1837 3794 sed
1879 3740 2003 3808 quia

434 3845 593 3902 verba
624 3858 717 3913 per
756 3840 1007 3909 linguam.
1044 3834 1180 3889 Dicis
1223 3832 1291 3888 de
1332 3831 1531 3901 aliquo,
1563 3828 1768 3901 Agnovi
1809 3826 2001 3883 faciem

433 3937 616 4008 ipsius,
648 3932 715 3987 de
742 3930 981 3985 membro
1024 3925 1261 3997 corporis
1297 3923 1555 3994 loquens:
1579 3930 1633 3977 et
1658 3920 1790 3977 dicis
1819 3920 1998 3988 etiam,

433 4025 634 4098 Agnovi
657 4037 869 4078 nianum
894 4021 1057 4091 ipsius
1080 4016 1334 4082 absentis,
1358 4032 1461 4070 non
1487 4030 1698 4069 manum
1730 4014 1781 4069 in
1808 4030 1999 4086 corpo-

433 4136 512 4186 re,
541 4115 634 4174 sed
663 4116 976 4183 scripturam
1003 4125 1120 4181 qum
1148 4108 1281 4163 facta
1301 4119 1383 4164 est
1402 4123 1497 4177 per
1519 4123 1730 4162 manum
1753 4124 1870 4177 qua:
1886 4118 2000 4163 erat

433 4209 755 4279 incorpore.
794 4203 883 4261 Sic
910 4217 1037 4272 ergo
1066 4210 1336 4271 peccatum
1366 4200 1593 4266 Domini,
1624 4200 1762 4270 quod
1807 4201 1997 4255 factum

434 4315 512 4359 νει
540 4303 603 4357 de
622 4304 860 4371 peccato,
885 4295 1006 4365 quia
1028 4291 1147 4347 inde
1168 4306 1380 4346 carnem
1407 4290 1709 4360 assumpsit,
1733 4288 1800 4345 de
1827 4306 1997 4346 massa

386 4441 393 4450 .
432 4399 543 4468 ipsa
569 4409 685 4465 quae
710 4388 933 4444 martem
956 4391 1220 4438 meruerat
1242 4397 1307 4437 ex
1335 4390 1568 4451 peccato.
1595 4380 1801 4437 Etenim
1824 4390 1882 4435 ut
1906 4397 1996 4438 ce-

433 4488 592 4543 lerius
621 4484 816 4544 dicam,
865 4476 1026 4533 Maria
1047 4476 1063 4507 ¹
1093 4489 1158 4528 ex
1196 4472 1362 4528 Adam
1394 4482 1598 4531 mortua
1628 4482 1842 4543 propter
1870 4488 1995 4543 pec-

431 4590 625 4641 catum,
655 4576 820 4631 Adam
844 4579 1085 4625 mortuus
1115 4574 1329 4636 propter
1355 4575 1647 4633 peceatum,
1676 4574 1730 4619 et
1758 4580 1883 4620 caro
1906 4565 1998 4619 Do-

433 4672 556 4723 mini
581 4686 645 4723 εχ
676 4667 834 4723 Maria
874 4672 1077 4718 mortua
1130 4668 1212 4713 est
1251 4665 1464 4727 propter
1489 4653 1713 4709 delenda
1763 4666 1994 4725 peceata.

435 4764 544 4817 ll-ie
569 4758 738 4813 cilicio
753 4773 811 4811 se
836 4753 1005 4808 induit
1027 4749 1309 4806 Dominus:
1334 4756 1387 4802 et
1402 4745 1519 4801 ideo
1537 4760 1640 4800 non
1665 4754 1745 4801 est
1768 4750 1991 4816 agnitus,

433 4854 556 4923 quia
581 4851 678 4905 sub
702 4848 871 4903 cilicio
896 4844 1152 4900 latitabat.
1184 4841 1309 4897 Cum
1329 4838 1472 4903 mihi,
1498 4837 1684 4909 inquit,
1717 4839 1908 4893 molesti
1922 4855 1999 4893 es-

431 4954 557 5002 seut,
604 4939 867 4992 inducbam
908 4952 986 4990 me
1024 4935 1187 4989 cilicio
1211 4949 1228 4986 :
1251 4931 1303 4986 id
1330 4940 1432 4996 est,
1463 4929 1537 4984 illi
1565 4928 1872 4993 Saeviebant,
1899 4945 1997 5000 ego

426 5034 678 5089 iatebam.
707 5029 762 5084 Si
790 5029 932 5084 enim
958 5028 1123 5081 latere
1151 5024 1336 5089 nollet,
1354 5038 1451 5077 nec
1467 5021 1597 5075 mori
1617 5030 1813 5091 posset,
1833 5036 1996 5091 quan-

434 5117 712 5199 doquidem
752 5135 856 5177 uno
882 5120 1130 5189 temporis
1157 5128 1347 5188 puncto
1369 5116 1561 5171 stillam
1590 5115 1870 5185 quamdam
1898 5129 1995 5183 po-

434 5219 637 5278 testatis
656 5229 787 5280 suae,
805 5214 849 5267 si
867 5210 948 5266 vel
962 5211 983 5242 ¹
1000 5210 1138 5263 stilla
1159 5209 1375 5262 dicenda
1402 5216 1500 5269 est,
1519 5206 1766 5270 exseruit,
1788 5204 1997 5274 quando

481 5426 513 5457 ·¹
536 5427 611 5472 vlta
632 5427 739 5469 ιον.
776 5424 827 5466 et
864 5413 1067 5463 maxima
1100 5421 1208 5472 pars
1245 5414 1350 5472 Mss.
1374 5411 1427 5453 Αῑ
1460 5410 1553 5463 tir.,
1580 5404 1730 5452 Maria
1751 5416 1813 5452 ex
1852 5402 1998 5472 ,λάφη

436 5466 618 5535 manu
634 5466 828 5545 ’ρξοέηπει-
854 5466 1255 5545 necarunt-94¢,
1284 5466 1996 5545 -«ses:r..zwr.et:e_causa"

434 5522 813 5605 ὗὲῖἑιῖἰῑιιῖιῗέὲίὲἐ
833 5522 931 5589 [suo
1104 5522 1992 5605 νιιιίρέρί.ἑο¹ἓ).-ν,.δ¹<ξξξῐξ

438 5586 816 5657 manesve
834 5586 1025 5665 βί-σρερν
1329 5599 1428 5665 es:
1444 5586 1995 5665 ueniae:erres

426 5647 677 5721 ξ’Ῐὶξὶάῆ
685 5647 859 5729 ﬁnitio:
870 5647 1032 5712 uitam
1050 5647 1288 5706 tu:th
1298 5647 1429 5702 artus
1445 5658 1509 5698 ca:
1532 5658 1621 5700 Μ(ιί
1636 5647 1683 5696 ia
1705 5647 1996 5712 propter-de-

426 5730 575 5785 (eruta
597 5736 808 5790 peccata.

488 5793 511 5820 ³
542 5785 615 5840 sti:
637 5800 739 5841 atas.
766 5795 821 5842 At
839 5785 967 5848 add,
990 5794 1115 5833 uera.

1670 334 1731 390 S.
1775 337 1811 388 Α
1824 332 2131 389 UGUSTIM
2175 333 2470 388 EPISCOPI

3588 343 3685 400 538

2124 456 2246 496 cum
2277 454 2457 499 tenere
2484 444 2779 514 voluerunt,
2810 457 2863 501 et
2892 448 2961 503 ad
2989 465 3144 505 illlam
3180 452 3296 523 ejus
3323 454 3687 526 interrogatio.

2123 547 2266 597 item,
2297 533 2463 600 Quem
2491 536 2744 604 (ιιιιυτὶίὶε,
2792 538 3063 593 redierunt
3090 556 3275 595 omnes
3303 552 3444 598 retro
3468 555 3523 600 et
3551 550 3690 601 ceci-

2120 624 2310 679 derunt
2334 625 2509 697 (Joau.
2544 644 2691 693 xvm,
2718 631 2771 698 4,
2803 631 2879 704 6).
2905 632 3124 688 Tantam
3153 646 3464 705 potestatem
3494 639 3544 693 in
3572 655 3694 710 pas-

2119 715 2270 771 sione
2296 732 2400 771 nan
2427 717 2745 787 humiliaret,
2772 723 2870 776 nisi
2898 724 2997 778 sub
3018 724 3191 781 cilicio
3217 727 3424 783 lateret.

2190 808 2243 861 4.
2273 807 2412 879 Ergo
2439 810 2703 865 induebant
2728 829 2805 866 me
2823 815 2984 869 cilicio
3005 831 3025 870 :
3053 826 3100 871 et
3130 817 3457 873 Itumiliabam
3482 821 3532 874 in
3550 823 3695 893 jeju»

2121 896 2205 949 nio
2243 897 2464 952 animam
2506 918 2687 956 meant.
2733 902 2922 959 lterum
2962 907 3005 960 si
3043 907 3401 965 intelleximus
3426 888 3695 979 cilicium,

2121 989 2386 1058 quomodo
2422 991 2761 1063 intelligimus
2786 995 3084 1066 jejunium?
3118 998 3437 1058 Manducare
3478 1004 3698 1061 volebat

2121 1079 2359 1137 Christus
2378 1124 2393 1151 ,
2419 1086 2631 1167 quando
2658 1102 2810 1157 poma
2838 1091 3107 1159 quaerebat
3134 1092 3185 1145 in
3208 1092 3428 1161 arbore,
3458 1096 3579 1149 etsi
3611 1097 3699 1151 in-

2112 1172 2324 1227 .xeniret
2355 1175 2693 1233 manducaret
2731 1178 2924 1249 (Marc.
2961 1198 3049 1245 χι,
3094 1183 3220 1253 l3)?
3260 1184 3450 1241 Bibere
3481 1188 3703 1243 volebat

2072 1258 2075 1261 λ
2120 1260 2391 1327 Christus,
2420 1266 2631 1336 quando
2652 1267 2786 1322 dixit
2811 1270 3016 1325 mulieri
3043 1270 3388 1330 Samaritanre
3406 1317 3423 1343 ,
3447 1276 3530 1329 Da
3568 1279 3701 1331 mild

2122 1353 2283 1409 bibere
2309 1356 2485 1427 (Joan.
2509 1374 2586 1424 tv,
2603 1358 2824 1431 7),dixit
2848 1361 2899 1416 in
2924 1377 3101 1431 cruce,
3131 1364 3261 1420 Sitio
3286 1365 3396 1440 (Id.
3430 1385 3544 1436 nx,
3563 1370 3703 1441 28)?

2119 1446 2252 1512 Quid
2281 1449 2537 1517 esurivit,
2574 1450 2701 1521 quid
2726 1452 2890 1508 sitivit
2915 1453 3183 1523 Christus,
3216 1458 3315 1513 nisi
3355 1459 3490 1515 bona
3528 1476 3699 1532 Opera

2120 1538 2334 1592 nostra?
2361 1539 2418 1594 la
2456 1540 2557 1595 illis
2596 1543 2735 1597 enim
2776 1544 3202 1624 cruciﬁgentibus
3240 1559 3294 1604 et.
3322 1556 3700 1624 persequenti-

2119 1627 2246 1692 bus,
2273 1634 2393 1699 quia
2424 1633 2565 1687 nulla
2596 1634 2730 1689 bona
2757 1617 2914 1705 opina
2942 1637 3231 1704 invenerat,
3256 1617 3531 1713 jejunabat
3557 1662 3571 1699 :
3602 1662 3700 1701 rc—

2121 1721 2419 1778 tribnebant
2444 1727 2583 1780 enim
2610 1727 2937 1783 sterilitatem
2965 1730 3356 1802 animzeipsius.
3381 1734 3510 1789 Nam
3535 1738 3700 1807 quale

2114 1813 2371 1883 jejunium
2400 1818 2564 1885 ipsius
2590 1819 2710 1885 fuit,
2744 1820 2830 1890 qui
2862 1821 2945 1876 vix
2975 1823 3176 1879 invenit
3204 1841 3365 1881 unum
3396 1827 3694 1897 latronem,

2117 1922 2273 1975 quem
2305 1908 2356 1961 in
2396 1925 2552 1965 cruce
2578 1912 2853 1980 gustaret?
2880 1914 3115 1984 Apostoli
3143 1918 3284 1971 enim
3328 1918 3605 1989 fugerant,
3640 1934 3701 1978 et

2120 2012 2180 2053 sc
2211 1999 2262 2052 in
2290 1999 2441 2055 turba
2470 2002 2871 2058 absconderant.
2899 2004 2966 2059 Et
2984 2006 3081 2073 ille
3106 2006 3294 2064 Petrus
3322 2011 3409 2081 qui
3438 2027 3498 2067 se
3524 2028 3701 2084 usque

2112 2090 2182 2145 ad
2212 2102 2435 2147 mortem
2469 2094 2674 2150 Domini
2706 2108 3162 2167 perseveraturum
3187 2117 3307 2158 esse
3337 2106 3696 2174 promiserat,

2113 2183 2221 2253 jam
2248 2194 2328 2241 ter
2351 2198 2651 2257 negaverat,
2662 2188 2771 2258 jam
2801 2189 3042 2259 ﬂeverat,
3066 2200 3121 2247 et
3149 2193 3322 2250 adhuc
3349 2196 3400 2251 in
3428 2198 3579 2252 turba
3609 2198 3699 2253 la-

2116 2276 2292 2341 tebat,
2322 2276 2495 2333 adhuc
2523 2279 2739 2335 timebat
2766 2296 2834 2336 ne
2872 2293 3264 2352 agnosceretur.
3295 2286 3571 2375 Postremo
3598 2291 3698 2346 illo

2116 2367 2230 2421 viso
2275 2378 2519 2438 mortuo,
2556 2385 2741 2427 omnes
2778 2373 2847 2429 de
2875 2374 3044 2430 salute
3072 2376 3182 2446 ipsa
3227 2367 3648 2448 desperaverunt
3681 2402 3696 2437 :

2114 2472 2250 2528 quos
2296 2458 2640 2531 desperantes
2691 2463 2890 2520 invenit
2935 2476 3056 2536 post
3098 2471 3545 2528 resurrectionem
3572 2514 3588 2540 ,
3637 2487 3700 2531 et

2117 2550 2322 2606 locutus
2365 2568 2485 2607 cum
2525 2553 2604 2609 eis
2650 2555 2848 2611 invenit
2891 2572 2983 2613 eos
3023 2558 3265 2616 dolentes
3309 2572 3364 2618 et
3409 2564 3697 2636 lugentes,

2116 2640 2246 2697 nihil
2268 2642 2380 2713 jam
2406 2655 2697 2722 sperantes.
2738 2646 2867 2701 Nam
2898 2657 2952 2704 et
2996 2649 3064 2704 ita
3104 2662 3230 2707 sunt
3262 2653 3473 2722 quidam
3496 2673 3697 2713 eorum

2114 2750 2235 2789 cum
2257 2751 2321 2791 eo
2350 2736 2530 2801 locuti,
2553 2754 2671 2793 cum
2699 2734 2935 2796 diceret:
2965 2742 3099 2808 Quid
3127 2744 3392 2814 loquimini
3417 2748 3548 2803 inter
3567 2753 3699 2807 vos!

2114 2826 2193 2881 Illi
2214 2828 2353 2883 enim
2378 2827 2446 2884 de
2473 2830 2560 2883 illo
2586 2831 2962 2900 loquebantur:
2994 2832 3073 2887 Tu
3097 2836 3232 2891 solus
3251 2878 3265 2899 ,
3296 2837 3567 2909 inquiunt,
3591 2860 3698 2914 pe—

2113 2920 2342 2992 regrinus
2365 2937 2417 2975 es
2439 2922 2490 2974 in
2508 2921 2811 2990 Jerusalem,
2834 2934 2999 2978 etnon
3018 2929 3289 2997 cognovisti
3315 2946 3430 3009 qua:
3456 2933 3696 3003 fecerunt

2113 3010 2390 3066 sacerdotes
2431 3021 2477 3066 et
2521 3013 2768 3082 principes
2804 3015 2962 3068 nostri
2986 3014 3049 3070 de
3083 3015 3209 3071 Jesu
3251 3017 3556 3088 Nazarene,
3600 3027 3698 3095 qui

2108 3111 2218 3155 erat
2244 3112 2417 3171 potens
2446 3104 2499 3156 in
2524 3104 2670 3172 {actis
2706 3113 2753 3158 et
2779 3105 2953 3171 dictis,
2984 3108 3231 3178 quomodo
3274 3127 3388 3164 eum
3415 3114 3697 3182 cruci/iu-

2110 3205 2231 3275 runt
2264 3205 2311 3248 et
2351 3196 2677 3250 occiderunt?
2704 3195 2816 3251 Nos
2841 3209 3005 3253 autent
3040 3201 3397 3271 sperabamus,
3422 3206 3546 3274 quia
3572 3207 3696 3278 ipse

2110 3297 2217 3340 erat
2240 3288 2585 3358 redunpturus
2613 3287 2778 3342 Israel
2800 3289 2946 3362 (Luc.
2975 3308 3122 3357 xxrv,
3154 3282 3367 3366 18-21).
3397 3297 3452 3351 In
3485 3314 3692 3369 magno
3773 3298 3779 3308 ’

2105 3379 2306 3448 jejunio
2333 3381 2584 3437 Dominus
2603 3393 2950 3451 remanserat,
2980 3387 3076 3441 nisi
3108 3387 3349 3444 reﬁceret
3367 3406 3498 3461 quos
3525 3409 3696 3448 vora-

2110 3481 2209 3524 ret.
2232 3470 2360 3525 Nam
2378 3474 2570 3543 refecit
2593 3489 2685 3529 eos
2704 3516 2718 3540 ,
2750 3478 3051 3532 consolatus
3076 3487 3158 3535 est
3192 3496 3284 3535 eos
3301 3522 3315 3543 ,
3340 3480 3684 3542 conﬁrmavit

2108 3575 2233 3623 eos:
2250 3571 2303 3615 et
2324 3560 2376 3616 in
2393 3577 2588 3633 corpus
2613 3580 2766 3620 suum
2791 3569 3050 3622 convertit
3074 3585 3186 3625 eos.
3209 3570 3329 3625 Fuit
3353 3588 3478 3643 ergo
3501 3582 3555 3629 et
3572 3575 3687 3634 hoc

2108 3654 2266 3709 modo
2297 3654 2350 3710 in
2371 3657 2574 3726 jejunio
2606 3658 2859 3714 Dominus
2888 3672 3088 3716 noster.

2176 3747 2230 3804 5.
2248 3746 2317 3802 Et
2343 3751 2503 3804 oratio
2532 3766 2661 3815 mea,
2687 3750 2871 3820 inquit,
2897 3753 2948 3806 in
2969 3753 3135 3807 sinum
3155 3771 3315 3809 meum
3340 3766 3682 3817 convertatur.

2105 3842 2169 3899 In
2203 3842 2305 3899 hoc
2330 3845 2483 3914 plane
2512 3860 2668 3899 versu
2698 3861 2916 3915 magnus
2941 3845 3087 3901 sinus
3110 3857 3218 3909 est,
3247 3856 3301 3903 et
3326 3859 3543 3918 praestet
3573 3852 3688 3907 Do-

2105 3935 2279 3991 minus
2311 3945 2368 3991 ut
2391 3937 2726 4006 penetrabilis
2764 3938 2917 3992 nobis
2948 3938 3055 3992 (lat.
3090 3938 3142 3993 l’n
3171 3941 3286 3994 sinu
3315 3941 3456 3996 enim
3489 3958 3684 3999 secre-

2107 4038 2216 4083 tum
2254 4029 2573 4101 agnoscitur.
2598 4028 2665 4083 Et
2687 4028 2919 4099 quidem,
2951 4027 3168 4094 fratres,
3198 4042 3251 4085 et
3277 4047 3373 4086 nos
3407 4047 3565 4089 orare
3597 4036 3681 4090 sic

2106 4122 2240 4176 bene
2264 4121 2608 4176 admonemur
2635 4122 2685 4175 in
2715 4121 2833 4175 sinu
2859 4132 3060 4187 nostro,
3097 4122 3184 4176 ubi
3216 4123 3355 4178 Deus
3380 4124 3558 4190 videt,
3588 4129 3683 4181 ubi

2106 4213 2247 4269 Deus
2267 4213 2430 4277 audit,
2454 4227 2557 4283 quo
2586 4212 2757 4266 nullus
2777 4212 2961 4267 oculus
2988 4211 3247 4267 humanus
3274 4224 3537 4283 penetrat,
3565 4234 3683 4286 quo

2104 4324 2207 4362 non
2230 4307 2372 4362 videt
2396 4307 2492 4362 nisi
2515 4306 2602 4375 qui
2619 4306 2860 4360 subvenit
2876 4322 2888 4367 ;
2906 4306 2991 4360 ubi
3013 4307 3180 4360 oravit
3196 4305 3453 4372 Susanna,
3473 4318 3680 4364 etcum

2102 4400 2217 4468 ejus
2241 4413 2339 4453 vox
2367 4399 2432 4452 ab
2470 4396 2771 4450 hominibus
2814 4410 2921 4449 non
2961 4396 3229 4451 audiretur
3249 4438 3262 4457 .
3290 4412 3320 4450 a
3351 4398 3457 4452 Deo
3491 4410 3676 4455 tamen

2102 4490 2279 4544 audita
2304 4494 2387 4543 est
2408 4485 2564 4557 (Dan.
2590 4502 2685 4540 xm
2706 4527 2720 4551 ,
2745 4486 2843 4552 55,
2874 4485 2984 4557 44).
3026 4486 3088 4540 Et
3118 4486 3216 4541 hoc
3245 4486 3381 4542 bene
3410 4488 3680 4546 admone-

2101 4596 2219 4633 mnr
2247 4596 2260 4633 :
2284 4578 2374 4633 sed
2400 4578 2453 4631 in
2483 4576 2706 4630 Domino
2732 4585 2914 4631 nostro
2939 4575 3135 4645 aliquid
3161 4577 3277 4645 plus
3307 4577 3567 4634 debemus
3592 4581 3681 4634 in~

2102 4672 2355 4738 telligere,
2385 4670 2504 4739 quia
2534 4677 2589 4723 et
2609 4669 2721 4739 ipse
2744 4668 2933 4722 oravit.
2964 4667 3027 4721 Et
3055 4668 3266 4736 quidem
3295 4658 3522 4725 cilicium
3551 4664 3679 4739 ejus

2102 4780 2206 4818 non
2232 4764 2564 4832 agnoscimus
2591 4760 2641 4814 in
2674 4758 2956 4830 Evangelia
2976 4760 3263 4814 secundum
3292 4761 3537 4815 litteram.
3561 4764 3681 4820 Nec

2094 4854 2351 4925 jejunium
2373 4852 2487 4921 ejus
2517 4861 2752 4921 tempore
2782 4850 3040 4920 passionis
3071 4851 3362 4906 secundum
3397 4854 3626 4908 litteram
3661 4876 3677 4909 :

2080 4947 2337 5025 'adeoque
2381 4961 2442 5000 ea
2479 4943 2819 5012 exposuimus
2862 4942 2912 4996 in
2942 4942 3190 5011 allegoria
3228 4952 3283 4997 et
3319 4943 3680 5001 similitudine

2100 5041 2259 5108 dicta,
2288 5050 2345 5094 ut
2382 5038 2666 5107 potuimus.
2697 5034 2998 5091 Orationem
3030 5052 3156 5090 vero
3186 5035 3299 5105 ejus
3323 5045 3377 5091 et
3402 5037 3470 5091 tle
3509 5052 3681 5093 crum

2101 5133 2427 5188 audivimus:
2465 5127 2603 5182 Deus
2630 5144 2794 5191 meus,
2824 5125 2960 5181 Deus
2987 5144 3154 5189 atrus,
3182 5128 3358 5198 utquid
3382 5144 3458 5181 me
3483 5129 3642 5183 derelé
3661 5160 3677 5169 ι

2100 5226 2248 5294 quisti
2271 5221 2439 5296 (Psal.
2463 5236 2571 5286 XXI,
2598 5219 2662 5280 ες
2691 5217 2875 5273 Matth.
2908 5234 3075 5281 xxvu,
3101 5218 3229 5288 46)?
3258 5218 3361 5275 Sed
3390 5229 3442 5272 et
3472 5219 3543 5274 ibi
3571 5236 3684 5276 nos

2101 5328 2312 5370 eramus
2335 5315 2373 5364 ³.
2402 5310 2623 5379 Quando
2650 5310 2791 5364 enim
2831 5325 2952 5364 eum
2978 5309 3256 5380 dereliquit
3285 5310 3470 5376 Pater,
3501 5325 3530 5363 a
3561 5327 3682 5381 qun

2102 5420 2367 5475 nunquam
2407 5402 2681 5457 discessit?
2707 5401 2951 5470 Legimus
2990 5400 3150 5456 etiam
3181 5400 3230 5454 in
3278 5412 3457 5455 monte
3487 5416 3679 5455 orasse.

2101 5499 2269 5553 solum
2291 5496 2501 5555 Jesum,
2527 5495 2747 5561 legimus
2771 5505 3107 5562 pernoctasse
3133 5495 3183 5547 in
3208 5495 3476 5553 oratione:
3506 5496 3677 5550 etiam
3732 5532 3739 5537 .

2102 5589 2199 5644 sub
2225 5598 2429 5656 tempus
2455 5583 2615 5654 ipsius
2646 5582 2902 5652 passionis
2929 5582 3037 5654 (Id.
3062 5600 3171 5650 x1v,
3197 5586 3286 5650 ‘23;
3315 5583 3435 5639 Luc.
3461 5601 3531 5653 vi,
3557 5584 3646 5638 l2!

2167 5771 2182 5800 ί
2217 5769 2287 5816 sic
2310 5771 2413 5814 Mss.
2434 5771 2487 5813 Λι
2509 5762 2640 5824 Edd.,
2657 5772 2864 5812 oramus.
