3972 6198
330 370 432 426 537

327 484 391 538 In
417 487 582 540 sinum
621 505 747 558 ergo
784 508 946 544 meum
991 503 1299 548 convertatur
1339 498 1502 550 oratio
1531 517 1660 554 mea.
1704 501 1893 558 Nescio

324 579 444 647 quid
477 581 667 634 melius
695 583 980 654 intelligam
1003 586 1068 640 de
1088 587 1567 646 Dominoziutcrim
1595 610 1734 649 nunc
1753 595 1892 665 quod

323 673 587 736 occurrit,
623 673 758 729 forte
807 676 991 731 melius
1030 679 1228 748 aliquid
1276 692 1456 750 postea
1502 698 1780 751 occurret,
1809 689 1892 744 vel

323 761 470 826 mihi,
491 763 574 817 vel
595 766 842 834 cuiquam
870 768 1096 832 meliori,
1126 770 1176 824 in
1197 771 1367 825 sinum
1391 791 1554 826 meum
1579 788 1894 832 conoertetur

321 852 481 906 oratio
512 870 641 916 mea,
677 856 776 910 hoc
800 857 1036 927 intelligo
1057 860 1276 929 dictum,
1301 863 1420 931 quia
1448 864 1500 917 in
1529 866 1648 920 sinu
1671 883 1768 920 suo
1791 867 1890 920 ha-

320 943 474 997 bebat
513 945 742 1000 Patrem.
786 947 924 1003 Deus
966 950 1107 1004 enim
1138 964 1251 1006 erat
1294 954 1342 1006 in
1383 951 1591 1010 Christo
1634 961 1889 1014 mundqu

315 1037 664 1091 reconcilians
686 1039 782 1092 sibi
810 1039 999 1111 (ll-Cor.
1017 1059 1067 1104 ν,
1094 1045 1201 1112 19).
1227 1044 1282 1098 In
1304 1061 1361 1101 se
1385 1046 1775 1119 habebat-quem
1793 1051 1888 1107 de—

319 1137 665 1195 precaretur:
696 1148 799 1184 non
829 1142 943 1186 erat
963 1133 1029 1187 ab
1051 1135 1139 1188 illo
1165 1135 1338 1206 longe,
1363 1138 1483 1207 quia
1512 1139 1622 1208 ipse
1641 1141 1883 1197 dixerat:

321 1216 427 1289 Ego
452 1220 504 1272 in
540 1219 714 1286 Patre,
743 1232 789 1274 et
817 1222 971 1277 Pater
994 1226 1045 1278 in
1070 1243 1148 1280 me
1182 1237 1255 1279 est
1292 1227 1467 1296 (Joan.
1498 1246 1601 1293 xlv,
1638 1231 1747 1300 10).
1778 1231 1881 1288 Sed

245 1321 248 1324 '
310 1312 430 1379 quia
469 1314 646 1368 oratio
683 1315 749 1368 ad
798 1317 966 1386 ipsum
1008 1319 1172 1388 magis
1202 1318 1466 1374 hominem
1497 1323 1763 1390 pertinet:
1794 1339 1881 1377 sc-

310 1403 540 1456 cundum
568 1406 708 1458 enim
740 1407 876 1475 quod
901 1405 1129 1463 Verbum
1161 1420 1245 1464 est
1283 1411 1558 1476 Christus,
1591 1429 1695 1467 non
1723 1425 1876 1480 orat,

311 1493 401 1548 sed
421 1495 666 1560 exaudit;
698 1507 750 1550 et
799 1514 902 1550 non
932 1498 1029 1552 sibi
1071 1499 1341 1554 subveniri
1369 1502 1590 1570 quarrit,
1633 1505 1724 1558 sed
1757 1521 1878 1558 cum

295 1582 465 1650 ,Patre
491 1586 740 1640 onmibus
769 1587 1016 1642 subvenit
1046 1607 1058 1641 :
1087 1589 1213 1659 quid
1236 1601 1316 1644 est
1337 1633 1351 1657 ,
1382 1590 1558 1646 Oratio
1586 1610 1695 1647 mea
1723 1596 1775 1647 in
1803 1595 1847 1648 si
1858 1625 1876 1636 -

305 1692 426 1728 nunt
449 1689 957 1746 mcumconvertetur,
980 1680 1077 1734 nisi
1098 1721 1112 1746 ,
1147 1682 1196 1734 in
1227 1683 1427 1753 meipso
1457 1684 1778 1751 humanitas,
1816 1687 1869 1739 in

310 1766 514 1836 meipso
543 1768 845 1836 interpellat
879 1768 1242 1825 divinitatem?

371 1859 424 1911 6.
477 1852 629 1929 [vers.
674 1857 785 1930 LL]
817 1860 961 1914 Sicut
1000 1863 1314 1930 proximum,
1361 1865 1490 1918 sicut
1525 1869 1734 1935 fratrem
1778 1883 1875 1920 no-

302 1959 458 2002 strum
474 1989 489 2011 ,
516 1949 593 2002 ita
625 1951 995 2020 complacebam
1019 1969 1039 2006 :
1065 1961 1301 2023 tanquam
1327 1955 1500 2026 lugens
1527 1967 1572 2010 et
1602 1959 1872 2012 contrista-

301 2050 405 2107 ttts,
432 2039 507 2093 ita
531 2041 851 2094 humiliabar.
882 2043 959 2096 Ad
981 2059 1172 2112 corpus
1193 2060 1342 2098 suum
1368 2047 1584 2116 reSpicit
1602 2065 1614 2100 :
1635 2047 1745 2117 jam
1772 2064 1873 2104 nos

301 2129 387 2186 hic
411 2131 704 2186 videamus.
732 2132 953 2200 Quando
975 2135 1267 2205 gaudemus
1294 2134 1345 2191 iu
1373 2142 1632 2205 oratione,
1658 2142 1873 2209 quando

300 2240 449 2280 tuens
478 2235 657 2281 nostra
684 2236 984 2292 serenatur,
1014 2245 1118 2282 non
1146 2231 1492 2300 prosperitate
1519 2233 1734 2298 surculi,
1766 2233 1862 2289 sed

298 2315 414 2372 luce
439 2316 677 2370 veritatis
702 2333 715 2369 :
738 2319 824 2386 qui
843 2319 1001 2372 sentit
1024 2319 1158 2372 hanc
1179 2321 1369 2386 lucem,
1387 2321 1530 2374 novit
1559 2321 1700 2390 quod
1721 2323 1866 2389 dico,

299 2417 348 2460 ct
372 2406 520 2462 videt
547 2407 653 2473 hic,
683 2409 1025 2478 agnoscitque
1048 2410 1188 2478 quod
1214 2410 1408 2464 dictum
1437 2421 1514 2466 est
1532 2452 1552 2476 ,_
1570 2411 1715 2466 Sicut
1742 2431 1864 2484 pro-

295 2498 520 2562 a'imum,
550 2499 680 2551 sicut
719 2499 925 2568 fratrem
954 2511 1199 2566 nostrum,
1229 2503 1300 2554 ita
1342 2503 1730 2573 complacebam.
1776 2504 1866 2560 Sic

295 2591 434 2643 enim
468 2599 592 2644 tunc
619 2591 790 2643 anima
835 2593 1004 2660 placet
1040 2593 1146 2646 Deo
1172 2635 1185 2652 .
1230 2610 1333 2646 non
1360 2594 1514 2664 longe
1555 2597 1761 2662 posita;
1795 2594 1862 2649 In

294 2679 383 2734 ειιο
401 2721 416 2744 ,
445 2680 644 2751 inquit,
672 2697 924 2735 movemur
946 2693 991 2735 et
1011 2699 1182 2736 sumus
1209 2685 1340 2755 (Act.
1371 2699 1477 2738 xvu
1501 2725 1514 2748 ,
1537 2685 1630 2754 9.8)
1664 2703 1677 2740 :
1711 2688 1861 2756 quasi

295 2773 478 2841 Fratri,
499 2773 649 2844 quasi
675 2775 998 2844 propinquo,
1031 2777 1181 2845 quasi
1226 2775 1415 2832 amico.
1457 2777 1513 2832 Si
1552 2787 1725 2833 autem
1754 2795 1864 2834 non

293 2876 376 2922 est
400 2867 541 2932 talis,
570 2878 628 2920 ut
652 2870 818 2936 possit
846 2869 922 2922 sic
942 2869 1191 2938 gaudere,
1214 2870 1290 2924 sic
1313 2869 1516 2941 fulgere
1546 2873 1561 2902 ¹
1583 2913 1597 2936 ,
1624 2872 1700 2926 sic
1731 2887 1851 2941 pro-

293 2959 568 3030 pinquare,
597 2961 674 3014 sic
703 2961 999 3029 adhaarere,
1023 2971 1076 3015 et
1099 2961 1238 3016 videt
1262 2963 1413 3032 longe
1437 2977 1494 3018 se
1520 2964 1671 3028 inde;
1702 2964 1858 3018 faciat

292 3051 430 3120 quod
453 3051 692 3122 sequitur
714 3072 726 3105 :
751 3051 1013 3124 Tanquam
1039 3055 1210 3124 lugens
1235 3064 1278 3106 et
1305 3055 1639 3120 contristatus,
1658 3055 1729 3107 ita
1754 3059 1854 3108 Itu-

293 3139 541 3194 miiiabar.
585 3141 652 3196 Ut
675 3146 880 3212 fratrem
911 3154 1134 3196 nostrum
1159 3183 1176 3209 ,
1202 3148 1273 3197 ita
1301 3144 1666 3210 complacebam
1685 3186 1702 3211 ,
1731 3161 1852 3213 pro-

293 3231 550 3301 pitiquans
575 3231 707 3286 dixit
730 3249 742 3284 :
779 3229 847 3286 Ut
876 3232 1050 3302 lugens
1073 3243 1120 3285 et
1150 3234 1491 3295 contristatus,
1519 3235 1590 3288 sic
1613 3235 1856 3288 humilia-

291 3323 396 3387 bar,
419 3331 655 3378 remotus
679 3331 732 3377 et
760 3322 913 3392 longe
936 3323 1135 3391 positus
1177 3324 1328 3377 dixit.
1350 3325 1486 3390 Quid
1511 3325 1652 3380 enim
1684 3326 1848 3396 luget,

290 3416 388 3469 nisi
413 3415 554 3483 quod
580 3414 846 3470 desiderat
873 3424 1053 3470 etnon
1079 3417 1269 3471 habet?
1304 3417 1366 3471 Et
1397 3435 1769 3489 nonnunquam
1801 3421 1852 3475 in

289 3521 394 3563 uno
419 3507 634 3563 homine
656 3519 932 3578 utrumque
951 3510 1225 3578 etnttingit,
1251 3519 1302 3565 ut
1330 3513 1612 3581 aliquando
1641 3515 1852 3583 propin-

286 3612 428 3673 quot,
459 3610 517 3659 et
536 3601 821 3672 aliquando
850 3602 1000 3670 longe
1029 3601 1146 3655 ﬁat:
1175 3602 1487 3673 propinquat
1514 3605 1630 3660 luce
1658 3607 1851 3660 verita-

289 3694 374 3760 tis,
400 3697 558 3766 longe
581 3685 841 3750 lit-nubilo
862 3695 1055 3749 carnis.
1083 3692 1261 3766 Neque
1281 3696 1422 3749 enim
1447 3737 1461 3761 ,
1489 3696 1707 3763 fratres,
1742 3697 1852 3752 Deo

283 3790 371 3858 qui
398 3787 596 3858 ubique
629 3798 708 3843 est
728 3829 742 3852 ,
765 3797 816 3842 et
838 3789 982 3841 nullo
1007 3791 1307 3844 continetur
1335 3793 1470 3856 loco,
1500 3797 1590 3844 aut
1616 3805 1713 3861 per
1738 3790 1846 3842 loca

285 3882 720 3951 propinquamus,
745 3893 836 3935 aut
857 3881 922 3934 ab
947 3881 1038 3935 illo
1071 3899 1164 3948 per
1191 3885 1300 3936 loca
1335 3899 1684 3938 removentur.
1719 3885 1848 3939 Pro-
1894 3918 1904 3930 -

284 3973 537 4043 pinquare
567 3972 674 4035 illi,
699 3982 780 4025 est
810 3973 1035 4026 similem
1067 3973 1138 4024 illi
1169 3973 1312 4038 lieri;
1339 3974 1591 4029 recedere
1616 3977 1682 4031 ab
1722 3977 1846 4042 illo,

281 4063 592 4118 dissimilem
621 4061 694 4116 illi
722 4062 856 4116 lieri.
886 4062 1070 4117 Nonne
1093 4078 1211 4116 cum
1242 4063 1388 4118 vides
1411 4063 1544 4119 duas
1569 4080 1654 4121 res
1683 4083 1847 4136 prope

280 4157 498 4220 similes,
518 4139 672 4221 dicis,
699 4155 1019 4225 l’ropinquat
1045 4155 1157 4209 lucc
1185 4157 1295 4208 illi?
1316 4157 1382 4210 Et
1402 4157 1609 4225 quando
1633 4159 1722 4212 tibi
1740 4159 1846 4214 dis-

278 4248 465 4302 similia
493 4247 943 4312 demonstrantur,
978 4247 1219 4316 quamvis
1245 4264 1346 4300 uno
1378 4249 1496 4302 loco
1531 4258 1582 4302 et
1612 4251 1840 4318 plerum-

276 4355 378 4410 que
399 4355 504 4394 una
529 4353 686 4391 manu
708 4348 1004 4404 teneantur,
1027 4339 1180 4404 dicis,
1204 4339 1380 4408 Longe
1400 4350 1481 4394 est
1507 4340 1618 4395 ιιωο
1641 4342 1843 4410 species

273 4429 342 4488 ab
362 4432 486 4494 illa?
505 4431 707 4486 Ambas
729 4440 898 4498 tenes,
922 4429 1103 4484 amlras
1124 4430 1383 4502 adiungis,
1402 4442 1453 4487 et
1479 4433 1630 4498 dicis,
1668 4436 1843 4505 Longe

274 4530 356 4576 est
381 4521 497 4576 haec
525 4536 615 4576 res
642 4521 708 4584 ab
731 4520 816 4574 illa
839 4538 852 4574 :
877 4537 980 4574 non
1011 4521 1190 4590 utique
1213 4522 1329 4576 loco
1348 4564 1361 4584 ,
1393 4523 1486 4576 sed
1505 4523 1841 4579 dissimilitu-

271 4613 412 4670 dine.
432 4612 488 4669 Si
520 4627 650 4683 ergo
684 4610 763 4666 vis
787 4614 1242 4682 appropinquare,
1268 4613 1455 4667 similis
1479 4622 1594 4668 esto
1618 4633 1630 4670 :
1660 4617 1704 4671 si
1735 4631 1838 4671 non

269 4706 350 4760 vis
396 4720 520 4761 esse
557 4703 781 4766 similis,
825 4703 1208 4774 longinquabis.
1239 4703 1340 4759 Sed
1368 4719 1488 4758 cum
1525 4705 1710 4760 similis
1743 4721 1800 4760 es
1821 4747 1837 4772 ,

267 4796 469 4864 gaude;
497 4807 619 4850 cum
645 4793 931 4858 dissimilis,
960 4810 1112 4865 gente
1144 4812 1157 4846 :
1189 4806 1240 4848 ut
1269 4796 1494 4864 gemitus
1523 4798 1714 4850 excitet
1743 4798 1838 4851 dc-

265 4885 541 4951 siderium,
566 4887 673 4940 imo
696 4886 1012 4941 desiderimn
1035 4887 1228 4942 excitet
1249 4888 1524 4956 gemitum,
1552 4899 1604 4942 et
1627 4907 1719 4959 per
1745 4905 1837 4959 ge-

266 4980 449 5033 mitum
482 4977 834 5049 propinques,
865 4979 957 5048 qui
986 4993 1225 5048 emperas
1254 4979 1616 5048 longinquare.
1650 4979 1836 5035 Nonne

266 5071 452 5126 Petrus
470 5071 865 5143 propinquavit,
892 5071 1102 5139 quando
1127 5071 1258 5124 dixit
1282 5089 1293 5123 :
1317 5069 1396 5124 Tu
1416 5088 1466 5124 es
1492 5071 1716 5126 Christus
1742 5071 1834 5124 Fi-

263 5166 362 5218 lius
511 5165 648 5218 vivi?
673 5164 739 5218 Et
781 5143 988 5217 rursum
1023 5163 1159 5217 idem
1200 5164 1313 5234 ipse
1352 5164 1503 5234 longe
1547 5163 1715 5219 factus
1754 5175 1836 5220 est

263 5255 488 5311 dicendo
515 5274 530 5310 :
560 5256 791 5319 Domine,
822 5255 949 5307 absit
985 5273 1017 5307 a
1044 5263 1122 5319 te,
1153 5272 1251 5308 non
1291 5257 1375 5322 ﬁet
1404 5257 1557 5308 istud.
1596 5257 1832 5326 Denique

262 5359 512 5417 tanquam
560 5347 832 5416 proximus
869 5346 993 5416 quid
1032 5346 1163 5400 dixit
1201 5348 1609 5417 propinquanti?
1648 5347 1832 5401 Beatus

259 5455 343 5502 cs,
366 5439 546 5494 Simon
565 5437 806 5507 Darjona.
831 5437 1100 5506 Tanquam
1124 5437 1438 5509 longinqnan
1450 5441 1484 5493 ti
1513 5449 1565 5494 et
1591 5440 1830 5494 dissimili

260 5529 386 5596 quid
406 5531 539 5584 dixit
563 5547 577 5584 :
599 5525 726 5584 Redi
754 5539 903 5594 retro,
931 5540 1152 5583 satanas.
1182 5531 1256 5584 Illi
1281 5533 1647 5601 propinquanti
1673 5548 1684 5583 :
1710 5531 1829 5585 Non

259 5625 348 5676 tibi
373 5623 606 5677 reuelauit
630 5639 747 5674 caro
785 5632 832 5676 et
861 5623 1063 5692 sanguis
1081 5665 1096 5687 ,
1125 5623 1324 5692 inquit,
1373 5627 1461 5678 sed
1504 5625 1658 5677 Pater
1691 5639 1827 5676 meus

258 5718 345 5784 qui
371 5717 421 5768 in
439 5716 576 5771 coctis
601 5725 670 5768 est
689 5730 706 5768 :
728 5715 864 5768 illius
881 5716 968 5767 lux
994 5723 1044 5768 te
1067 5714 1314 5784 perfudit,
1340 5717 1474 5772 illlus
1493 5717 1609 5773 lucc
1637 5717 1825 5786 fulges.

321 5853 332 5880 ‘
364 5846 499 5913 Edil,
539 5852 719 5913 fugere.
758 5852 922 5902 Melius
947 5859 1069 5910 Mss,
1103 5851 1302 5914 fulgere.

1425 381 1818 441 ENARRATIO
1857 387 1920 442 ιχ
1960 392 2277 455 PSALMUM
2321 402 2586 488 XXXIV”

3473 430 3594 485 553“

2001 511 2219 580 Quando
2234 525 2408 572 autem
2431 520 2585 591 longe
2602 525 2767 579 factus
2781 532 3098 586 contradixit
3118 539 3344 604 passioui
3365 542 3571 601 Domini

1998 602 2188 659 futura:
2212 623 2306 675 pro
2330 610 2500 666 salute
2525 625 2705 670 nostra
2730 633 2743 670 :
2771 619 2888 672 Non
2915 624 3080 692 sapis,
3115 602 3315 695 inquit,
3337 649 3449 702 qua:
3481 636 3570 691 Dei

1996 706 2133 753 sunt.
2149 697 2237 751 sed
2251 715 2362 762 qua:
2379 713 2492 755 sunt
2507 704 2759 759 hominum
2775 707 2983 780 (Matth.
3010 730 3118 778 χιιι,
3143 716 3227 780 16,
3249 721 3331 784 l7,
3348 697 3436 788 922,
3451 725 3564 790 2'5).

1998 784 2183 840 Merito
2209 791 2392 845 ambas
2413 807 2500 848 res
2529 809 2729 863 ponens
2754 799 2961 866 quidam
2995 802 3047 858 in
3078 808 3280 873 psalmo
3310 811 3384 865 ait
3407 784 3433 868 εν
3453 784 3562 885 Ego
3613 784 3621 824 ἶ

1995 878 2101 932 dixi
2129 880 2180 933 in
2201 885 2380 938 ecstasi
2405 903 2512 940 mea
2539 904 2557 941 :
2573 891 2830 960 Profectus
2851 910 2964 947 sum
2983 911 3016 949 a
3040 899 3171 970 facie
3183 903 3438 958 oculorum
3455 918 3565 960 tuo-

1993 987 2103 1024 rum
2135 971 2456 1066 (PsaL‘xxx,
2484 980 2596 1051 25).
2633 983 2684 1036 In
2713 987 2910 1041 ecstasi
2925 1005 3032 1046 non
3060 991 3280 1058 diceret,
3311 997 3409 1052 nisi
3443 1015 3564 1068 pro-

1991 1075 2303 1134 pmquaret:
2334 1071 2552 1126 ecstasis
2576 1074 2715 1128 enim
2743 1079 2932 1134 mentis
2963 1097 3212 1139 excessus
3239 1097 3341 1142 est.
3365 1088 3564 1146 Ellinlit

1988 1169 2151 1223 super
2175 1172 2232 1212 se
2261 1160 2492 1218 animam
2520 1180 2667 1220 suam
2687 1209 2701 1230 ,
2725 1178 2780 1224 et
2800 1174 3168 1243 propinquavit
3200 1179 3306 1234 Deo
3341 1198 3353 1232 :
3383 1191 3436 1237 et
3467 1199 3562 1252 per

1986 1248 2266 1315 quamdam
2297 1253 2512 1322 nubem,
2535 1257 2843 1329 pondusque
2871 1266 3046 1320 carnis
3071 1283 3252 1324 rursus
3281 1272 3331 1326 in
3361 1248 3555 1330 terram

1985 1341 2282 1409 proiectus,
2320 1347 2566 1403 recolens
2597 1349 2681 1403 ubi
2712 1353 2928 1419 luisset,
2962 1366 3015 1410 et
3051 1359 3232 1415 videns
3262 1364 3346 1418 ubi
3379 1379 3554 1433 esset,

1983 1430 2150 1486 dixit:
2191 1433 2456 1504 Projectus
2483 1457 2594 1492 sum
2619 1460 2649 1494 a
2690 1444 2819 1513 facie
2846 1448 3107 1504 oculorum
3135 1462 3354 1508 tuorum.
3390 1455 3549 1526 Ergo,

1984 1521 2127 1576 Sicut
2155 1529 2438 1594 proximum
2459 1571 2473 1595 ,
2501 1533 2628 1585 sicut
2655 1539 2861 1605 fratrem
2887 1551 3109 1595 nostrum
3127 1585 3140 1609 ,
3180 1546 3250 1598 ita
3276 1549 3554 1617 complacu-

1980 1613 2112 1680 bam,
2144 1628 2354 1684 prtestet
2383 1630 2440 1674 ut
2471 1623 2558 1688 liat
2586 1625 2637 1678 in
2670 1627 2842 1681 nobis.
2875 1632 3099 1695 Quando
3126 1646 3302 1691 autem
3334 1613 3436 1692 non
3473 1642 3550 1703 lit,

1979 1706 2064 1758 vel
2095 1705 2193 1761 hoc
2218 1708 2327 1774 liat,
2364 1710 2624 1783 Tanquam
2651 1718 2823 1787 lugens
2850 1732 2896 1772 et
2921 1727 3259 1794 contristatae,
3284 1729 3354 1781 ita
3381 1732 3550 1783 Immi-

1977 1797 2156 1856 (iubar.

2046 1894 2097 1948 7.
2134 1894 2280 1968 [vers.
2323 1899 2436 1969 15.]
2465 1899 2530 1952 Et
2571 1902 2807 1956 adversus
2855 1922 2930 1957 me
2960 1905 3246 1962 thatisunt
3282 1922 3328 1962 et
3369 1927 3548 1967 conve-

1975 1998 2153 2041 nerunt
2203 1989 2254 2043 in
2285 2007 2467 2043 unum.
2507 1991 2584 2046 llli
2616 1993 2738 2054 laeti,
2767 2011 2866 2064 ego
2903 1998 3088 2051 tristis.
3125 2000 3231 2054 Sed
3261 2001 3420 2054 modo
3446 2017 3543 2055 au-

1976 2079 2204 2134 divimus
2230 2082 2281 2136 in
2317 2067 2620 2154 Evangelio,
2660 2086 2800 2140 Beati
2828 2089 2918 2155 qui
2942 2091 3109 2157 lugent
3131 2092 3346 2162 (Matth.
3375 2111 3428 2161 v,
3459 2095 3540 2167 5).

1972 2171 2028 2226 Si
2056 2172 2194 2227 beati
2223 2173 2312 2242 qui
2355 2176 2551 2245 lugent,
2599 2177 2777 2232 miseri
2825 2181 2912 2250 qui
2941 2182 3132 2236 rident.
3171 2185 3422 2239 Adversus
3466 2204 3544 2241 me

1972 2264 2125 2317 [letali
2150 2275 2266 2318 sunt
2295 2276 2341 2318 et
2382 2281 2716 2322 convenerunt
2744 2285 2763 2323 :
2789 2284 3088 2342 congregata
3113 2285 3229 2328 sunt
3272 2276 3323 2328 in
3347 2293 3427 2330 me
3445 2279 3544 2346 ﬂa-

1970 2356 2121 2426 gella,
2143 2365 2188 2410 et
2207 2358 2575 2428 ignoravcrunt.
2607 2361 2864 2427 Quoniam
2891 2379 3008 2430 qua:
3046 2365 3347 2434 ignorabam
3377 2368 3542 2422 inter-

1970 2447 2224 2517 rogabant
2248 2465 2353 2515 me,
2400 2462 2450 2505 et
2486 2451 2587 2520 ipsi
2616 2452 2990 2522 ignoraveruut
3033 2471 3187 2524 quem
3245 2457 3538 2528 interroga-

1968 2548 2106 2592 rent.

2037 2629 2090 2683 8.
2121 2627 2268 2701 [verm
2299 2629 2870 2704 16.](a)--Tcntaverunt
2893 2650 2987 2696 me,
3015 2645 3062 2688 et
3108 2636 3535 2691 suosannaverunt

1966 2736 2045 2773 me
2085 2721 2489 2774 subsannatione.
2533 2721 2587 2775 ιιι
2619 2731 2721 2788 est,
2773 2723 3050 2778 irriseruut
3096 2741 3201 2791 me,
3247 2727 3536 2783 insultave-

1965 2819 2088 2864 runt
2108 2809 2238 2864 mihi
2269 2827 2282 2863 :
2316 2810 2415 2864 hoc
2453 2812 2636 2880 capiti,
2667 2811 2767 2866 hoc
2806 2815 3036 2883 corpori.
3087 2816 3374 2881 Attendi—te,
3429 2819 3536 2872 fra-

1966 2910 2091 2965 tres,
2123 2901 2188 2956 ad
2216 2902 2436 2972 gloriam
2477 2903 2747 2970 Ecclesize,
2791 2920 2908 2974 qua:
2959 2917 3244 2971 nuncest;
3285 2910 3531 2978 respicite

1961 2991 2249 3060 opprobria
2269 2992 2383 3062 ejus
2406 2994 2962 3064 praiterita,re5picite
2990 2996 3267 3065 aliquando
3296 2999 3528 3068 undique

1963 3085 2167 3155 fugatos
2192 3100 2312 3140 esse
2339 3084 2690 3152 Christianos,
2733 3097 2788 3142 et
2825 3086 3146 3158 ubicumque
3175 3088 3438 3155 inventos,
3467 3091 3500 3145 il
3519 3120 3531 3129 -

1961 3177 2122 3243 lusos,
2155 3191 2344 3240 cat-sos,
2375 3177 2599 3244 occisos,
2653 3177 2834 3232 bestiis
2859 3178 3114 3246 ohjectos,
3139 3180 3401 3244 incensos,
3437 3183 3526 3235 la:-

1961 3277 2096 3322 tatos
2122 3267 2365 3323 homines
2389 3267 2647 3323 adversus
2669 3267 2805 3323 illos.
2835 3268 2984 3337 Quod
3011 3270 3191 3339 capiti,
3217 3272 3318 3324 hoc
3336 3282 3390 3324 et
3413 3291 3532 3325 cor—

1958 3360 2092 3428 pori.
2117 3361 2261 3415 Sicut
2288 3360 2428 3414 enim
2459 3360 2680 3414 Domino
2714 3360 2767 3414 in
2811 3376 2991 3424 cruce,
3022 3364 3100 3416 sic
3128 3365 3336 3431 corpori
3363 3364 3528 3433 ipsius

1958 3452 2009 3505 in
2031 3452 2177 3506 oumi
2206 3452 2293 3506 illa
2317 3467 2436 3521 quae
2457 3451 2564 3521 jam
2591 3451 2721 3506 facta
2761 3461 2842 3506 est
2870 3453 3234 3520 persecutione
3263 3473 3275 3504 :
3308 3471 3404 3509 nec
3423 3457 3518 3512 de-

1958 3544 2138 3596 sinunt
2165 3543 2323 3596 etiam
2371 3557 2509 3596 mmc
2554 3543 2946 3612 persecutiones
2985 3544 3242 3612 ipsorum.
3275 3546 3523 3601 Ubicum-

1955 3651 2057 3705 que
2082 3635 2380 3690 invenerint
2405 3635 2772 3698 christianum,
2815 3636 2989 3688 solent
3019 3637 3290 3698 insultare,
3337 3642 3524 3707 exagi-

1958 3737 2087 3789 tare,
2109 3725 2350 3792 irriderc,
2372 3740 2563 3779 vocare
2585 3725 2850 3788 hebetem,
2884 3726 3161 3791 insulsum,
3191 3728 3381 3783 nullius
3405 3744 3525 3785 cor-

1954 3820 2056 3888 dis,
2089 3819 2282 3876 nullius
2332 3819 2556 3891 peritiaz.
2584 3817 2844 3888 Quidquid
2886 3818 3066 3875 volunt
3111 3821 3322 3888 faciant,
3371 3821 3524 3877 Clu-i-

1955 3924 2066 3967 stus
2093 3913 2144 3965 in
2171 3913 2307 3966 coelo
2333 3921 2452 3964 est:
2485 3909 2738 3979 quidquid
2769 3911 2952 3964 volunt
2989 3909 3205 3975 faci:mt,
3246 3911 3528 3969 honoravit

1954 4005 2042 4059 ille
2064 4019 2270 4074 pmnam
2298 4018 2466 4068 suam,
2495 4002 2604 4070 jam
2624 4016 2834 4056 crucem
2856 4017 3005 4055 suam
3031 4002 3080 4054 in
3106 4003 3345 4058 omnium
3377 4004 3521 4058 h'on-

1953 4097 2092 4151 tibus
2119 4095 2231 4150 ﬁxit
2264 4095 2490 4164 :impius
2517 4095 2766 4148 insultare
2803 4095 3139 4162 permittitur,
3167 4096 3353 4151 sawire
3412 4113 3516 4151 non

1949 4188 2303 4258 permittitur;
2332 4186 2423 4240 sed
2453 4197 2627 4240 tamen
2654 4201 2718 4238 ex
2750 4199 2816 4239 eo
2844 4185 2981 4254 quod
3007 4185 3177 4254 lingua
3203 4189 3413 4254 promit,
3439 4189 3517 4242 iu-

1950 4281 2202 4351 telligitur
2230 4280 2356 4350 quid
2384 4287 2553 4349 gestet
2575 4281 2627 4332 in
2657 4279 2834 4334 corde.
2866 4278 3158 4334 Stridet-unt
3187 4281 3238 4333 in
3279 4297 3357 4335 me
3393 4282 3518 4335 den-

1949 4375 2078 4427 tibus
2104 4374 2225 4426 suis.
2481 4380 2484 4382 '

2019 4466 2068 4520 9.
2097 4464 2243 4536 [vers.
2276 4462 2385 4534 17].
2436 4463 2666 4524 Domine,
2720 4464 2918 4533 quando
2986 4464 3251 4530 respicies?
3300 4459 3555 4518 Restituc'

1947 4557 2166 4610 animum
2208 4571 2370 4608 meum
2419 4558 2481 4607 ab
2522 4554 2715 4607 astutiis
2761 4569 2952 4614 eorum,
3002 4570 3032 4604 a
3059 4554 3280 4606 leonibus
3321 4557 3551 4608 unicam-

1947 4664 2126 4700 mram.
2157 4647 2318 4701 Nobis
2342 4647 2484 4700 enim
2513 4645 2716 4700 tardum
2758 4654 2858 4708 est,
2887 4655 2942 4698 et
2981 4660 3048 4697 ex
3085 4659 3306 4711 persona
3338 4657 3515 4700 ltustt'a

1947 4738 2048 4792 hoc
2068 4739 2263 4792 dictum
2294 4748 2395 4801 est,
2427 4737 2642 4804 Quando
2667 4735 2937 4803 respicies?
2964 4734 3014 4788 id
3045 4743 3147 4794 est,
3176 4734 3387 4803 quando
3435 4741 3514 4788 vi:
3545 4759 3582 4815 +-

1944 4828 2186 4883 debimus
2208 4828 2490 4882 vindictam
2508 4827 2574 4879 de
2600 4825 2682 4879 his
2707 4825 2798 4892 qui
2821 4824 2972 4877 nobis
2997 4824 3284 4878 insultant?
3303 4828 3515 4894 quando

1944 4919 2085 4974 illam
2136 4921 2345 4974 viduam
2389 4919 2552 4987 judex
2602 4916 2758 4970 audio
2833 4917 3000 4970 victus
3051 4915 3390 4972 exauditurus
3433 4930 3516 4972 est

1943 5010 2090 5081 (Luc.
2124 5026 2269 5078 xvm,
2299 5010 2387 5079 5)?
2419 5009 2789 5062 Verumtamen
2806 5006 2973 5073 judex
2997 5015 3176 5060 noster
3203 5023 3305 5061 non
3335 5008 3511 5074 tazdio,

1941 5103 2035 5156 sed
2084 5119 2263 5155 amore
2311 5099 2488 5153 differt
2537 5100 2758 5152 salutem
2803 5108 3070 5161 nostram;
3141 5099 3363 5163 ratione,
3407 5115 3511 5153 non

1943 5193 2147 5263 inopia;
2182 5208 2284 5245 non
2311 5191 2432 5260 quia
2461 5205 2565 5242 non
2598 5199 2769 5258 potest
2801 5199 2853 5243 et
2880 5188 3036 5242 modo
3078 5191 3379 5252 subvenire,
3415 5191 3508 5242 sed

1941 5299 2276 5342 utnumerus
2318 5284 2554 5337 omnium
2605 5293 2841 5336 nostrum
2891 5297 3056 5350 usque
3082 5281 3131 5335 in
3163 5283 3316 5334 linem
3347 5283 3510 5348 possit

1924 5352 2162 5450 impleri.
2193 5379 2259 5433 Et
2297 5387 2470 5433 tamen
2521 5393 2616 5430 nos
2662 5392 2727 5431 ex
2772 5375 3033 5429 desiderio
3079 5374 3199 5444 quid
3248 5375 3507 5426 dicimus?

1939 5472 2170 5538 Domine,
2198 5472 2396 5538 quando
2434 5471 2702 5541 respicies?
2745 5469 2966 5523 Restitue
2991 5467 3212 5520 animum
3238 5483 3395 5518 meam
3445 5466 3506 5516 ab

1935 5567 2132 5619 astutiis
2158 5581 2326 5617 eorum
2354 5606 2368 5628 ,
2396 5580 2429 5615 α
2465 5543 2701 5615 ιευηίὺιιε
2746 5561 2947 5614 unicam
2980 5575 3140 5610 nteant
3165 5573 3181 5610 :
3204 5556 3254 5610 id
3292 5564 3374 5609 est
3405 5555 3506 5608 lic-

1934 5659 2150 5715 clcsiam
2176 5674 2345 5712 meam
2373 5674 2400 5709 a
2431 5655 2771 5711 saevientibus
2803 5650 3166 5723 potestatibus.

1998 5793 2068 5851 (a)
2093 5794 2174 5839 llic
2201 5791 2374 5842 omittit
2398 5792 2605 5852 priorem
2645 5797 2834 5852 partem
2874 5783 3093 5833 versiculi
3137 5782 3207 5840 I3,
3229 5796 3372 5845 quam
3399 5795 3501 5845 post

1941 5849 2493 5916 attingttiuEnarrj‘sal.
2516 5867 2622 5905 un,
2650 5865 2692 5896 ιι.
2726 5849 2794 5896 2t).
