3972 6198
409 405 515 466 53‘)

484 523 571 578 to.
600 519 747 596 [νοτε.
776 515 885 588 18.]
914 500 1146 583 Denique
1182 510 1262 566 vis
1295 522 1454 565 nosse
1480 505 1607 578 ipsa
1643 504 1714 561 sit
1739 503 1827 558 illa
1871 502 1986 558 uni-

414 616 513 669 ca?
535 591 672 682 Lege
699 606 972 677 sequentia
1002 620 1016 657 :
1049 600 1333 671 Conﬁtebor
1358 597 1467 665 tibi,
1501 595 1734 662 Domine,
1784 593 1837 647 in
1887 591 1991 645 Ec-

414 705 565 759 clesia
593 681 770 766 multa,
796 698 849 751 in
879 694 1066 766 populo
1085 692 1223 764 gravi
1246 690 1462 745 laudabo
1501 696 1569 742 te.
1599 686 1763 741 Plane
1801 685 1854 737 in
1885 681 1988 736 Ec-

415 795 568 849 clesia
604 790 783 854 multa,
811 785 1084 857 conﬁtebor
1112 784 1219 850 tibi,
1237 784 1289 836 in
1315 781 1501 852 populo
1524 779 1665 849 gravi
1685 775 1901 831 laudabo
1923 784 1988 827 te.

415 886 457 942 li
462 887 502 939 it
530 883 670 954 enim
696 879 962 936 confessio
1006 878 1057 931 in
1085 876 1227 932 omni
1260 870 1617 936 multitudine,
1657 868 1750 923 sed
1803 883 1906 925 non
1939 866 1991 925 in

417 975 663 1031 utnnibus
691 973 833 1028 Deus
857 970 1102 1025 laudatur
1134 987 1147 1021 :
1180 974 1286 1021 tota
1308 961 1587 1019 multitudo
1610 959 1760 1015 audit
1785 957 1994 1013 confes;

417 1070 625 1124 sionem
678 1074 936 1131 nostram,
967 1060 1061 1118 sed
1092 1076 1198 1115 non
1248 1059 1298 1113 in
1339 1057 1484 1111 omni
1517 1053 1853 1110 multitudine
1878 1052 1995 1106 laus

419 1162 517 1217 Dei
543 1170 644 1218 est.
691 1158 747 1213 ln
799 1159 898 1212 ista
948 1156 1089 1211 enim
1156 1152 1300 1208 enini
1338 1148 1690 1213 multitudine,
1730 1147 1889 1200 idest
1941 1146 1994 1200 in

420 1252 681 1320 Ecclesia,
707 1266 825 1322 qua:
856 1257 966 1304 toto
1016 1246 1145 1302 orbe
1192 1254 1449 1300 terrarum
1494 1240 1679 1297 diffusa
1723 1249 1825 1303 est,
1850 1238 1996 1307 palea

422 1354 585 1403 estet
625 1343 950 1401 frumentum
982 1358 997 1395 :
1033 1340 1182 1411 palea
1212 1338 1372 1401 volat,
1412 1335 1733 1390 frumentum
1785 1338 1995 1394 manet;

423 1439 546 1496 ideo
567 1440 619 1493 in
644 1436 832 1509 populo
855 1433 995 1507 gravi
1023 1429 1238 1487 laudabo
1260 1438 1326 1482 te.
1355 1427 1409 1481 ln
1431 1426 1574 1497 gravi
1601 1424 1815 1509 populo,
1842 1437 1998 1492 quem

422 1540 617 1588 ventus
644 1504 946 1585 tentatiovnis
972 1541 1076 1579 non
1098 1522 1285 1587 aufert,
1321 1520 1374 1575 in
1419 1518 1503 1574 bis
1546 1504 1684 1573 Deus
1735 1514 1997 1570 laudatur.

426 1624 559 1682 Nam
587 1625 637 1679 in
681 1622 833 1693 palea
878 1617 1276 1688 blasphematur
1326 1627 1556 1684 semper.
1583 1609 1803 1680 Quando
1846 1608 1998 1679 palea

425 1725 607 1771 nostra
636 1712 942 1775 attenditur,
986 1708 1109 1780 quid
1139 1705 1365 1762 dicitur?
1418 1705 1556 1760 Ecce
1609 1700 1873 1773 quomodo
1917 1699 1999 1753 vi-

428 1816 565 1863 vunt
587 1804 893 1870 Christiani,
919 1817 1046 1859 ecce
1079 1799 1202 1872 quid
1250 1799 1448 1854 faciunt
1501 1793 1815 1858 Christiani;
1846 1802 1900 1848 et
1943 1791 2002 1846 lit

427 1898 568 1971 quod
613 1898 865 1968 scriptum
907 1904 1032 1950 est:
1069 1891 1318 1960 Quoniam
1362 1903 1544 1953 nomen
1586 1903 1750 1941 meum
1801 1901 1890 1955 per
1914 1899 2000 1938 vos

428 1991 804 2063 blasphematur
847 1988 901 2042 in
940 1983 1178 2041 Gentibus
1225 1978 1374 2053 (Isai.
1403 1994 1493 2043 ιιι,
1516 1977 1570 2043 5;
1616 1975 1766 2030 Rom.
1796 1991 1855 2040 ιι,
1882 1973 1997 2043 (2.4).

426 2085 631 2156 Inique,
656 2080 850 2145 invide,
877 2093 1056 2135 arcam
1087 2074 1321 2144 inspicis,
1360 2072 1448 2142 qui
1481 2079 1619 2125 totus
1664 2069 1714 2122 in
1740 2067 1888 2139 palea
1918 2081 1999 2133 es,

427 2191 538 2232 non
581 2172 675 2229 tibi
729 2170 886 2226 facile
931 2182 1090 2238 grana
1130 2164 1416 2221 Occurrunt
1462 2178 1476 2212 :
1526 2174 1728 2230 quaere,
1753 2166 1807 2213 et
1856 2157 2005 2212 inve-

428 2256 546 2323 nies
598 2261 851 2335 populum
897 2271 1148 2329 gravem,
1202 2255 1255 2308 in
1308 2270 1413 2323 quo
1470 2251 1747 2306 Dominum
1796 2247 1998 2303 laudes.

428 2359 523 2414 Vis
546 2351 816 2412 invenire?
841 2349 971 2405 Esto
1001 2348 1136 2402 talis.
1164 2345 1296 2401 Nam
1321 2346 1364 2398 si
1394 2358 1498 2397 non
1523 2343 1686 2397 fueris
1712 2338 1855 2405 talis,
1902 2337 2003 2393 dif-

429 2449 572 2507 ficile
590 2455 748 2504 estut
774 2459 880 2500 non
901 2455 1088 2498 omnes
1123 2439 1252 2494 tales
1282 2437 1375 2491 tibi
1406 2434 1681 2489 videantur
1705 2431 1875 2502 qualis
1900 2444 1959 2486 es
1985 2447 2000 2485 :

427 2543 500 2599 Et
522 2548 890 2614 comparantes,
917 2536 993 2591 ait
1018 2530 1323 2603 Apostolus,
1376 2527 1664 2597 semetipsos
1691 2522 2005 2593 sibimetipsis

430 2631 501 2697 (ll
523 2630 642 2689 Cor.
667 2647 722 2698 κ,
748 2627 860 2700 12),
886 2641 994 2682 non
1036 2622 1356 2693 intelligunt,
1390 2618 1456 2672 In
1486 2617 1672 2689 populo
1716 2615 1858 2687 gravi
1885 2614 2001 2668 lau-

427 2726 559 2783 dabo
583 2736 651 2780 te.
704 2758 713 2761 Α

502 2821 592 2876 Η.
620 2817 771 2892 luere.
803 2811 1013 2885 19-21.]
1038 2810 1158 2866 Non
1182 2809 1420 2869 insultent
1448 2804 1572 2859 mihi
1601 2804 1684 2875 qui
1728 2803 2005 2857 adversan-

432 2921 515 2966 tur
536 2908 658 2964 mihi
679 2908 844 2978 inique
869 2921 888 2959 :
914 2903 1167 2959 insultant
1200 2899 1342 2955 enim
1380 2896 1509 2952 mihi
1564 2895 1632 2949 de
1671 2893 1822 2963 palea
1863 2907 2001 2947 mea.

433 3002 537 3069 Qui
564 3001 776 3055 oderunt
800 3014 879 3051 me
898 2996 1054 3067 gratis
1081 3012 1098 3049 :
1131 2993 1232 3047 hoc
1260 3000 1362 3055 est,
1401 2988 1592 3059 quibus
1643 2986 1777 3041 nihil
1820 2985 2001 3039 nocui.

433 3094 504 3150 Et
539 3098 810 3147 aunuentes
864 3087 1020 3144 oculis
1051 3083 1195 3139 :boc
1243 3092 1360 3147 est,
1412 3078 1702 3151 hypocrita:
1750 3075 2003 3131 simulati.

434 3185 689 3253 Quoniam
726 3182 850 3236 mihi
881 3178 1081 3251 quidem
1122 3175 1330 3247 paci/ica
1367 3170 1710 3241 loquebantur.
1733 3167 1869 3236 Quid
1899 3175 2002 3234 est,

434 3283 706 3333 unnuentes
725 3270 926 3328 oculis?
954 3266 1361 3324 Pronuntiantes
1388 3262 1537 3317 vultu
1574 3258 1715 3330 quod
1765 3259 1817 3313 in
1843 3256 2004 3313 corde

434 3384 541 3425 non
570 3371 796 3438 gestant.
832 3361 899 3417 Et
934 3366 1207 3414 annuentes
1243 3354 1403 3409 oculis
1430 3352 1519 3423 qui
1549 3350 1708 3407 sunt?
1752 3348 2005 3416 Quoniam

435 3458 561 3513 mihi
601 3454 800 3528 quidem
824 3451 1033 3525 paciﬁca
1056 3450 1074 3481 ι
1105 3446 1432 3517 loquebantur
1456 3460 1476 3499 :
1503 3452 1550 3497 et
1577 3459 1728 3512 super
1749 3442 1879 3495 iram
1907 3439 2002 3495 do-

435 3553 542 3607 lose
562 3545 865 3619 cogitabant.
889 3541 956 3597 Et
973 3541 1308 3595 dilatauerunt
1334 3537 1387 3591 in
1417 3551 1495 3589 me
1521 3551 1576 3589 os
1610 3550 1776 3587 suum.
1825 3531 2004 3587 Primo

433 3648 729 3697 aiinuentes
755 3635 944 3698 oculis,
975 3634 1159 3688 leones
1187 3628 1261 3684 illi
1290 3636 1797 3699 quierentesrapere
1819 3631 1876 3679 et
1900 3622 2000 3677 de-

434 3747 646 3796 vorare,
673 3729 846 3801 primo
905 3724 1234 3782 blandientes
1280 3719 1497 3791 paciﬁca
1545 3717 1913 3788 loquebantur,
1953 3725 2008 3771 et

435 3838 596 3893 super
619 3823 748 3877 iram
793 3818 981 3874 dolose
1023 3812 1344 3885 cogitabant.
1382 3810 1511 3877 Quae
1553 3808 1769 3880 pacifica
1816 3807 2004 3877 loque-

435 3913 666 3971 bantur?
694 3910 953 3981 Magister,
976 3907 1161 3963 scimus
1185 3904 1303 3976 quia
1339 3902 1529 3957 nullius
1567 3916 1832 3971 personam
1881 3897 2009 3951 acci-

437 4006 537 4077 pis,
561 4013 607 4058 et
626 4004 680 4056 in
707 4001 908 4055 ueritate
932 4000 1063 4053 uiam
1089 3995 1183 4050 Dei
1211 3994 1356 4049 doces
1397 4008 1417 4047 :
1449 3991 1586 4046 Licet
1611 3991 1733 4044 dare
1770 3992 2009 4043 tributum

438 4094 648 4160 Ctesari,
675 4110 745 4146 an
772 4108 870 4145 non
900 4090 1055 4144 licet?
1080 4088 1203 4143 Mihi
1227 4086 1440 4158 quidem
1469 4083 1685 4155 pacifica
1720 4082 2010 4151 loqueban-

439 4196 545 4243 tur.
574 4183 708 4254 Quid
731 4182 895 4252 ergo?
927 4181 1029 4234 Eos
1054 4189 1111 4235 tu
1148 4193 1255 4234 non
1296 4176 1639 4248 agnoscebas.
1668 4184 1722 4230 et
1762 4174 2012 4231 fallebant

438 4291 496 4336 te
519 4275 687 4333 oculis
711 4272 1044 4330 annuentes?
1073 4269 1184 4324 lmo
1205 4267 1551 4339 agnoscebat;
1585 4266 1707 4321 ideo
1726 4266 1799 4319 ait
1831 4282 1843 4318 :
1874 4264 2008 4331 Quid

441 4367 765 4433 iuuentutis,
824 4361 1101 4434 hypocrita?
1147 4358 1355 4433 (Matth.
1377 4374 1506 4423 xxu,
1556 4357 1766 4428 16-18)?
1818 4357 2007 4413 Postea

439 4462 793 4517 dilataverunt
831 4456 882 4509 in
924 4468 1010 4508 me
1061 4467 1122 4507 os
1155 4464 1330 4515 suum,
1376 4450 1666 4504 clamantes
1694 4466 1707 4503 :
1732 4447 2004 4517 Cruciﬁge,

439 4550 713 4623 cruciﬁge!
759 4548 1005 4603 Dixerunt
1032 4541 1237 4614 :Euge,
1275 4557 1418 4613 euge,
1465 4540 1692 4595 uiderunt
1743 4540 1875 4595 oculi
1912 4556 2008 4593 no-

440 4643 553 4699 stri.
576 4642 690 4698 Hoc
713 4657 819 4711 jam
853 4634 1171 4700 insultando,
1203 4630 1377 4703 Euge,
1406 4647 1548 4702 euge,
1595 4629 1886 4701 praphetiza
1913 4638 2010 4684 no-’

444 4734 541 4803 bis,
567 4733 761 4789 Christe
782 4730 890 4803 (Id.
913 4745 1055 4795 xxw,
1083 4726 1194 4798 68).
1215 4723 1490 4796 Quomodo
1510 4722 1752 4776 simulata
1780 4731 1895 4777 erat
1909 4736 2010 4791 pax

442 4828 698 4899 ipsorum,
729 4822 941 4893 quando
976 4819 1248 4875 tentabant
1294 4815 1361 4870 de
1406 4826 1643 4873 nummo,
1690 4811 1767 4866 sic
1784 4811 1892 4882 jam
1914 4810 2009 4871 ,in-

425 4910 716 4979 .stlltatoria
739 4915 852 4968 laus
876 4927 1081 4968 eorum.
1110 4908 1358 4964 Dixerunt
1385 4921 1405 4960 :
1425 4903 1589 4973 Euge,
1617 4919 1758 4974 euge,
1780 4901 2009 4957 uiderunt

438 5009 573 5068 oculi
601 5006 759 5062 nostri
788 5022 807 5059 :
833 5003 885 5059 id
908 5012 1010 5069 est,
1039 5004 1177 5057 facta
1221 5011 1329 5066 tua,
1362 4996 1623 5054 mirabilia
1654 5005 1761 5050 tua.
1801 4994 1899 5050 llic
1927 5004 2009 5050 est

438 5100 685 5158 Christus
709 5098 730 5129 ²
777 5094 840 5153 Si
858 5095 966 5164 ipse
989 5103 1061 5149 est
1087 5092 1334 5158 Christus,
1359 5089 1628 5145 descendat
1651 5087 1714 5143 de
1751 5103 1920 5155 cruce,
1961 5095 2008 5141 et

439 5193 691 5250 credimus
718 5189 783 5243 ei.
807 5187 945 5243 Alios
986 5185 1150 5239 salvos
1177 5184 1312 5253 fecit,
1348 5182 1565 5253 seipsum
1602 5178 1795 5235 salvum
1844 5182 2010 5249 facere

439 5305 543 5345 non
568 5293 728 5358 potest
763 5280 873 5354 (Id.
906 5294 1071 5343 xxvn,
1094 5276 1203 5345 42).
1239 5274 1482 5353 Viderunt
1510 5274 1642 5327 oculi
1670 5272 1849 5327 nostri.
1893 5269 2008 5325 Hoc

439 5388 525 5437 est
546 5387 717 5433 totum
738 5371 876 5444 quod
905 5385 960 5424 se
977 5366 1229 5439 iactabat,
1258 5364 1399 5434 (laud
1424 5378 1483 5418 se
1510 5362 1706 5417 Filium
1733 5362 1826 5417 Dei
1856 5360 2003 5416 diee-

438 5474 531 5529 bat
559 5467 739 5544 (Joan.
769 5481 879 5532 six,
913 5462 986 5531 7).
1016 5457 1269 5513 Dominus
1301 5466 1474 5509 autem
1516 5455 1720 5524 patiens
1771 5450 2008 5508 haerebat

440 5565 495 5622 in
521 5542 678 5619 csuce
700 5575 715 5612 :
740 5571 846 5613 non
873 5549 1159 5626 potentiam
1188 5544 1505 5616 perdiderat,
1559 5544 1654 5599 sed
1693 5542 2005 5614 sapientiam

440 5652 853 5715 demonstrabat.
882 5644 1016 5716 Quid
1045 5639 1186 5699 enim
1216 5638 1423 5693 illierat
1462 5652 1708 5706 magnum
1751 5636 1818 5692 de
1850 5651 2007 5692 cruce

505 5795 523 5827 ι
562 5779 743 5852 aliquot
762 5794 890 5846 “55.,
913 5778 1131 5852 ρᾳείβεα·
1238 5838 1249 5848 .

501 5855 525 5888 ¹
557 5839 760 5914 Quatuor
786 5839 924 5912 λιες
939 5839 1030 5898 hoc
1046 5850 1113 5897 est
1134 5839 1347 5893 Christus

431 5968 495 6004 ιι...

1610 385 1668 443 S.
1708 381 2069 441 AUGUSTINI
2112 382 2415 441 EPISCOPI

3554 394 3652 451 540

2097 499 2442 567 descendere,
2469 500 2561 573 qui
2584 504 2753 573 potuit
2779 513 2961 574 postea
2982 503 3049 560 de
3070 506 3312 577 sepulcro
3338 524 3614 579 resurgere
3630 515 3655 567 2

2093 592 2197 649 Sed
2221 594 2448 650 cessisse
2468 594 2731 651 videretur
2767 596 3139 655 insultantibus
3168 610 3258 656 :et
3299 600 3401 658 hoc
3445 615 3661 674 oporte-

2094 686 2202 753 bat,
2234 698 2293 743 ut
2316 704 2598 776 resurgens
2626 691 2738 745 suis
2778 705 2838 748 se
2863 693 3184 758 ostenderet,
3213 708 3394 753 etnon
3432 699 3554 764 illis,
3594 704 3648 756 in

2095 796 2286 851 magno
2314 794 2682 851 sacramento;
2738 786 2861 857 quia
2903 792 3222 845 resurrectio
3275 793 3440 862 ipsius
3490 795 3651 852 vitam

2095 874 2654 976 nova.m.signiftcabat,
2686 879 2790 933 vita
2819 888 2992 935 autem
3024 895 3159 937 nova
3187 884 3372 942 amicis
3401 896 3523 942 nota
3548 897 3654 953 est,

2096 977 2201 1016 non
2230 964 2473 1019 inimicis.

2170 1053 2255 1107 l2.
2284 1052 2433 1127 [vers.
2461 1054 2578 1130 22.]
2617 1055 2819 1124 Vidisti,
2889 1057 3134 1128 Domine,
3182 1078 3245 1117 ne
3303 1063 3473 1119 sileas.
3531 1065 3676 1134 Quid

2099 1153 2200 1211 est,
2223 1160 2285 1198 ne
2306 1143 2455 1200 sileas
2471 1146 2498 1201 .9
2521 1145 2726 1202 Indica.
2757 1147 2831 1202 De
2851 1147 3052 1218 judicio
3094 1153 3290 1207 etenim
3318 1153 3514 1210 dicitur
3536 1171 3678 1226 quo-

2099 1234 2219 1289 dam
2250 1235 2364 1290 loco
2392 1254 2406 1291 :
2442 1236 2618 1301 Tacui,
2665 1240 2909 1308 numquid
2942 1257 3139 1311 semper
3176 1245 3344 1299 tacebo
3373 1244 3507 1316 (Isai
3535 1261 3673 1316 sus,

2102 1326 2234 1398 li)?
2262 1328 2326 1382 Et
2352 1328 2418 1382 de
2458 1329 2707 1385 dilatione
2751 1328 2933 1401 judieii
2977 1332 3170 1388 dicitur
3200 1337 3461 1403 peeeatori
3495 1353 3510 1391 :
3545 1334 3680 1393 Ιιιει

2102 1420 2282 1491 fecisti,
2334 1431 2379 1475 et
2409 1423 2579 1488 tacui;
2619 1423 2900 1491 suspicatus
2938 1441 2989 1479 es
3025 1426 3354 1495 iniquitatem,
3400 1429 3535 1500 quod
3583 1447 3680 1487 ero

2101 1511 2189 1565 tibi
2207 1511 2571 1597 similis(Psal.
2600 1529 2745 1581 χιιι,
2768 1512 2882 1587 2i).
2912 1515 3189 1583 Quomodo
3216 1527 3352 1573 tacet
3372 1520 3460 1589 qui
3493 1521 3680 1592 loqui-

2104 1611 2187 1656 tur
2214 1617 2310 1672 per
2334 1600 2646 1673 Pmpbetas,
2674 1605 2763 1676 qui
2790 1605 3021 1675 loquitur
3045 1622 3141 1664 ore
3183 1622 3281 1665 suo
3335 1609 3386 1663 in
3433 1600 3685 1682 Evange-

2104 1693 2196 1760 lio,
2226 1694 2314 1764 qui
2343 1694 2575 1765 loquitur
2613 1709 2709 1766 per
2737 1695 3120 1767 Evangelistas,
3169 1699 3257 1770 qui
3301 1700 3534 1772 loquitur
3576 1718 3685 1774 per

2104 1802 2202 1841 nos
2226 1786 2437 1858 quando
2470 1802 2653 1842 verum
2681 1786 2948 1844 dicimus?
2987 1790 3124 1860 Quid
3167 1793 3333 1863 ergo?
3360 1793 3493 1850 Silet
3532 1809 3561 1849 a
3587 1796 3684 1866 ju-

2101 1877 2261 1945 dicio,
2291 1894 2394 1934 non
2419 1893 2450 1933 a
2492 1889 2777 1950 przecepto,
2826 1896 2930 1936 non
2958 1898 2987 1936 a
3026 1882 3287 1940 doctrina.
3331 1885 3443 1942 Hoc
3494 1897 3682 1944 autem

2097 1970 2351 2040 judicium
2381 1970 2547 2040 ipsius
2576 1970 2785 2026 invocat
2814 1973 2831 2004 ί
2862 1972 3086 2044 quodam
3116 1974 3277 2031 modo
3305 1975 3590 2046 Propheta,
3623 1987 3686 2035 et

2103 2059 2344 2131 praedicit
2373 2078 2387 2115 :
2419 2059 2621 2129 Vidisti,
2661 2061 2894 2127 Domine,
2920 2080 2982 2119 ne
3028 2066 3244 2121 tacueris
3266 2066 3358 2122 :id
3402 2077 3504 2135 est,
3551 2056 3685 2140 quia

2105 2165 2208 2206 non
2240 2152 2439 2220 silebis,
2472 2153 2592 2220 quia
2620 2168 2837 2209 necesse
2863 2165 2945 2209 est
2988 2165 3046 2211 ut
3081 2156 3308 2225 judices.
3353 2158 3587 2228 Domine,
3615 2159 3687 2218 ne

2105 2241 2334 2297 discedas
2358 2259 2502 2297 ame.
2530 2243 2708 2299 Donec
2735 2245 2909 2299 veniat
2926 2245 3208 2315 judicium,
3230 2265 3297 2306 ne
3342 2249 3585 2306 discedas
3623 2268 3660 2307 a

2105 2348 2212 2434 me,
2242 2333 2377 2389 sicut
2422 2335 2743 2404 promisisti:
2775 2334 2906 2390 Ecce
2947 2353 3037 2408 ego
3070 2338 3320 2392 uobiscum
3369 2358 3480 2395 sum
3519 2359 3686 2414 usque

2104 2424 2157 2477 in
2176 2424 2649 2478 consummationem
2675 2426 2849 2479 swculi
2872 2425 3084 2496 (Matth.
3113 2444 3294 2494 xxvnl,
3315 2428 3428 2498 20).

2178 2516 2263 2570 l3.
2290 2513 2437 2589 [vers.
2464 2514 2580 2589 23.]
2606 2514 2833 2587 Exsurge
2884 2516 3119 2585 Domine,
3157 2529 3204 2574 et
3252 2521 3453 2576 intende
3478 2523 3686 2593 judicio

2105 2623 2235 2661 meo.
2260 2607 2354 2663 Cui
2376 2607 2617 2677 judicio?
2644 2608 2777 2676 Quia
2806 2610 3083 2666 tribulatus
3121 2627 3200 2677 cs,
3232 2614 3353 2683 quia
3406 2615 3688 2672 laboribus

2106 2704 2162 2753 et
2211 2696 2483 2752 doloribus
2523 2697 2791 2755 cruciatus
2835 2699 2931 2754 es?
2959 2700 3144 2756 Nonne
3187 2702 3284 2756 ista
3311 2704 3469 2759 etiam
3526 2707 3687 2763 multi

2107 2788 2231 2843 ‘mali
2254 2789 2572 2861 patiuntur?
2615 2788 2711 2846 Cui
2753 2790 2987 2860 judicio?
3013 2791 3136 2849 Ideo
3166 2794 3362 2863 justus,
3404 2796 3527 2867 quia
3579 2799 3685 2854 ista

2107 2878 2342 2949 pateris?
2367 2879 2482 2934 Non
2514 2897 2529 2935 :
2560 2880 2652 2937 sed
2685 2880 2848 2950 quid?
2881 2880 3086 2936 Iudicio
3110 2900 3237 2939 meo.
3269 2884 3548 2952 Quomodo
3575 2905 3681 2945 se-

2107 2969 2317 3040 quitur?
2347 2968 2563 3025 Intende
2587 2972 2783 3043 judicio
2811 2988 2940 3039 meo,
2972 2972 3109 3028 Deus
3150 2992 3289 3031 meus
3330 2986 3379 3032 et
3430 2977 3691 3038 Dominus

2106 3077 2267 3125 meus,
2283 3063 2337 3117 in
2360 3079 2565 3118 causam
2588 3080 2768 3118 meam.
2791 3064 2907 3119 Non
2947 3066 2999 3120 in
3029 3062 3240 3136 poenam
3262 3068 3463 3138 ‘meam,
3496 3074 3590 3130 sed
3616 3075 3678 3131 in

2106 3167 2319 3209 estusam
2362 3170 2574 3209 meam:
2602 3171 2706 3212 non
2742 3159 2794 3212 in
2833 3157 2885 3213 id
2917 3158 3057 3229 quod
3102 3177 3311 3218 mecum
3337 3163 3498 3222 habet
3539 3168 3685 3226 latro

2107 3257 2409 3310 commune,
2441 3247 2533 3302 sed
2562 3247 2618 3301 in
2657 3247 2788 3302 illud
2814 3249 2955 3318 quod
3001 3251 3130 3305 beati
3149 3254 3239 3322 qui
3284 3258 3683 3326 persecutionem

2107 3336 2367 3406 patiuntur
2414 3347 2617 3408 prapter
2644 3339 2899 3406 justitiam
2939 3339 3063 3414 (Id.
3093 3358 3145 3408 ν,
3175 3344 3296 3416 l0).
3360 3346 3485 3404 Hzec
3532 3351 3686 3408 enim

2106 3443 2265 3484 causa
2285 3428 2513 3486 discreta
2541 3439 2642 3487 est.
2664 3431 2793 3486 Nam
2813 3447 2971 3504 poena
2997 3434 3183 3492 similis
3202 3445 3284 3492 est
3299 3437 3449 3495 bonis
3478 3451 3534 3496 et
3561 3426 3689 3501 ma;

2106 3520 2191 3575 lis.
2215 3520 2394 3592 Itaque
2419 3531 2678 3595 martyres
2708 3539 2815 3579 non
2837 3524 2961 3581 facit
2987 3541 3163 3597 pinna,
3209 3530 3303 3586 sed
3328 3546 3509 3589 causa.
3541 3535 3683 3594 Nam

2107 3611 2154 3666 si
2183 3626 2338 3683 paena
2363 3622 2622 3685 martyres
2661 3613 2876 3680 faceret,
2904 3617 3082 3672 omnia
3108 3621 3319 3676 metalla
3347 3628 3693 3695 martyribus.

2108 3704 2260 3775 plena
2311 3715 2510 3774 essent,
2557 3721 2742 3763 omnes
2789 3716 2992 3765 catenas
3048 3722 3310 3784 martyres
3378 3716 3681 3789 traherent,

2109 3812 2294 3852 omnes
2319 3798 2405 3869 qui
2430 3797 2604 3869 gladio
2630 3798 2885 3854 feriuntur
2903 3813 3305 3859 coronarentur.
3329 3805 3470 3877 Ergo
3485 3808 3687 3866 discer-

2110 3900 2265 3945 natur
2310 3905 2490 3946 eausa.
2540 3890 2708 3947 Nemo
2753 3891 2894 3947 dicat
2923 3909 2937 3946 :
2969 3892 3101 3961 Quia
3130 3897 3302 3966 patior
3334 3897 3508 3967 justus
3534 3916 3682 3959 sum.

2110 3981 2241 4049 Quia
2262 3980 2377 4052 ipse
2399 3981 2487 4052 qui
2517 3981 2686 4051 primo
2732 3997 2919 4053 passus
2956 3994 3059 4047 est,
3101 4001 3196 4054 pro
3231 3986 3435 4055 justitia
3490 4006 3687 4061 passus

2111 4082 2195 4129 est
2222 4092 2236 4128 :
2265 4072 2383 4129 ideo
2428 4088 2669 4144 magnam
2719 4074 3089 4145 exceptionem
3124 4076 3366 4132 addidit:
3395 4078 3545 4135 Beati
3594 4085 3688 4155 qui

2112 4163 2500 4234 persecutionem
2540 4163 2800 4231 patiuntur
2825 4174 3028 4234 propter
3039 4167 3312 4237 justitiam.
3344 4168 3473 4225 Nam
3524 4176 3685 4231 multi

2112 4254 2369 4311 habentes
2393 4254 2583 4309 bonam
2612 4269 2826 4310 causam
2875 4254 3073 4311 faciunt
3123 4260 3580 4329 persecutionem;
3629 4277 3688 4321 et

2113 4346 2367 4401 habentes
2382 4345 2573 4400 malam
2597 4360 2810 4402 causam
2840 4348 3109 4416 patiuntur
3152 4353 3593 4420 persecutionem.
3625 4357 3686 4414 Si

2112 4438 2254 4492 enim
2280 4436 2574 4507 persecutio
2600 4451 2704 4490 non
2732 4448 2910 4507 posset
2938 4438 3054 4494 fieri
3088 4440 3242 4505 bene,
3272 4456 3378 4498 non
3410 4444 3686 4504 diceretur

2113 4532 2166 4585 in
2211 4529 2413 4600 psalmo
2444 4546 2458 4583 :
2486 4528 2841 4583 Detraheutem
2888 4532 3115 4599 proximo
3156 4549 3252 4587 suo
3296 4537 3503 4601 occulte,
3547 4541 3690 4595 hunc

2113 4619 2629 4694 persequebar(Psal.
2653 4635 2705 4687 c,
2737 4619 2817 4692 5).
2874 4620 3094 4686 Deinde,
3138 4621 3348 4692 fratres,
3387 4636 3537 4697 pater
3587 4629 3690 4684 bo-

2113 4726 2215 4768 nus
2255 4721 2309 4768 et
2332 4712 2506 4782 justus
2534 4728 2708 4767 nonne
2733 4713 3071 4783 persequitur
3097 4713 3260 4770 lilium
3313 4716 3687 4776 luxuriosum?

2114 4805 2451 4874 Persequitur
2471 4805 2597 4859 vitia
2622 4804 2756 4875 ejus,
2785 4820 2892 4859 non
2918 4805 3090 4874 ipsum
3113 4820 3129 4871 ;
3163 4822 3268 4862 non
3298 4808 3438 4878 quod
3464 4812 3675 4880 genuit.

2113 4897 2206 4952 sed
2234 4895 2373 4967 quod
2404 4896 2490 4951 ille
2514 4895 2734 4950 addidit.
2766 4894 2997 4951 Medicus
3023 4911 3216 4968 nempe
3243 4898 3331 4967 qui
3352 4898 3415 4953 ad
3452 4901 3685 4958 salutem

2111 4986 2412 5051 adhibetur,
2442 5000 2619 5041 nonne
2641 4972 2782 5040 ferro
2804 4985 3115 5056 plerumque
3129 4990 3402 5043 armatur?
3420 4990 3523 5046 Sed
3550 5008 3688 5049 con-

2112 5087 2192 5133 tra
2221 5076 2432 5140 vulnus,
2465 5091 2570 5132 non
2589 5087 2772 5132 contra
2799 5076 3088 5133 hominem.
3114 5080 3293 5147 Secat,
3324 5089 3383 5136 ut
3403 5092 3596 5140 sanet:
3627 5095 3687 5141 et

2113 5178 2287 5224 tamen
2310 5183 2427 5223 cum
2454 5177 2597 5223 secat
2616 5178 2895 5237 aegrotum,
2939 5167 3085 5223 dolet
3129 5170 3238 5233 ille,
3269 5171 3482 5239 clamat,
3536 5179 3685 5231 resi-

2111 5261 2220 5322 stit,
2244 5270 2300 5315 et
2326 5259 2371 5314 si
2401 5259 2537 5314 forte
2565 5258 2708 5313 febre
2735 5268 2966 5313 mentem
2999 5257 3311 5328 perdiderit,
3355 5263 3516 5319 etiam
3562 5282 3684 5321 me-

2111 5350 2286 5405 dicum
2308 5349 2483 5414 eazdit;
2511 5364 2608 5404 nec
2633 5358 2806 5403 tamen
2829 5348 2919 5404 ille
2933 5350 3138 5405 desistit
3160 5366 3190 5405 a
3219 5354 3388 5409 salute
3409 5366 3680 5424 tegrotan-

2112 5434 2238 5498 tis’,
2271 5431 2410 5501 quod
2449 5431 2595 5484 novit
2626 5430 2767 5496 facit,
2816 5432 2965 5486 illum
3019 5434 3446 5503 malediCentem,
3492 5442 3683 5494 convi-

2111 5527 2340 5583 ciantem
2366 5540 2473 5579 non
2502 5532 2670 5600 curat.
2700 5524 2885 5580 Nonne
2933 5528 3230 5583 excitantur
3269 5531 3445 5587 cuncti
3474 5530 3677 5586 lethar-

2109 5619 2233 5691 giei,
2266 5632 2334 5672 ne
2360 5629 2567 5671 sommo
2592 5616 2738 5685 gravi
2770 5627 3076 5697 premantur
3100 5620 3151 5674 in
3183 5623 3449 5679 mortem?
3486 5623 3553 5679 Et
3581 5623 3681 5679 hoc

2179 5783 2192 5811 ι
2226 5773 2300 5820 sic
2320 5768 2531 5819 nonnulli
2556 5777 2661 5821 Mss.
2690 5778 2741 5818 At
2763 5770 2894 5832 Edd.,
2920 5779 3069 5823 vocat.

2178 5836 2197 5868 ²
2229 5833 2391 5885 Plures
2412 5839 2538 5896 Mss,
2560 5833 2818 5901 eroganda.
