3972 6198
282 361 370 415 3”
1363 370 1758 431 ENARRATIO
1797 373 1864 430 IN
1897 369 2217 431 PSALMUM
2261 375 2473 431 XXXV.

284 485 547 554 patiuntur
580 501 607 538 a
656 486 774 542 ﬁliis
800 488 910 544 suis
933 503 1067 559 quos
1107 487 1410 543 carissimos
1438 498 1770 559 genuerunt;
1798 494 1851 538 ct

280 594 381 630 non
410 588 490 629 eSt
518 593 677 631 carus
701 581 851 645 ﬁlius,
904 580 1001 633 nisi
1048 579 1202 633 fuerit
1238 578 1517 633 dormienti
1555 577 1687 648 patri
1733 590 1849 629 mo-

279 670 460 721 lestus.
513 669 811 742 Lethargici
864 674 1181 735 oscitantur,
1231 671 1524 741 phrenetici
1574 671 1848 741 ligantur:

277 762 368 816 sed
396 771 574 818 tamen
606 766 811 835 utrique
831 775 1096 820 amantur.
1120 765 1285 819 Nemo
1312 779 1440 834 ergo
1469 763 1628 829 dicat,
1655 764 1847 818 Perse-

277 856 543 911 cntionem
591 860 762 925 patior
796 874 809 910 :
838 874 941 911 non
988 857 1207 912 ventilet
1256 871 1487 926 pmnam,
1530 854 1624 910 sed
1664 854 1853 924 probet

275 964 526 1013 causam;
582 967 646 1004 ne
671 950 714 1004 si
760 966 972 1005 causam
1022 966 1127 1004 non
1186 949 1509 1021 probaverit,
1548 955 1854 1003 numeretur

278 1057 399 1094 eum
428 1042 645 1110 iniquis.
676 1042 795 1097 Ideo
821 1058 977 1112 quam
1012 1042 1311 1112 vigilanter,
1340 1056 1498 1111 quam
1533 1039 1733 1110 optime
1766 1037 1853 1092 hic

277 1133 693 1198 commendavit,
716 1133 947 1199 Domine,
974 1133 1376 1205 intcndejudicio
1395 1148 1523 1195 meo,
1546 1147 1650 1186 non
1680 1129 1851 1200 pomis

277 1224 409 1278 meis
446 1242 460 1277 :
492 1224 633 1279 Deus
682 1243 820 1279 meus
881 1235 927 1279 et
983 1225 1233 1280 Dominus
1295 1241 1473 1292 meus,
1538 1224 1591 1277 in
1646 1238 1851 1277 causam

279 1329 435 1365 nteant
442 1352 456 1366 .

349 1407 432 1460 Η.
462 1405 610 1477 [vers.
632 1405 842 1481 24-26.]
874 1406 1058 1463 Judica
1074 1425 1168 1472 me,
1203 1407 1435 1473 Domine,
1475 1407 1743 1463 secundum
1764 1408 1854 1478 ju-

278 1497 459 1550 stitiam
490 1513 669 1550 meam.
694 1498 805 1551 Hoc
829 1509 927 1561 est,
954 1492 1005 1552 in
1033 1514 1247 1553 causam
1274 1514 1466 1553 meam.
1498 1498 1610 1552 Non
1657 1513 1849 1551 secun-

278 1587 398 1640 duut
429 1602 638 1654 painam
667 1605 836 1642 meam
862 1631 878 1655 ,
921 1589 1013 1644 sed
1050 1590 1325 1642 secundum
1362 1591 1613 1660 justitiam
1652 1605 1811 1642 meam
1834 1630 1846 1653 ,

282 1678 499 1731 Domine
525 1679 658 1732 Dens
678 1697 817 1734 meus
834 1698 852 1746 ;
874 1680 923 1734 id
952 1691 1055 1747 ρει,
1078 1681 1369 1737 secundum
1393 1682 1494 1735 hoc
1540 1697 1624 1736 me
1647 1682 1846 1751 judiea.

351 1773 437 1826 15.
464 1770 531 1823 Et
557 1789 656 1825 non
677 1773 914 1826 insuitent
933 1774 985 1827 in
1013 1790 1090 1827 me
1117 1789 1136 1828 :
1163 1774 1358 1829 inimici
1384 1774 1509 1828 mei.
1541 1772 1660 1827 Non
1682 1773 1851 1826 dicant

279 1864 329 1915 in
377 1867 529 1917 corde
571 1881 663 1918 suo
706 1881 724 1918 :
774 1864 916 1936 Euge
940 1908 953 1929 ,
994 1884 1135 1938 euge,
1189 1870 1372 1921 anima:
1412 1878 1628 1932 nostrae;
1658 1868 1710 1922 id
1744 1877 1844 1931 est,

288 1955 531 2009 Fecimus
578 1956 717 2025 quod
770 1959 1074 2026 potuimus,
1129 1960 1456 2026 occidimus,
1513 1961 1846 2014 absmlimus.

284 2045 397 2101 Non
467 2048 637 2102 dicant
689 2065 708 2102 :
763 2049 997 2105 Ostende
1051 2051 1169 2120 quia
1235 2051 1364 2105 nihil
1420 2050 1675 2106 fecerunt.
1725 2050 1850 2106 Non

279 2137 444 2191 dicunt
476 2155 495 2192 :
524 2140 879 2194 Absorbuimus
900 2158 1033 2195 eum.
1066 2142 1213 2197 Unde
1244 2143 1313 2195 illi
1346 2152 1607 2213 martyres
1633 2143 1847 2197 dicunt:

282 2227 394 2283 Nisi
408 2230 529 2300 quia
544 2228 795 2285 Dominus
815 2241 921 2285 erat
941 2233 991 2285 in
1009 2234 1167 2297 nobis,
1192 2236 1405 2303 fortasse
1423 2234 1555 2288 vivos
1574 2232 1850 2288 absorbuis—

278 2332 380 2375 sent
406 2340 498 2376 nos
526 2322 543 2392 (
570 2321 711 2375 Psal.
743 2339 901 2378 cum
921 2365 934 2389 ,
970 2324 1019 2389 1,
1043 2324 1130 2394 5).
1158 2324 1290 2390 Quid
1336 2334 1438 2390 est,
1484 2325 1848 2381 absorbuissent

278 2412 485 2466 nos?|n
525 2428 720 2481 corpus
744 2428 897 2468 suum
929 2414 1256 2485 trajecissent
1284 2430 1399 2470 nos.
1436 2415 1545 2470 Hoc
1586 2416 1726 2471 enim
1756 2415 1848 2472 ab-

276 2503 479 2567 sorbes,
508 2504 647 2573 quod
683 2505 732 2556 in
760 2520 952 2574 corpus
978 2514 1121 2559 tuum
1146 2506 1361 2574 trajicis.
1403 2505 1525 2561 Vult
1544 2515 1595 2562 te
1624 2507 1848 2562 mundus

281 2597 565 2651 absorbere
596 2615 607 2649 :
640 2608 694 2651 ιιι
720 2597 946 2653 absorbe
976 2600 1251 2664 mundum,
1285 2600 1466 2669 trajice
1488 2600 1631 2655 illum
1659 2602 1708 2655 in
1737 2617 1847 2657 cor-

279 2703 374 2757 pus
391 2697 563 2753 tuum,
596 2697 766 2742 macta
788 2698 843 2743 et
863 2689 1142 2743 manduca.
1166 2691 1314 2755 Quod
1340 2691 1494 2747 Petro
1520 2692 1717 2746 dictum
1743 2701 1844 2754 est.

277 2778 445 2832 Macta
471 2789 518 2832 et
569 2779 818 2832 manduca
860 2780 991 2850 (Act.
1020 2796 1051 2834 ς
1073 2821 1088 2844 ,
1124 2779 1220 2850 15)
1247 2798 1260 2834 :
1306 2781 1489 2836 occide
1513 2783 1565 2835 in
1593 2783 1669 2837 eis
1705 2783 1845 2852 quod

276 2881 416 2932 sunt,
451 2871 533 2923 lae
555 2886 648 2923 eos
674 2870 812 2939 quod
845 2881 900 2924 tu
926 2886 1004 2927 es.
1029 2870 1105 2925 Illi
1127 2880 1301 2926 autem
1322 2881 1504 2927 contra
1531 2873 1575 2927 si
1607 2872 1696 2927 tibi
1727 2888 1848 2943 per-

274 2960 537 3013 suaserint
565 2959 911 3030 impietatem,
943 2960 1245 3015 absorberis
1268 2961 1334 3014 ab
1360 2961 1463 3017 eis.
1490 2961 1604 3016 Non
1633 2962 1847 3031 quando

277 3060 661 3119 persequuntur
687 3061 756 3111 te.
797 3051 967 3105 abhis
1009 3052 1345 3115 absorberis;
1378 3051 1473 3106 sed
1511 3052 1722 3122 quando
1754 3053 1846 3108 tibi

278 3144 595 3211 persuadent
623 3143 761 3211 quod
788 3151 928 3198 sunt.
959 3142 1069 3198 Nec
1096 3145 1265 3197 dicant
1289 3160 1308 3198 :
1337 3145 1680 3200 absorbuimus
1705 3162 1842 3201 eum.

278 3233 350 3285 Tu
378 3234 606 3287 absm'bc
634 3250 828 3302 corpus
860 3234 1209 3304 Pagauorutn.
1248 3236 1423 3301 Quare
1463 3251 1654 3306 corpus
1680 3237 1848 3307 Paga-

276 3328 506 3388 uorum?
538 3326 659 3380 Vult
688 3335 738 3381 te
770 3327 1074 3394 absorbere,
1114 3327 1193 3382 fac
1232 3328 1305 3381 illi
1334 3329 1475 3398 quod
1509 3329 1620 3384 vult
1645 3330 1738 3385 tibi
1764 3330 1848 3387 ia-

275 3434 413 3473 cere.
444 3417 568 3473 ldeo
599 3418 819 3472 fortasse
850 3420 1045 3473 vitulus
1067 3420 1154 3473 ille
1182 3422 1536 3475 comminutus
1576 3423 1625 3475 in
1655 3438 1844 3492 aquam

276 3510 489 3576 missus,
514 3520 566 3563 et
596 3521 776 3578 potum
804 3510 957 3564 datus
978 3523 1079 3584 est,
1110 3522 1165 3564 ut
1186 3512 1561 3567 absorberetur
1592 3513 1660 3568 ab
1684 3515 1843 3570 Israel

274 3617 467 3672 corpus
502 3601 787 3672 impiorum
838 3602 1044 3675 (Exod.
1094 3620 1261 3668 χχχιι,
1289 3603 1417 3673 20).
1450 3604 1759 3659 Εηιὺιιδεαηι
1799 3615 1848 3660 et

276 3704 590 3747 revereantur
610 3694 779 3758 sintut,
808 3695 894 3765 qui
913 3694 1237 3763 gratulantur
1255 3696 1401 3749 malis
1427 3696 1548 3749 meis
1569 3712 1589 3750 :
1622 3697 1847 3750 induan-

276 3797 355 3839 tur
375 3786 668 3856 confusione
693 3795 738 3839 et
763 3785 1056 3840 verecundia
1084 3801 1103 3839 :
1127 3795 1185 3840 ut
1209 3802 1306 3841 nos
1332 3788 1448 3842 illos
1470 3787 1849 3844 absorbeamus

277 3879 653 3933 erubescentes
693 3886 747 3933 et
773 3877 1049 3932 confusos.
1079 3878 1180 3943 Qui
1209 3880 1430 3949 maligna
1460 3880 1731 3949 loquuntur
1749 3881 1845 3933 ad-

277 3986 467 4024 versum
494 3986 574 4023 me
598 3987 619 4023 :
649 3968 723 4023 illi
751 3969 1085 4033 erubescant,
1114 3969 1186 4023 illi
1224 3970 1635 4043 confundantur.

348 4065 431 4118 16.
462 4054 730 4137 [υενε.’27,
760 4061 873 4134 28.]
915 4062 1050 4130 Quid
1091 4071 1144 4116 tu
1180 4063 1289 4131 jam
1334 4071 1491 4132 caput
1533 4079 1653 4118 cum
1681 4080 1847 4121 mem-

278 4158 418 4213 bris?
450 4158 717 4210 lt'xsnltent
742 4166 786 4209 et
816 4157 1044 4209 (tutentur
1079 4155 1163 4225 qui
1188 4154 1357 4207 volunt
1368 4154 1622 4224 justitiam
1650 4173 1848 4212 meam:

278 4249 365 4318 qui
397 4249 649 4302 hmseriut
677 4248 880 4316 corpori
910 4262 1050 4301 meo.
1090 4245 1352 4299 Et‘dicant
1377 4262 1571 4319 semper
1600 4262 1619 4301 :
1646 4247 1850 4320 Magni-

279 4342 451 4409 ficetur
477 4338 726 4393 Dominus
743 4380 758 4404 ,
783 4340 868 4408 qui
897 4337 1067 4392 volunt
1093 4353 1269 4409 pacem
1290 4339 1419 4393 servi
1438 4339 1565 4411 ejus.
1585 4340 1649 4394 Et
1677 4343 1850 4413 lingua

278 4450 386 4488 mea
403 4432 731 4488 meditabitur
745 4432 999 4502 justitiam
1042 4441 1199 4496 tuam,
1226 4441 1329 4484 tota
1357 4432 1437 4485 die
1460 4432 1660 4488 laudem
1689 4444 1845 4488 luant.

280 4526 345 4579 Et
375 4525 526 4595 cujus
556 4523 729 4594 lingua
767 4522 922 4576 durat
948 4522 1186 4576 meditari
1219 4532 1327 4577 tota
1359 4523 1444 4577 die
1473 4524 1684 4580 laudem
1711 4526 1849 4581 Dei?

282 4618 413 4673 Ecce
439 4616 601 4671 modo
630 4618 783 4686 paulo
800 4616 1002 4687 longior
1025 4632 1201 4670 sermo
1227 4618 1392 4671 iactus
1413 4628 1515 4683 est,
1537 4618 1845 4690 fatigamini.

279 4711 409 4766 Tota
456 4711 547 4766 die
576 4709 741 4765 Deum
781 4706 1005 4764 laudare'
1022 4710 1142 4779 quis
1181 4709 1373 4764 durat?
1396 4710 1632 4779 Suggere
1672 4728 1848 4766 reme-

281 4803 446 4868 dium,
477 4800 619 4854 uude
659 4808 763 4853 tota
807 4800 893 4854 die
919 4799 1101 4854 laudes
1141 4801 1326 4865 Deum,
1365 4800 1409 4854 si
1459 4802 1553 4855 vis.
1586 4801 1849 4872 Quidquid

280 4896 467 4963 egeris,
497 4894 633 4948 bene
675 4908 802 4961 age,
844 4900 897 4946 et
948 4891 1169 4946 laudasti
1201 4892 1389 4947 Deum.
1419 4893 1640 4959 Quando
1668 4904 1851 4949 cantas

282 4985 558 5057 hymnum,
611 4983 791 5038 laudas
841 4985 1001 5039 Deum
1035 5002 1047 5038 :
1080 4984 1251 5052 lingua
1302 4995 1387 5038 tua
1429 4985 1552 5055 quid
1592 4986 1715 5057 agit,
1749 4988 1850 5042 nisi

280 5075 454 5130 laudet
482 5084 537 5129 et
578 5072 899 5129 conscientia
944 5073 1065 5128 tua?
1093 5075 1320 5129 Cessasti
1364 5074 1431 5128 ab
1486 5076 1684 5146 hymno
1727 5092 1851 5130 can-

282 5166 460 5232 tando,
487 5165 718 5220 discedis
746 5174 805 5219 ut
829 5165 1125 5219 reﬁciaris?
1148 5165 1263 5220 Noli
1294 5166 1558 5233 inebriari,
1590 5176 1644 5222 et
1671 5168 1852 5222 lauda-

281 5260 347 5312 sti
378 5259 567 5312 Deum.
600 5257 837 5311 Discedis
864 5264 920 5308 ut
946 5255 1211 5311 dormias?
1242 5257 1361 5311 Noli
1388 5272 1606 5327 surgere
1633 5258 1698 5311 ad
1740 5275 1853 5312 ma-

281 5349 650 5413 lefaciendum,
697 5356 752 5403 et
792 5347 1011 5401 laudasti
1060 5349 1250 5403 Deum.
1290 5349 1851 5419 Negotiumagis?noli

280 5446 517 5501 fraudem
549 5443 814 5508 facere,et
842 5441 1059 5495 laudasti
1104 5442 1289 5498 Deum.
1318 5445 1515 5513 Agrum
1538 5444 1712 5499 colis?
1736 5444 1853 5499 Noli

280 5539 423 5591 litem
454 5552 670 5592 movere
695 5578 709 5599 ,
738 5544 791 5591 et
810 5534 1030 5589 laudasti
1075 5535 1265 5590 Deum.
1310 5534 1363 5589 ln
1393 5537 1690 5591 innocentia
1720 5554 1853 5605 ope-

280 5647 392 5684 rum
417 5641 622 5684 tuorum
648 5641 879 5698 prtepara
900 5636 949 5684 te
973 5630 987 5660 ¹
1009 5627 1073 5681 ad
1100 5626 1414 5685 laudandum
1429 5631 1592 5688 Deum
1613 5641 1719 5687 tota
1744 5633 1851 5690 die.

280 5833 299 5874 ι
340 5767 355 5792 ι
395 5762 580 5821 Aliquot
618 5770 754 5811 Mss:
806 5760 1073 5813 Innocentio
1131 5775 1326 5823 operum
1368 5772 1556 5816 tuorum
1610 5774 1853 5829 purpurat

300 5838 339 5874 ε.
366 5834 459 5874 ctt'.

300 5838 339 5879 ε,
366 5834 459 5874 ctt'.

3430 388 3471 441 '5.

3472 386 3540 441 i2

2325 545 2405 605 ΙΝ
2450 548 2822 611 PSALMUM
2869 552 3111 612 XXXV

2525 652 2939 709 ENARRATIO.

2119 755 2290 796 sentio
2320 758 2537 799 manus
2565 760 2735 800 ronrt:
2761 763 2847 801 nte
2869 761 3101 813 SABBATI,
3124 763 3184 802 ex
3209 765 3261 802 n.
3288 748 3372 801 l9.

2038 833 2083 885 Ι.
2122 830 2271 905 [vers.
2314 833 2391 906 2.]
2439 836 2677 890 lntendat
2728 836 2970 893 Charitas
3020 839 3207 893 Vestra
3267 840 3531 909 paululum

1960 931 2158 977 textum
2190 932 2245 978 et
2270 926 2517 995 mysteria
2558 926 2744 996 psalmi
2772 926 2928 997 hujus
2953 944 2967 994 ;
2998 937 3053 983 et
3082 944 3359 983 curramus
3384 946 3529 991 eum,

1956 1014 2079 1084 quia
2113 1015 2162 1069 in
2194 1016 2373 1070 multis
2396 1016 2525 1089 locis
2562 1026 2776 1088 apertus
2802 1028 2885 1075 est
2912 1037 2925 1074 :
2959 1019 3048 1099 ubi
3086 1028 3262 1075 autem
3289 1020 3530 1075 obscuri-

1959 1108 2081 1161 tatis
2132 1108 2421 1163 necessitas
2464 1124 2559 1163 nos
2609 1110 2879 1165 immorari
2929 1112 3186 1181 coegerit,
3238 1113 3535 1168 tolerabitis

1958 1194 2133 1250 fructu
2161 1196 2416 1251 discendi.
2449 1198 2588 1252 Dixit
2618 1201 2835 1269 injustas
2884 1211 2937 1253 nt
2977 1202 3234 1274 delinquat
3276 1204 3326 1256 in
3357 1216 3531 1257 semet-

1957 1287 2067 1356 ipso
2110 1303 2129 1341 :
2155 1304 2253 1341 non
2280 1300 2353 1342 est
2380 1293 2527 1343 timor
2564 1290 2655 1342 Dei
2682 1300 2794 1345 ante
2833 1294 3004 1346 oculos
3033 1294 3162 1363 ejus.
3208 1294 3321 1348 Non
3366 1311 3528 1349 unum

1957 1377 2247 1443 hominem,
2279 1380 2370 1435 sed
2397 1396 2561 1451 genus
2605 1382 2875 1437 hominum
2922 1385 3216 1454 iniquorum
3248 1386 3412 1450 dicit,
3440 1388 3531 1456 qui

1956 1470 2054 1523 sibi
2098 1472 2481 1539 adversantur,
2515 1490 2616 1527 noti
2645 1476 2983 1545 intelligendo
3027 1487 3083 1530 ιιι
3127 1478 3262 1532 bene
3311 1479 3529 1539 vivant;

1958 1575 2059 1613 non
2091 1561 2210 1630 quia
2259 1577 2364 1616 non
2404 1574 2656 1631 possunt,
2709 1564 2800 1618 sed
2849 1567 2970 1636 quia
3003 1568 3203 1620 nolunt.
3252 1567 3406 1621 Aliud
3451 1578 3531 1622 est

1956 1651 2096 1705 enim
2143 1654 2352 1721 quando
2382 1653 2606 1723 quisque
2635 1666 2853 1709 conatur
2882 1657 3076 1722 aliquid
3122 1658 3445 1726 intelligere,
3476 1669 3529 1713 et

1958 1759 2050 1811 per
2072 1742 2425 1800 inﬁrmitatem
2452 1745 2626 1802 carnis
2642 1764 2745 1803 non
2760 1757 2957 1821 potest,
2991 1749 3126 1805 sicut
3151 1749 3279 1804 dicit
3303 1749 3530 1819 quodam

1958 1838 2070 1894 tneo
2095 1838 2366 1909 Scriptura
2401 1862 2414 1897 :
2448 1844 2579 1909 Quia
2607 1861 2791 1913 corpus
2822 1845 2954 1913 quod
2983 1844 3321 1913 corrumpitur
3345 1859 3527 1912 aggra-

1953 1950 2034 1992 vat
2076 1938 2328 2002 animum,
2372 1946 2417 1992 et
2463 1938 2695 2007 deprimit
2726 1946 2920 1990 terrena
2977 1935 3271 1988 inhabitatio
3324 1950 3521 1988 sensum

1953 2032 2111 2085 multa
2138 2032 2436 2103 cogitantem
2466 2032 2484 2102 (
2510 2031 2639 2101 Sap.
2673 2047 2745 2097 ts,
2774 2031 2873 2099 15)
2908 2049 2921 2084 :
2947 2028 3088 2083 aliud
3117 2037 3292 2082 autem
3310 2028 3524 2097 quando

1954 2125 2304 2194 perniciosius
2323 2126 2429 2196 agit
2454 2106 2738 2179 adversum
2767 2124 2997 2193 seipsmn
3015 2138 3108 2177 cor
3130 2123 3438 2186 humanum,
3466 2132 3526 2175 ut

1952 2216 2092 2287 quod
2124 2217 2285 2285 possit
2316 2216 2629 2285 intelligere,
2675 2216 2717 2269 si
2763 2215 2895 2269 bona
2943 2215 3183 2270 voluntas
3228 2212 3525 2276 accederet,

1953 2326 2059 2363 non
2091 2310 2367 2380 intelligat,
2399 2324 2502 2363 non
2532 2310 2652 2379 quia
2690 2307 2901 2363 difﬁcile
2927 2317 3027 2373 est,
3070 2306 3164 2361 sed
3190 2306 3310 2376 quia
3336 2303 3526 2358 volun-

1953 2413 2034 2458 tas
2056 2402 2275 2458 adversa
2299 2403 2314 2434 ¹
2337 2412 2436 2458 est.
2472 2402 2583 2456 lloc
2626 2410 2801 2455 autem
2828 2402 2883 2453 tit
2926 2399 3048 2453 dum
3088 2406 3269 2452 amant
3313 2403 3526 2465 peccata

1952 2508 2067 2559 sua,
2118 2503 2170 2548 et
2199 2494 2425 2548 oderunt
2466 2501 2731 2564 prtccepta
2770 2492 2882 2546 Dei.
2928 2492 3118 2546 Sermo
3144 2488 3283 2543 enim
3318 2486 3407 2540 Dei
3434 2485 3530 2538 ad-

1952 2588 2216 2642 versarius
2248 2598 2368 2641 tuus
2407 2596 2508 2651 est,
2536 2586 2579 2640 si
2612 2596 2666 2640 tu
2707 2586 2908 2638 amicus
2936 2583 3010 2637 sis
3054 2581 3345 2651 iniquitatis
3375 2588 3478 2632 tuan
3507 2596 3523 2632 :

1950 2682 1993 2735 si
2015 2691 2191 2735 autem
2222 2688 2275 2733 tu
2301 2678 2636 2733 adversarius
2661 2677 2734 2731 sis
2763 2675 3049 2744 iniquitatis
3077 2682 3201 2737 tute,
3225 2684 3402 2725 sermo
3432 2670 3523 2724 Dei

1950 2775 2155 2827 amicus
2203 2781 2322 2827 tuus
2365 2779 2466 2835 est,
2513 2770 2930 2824 eLadversarius
2980 2765 3268 2836 iniquitatis
3298 2773 3420 2819 tute.
3466 2760 3521 2817 Si

1952 2880 2079 2934 ergo
2107 2864 2263 2919 odisti
2295 2862 2621 2931 iniquitatem
2656 2871 2816 2922 tttam,
2842 2859 3019 2929 jungis
3047 2865 3099 2913 te
3118 2856 3352 2912 sermoni
3387 2854 3477 2909 Dei
3504 2870 3519 2915 ;

1950 2965 2005 3012 et
2033 2955 2181 3010 eritis
2207 2955 2312 3009 duo
2332 2953 2585 3008 adversus
2611 2953 2750 3005 illam
2772 2949 3157 3020 perimendam,
3186 2958 3241 3001 tu
3261 2954 3315 3000 et
3345 2957 3523 3000 sermo

1953 3047 2066 3102 Dei.
2098 3047 2177 3101 Tu
2210 3046 2349 3099 enim
2379 3060 2474 3115 per
2497 3052 2548 3098 te
2577 3060 2644 3098 ex
2669 3042 2869 3097 viribus
2910 3042 3011 3094 tuis
3044 3039 3175 3094 nihil
3202 3046 3352 3108 potes
3390 3053 3405 3091 :
3432 3034 3526 3088 ad-

1947 3137 2093 3206 juvat
2127 3144 2178 3191 te
2200 3136 2286 3191 ille
2314 3136 2400 3205 qui
2434 3135 2523 3189 tibi
2550 3149 2851 3189 sermonem
2893 3132 3056 3192 misit,
3088 3139 3141 3184 et
3173 3129 3400 3183 vincitur
3421 3126 3523 3180 ini-

1950 3229 2143 3299 quitas.
2175 3226 2229 3283 Si
2270 3235 2322 3281 tu
2350 3227 2489 3281 illam
2517 3226 2673 3280 odisti
2700 3242 2714 3290 ;
2745 3235 2799 3280 ct
2830 3224 2967 3278 Deus
2990 3221 3209 3286 dimisit,
3236 3230 3291 3275 et
3328 3218 3436 3272 eris
3464 3216 3528 3270 li-

1950 3322 2047 3377 ber
2089 3339 2101 3375 :
2146 3320 2191 3376 si
2240 3329 2414 3375 autem
2469 3320 2633 3387 ipsam
2673 3316 2897 3386 diligas;
2939 3313 3261 3369 contrarium
3305 3318 3389 3364 est
3434 3300 3529 3362 tibi

1953 3414 2247 3484 intelligere
2292 3410 2543 3482 quidquid
2582 3417 2766 3464 contra
2802 3408 2947 3461 illam
2984 3406 3196 3461 dicitur.
3224 3403 3329 3458 Fac
3355 3402 3528 3456 homi-

1951 3522 2071 3561 nem
2100 3519 2340 3576 quzerere
2365 3500 2629 3572 quomodo
2658 3500 2727 3555 sit
2748 3499 2966 3569 aequalis
3001 3496 3169 3552 Filius
3192 3493 3335 3549 Patri
3361 3510 3374 3557 ;
3406 3507 3526 3547 cre—

1953 3600 2104 3664 didit,
2136 3598 2325 3668 qumrit
2349 3595 2664 3663 intelligere,
2698 3592 2932 3647 nondum
2960 3598 3152 3659 potest.
3178 3588 3360 3655 Magna
3384 3586 3525 3639 enim

1952 3709 2040 3748 res
2058 3701 2159 3757 est,
2202 3700 2255 3746 ct
2292 3689 2431 3743 vires
2466 3688 2697 3755 majores
2725 3685 2989 3740 desiderat
3014 3691 3069 3735 ut
3097 3682 3263 3752 possit
3301 3678 3446 3747 capi;
3474 3685 3528 3731 et

1953 3797 2034 3842 est
2080 3785 2284 3839 initium
2319 3782 2438 3836 ﬁdei
2490 3779 2630 3850 quod
2656 3776 2885 3832 custodit
2912 3775 3143 3828 animam
3169 3770 3339 3825 donec
3364 3770 3525 3823 robo-

1952 3888 2116 3932 retur.
2154 3875 2312 3928 Lacte
2353 3873 2582 3925 nutritur
2608 3879 2663 3923 ut
2693 3866 2963 3938 perveniat
2995 3864 3062 3918 ad
3092 3861 3448 3916 habitudinem
3475 3867 3531 3914 et

1956 3968 2255 4022 ﬁrmitatem
2283 3964 2386 4019 cibi
2430 3961 2733 4025 solidioris;
2778 3966 2837 4011 ut
2880 3956 3048 4026 possit
3092 3953 3407 4023 intelligere,
3463 3950 3527 4003 In

1956 4058 2201 4129 principio
2222 4066 2324 4111 erat
2360 4054 2596 4117 Verbum,
2639 4061 2685 4106 et
2719 4050 2945 4105 Verbum.
2964 4058 3068 4102 erat
3097 4045 3235 4118 apud
3276 4044 3460 4105 Deum,
3483 4053 3533 4096 et

1956 4149 2091 4204 Deus
2117 4158 2224 4203 erat
2256 4146 2470 4201 Verbum
2492 4143 2668 4216 (Joan.
2696 4159 2735 4209 ι,
2765 4144 2788 4197 1
2815 4142 2853 4210 ).
2884 4142 3179 4209 Antequam
3212 4137 3311 4190 hoc
3337 4135 3528 4205 possit,

1955 4245 2187 4298 nutritur
2216 4242 2266 4296 in
2301 4240 2439 4295 ﬁde:
2470 4246 2523 4293 et
2560 4246 2783 4292 conatur
2820 4234 3132 4303 intelligere,
3178 4240 3237 4286 ut
3272 4229 3539 4297 intelligat

1954 4344 2207 4404 quantum
2235 4334 2372 4389 Deus
2406 4330 2632 4386 dederit.
2664 4328 2925 4400 Numquid
2964 4338 3016 4383 et
3047 4327 3148 4381 hoe
3175 4339 3294 4380 cum
3335 4334 3530 4377 conatu

1955 4428 2197 4498 intelligit
2224 4443 2239 4480 :
2269 4426 2416 4492 Quod
2436 4425 2523 4479 tibi
2552 4425 2662 4494 ﬁeri
2705 4440 2804 4477 non
2834 4424 2926 4483 vis,
2952 4422 3041 4474 alii
3073 4436 3135 4472 ne
3162 4417 3336 4489 feceris
3362 4418 3380 4485 (
3404 4415 3537 4469 'l'ob.~

1956 4541 2026 4587 tv,
2060 4522 2159 4591 16)
2182 4538 2199 4588 ;
2220 4530 2278 4575 ιιι
2305 4520 2423 4591 quia
2450 4534 2554 4573 non
2582 4518 2661 4571 vis
2688 4518 2791 4587 pati
2831 4514 3154 4584 iniquitatem
3180 4552 3194 4574 ,
3237 4525 3339 4562 non
3372 4508 3529 4564 facias

1956 4614 2315 4684 iniquitatem;
2347 4611 2467 4682 quia
2491 4626 2594 4665 non
2617 4610 2695 4663 vis
2725 4607 2830 4677 pati
2867 4606 3044 4660 dolum
3077 4614 3131 4658 et
3155 4600 3391 4665 insidias,
3423 4614 3539 4653 non

1956 4704 2219 4760 insidieris
2247 4703 2434 4758 alteri?
2455 4702 2565 4757 Hoc
2585 4711 2760 4754 autem
2787 4713 2904 4753 cum
2950 4711 3054 4750 non
3086 4695 3167 4749 vis
3195 4692 3506 4761 intelligere,

1954 4796 2211 4852 voluntati
2256 4805 2359 4850 tuae
2386 4793 2647 4847 tribuitur.
2693 4791 2816 4845 ldeo
2862 4788 3225 4856 dixitinjustus
3253 4827 3267 4852 ,
3297 4784 3537 4839 utdelim

1955 4900 2072 4960 quat
2098 4890 2149 4942 in
2176 4889 2439 4958 semetipso
2462 4902 2480 4940 :
2507 4882 2778 4961 proposuit
2803 4881 3129 4950 delinquere.

2027 4982 2080 5034 2.
2105 4980 2209 5036 Sed
2252 4977 2505 5048 numquid
2532 4975 2621 5045 qui
2665 4973 2907 5043 proponit
2956 4971 3285 5041 delinquere,
3321 4970 3541 5040 publice

1959 5073 2059 5125 hoc
2077 5072 2224 5134 dicit,
2253 5080 2307 5124 et
2348 5083 2452 5121 non
2481 5067 2532 5120 in
2576 5064 2895 5132 semetipso?
2916 5063 3089 5132 Quare
3122 5063 3176 5116 in
3202 5061 3489 5130 semetipso
3508 5060 3534 5113 ?

1959 5166 2089 5233 Quia
2133 5164 2293 5217 homo
2322 5161 2470 5216 illum
2518 5174 2621 5213 non
2650 5159 2813 5212 videt.
2845 5157 2979 5224 Quid
3023 5172 3170 5237 ergo,
3219 5156 3341 5226 quia
3371 5155 3539 5208 homo

1959 5274 2064 5312 non
2089 5255 2269 5318 videt,
2296 5255 2348 5309 in
2376 5255 2491 5323 ipso
2523 5252 2704 5316 corde,
2734 5252 2821 5306 ubi
2866 5251 2965 5306 sibi
2991 5250 3119 5305 dicit
3158 5258 3215 5304 ut
3239 5250 3533 5317 delinquat,

1964 5351 2100 5404 Deus
2123 5348 2192 5401 ibi
2226 5363 2331 5401 non
2354 5345 2537 5400 videt?
2568 5344 2721 5400 Videt
2762 5344 2829 5397 ibi
2869 5344 3027 5398 Deus.
3073 5342 3177 5398 Sed
3204 5341 3327 5412 quid
3353 5340 3531 5409 sequi-

1961 5442 2077 5495 tur?
2119 5438 2239 5493 Non
2274 5450 2346 5493 est
2373 5439 2521 5491 timor
2550 5436 2643 5490 Dei
2668 5447 2785 5490 ante
2817 5437 2989 5490 oculos
3017 5436 3145 5506 ejus.
3171 5436 3307 5487 Ante
3349 5430 3533 5485 oculos

1964 5534 2120 5587 timor
2150 5530 2421 5585 hominum
2451 5539 2553 5583 est.
2580 5527 2693 5582 Non
2716 5527 2872 5582 audet
2893 5528 3031 5581 enim
3062 5525 3270 5595 publice
3298 5521 3533 5591 proﬁteri

1964 5625 2313 5693 iniquitatem,
2342 5636 2411 5676 ne
2434 5620 2515 5673 vel
2541 5620 2960 5689 reprehendatur
2985 5655 3003 5683 ,
3035 5614 3423 5669 vel‘damnetur
3466 5610 3535 5663 ab

1908 5722 1915 5729 ‘
1963 5715 2282 5771 hominibus.
2330 5713 2563 5768 Discedit
2598 5722 2773 5767 autem
2803 5726 2832 5765 a
2877 5718 3167 5777 conspectu
3217 5706 3527 5761 hominum:

2028 5830 2043 5860 ¹
2079 5836 2191 5879 octo
2212 5834 2336 5888 Mss,
2363 5839 2545 5877 auersa.
