3972 6198
420 340 530 396 343

403 459 514 514 (Ιιιο
544 455 571 510 ἲ
610 449 690 507 Ad
713 446 1054 514 semetipsum
1082 457 1097 496 :
1127 441 1271 496 ducit
1298 454 1355 495 se
1385 439 1541 501 intro,
1571 446 1623 493 et
1653 451 1808 492 nemo
1842 435 1988 490 illum

429 543 619 597 videt:
657 539 742 592 ubi
792 534 1074 590 meditatur
1115 530 1268 586 dolos
1302 541 1356 584 et
1401 528 1619 583 insidias
1667 537 1718 581 et
1773 525 1987 589 delicta,

423 647 581 687 nemo
605 629 762 683 videt.
791 627 976 680 Posset
999 638 1099 678 nec
1128 622 1197 676 ibi
1223 620 1359 691 apud
1381 635 1439 676 se
1469 617 1735 682 meditari,
1759 617 1802 671 si
1843 617 1989 686 cogi-

425 731 562 777 taret
580 721 700 790 quia
739 719 879 772 Deus
914 716 1060 770 illum
1089 712 1231 768 videt
1263 731 1276 767 :
1306 712 1398 767 sed
1427 712 1546 781 quia
1586 727 1690 764 non
1723 718 1804 764 est
1833 712 1992 763 timor

422 815 514 868 Dei
535 822 658 878 ante
683 810 864 865 oculos
893 808 1027 878 ejus,
1051 821 1169 861 cum
1191 803 1495 859 discesserit
1518 817 1547 855 a
1577 811 1862 872 conspectu
1889 799 1991 854 ho-

420 871 622 962 minum
649 903 714 958 ad
739 916 834 956 cor
858 915 1031 962 sumu,
1061 899 1129 952 ibi
1156 911 1312 967 quem
1345 893 1564 950 timeat?
1591 891 1853 963 Numquid
1883 906 1990 946 non

423 999 496 1054 ibi
522 1007 604 1053 est
627 1011 861 1068 prmsens
887 991 1070 1066 Deus?
1092 991 1197 1047 Sed
1235 1003 1338 1044 non
1363 996 1445 1044 est
1473 988 1631 1042 timor
1656 987 1747 1040 Dei
1777 987 1830 1040 in
1857 999 1990 1040 cono

419 1100 603 1160 Spectu
627 1087 760 1158 ejus.

489 1181 544 1235 3.
571 1178 721 1252 [vers.
755 1173 831 1247 3.]
885 1173 1163 1228 Meditatur
1207 1186 1333 1240 ergo
1379 1168 1529 1224 dolos
1574 1186 1586 1220 :

420 1276 439 1335 (
462 1274 618 1329 Forte
640 1273 770 1328 latet
795 1269 1103 1338 illum,quia
1133 1265 1274 1319 Deus
1303 1264 1373 1318 ibi
1402 1261 1576 1316 videt?
1607 1260 1779 1313 Etiam
1807 1267 1991 1312 osten-

415 1364 563 1420 ditur
589 1363 726 1434 quod
759 1361 937 1416 dicere
979 1372 1240 1426 cmperam
1275 1374 1287 1409 :
1317 1356 1442 1410 latet
1483 1355 1648 1417 illum,
1671 1351 1763 1407 sed
1809 1350 1993 1404 volen-

423 1469 558 1521 tem;
587 1455 706 1524 quia
726 1461 908 1506 contra
927 1466 984 1504 se
1014 1449 1134 1504 fecit
1156 1448 1338 1502 nolens
1369 1443 1712 1515 intelligere.)
1743 1443 1994 1510 Quoniam

423 1548 594 1600 dolose
619 1546 717 1616 egit
746 1545 797 1597 in
828 1552 1094 1612 conspectu
1116 1542 1241 1609 ejus.
1268 1539 1322 1594 lu
1362 1537 1513 1608 cujus
1537 1545 1825 1604 conspectu
1846 1533 1870 1586 ?
1889 1533 1993 1588 Cu-

422 1637 508 1706 jus
531 1637 688 1690 timor
714 1649 816 1688 non
845 1640 926 1688 est
953 1645 1075 1686 autc
1099 1632 1280 1685 oculos
1307 1630 1421 1699 ejus
1449 1628 1534 1697 qui
1564 1627 1745 1681 dolose
1765 1627 1892 1696 egit.
1923 1624 1992 1679 Ut

421 1728 662 1781 inveniret
685 1726 992 1796 iniquitatem
1019 1740 1184 1788 suam,
1209 1731 1256 1775 et
1281 1720 1484 1774 odisset.
1528 1717 1631 1772 iste
1660 1717 1736 1771 sic
1783 1716 1889 1786 egit
1936 1725 1996 1770 ut

420 1834 531 1872 non
574 1817 858 1871 inveniret.
905 1814 1038 1870 Sunt
1084 1813 1224 1866 enim
1273 1811 1515 1865 homines
1570 1807 1662 1877 qui
1697 1807 1848 1877 quasi
1902 1820 1993 1860 co-

420 1917 615 1963 nantur
653 1922 891 1979 qmerere
939 1905 1265 1974 iniquitatem
1311 1915 1480 1962 suam,
1533 1908 1587 1955 et
1616 1899 1804 1953 timent
1847 1897 1992 1952 illam

419 2001 694 2065 invenire;
723 1999 844 2070 quia
866 1997 909 2053 si
934 1997 1075 2052 illam
1103 1994 1422 2060 invenerint,
1453 1991 1645 2048 dicitur
1673 1991 1798 2054 illis,
1825 1991 1995 2045 Rece-

417 2094 530 2148 dite
549 2093 617 2148 ab
646 2093 732 2146 illa
763 2109 777 2147 :
803 2091 917 2146 htcc
937 2089 1102 2144 fecisti
1125 2095 1406 2156 antequam
1436 2085 1624 2150 scires,
1662 2085 1991 2154 iniquitatem

413 2185 593 2240 fecisti
620 2199 740 2238 cum
780 2196 928 2238 esses
976 2181 1027 2234 in
1069 2179 1393 2250 ignorantia;
1426 2177 1516 2231 dat
1562 2177 1700 2232 Deus
1744 2176 1990 2230 veniam:

423 2277 582 2332 modo
606 2273 898 2346 cognovisti
934 2288 1092 2337 eam;
1137 2271 1340 2326 dimitte
1384 2270 1526 2324 illam
1555 2279 1611 2324 ut
1639 2269 1804 2339 possit
1841 2268 1994 2324 facile

419 2365 732 2436 ignorantiae
756 2373 859 2418 tuac
882 2363 1034 2418 venia
1061 2361 1198 2428 dari,
1221 2369 1277 2418 et
1303 2361 1464 2416 libera
1497 2360 1668 2416 fronte
1687 2361 1834 2414 dicas
1860 2360 1990 2425 Deo,

420 2458 618 2514 Delicta
638 2456 920 2528 ⁸ἰιιιιειιηιιὶε
940 2471 1061 2509 mea:
1084 2464 1130 2509 et
1149 2455 1446 2525 ignorantia
1468 2469 1590 2507 mea:
1625 2470 1689 2507 ne
1708 2453 1994 2509 memineris

419 2549 604 2623 (Psal.
640 2564 788 2612 xxiv,
833 2549 923 2618 7).
954 2545 1063 2602 Hac
1092 2547 1233 2600 illam
1273 2545 1482 2616 quaerit,
1514 2544 1613 2599 hac
1652 2546 1798 2600 timet
1822 2560 1891 2600 ne
1913 2545 1993 2598 in-

419 2640 598 2696 veniat
617 2639 764 2694 illam
793 2655 808 2693 :
835 2638 1020 2692 dolose
1041 2635 1183 2691 enim
1207 2635 1415 2705 quaerit.
1447 2635 1560 2689 Non
1600 2635 1832 2690 sciebam
1871 2636 1993 2706 quia

422 2741 700 2803 peccatum
729 2739 832 2797 est,
857 2728 1070 2800 quando
1105 2727 1234 2782 dicit
1270 2726 1466 2782 homo?
1494 2726 1624 2781 Cum
1652 2725 1845 2781 viderit
1869 2729 1992 2796 quia

423 2833 700 2894 peccatum
747 2830 846 2886 est,
897 2830 952 2876 et
975 2819 1238 2876 destiterit
1267 2819 1442 2874 facere
1481 2819 1650 2888 ipsum
1695 2829 1990 2889 peccatum,

419 2913 561 2983 quod
602 2911 722 2967 ideo
759 2909 1004 2973 faciebat,
1033 2909 1154 2978 quia
1185 2909 1493 2978 ignorabat;
1548 2924 1671 2963 vere
1720 2909 1795 2964 sic
1826 2909 1995 2965 voluit

421 3020 582 3061 nosse
610 3003 958 3072 iniquitatem,
990 3009 1049 3055 ut
1076 3001 1355 3065 inveniret,
1383 3008 1436 3054 et
1461 2999 1680 3055 odisset.
1712 2999 1864 3055 Nunc
1891 3017 1993 3056 au-

422 3105 528 3151 tem
577 3095 729 3150 multi
782 3093 967 3147 dolose
1013 3100 1196 3161 agunt,
1247 3099 1303 3145 ut
1342 3090 1614 3145 inveniant
1661 3091 1990 3160 iniquitatem

419 3199 592 3249 suam,
626 3183 676 3238 id
701 3191 804 3248 est,
827 3196 932 3237 non
953 3197 1021 3235 ex
1052 3181 1230 3234 animo
1259 3189 1420 3249 agunt
1459 3180 1693 3234 invenire
1716 3191 1770 3236 et
1791 3181 1989 3237 odi5se.

415 3276 524 3332 Sed
546 3274 667 3344 quia
693 3275 744 3328 iu
764 3275 875 3342 ipsa
902 3271 1242 3341 inquisitione
1268 3270 1420 3325 dolus
1461 3280 1562 3336 est,
1596 3255 1655 3325 iui
1690 3269 1992 3328 inventione

420 3365 658 3423 defensio
686 3363 974 3434 iniquitatis
1011 3363 1133 3417 erit.
1163 3359 1296 3415 Cum
1343 3361 1484 3415 enim
1513 3361 1773 3416 invenerit
1801 3362 1991 3433 iniqui-

1636 1175 1688 1222 et
1728 1165 1990 1236 sequitur,

419 3467 602 3526 tabem,
632 3471 759 3514 ecce
782 3456 889 3526 jam
932 3454 1270 3528 manifestum
1313 3463 1392 3507 est
1437 3453 1547 3518 illi,
1592 3454 1711 3523 quia
1745 3453 1991 3524 iniquitas
2055 3463 2062 3470 ‘

419 3561 522 3608 est.
548 3549 666 3606 Noli
689 3549 832 3602 illam
864 3547 1057 3610 facere,
1097 3545 1288 3614 inquis.
1319 3545 1386 3599 Et
1419 3545 1508 3598 ille
1532 3545 1622 3614 qui
1649 3545 1831 3599 dolose
1864 3561 1990 3616 age-

421 3647 513 3705 bat
538 3654 594 3699 ut
618 3644 895 3708 inveniret,
912 3641 1020 3711 jam
1050 3640 1268 3706 invenit,
1301 3647 1353 3694 et
1383 3653 1486 3692 non
1529 3638 1638 3692 odit
1663 3656 1675 3690 :
1699 3639 1822 3707 quid
1848 3640 1990 3694 enim

423 3739 594 3795 dicit?
621 3738 788 3805 Quam
816 3736 964 3788 multi
995 3736 1093 3788 hoc
1117 3732 1330 3795 faciunt,
1361 3743 1410 3786 et
1434 3732 1550 3801 quis
1576 3732 1676 3786 hoc
1693 3747 1796 3786 non
1827 3731 1991 3786 facit?

416 3832 486 3887 Et
534 3827 786 3900 numquid
824 3842 1010 3882 omnes
1057 3826 1353 3895 perditurus
1377 3833 1458 3879 est
1487 3824 1670 3879 Deus?
1700 3826 1802 3879 Aut
1845 3833 1991 3880 certe

423 3925 524 3980 hoc
553 3925 680 3978 dicit
713 3941 724 3976 :
753 3922 807 3976 Si
836 3921 994 3975 nollet
1022 3920 1161 3973 Deus
1190 3919 1275 3972 illa
1307 3919 1448 3982 fieri,
1476 3919 1715 3974 viverent
1737 3917 1988 3976 homines

415 4016 504 4085 qui
536 4017 633 4069 ista
653 4011 1026 4068 committunt?
1060 4011 1216 4065 Vides
1240 4010 1357 4080 quia
1387 4010 1570 4064 dolose
1596 4011 1787 4080 agebas
1813 4013 1876 4066 ad
1904 4013 1987 4066 in-

417 4105 727 4161 veniendam
756 4104 1080 4173 iniquitatem
1106 4113 1246 4162 tuam
1267 4101 1290 4153 ?
1310 4101 1439 4155 Nam
1463 4102 1504 4154 si
1537 4116 1640 4155 non
1663 4101 1865 4165 dolose,
1891 4105 1985 4159 sed

415 4199 690 4256 sinceriter
709 4213 912 4268 ageres,
929 4197 1035 4266 jam
1059 4194 1350 4250 invenisses
1375 4203 1428 4247 et
1452 4193 1687 4248 odisses:
1719 4195 1877 4249 modo
1901 4196 1987 4250 iu-

416 4291 603 4345 venisti
633 4297 687 4344 et
714 4287 950 4344 defendis
985 4305 998 4338 :
1027 4285 1207 4338 dolose
1233 4297 1360 4352 ergo
1387 4283 1600 4352 agebas,
1632 4298 1750 4338 cum
1773 4299 1983 4353 quaere-

413 4399 521 4438 1⁸08.

488 4475 542 4526 Δ.
575 4471 726 4544 [rem
764 4468 842 4538 4.]
883 4466 1038 4519 Verba
1063 4465 1164 4517 oris
1204 4465 1310 4532 eius
1348 4463 1584 4534 iniquitas
1611 4475 1657 4518 et
1682 4464 1828 4518 dolus
1855 4483 1985 4521 τηο-

415 4566 508 4620 luit
537 4563 812 4631 intelligere
832 4601 846 4622 ,
879 4568 931 4610 ut
959 4558 1078 4609 bene
1117 4565 1301 4626 ageret.
1334 4554 1537 4609 Videtis
1565 4557 1683 4625 quia
1728 4558 1985 4614 voluntati

415 4653 542 4708 illud
570 4651 748 4706 tribuit
786 4666 797 4700 :
842 4647 962 4716 quia
1009 4656 1132 4698 sunt
1159 4645 1399 4698 homines
1444 4646 1533 4714 qui
1569 4646 1754 4700 volunt
1787 4649 1983 4704 intelli-

412 4760 538 4812 gere
559 4783 572 4804 ,
605 4751 660 4795 ct
693 4753 798 4793 non
828 4745 1084 4808 possunt;
1117 4743 1240 4789 sunt
1281 4743 1455 4788 autem
1501 4735 1744 4791 homines
1771 4739 1859 4807 qui
1889 4755 1984 4794 no-

415 4837 531 4890 lunt
552 4831 864 4902 intelligere,
894 4829 1012 4884 ideo
1034 4844 1136 4882 non
1162 4827 1482 4897 intelligunt.
1505 4827 1684 4881 Noluit
1709 4830 1985 4900 intelligere

412 4937 467 4980 ut
496 4925 618 4978 bene
637 4932 821 4994 ageret.

486 5017 538 5071 ὅ.
577 5015 723 5085 [vers.
747 5011 826 5084 5.]
857 5009 1175 5078 Iniquitate":
1205 5011 1469 5064 meditatus
1517 5020 1585 5064 est
1612 5013 1664 5064 in
1693 5013 1842 5066 cubili
1870 5030 1978 5067 stto.

417 5107 552 5176 Quid
573 5105 711 5159 dixit
734 5146 747 5168 ,
771 5105 824 5158 in
865 5103 1016 5156 cubili
1042 5103 1173 5155 suo?
1198 5102 1342 5156 Dixit
1372 5103 1607 5174 injustus,
1655 5113 1705 5154 ut
1729 5105 1984 5174 delinquat

411 5202 466 5252 in
490 5197 751 5267 semetipso
773 5211 792 5249 :
820 5194 960 5264 quod
983 5194 1114 5247 dixit
1152 5195 1396 5262 superius
1417 5235 1430 5258 ,
1459 5195 1512 5246 in
1554 5197 1853 5265 semetipso;
1884 5197 1982 5250 hoc

416 5291 505 5344 hic
544 5289 694 5351 dixit,
724 5289 776 5340 in
805 5286 955 5340 cubili
984 5303 1095 5339 suo.
1147 5285 1332 5339 Cubile
1359 5294 1595 5338 nostrum
1647 5296 1728 5340 est
1771 5302 1862 5342 cor
1889 5303 1983 5340 no-

415 5394 585 5440 strum
620 5400 632 5435 :
667 5383 736 5437 ibi
783 5380 1058 5434 tumultum
1091 5378 1318 5445 patimur
1344 5377 1496 5430 mala:
1529 5378 1866 5434 conscientia:
1895 5388 1985 5434 :et

417 5477 488 5532 ibi
519 5473 916 5544 requiescimus,
948 5467 1162 5539 quando
1216 5467 1353 5522 bona
1380 5469 1704 5522 conscientia
1733 5478 1833 5524 est.
1882 5469 1982 5536 Qui

413 5579 556 5624 amat
585 5567 758 5621 cubile
788 5563 962 5618 cordis
1011 5561 1113 5625 sui,
1141 5557 1335 5628 aliquid
1365 5558 1487 5612 boni
1516 5558 1583 5611 ibi
1612 5569 1750 5628 agat.
1784 5559 1856 5612 lbi
1903 5574 1984 5612 es:

415 5661 609 5724 cubile,
640 5659 723 5713 ubi
757 5672 852 5709 nos
877 5654 1128 5708 Dominus
1157 5650 1311 5705 Jesus
1336 5649 1579 5703 Christus
1595 5650 1746 5718 jubet
1775 5665 1931 5703 orare
1961 5670 1972 5702 :

421 5749 562 5803 Intra
588 5754 636 5803 in
664 5749 942 5803 cubiculum
982 5758 1138 5811 tuum,
1173 5756 1216 5797 et
1243 5744 1422 5797 claude
1454 5743 1633 5796 ostium
1661 5753 1814 5795 tuum.
1847 5740 1980 5807 Quid

1645 325 1702 379 S.
1744 319 2111 379 AUGUSTINI
2151 322 2447 382 E‘PISCOPI

3561 335 3672 392 3M

2094 445 2196 500 est,
2225 436 2404 492 claude
2425 439 2608 494 ostium
2625 443 2808 497 tuum?
2833 441 2948 498 Noli
2975 444 3095 500 talia
3122 455 3428 515 exspectare
3445 445 3511 499 de
3534 447 3666 508 Deo,

2095 541 2212 595 qua:
2236 528 2524 586 forinsecus
2567 543 2730 597 sunt;
2761 534 2854 588 sed
2890 550 2952 588 ea
2999 551 3117 601 qua:
3161 537 3473 590 intrinsecus
3503 546 3668 597 sunt;

2097 615 2164 670 Et
2222 617 2379 674 Pater
2427 630 2560 685 tuus,
2610 623 2695 692 qui
2741 624 2952 678 videtin
2994 625 3305 689 abscondito,
3351 627 3521 678 reddet
3579 627 3671 678 tibi

2097 712 2114 780 (
2159 710 2344 765 Matth.
2368 729 2440 780 vi,
2472 713 2556 785 6).
2584 714 2712 781 Quis
2735 726 2817 770 est
2844 717 2934 787 qui
2962 733 3067 771 non
3089 719 3286 773 claudit
3309 719 3540 773 ostium?
3565 718 3670 786 Qui

2097 804 2218 855 talia
2247 805 2432 873 petita
2463 805 2571 860 Deo
2614 822 2709 875 pro
2756 823 2948 878 magno
2974 819 3025 864 et
3052 810 3122 864 ibi
3153 811 3429 865 constituit
3477 826 3670 865 omnes

2095 909 2281 964 preces
2322 911 2464 961 suas,
2498 907 2556 952 ut
2607 900 2830 972 accipiat
2874 917 2936 958 ea
2967 917 3084 971 qua:
3120 912 3243 957 sunt
3293 903 3448 972 hujus
3487 903 3668 957 saeculi
3729 915 3732 918 '

2095 983 2253 1040 bona.
2311 986 2461 1042 Patet
2516 990 2710 1044 ostium
2752 999 2917 1055 tuum,
2965 993 3114 1046 turba
3163 993 3311 1048 videt
3361 1008 3480 1047 cum
3513 1007 3660 1048 oras.

2095 1075 2229 1144 Quid
2257 1088 2339 1133 est
2355 1081 2599 1136 claudere
2621 1084 2816 1138 ostium
2840 1085 3026 1138 tuum?
3059 1084 3128 1139 Ut
3159 1084 3259 1139 hoc
3285 1095 3430 1154 petas
3450 1100 3480 1138 a
3510 1085 3623 1138 Deo
3643 1119 3661 1145 ν

2095 1169 2234 1239 quod
2256 1171 2402 1226 solus
2431 1173 2569 1228 Deus
2596 1176 2740 1229 novit
2758 1156 3022 1245 quomodo
3047 1176 3139 1230 tibi
3165 1176 3273 1232 det.
3294 1175 3428 1244 Quid
3458 1185 3543 1230 est
3566 1177 3667 1231 hoc

2097 1273 2312 1330 propter
2337 1263 2476 1332 quod
2525 1265 2727 1318 claudis
2753 1267 2944 1320 ostium
2967 1308 2981 1331 ,
3015 1276 3069 1322 et
3097 1267 3270 1336 petis?
3296 1265 3448 1334 Quod
3480 1268 3670 1322 oculus

2099 1368 2204 1407 nou
2236 1354 2384 1420 vidit,
2444 1371 2542 1411 nee
2595 1358 2739 1412 auris
2787 1358 3024 1423 audivit,
3073 1374 3172 1413 nec
3201 1360 3252 1412 in
3298 1374 3391 1413 cor
3437 1359 3670 1412 hominis

2096 1445 2338 1500 ascendit
2377 1445 2544 1514 (Isai.
2574 1464 2698 1503 LXIV
2724 1489 2740 1514 ,
2769 1450 2829 1514 ις
2867 1449 2885 1502 ι
2924 1447 3039 1503 Cor.
3074 1465 3129 1512 ιι,
3161 1449 3254 1519 9).
3286 1451 3353 1504 Et
3394 1448 3532 1504 forte
3563 1465 3666 1504 nou

2096 1537 2335 1591 ascendit
2364 1538 2415 1591 in
2445 1538 2614 1607 ipsum
2645 1540 2818 1594 cubile
2863 1549 3032 1605 tuum,
3073 1539 3126 1595 id
3163 1548 3246 1594 est
3276 1541 3328 1594 iu
3359 1556 3452 1595 cor
3491 1548 3664 1594 tuum.

2096 1626 2199 1682 Sed
2231 1628 2374 1684 Deus
2410 1631 2555 1684 novit
2579 1630 2703 1700 quid
2745 1630 2838 1685 tibi
2860 1630 3076 1685 daturus
3104 1641 3204 1686 est.
3239 1631 3461 1700 Quando
3488 1642 3667 1686 autem

2097 1718 2236 1772 erit?
2263 1719 2486 1786 Quando
2512 1721 2828 1777 revelabitur
2853 1722 3123 1785 Dominus,
3148 1721 3358 1792 quando
3394 1723 3671 1792 apparebit

2091 1809 2273 1879 judex.
2295 1810 2429 1877 Quid
2457 1813 2598 1866 enim
2626 1813 2953 1867 manifestius
2977 1829 3134 1883 quam
3165 1813 3303 1884 quod
3329 1814 3566 1868 dicturus
3587 1824 3672 1868 est

2096 1901 2162 1954 ad
2209 1901 2479 1957 dexteram
2523 1904 2746 1972 positis?
2787 1904 2985 1967 Venite,
3031 1905 3275 1958 benedicti
3317 1903 3488 1959 Patris
3529 1906 3668 1972 mei,

2095 1993 2334 2061 percipite
2378 2011 2587 2061 regnum
2629 1995 2762 2064 quod
2813 1995 2946 2049 vobis
2975 2005 3206 2064 paratum
3246 2004 3318 2048 est
3346 1994 3407 2047 ab
3455 1995 3654 2065 origine

2096 2085 2272 2139 mundi
2310 2086 2531 2157 (Matth.
2581 2104 2703 2151 xxv,
2749 2087 2873 2160 54).
2935 2087 3164 2142 Audicut
3209 2087 3323 2142 hmc
3353 2088 3424 2142 illi
3474 2089 3562 2157 qui
3599 2087 3668 2141 ad

2095 2178 2360 2232 sinistram
2405 2189 2579 2245 erunt,
2634 2190 2687 2235 et
2733 2190 2949 2250 gement
2981 2181 3305 2236 infructuosa
3351 2181 3664 2252 paenitentia

2093 2269 2264 2340 (Sap.
2296 2286 2348 2335 v,
2372 2270 2441 2340 5)
2469 2288 2482 2335 ;
2515 2272 2634 2340 quia
2679 2287 2797 2326 cum
2849 2272 2917 2325 ita
2943 2273 3199 2336 viverent,
3232 2287 3351 2327 cam
3396 2271 3671 2327 fructuosa

2096 2362 2377 2416 noluerunt
2400 2377 2575 2432 agere.
2602 2363 2881 2430 Quomodo
2895 2363 3142 2432 gement?
3167 2363 3300 2430 Quia
3324 2378 3426 2417 non
3453 2373 3537 2417 est
3560 2363 3668 2418 illis

2096 2453 2245 2508 locus
2297 2455 2667 2510 correctionis.
2725 2455 2956 2511 Audient
3007 2465 3182 2511 autem
3235 2465 3289 2510 et
3314 2456 3410 2524 ipsi
3441 2473 3455 2509 :
3486 2454 3566 2509 Ite
3617 2457 3674 2510 in

2094 2546 2261 2618 ignem
2301 2555 2539 2602 telemum
2561 2548 2647 2617 qui
2676 2558 2882 2618 paratus
2926 2557 2997 2602 est
3026 2547 3224 2601 diabolo
3254 2556 3300 2601 et
3327 2549 3522 2618 angelis
3556 2550 3673 2620 ejus

2103 2637 2329 2710 (Matth.
2362 2655 2492 2705 xxv,
2544 2641 2606 2695 41
2633 2638 2674 2710 ).
2701 2640 2803 2696 Iste
2821 2648 2905 2694 est
2927 2639 3138 2695 auditus
3163 2641 3351 2695 malus.
3383 2640 3514 2694 Nam
3538 2640 3673 2710 justi

2095 2731 2160 2787 ad
2186 2731 2424 2787 auditum
2473 2731 2670 2787 bonum
2718 2732 3053 2803 gaudebunt;
3103 2733 3182 2788 sic
3227 2733 3368 2787 enim
3413 2733 3672 2802 scriptum

2095 2835 2177 2879 est
2209 2841 2222 2877 :
2255 2823 2318 2878 In
2347 2826 2586 2879 memoria
2635 2833 2820 2880 wterna
2848 2826 2956 2878 ‘erit
2975 2826 3170 2896 justus,
3219 2828 3281 2879 ab
3331 2827 3506 2879 auditu
3535 2828 3672 2880 malo

2095 2933 2196 2971 non
2237 2915 2421 2969 timebit
2465 2914 2654 2986 (Psal.
2710 2931 2814 2977 cxi.
2865 2905 2955 2987 7).
3006 2918 3046 2972 A
3099 2933 3204 2988 quo
3252 2918 3432 2974 auditu
3488 2921 3674 2976 malo?

2095 3007 2260 3078 Quem
2289 3007 2515 3062 audituri
2558 3016 2682 3062 sunt
2711 3007 2806 3071 illi,
2833 3007 2915 3062 Ite
2955 3009 3008 3063 in
3035 3009 3197 3080 ignem
3235 3019 3497 3065 wternum.
3527 3013 3673 3069 Deus

2095 3115 2224 3170 ergo
2247 3101 2334 3170 qui
2372 3109 2545 3170 petest
2571 3114 2730 3170 supra
2758 3115 2914 3170 quam
2947 3101 3172 3170 petimus
3210 3115 3300 3158 aut
3327 3104 3674 3175 intelligimus

2097 3189 2270 3246 facere
2297 3190 2522 3260 (Ephes.
2556 3206 2645 3255 ιιι,
2673 3189 2744 3245 20
2765 3187 2782 3262 )
2807 3232 2820 3254 ,
2853 3191 3116 3246 occultum
3141 3193 3394 3262 gemitum
3427 3207 3671 3251 nostrum

2095 3282 2301 3351 quaerit,
2334 3290 2391 3336 ut
2415 3281 2470 3334 in
2490 3290 2776 3351 conspectu
2805 3281 2920 3350 ejus
2951 3283 3276 3350 placeamus,
3320 3295 3373 3338 et
3415 3303 3520 3340 non
3568 3303 3673 3343 nos

2095 3371 2244 3441 quasi
2273 3371 2336 3426 de
2359 3371 2560 3440 justitia
2592 3381 2770 3427 nostra
2798 3381 2920 3427 ante
2947 3373 3192 3428 homines
3229 3375 3517 3444 jactcmus.
3560 3379 3665 3445 Qui

2095 3465 2234 3520 enim
2261 3465 2328 3520 de
2368 3464 2567 3534 justitia
2613 3479 2706 3519 sua
2733 3465 2940 3533 placere
2965 3466 3076 3519 vult
3101 3451 3402 3522 hominibus
3424 3509 3438 3532 ,
3465 3485 3572 3524 non
3602 3485 3675 3526 eo

2095 3555 2198 3611 fine
2220 3566 2275 3610 ut
2302 3554 2540 3610 homines
2563 3555 2650 3624 qui
2671 3570 2791 3610 eum
2818 3555 2996 3611 vident
3022 3557 3186 3612 Deum
3216 3558 3448 3624 laudent,
3478 3561 3574 3616 sed
3600 3579 3666 3618 ea

2094 3648 2385 3702 intentione
2402 3655 2458 3700 ut
2479 3647 2590 3715 ipse
2620 3646 2881 3709 laudetur,
2910 3661 3014 3701 non
3042 3647 3239 3702 claudit
3264 3650 3455 3704 ostium
3481 3662 3671 3708 contra

2093 3739 2370 3808 strepitum
2405 3756 2417 3792 :
2448 3738 2567 3808 quia
2600 3747 2740 3806 patet
2768 3737 2960 3792 ostium
2985 3739 3074 3793 illo
3101 3739 3345 3808 strepitu,
3369 3751 3548 3796 etnon
3572 3758 3670 3797 au-

2093 3831 2168 3886 dit
2199 3830 2336 3886 Deus
2361 3828 2625 3899 quomodo
2672 3828 2858 3883 audire
2903 3830 3036 3884 vult.
3081 3829 3265 3886 Cubile
3293 3847 3419 3902 ergo
3445 3848 3538 3887 cor
3564 3849 3668 3889 uo-

2093 3935 2259 3979 strum
2310 3923 2610 3977 laboremus
2650 3921 2928 3986 mundare,
2981 3921 3068 3975 ubi
3119 3923 3285 3993 possit
3330 3925 3482 3979 nobis
3531 3927 3667 3981 bene

2092 4030 2230 4070 esse.
2259 4013 2414 4068 Novit
2438 4011 2680 4065 Charitas
2703 4011 2886 4066 Vestra
2905 4027 3062 4081 quam
3088 4013 3249 4067 multa
3277 4003 3426 4068 niulti
3457 4016 3663 4083 patiun—

2093 4117 2177 4161 tur
2205 4107 2254 4160 in
2283 4104 2512 4175 publico,
2547 4104 2598 4156 in
2625 4104 2757 4166 foro,
2788 4103 2837 4156 in
2857 4103 3046 4172 jurgiis
3069 4146 3083 4170 ,
3117 4105 3168 4158 in
3208 4107 3656 4174 contentionibus,

2090 4197 2143 4250 in
2171 4195 2424 4250 molestiis
2454 4193 2782 4262 negotiorum
2809 4211 2822 4246 :
2856 4195 3120 4262 quomodo
3159 4197 3381 4267 quisque
3411 4198 3654 4268 fatigatus

2090 4285 2312 4356 negotiis
2338 4284 2484 4349 foris,
2515 4284 2680 4338 currit
2705 4283 2771 4338 ad
2818 4283 3030 4337 domum
3076 4299 3224 4340 suam
3264 4296 3316 4340 ut
3348 4287 3417 4341 ibi
3449 4291 3668 4358 requie-

2091 4385 2226 4441 scat,
2251 4385 2306 4430 ct
2335 4375 2426 4429 dat
2447 4389 2660 4444 operam
2689 4373 2794 4428 cito
2817 4374 2966 4428 finire
2990 4377 3196 4444 negotia
3216 4393 3330 4444 qua:
3357 4377 3484 4432 foris
3515 4390 3662 4444 sunt.

2088 4476 2142 4523 et
2170 4467 2355 4522 tollere
2383 4481 2442 4520 se
2469 4463 2535 4519 ad
2569 4465 2804 4534 requiem
2836 4465 2888 4518 in
2915 4464 3129 4519 domum
3166 4480 3339 4521 suam.
3369 4468 3493 4524 Ideo
3517 4472 3662 4526 enim

2090 4558 2446 4628 unusquisque
2473 4555 2690 4611 domum
2713 4571 2862 4611 suam
2891 4555 3069 4620 habet,
3105 4558 3227 4626 quia
3257 4558 3326 4612 ibi
3355 4561 3662 4629 requiescit.

2090 4652 2146 4708 Si
2170 4666 2294 4705 vero
2321 4660 2376 4704 et
2403 4649 2471 4703 ibi
2501 4649 2768 4704 molestias
2812 4649 3063 4718 patiatur,
3112 4650 3200 4704 ubi
3233 4660 3408 4720 potest
3452 4655 3666 4723 requie-

2087 4741 2280 4797 scere?
2307 4739 2441 4806 Quid
2469 4740 2631 4808 ergo?
2661 4740 2865 4794 Bonum
2887 4749 2969 4795 est
2992 4749 3050 4795 ut
3078 4741 3159 4795 vel
3181 4741 3232 4795 in
3264 4741 3424 4798 domo
3444 4759 3540 4798 sua
3569 4761 3664 4800 re-

2087 4835 2262 4904 quiem
2299 4831 2507 4886 hahcat.
2533 4831 2589 4886 Si
2617 4839 2794 4886 autem
2834 4831 3029 4902 patitur
3055 4829 3185 4887 foris
3211 4832 3473 4901 inimicos,
3520 4837 3666 4893 intus

2088 4922 2222 4977 forte
2267 4920 2459 4974 malam
2495 4935 2748 4986 uxorem;
2803 4921 3042 4991 procedit
3090 4924 3142 4976 in
3199 4923 3460 4992 publicum
3497 4942 3666 4983 :cum

2088 5016 2197 5070 vult
2220 5015 2555 5084 requiescere
2591 5015 2660 5068 ab
2703 5013 2786 5068 his
2815 5029 2933 5083 qua?
2966 5014 3096 5069 foris
3118 5025 3261 5081 sunt,
3291 5017 3449 5070 intrat
3487 5019 3538 5072 in
3561 5019 3667 5073 do-

2088 5121 2244 5161 mum
2269 5125 2282 5160 :
2307 5105 2518 5176 quando
2544 5119 2670 5159 vero
2695 5120 2794 5159 nec
2836 5105 2906 5161 ibi
2947 5107 3247 5176 requiescit,
3277 5123 3380 5163 nec
3412 5107 3542 5165 foris
3571 5126 3666 5167 re-

2086 5195 2329 5266 quiescit,
2363 5195 2452 5248 ubi
2473 5195 2574 5250 erit
2600 5196 2854 5262 requies?
2884 5195 3080 5251 Saltem
3103 5198 3154 5251 in
3183 5199 3426 5253 cubiculo
3455 5201 3660 5268 cordis,

2088 5294 2146 5340 ut
2174 5286 2326 5339 tollas
2357 5293 2408 5339 te
2428 5282 2494 5338 ad
2516 5284 2766 5338 interiora
2795 5286 3134 5350 conscientia:
3175 5297 3295 5342 tuac.
3327 5287 3380 5342 Si
3411 5288 3479 5343 ibi
3507 5290 3660 5345 inve-

2089 5377 2210 5430 nisti
2235 5376 2368 5429 forte
2391 5375 2689 5444 coniugem,
2731 5391 2849 5446 quae
2880 5376 2971 5430 tibi
3014 5392 3117 5432 non
3170 5377 3324 5432 faciat
3349 5381 3662 5436 amaritudi-

2087 5483 2230 5531 nem,
2263 5465 2573 5535 sapientiam
2607 5466 2698 5519 Dei
2725 5482 2738 5531 ;
2761 5481 2879 5520 cum
2923 5467 3032 5537 ipsa
3061 5467 3398 5538 conjungere,
3446 5471 3662 5539 quiesce

2087 5558 2230 5611 intus
2255 5557 2305 5610 in
2330 5555 2569 5610 cubiculo
2593 5567 2701 5622 tuo,
2732 5574 2837 5612 non
2868 5558 2988 5612 inde
3022 5568 3072 5612 te
3097 5560 3273 5627 ejiciat
3305 5559 3478 5613 fmnus
3504 5563 3661 5620 malae

2087 5648 2440 5702 conscientiae.
2489 5649 2556 5700 At
2586 5648 2672 5702 ille
2717 5659 2773 5702 ut
2829 5649 3172 5703 meditaretur
3217 5650 3388 5716 dolos,
3447 5651 3571 5705 illuc
3602 5662 3661 5706 se

2092 5742 2330 5810 tollebat,
2364 5741 2429 5794 de
2455 5756 2559 5810 quo
2588 5742 2814 5812 tequitur
2847 5743 2943 5796 ista
2974 5742 3266 5812 Scriptura,
3297 5743 3383 5799 ubi
3411 5742 3657 5801 homines
