3972 6198
169 353 265 408 345

171 486 264 525 non
293 463 508 529 vident;
535 473 590 520 et
613 464 734 520 talia
761 462 833 518 ibi
880 459 1227 518 meditabatur
1250 499 1266 522 ,
1307 466 1364 513 ut
1409 473 1506 512 nec
1537 474 1588 511 tn
1617 472 1730 528 Ipsu

169 563 324 621 corde
350 561 727 632 requiesceret.
756 556 1076 626 lniquitatem
1101 551 1464 634 meditatusest
1489 550 1543 603 in
1575 549 1732 604 cubili

169 674 270 712 δυο.

228 749 282 803 6.
327 746 497 800 Astitit
539 743 674 797 onmi
717 742 808 795 via:
853 755 952 792 non
988 737 1149 792 bome.
1194 735 1329 804 Quid
1369 743 1486 802 est,
1538 733 1734 788 astitit?

168 841 569 898 Perseveranter
611 832 863 903 peccavit.
901 829 1050 885 Unde
1099 837 1152 882 ct
1199 828 1265 883 de
1292 827 1516 897 quedam
1548 828 1634 897 pio
1678 834 1733 880 ct

168 938 297 990 bono
318 932 512 988 dicitur
536 947 548 981 :
576 927 642 981 Et
669 927 721 980 in
745 926 826 979 via
847 933 1161 995 peccatorum
1186 938 1284 976 non
1313 923 1444 975 stetit
1476 919 1649 987 (Psal.
1686 936 1726 988 ι,

168 1026 231 1098 l).
263 1020 544 1092 Quomodo
574 1019 659 1072 ille
689 1031 794 1070 non
827 1015 992 1078 stetit,
1019 1014 1094 1067 sic
1124 1013 1222 1066 iste
1261 1012 1442 1065 astitit.
1475 1009 1729 1064 Malitiant

165 1128 322 1172 autent
343 1131 446 1168 non
473 1111 589 1167 odio
610 1109 802 1163 habuit.
828 1107 903 1162 Ibi
931 1114 1012 1160 est
1041 1105 1180 1167 linis,
1199 1103 1269 1156 ibi
1295 1103 1493 1157 fructus
1516 1119 1529 1154 :
1557 1103 1601 1155 si
1620 1117 1725 1155 non

165 1217 330 1278 potest
363 1222 467 1259 non
500 1204 692 1257 habere
737 1197 1008 1261 malitiam,
1061 1196 1146 1250 vel
1175 1194 1344 1248 oderit
1385 1194 1545 1246 illam.
1592 1191 1724 1246 Cum

165 1303 296 1356 enim
318 1297 479 1353 odisti
507 1296 668 1358 illam,
698 1293 781 1346 vix
803 1291 893 1344 tibi
915 1289 1151 1356 subrepit
1181 1295 1237 1341 ut
1281 1284 1476 1354 aliquid
1505 1283 1626 1336 mali
1649 1284 1726 1336 la-

164 1395 278 1447 cias.
331 1390 424 1444 Est
470 1389 612 1442 enim
666 1393 935 1452 peccaturo
981 1379 1031 1432 in
1075 1376 1283 1431 mortali
1337 1389 1561 1444 corpore
1589 1392 1600 1426 :
1628 1372 1724 1426 sed

164 1482 274 1552 quid
305 1479 436 1535 dicit
473 1471 792 1546 Apostolus?
834 1469 953 1524 Non
987 1476 1158 1538 regnet
1201 1477 1456 1536 peccatum
1482 1464 1535 1518 in
1564 1473 1722 1516 vestro

166 1576 354 1630 mortali
393 1586 622 1641 corpore,
664 1567 730 1620 ad
767 1563 1092 1619 obediendum
1121 1559 1382 1614 desideriis
1407 1559 1514 1629 ejus
1547 1556 1718 1628 (Rom.

164 1685 228 1734 vt,
256 1667 364 1736 l2).
412 1660 635 1731 Quando
666 1656 848 1726 incipit
873 1669 977 1708 non
1002 1650 1158 1706 esse?
1187 1648 1408 1716 Quando
1433 1645 1722 1715 complebi-

167 1771 242 1813 tur
265 1759 316 1812 in
344 1755 499 1810 nobis
531 1750 668 1822 quod
710 1749 783 1803 ait
814 1764 828 1800 :
855 1744 983 1801 Cum
1017 1741 1340 1812 corruptibile
1366 1740 1460 1792 hoc
1502 1739 1721 1792 induerit

165 1848 592 1917 incorruptionem,
619 1850 665 1894 et
694 1836 906 1892 mortale
933 1835 1026 1888 hoc
1055 1832 1268 1887 induerit
1296 1829 1721 1883 immortalitatem

163 1940 201 2008 (l
236 1939 345 1994 Cor.
400 1951 498 2002 xv,
530 1933 640 2004 55).
686 1933 980 1999 Antequam
1023 1925 1122 1980 hoc
1168 1924 1278 1990 liat,
1318 1932 1400 1977 est
1440 1921 1720 1976 delectatio

163 2031 436 2102 iniquitatis
467 2029 518 2081 in
564 2038 815 2093 corpore;
855 2020 950 2077 sed
997 2019 1167 2088 major
1207 2026 1290 2071 est
1314 2015 1594 2070 delectatio
1627 2029 1720 2068 vo-

160 2129 354 2198 luptatis
378 2122 528 2178 verbi
548 2117 836 2189 sapicntite,
865 2114 1109 2184 praecepti
1133 2111 1244 2165 Dei.
1271 2110 1432 2164 Vince
1447 2116 1719 2179 peccatum

158 2229 203 2272 ct
225 2217 548 2271 voluntatem
585 2211 718 2280 ejus.
750 2209 1028 2263 Peccatum
1056 2213 1107 2259 et
1145 2202 1470 2273 iniquitatem
1519 2200 1716 2265 oderis,

159 2319 206 2363 ut
243 2309 438 2377 jungas
469 2315 518 2358 te
561 2303 668 2356 Deo
694 2299 782 2370 qui
824 2307 994 2353 tecum
1038 2294 1166 2350 illud
1204 2293 1392 2364 oderit.
1438 2291 1555 2352 Jam
1593 2305 1722 2346 con-

157 2401 353 2469 iunctus
371 2399 388 2428 ι
423 2402 599 2449 mente
628 2391 727 2462 legi
754 2389 868 2456 Dei,
906 2395 1082 2442 mente
1109 2386 1278 2442 servis
1307 2383 1409 2454 legi
1438 2383 1550 2438 Dei.
1579 2382 1646 2436 Et
1674 2381 1719 2436 si

157 2510 301 2549 carne
349 2497 629 2561 prepterea
657 2484 825 2539 servis
858 2481 957 2552 legi
989 2479 1188 2550 peccati
1238 2477 1414 2551 (Rom.
1465 2491 1560 2542 vn,
1603 2473 1716 2544 25),

156 2587 261 2656 quia
288 2591 420 2641 sunt
447 2582 497 2635 in
539 2588 589 2633 te
614 2574 986 2632 delectationes
1019 2569 1258 2641 quaedam
1287 2567 1549 2632 carnales,
1595 2575 1722 2620 tunc

156 2679 298 2733 nulla:
327 2683 490 2732 erunt
505 2669 712 2742 quando
727 2668 836 2738 jam
863 2681 970 2720 non
997 2663 1269 2734 pugnabis.
1306 2659 1461 2715 Aliud
1485 2668 1568 2714 est
1613 2673 1719 2713 non

157 2783 403 2841 pugnare,
437 2776 493 2821 ct
530 2777 648 2819 esse
678 2762 727 2816 in
755 2773 886 2828 pace
914 2771 1038 2811 vera
1077 2763 1236 2823 atque
1260 2759 1510 2822 perpetua
1531 2791 1546 2817 ,
1577 2748 1720 2814 aliud

157 2877 379 2934 pugnare
406 2869 461 2914 et
481 2859 728 2920 vincere;
758 2850 897 2906 aliud
921 2862 1152 2920 pugnare
1177 2855 1230 2901 et
1252 2845 1424 2907 vinci;
1457 2841 1598 2896 aliud
1622 2855 1722 2942 nec

156 2967 400 3026 pugnare,
446 2949 542 3004 scd
592 2946 749 3001 trahi.
779 2943 916 3000 Sunt
956 2940 1096 2996 enim
1125 2937 1368 2992 homines
1386 2948 1607 3005 prorsus
1634 2937 1722 3002 qui

157 3062 251 3100 non
296 3048 557 3116 pugnant,
611 3035 779 3107 qualis
808 3043 891 3089 est
939 3033 1038 3086 iste
1067 3029 1134 3084 de
1157 3043 1260 3098 quo
1303 3026 1532 3097 loquitur
1561 3041 1574 3078 :
1601 3037 1722 3078 cum

156 3137 283 3192 enim
311 3135 461 3196 dicit,
485 3129 738 3185 Malitiam
758 3142 857 3180 non
883 3124 997 3178 odio
1016 3121 1217 3186 habuit;
1245 3118 1507 3189 quomodo
1530 3123 1724 3186 pugnat

157 3239 329 3283 contra
353 3241 476 3282 eam
516 3237 676 3294 quam
703 3235 810 3274 non
832 3215 986 3271 odit?
1021 3214 1124 3269 Iste
1156 3228 1186 3266 a
1232 3211 1429 3266 malitia
1475 3207 1720 3274 trahitur,

156 3336 244 3376 nec
271 3326 489 3390 pugnat.
537 3316 670 3370 Sunt
706 3321 884 3366 autem
920 3307 1008 3377 qui
1039 3319 1270 3375 pugnare
1300 3303 1596 3372 incipiunt;
1629 3300 1723 3355 sed

157 3415 266 3482 quia
285 3414 355 3466 de
384 3409 586 3462 viribus
605 3405 713 3459 suis
745 3406 1088 3471 praesumunt,
1119 3404 1176 3451 ut
1198 3394 1441 3451 ostendat
1461 3393 1562 3450 illis
1584 3393 1724 3447 Deus

159 3507 268 3577 quia
314 3507 432 3575 ipse
458 3501 638 3566 vincit,
671 3498 714 3552 si
756 3512 814 3551 se
840 3495 999 3548 homo
1021 3489 1295 3560 subiungit
1325 3489 1460 3553 Deo,
1517 3497 1572 3542 et
1626 3501 1726 3554 pu-

160 3608 372 3669 gnantes
428 3595 725 3654 vincuntur,
777 3596 832 3642 et
875 3601 997 3642 cum
1052 3582 1204 3654 quasi
1245 3581 1505 3650 coeperint
1543 3587 1725 3633 tenere

157 3691 427 3759 justitiam,
461 3685 591 3740 ﬁunt
641 3679 878 3750 superbi,
925 3685 979 3732 et
1012 3675 1299 3732 eliduntur.
1333 3672 1422 3728 Isti
1472 3677 1722 3742 pugnant,

161 3781 244 3836 sed
285 3781 590 3834 vincuntur.
639 3772 766 3839 Quis
795 3778 877 3824 est
914 3776 1091 3822 autem
1143 3765 1231 3836 qui
1276 3770 1490 3833 pugnat,
1531 3769 1584 3816 et
1620 3776 1725 3814 non

163 3871 417 3927 vincitur?
454 3867 554 3935 Qui
605 3863 774 3920 dicit:
806 3860 960 3915 Video
1004 3858 1160 3912 aliam
1214 3857 1370 3926 legem
1407 3856 1458 3907 in
1498 3853 1728 3910 membris

160 3965 270 4018 meis
292 3967 658 4031 repugnantem
683 3954 780 4024 legi
805 3952 980 4004 mentis
1006 3964 1148 4002 metu.
1175 3947 1307 4002 Vide
1333 3947 1680 4015 pugnantem'
1709 3963 1722 3998 :

159 4055 244 4110 sed
273 4069 383 4108 non
425 4050 496 4104 de
523 4047 722 4103 viribus
766 4043 874 4096 suis
900 4039 1170 4110 prtesumit
1220 4039 1342 4103 iste,
1399 4035 1518 4090 ideo
1562 4036 1728 4090 victor

156 4151 266 4204 erit.
299 4144 442 4215 Quid
479 4141 621 4197 enim
650 4137 886 4207 sequitur
905 4134 928 4187 ’ἓ
954 4133 1149 4204 Infelix
1173 4146 1262 4201 ego
1293 4130 1462 4194 homo,
1492 4129 1602 4199 quis
1653 4145 1728 4182 me

157 4240 379 4296 liberabit
399 4237 461 4289 de
481 4247 690 4301 corpore
710 4230 881 4284 mortis
909 4228 1061 4298 hujus
1087 4225 1112 4277 ?
1135 4222 1309 4278 Gratia
1337 4221 1434 4276 Dei
1456 4239 1542 4292 per
1555 4221 1586 4275 .l
1593 4238 1729 4276 esum

153 4333 410 4389 Christum
439 4328 712 4383 Dominum
739 4332 962 4377 nostrum
1000 4318 1176 4390 (Rom.
1211 4332 1304 4380 Vtt,
1347 4315 1560 4384 23-25).
1589 4315 1730 4369 Prte-

154 4427 313 4482 aumit
339 4425 412 4480 de
435 4436 502 4478 eo
525 4419 613 4489 qui
631 4417 790 4487 jussit
813 4423 870 4468 ut
900 4419 1113 4482 pugnet,
1143 4417 1196 4464 et
1215 4407 1381 4462 vincit
1402 4407 1607 4460 hostem
1631 4405 1728 4459 ad-

148 4518 289 4589 jutus
329 4531 364 4572 a
403 4513 624 4584 iubente
648 4507 689 4560 ³.
724 4506 828 4561 Iste
865 4513 1042 4567 autem
1083 4497 1330 4553 malitiant
1355 4513 1455 4550 non
1479 4496 1594 4550 odio
1633 4496 1728 4549 Ita-

154 4611 277 4663 ltuit.

215 4701 268 4756 7.
297 4699 454 4771 [uera
487 4692 566 4765 6.]
597 4689 830 4754 Domine,
875 4687 930 4740 in
981 4683 1106 4740 caalo
1141 4679 1483 4735 misericordia
1523 4687 1628 4741 tua,
1685 4689 1732 4733 et

145 4797 329 4850 veritas
355 4803 445 4846 tua
465 4805 622 4857 usque
643 4785 710 4838 ad
735 4784 904 4838 nubes.
925 4778 1111 4834 Nescio
1131 4790 1287 4845 quam
1321 4773 1731 4828 misericordiam

146 4888 316 4958 ipsius
344 4882 497 4950 dicit,
523 4892 644 4948 quin
670 4875 721 4929 in
749 4873 888 4929 cmlo
925 4879 1026 4925 est.
1055 4869 1149 4922 Est
1188 4865 1331 4919 cnim
1373 4862 1732 4958 misericordia

145 4953 364 5033 Domini
393 4981 446 5028 et
473 4973 708 5026 interra.
738 4963 905 5020 IIahes
929 4960 1183 5029 scriptum
1213 4973 1226 5010 ε
1253 4953 1603 5010 Misericordia
1625 4954 1734 5008 Do-

142 5072 268 5126 mini
294 5069 454 5140 plena
477 5073 549 5118 est
580 5071 711 5115 terra
739 5054 908 5127 (Psal,
935 5047 1210 5140 xxxn.5).
1246 5048 1320 5102 De
1352 5061 1455 5140 qua
1483 5061 1613 5140 ergo
1631 5045 1734 5140 mi-

139 5137 444 5219 sericordia
470 5153 721 5224 loquitur,
742 5162 862 5202 cum
897 5144 1026 5198 dicit
1057 5159 1070 5194 :
1098 5139 1337 5205 Domine,
1364 5139 1416 5192 in
1463 5139 1585 5191 caelo
1635 5137 1733 5190 mi—

138 5248 436 5309 rerieordia
480 5245 610 5299 tua?
645 5242 862 5296 Munera
905 5236 998 5289 Dei
1041 5233 1230 5303 partim
1271 5229 1579 5300 temporalia
1612 5238 1735 5284 sunt

199 5366 217 5396 ι
257 5370 394 5421 “eg.
416 5365 470 5406 et
489 5357 786 5421 vatic._mss.:
813 5355 920 5421 Jant
943 5345 1472 5421 conjunctuslesLetsz
1487 5409 1589 5421 ﬂ“
1621 5404 1656 5421 Δ

195 5427 218 5456 ²
255 5404 392 5472 E651
425 5404 593 5474 verba,
633 5407 916 5475 tegimentis
944 5404 1079 5475 mete,
1104 5405 1227 5467 apud
1261 5416 1358 5475 am.
1385 5404 1589 5451 habetur
1620 5404 1688 5475 sic
1717 5415 1730 5450 :

141 5466 917 5545 riae'r'Eiiugnaméaté'gem.tati
932 5467 1098 5545 mare
1108 5466 1734 5545 Efﬁ‘f’:.”l‘i’f£‘.’ﬂ£‘9!'€'¥i€’!§z

133 5524 378 5600 έεῖἷιᾶιξ
389 5524 629 5600 Eii-1mm
647 5524 741 5585 Eri:
763 5545 778 5579 ι
798 5524 896 5584 idéi
918 5524 1537 5600 repugnantemlegemlegi
1567 5524 1736 5600 mentis

137 5593 444 5666 italiae:
482 5593 838 5666 repugnantem.
877 5593 1003 5666 apud
1039 5593 1197 5666 'Lov._t
1232 5593 1375 5666 {iaci
1387 5593 1736 5666 repugnantem

135 5648 445 5733 λῖν-ξ’πῶἧῖἷέ
611 5648 718 5710 itide
742 5648 1095 5721 repugnantem,
1123 5658 1218 5700 etc.
1241 5657 1341 5708 Quo
1363 5648 1467 5698 loco
1491 5648 1593 5697 Mss.
1619 5655 1734 5709 Reg.

138 5726 380 5782 et'tauc.
404 5726 557 5776 secuti
582 5734 760 5773 sumus.
822 5781 833 5785 _
857 5781 866 5785 _
965 5784 968 5785 ν
1027 5776 1037 5785 ο

196 5769 233 5826 ³⁷
248 5769 557 5853 Ξῖξῖξιῧᾷἷιῦἶ
701 5791 754 5833 At
777 5781 907 5842 add,
926 5784 971 5829 et
992 5776 1145 5828 t't'ncat
1169 5772 1345 5825 hostem
1362 5778 1553 5835 argutus
1570 5779 1628 5821 ab
1651 5769 1736 5820 atl-

140 5861 364 5908 'acwue.

1252 338 1646 396 ENARRATIO
1682 337 1747 394 IN
1783 338 2104 397 PSALMUM
2146 341 2357 398 XXXV.

3296 352 3399 406 546

1842 470 1998 532 atque
2019 472 2246 530 terrena,
2275 464 2464 534 partim
2485 473 2678 520 mterna
2709 475 2760 521 ct
2783 467 3018 524 cmlestia
3045 488 3056 523 :
3081 471 3166 540 qui
3189 484 3403 542 propter

1787 572 1791 581 ·
1838 553 1940 609 hoc
1962 554 2086 609 colit
2111 556 2297 621 Deum,
2330 566 2386 609 ut
2414 565 2620 611 terrena
2651 558 2750 612 ista
2780 571 2936 630 atque
2963 563 3268 630 temporalia
3299 578 3393 616 ac-

1836 647 2014 716 cipiat,
2060 663 2176 717 qua:
2223 648 2471 704 omnibus
2515 660 2707 718 prtasto
2748 665 2890 718 sunt,
2939 655 3086 723 quasi
3129 654 3301 709 adhuc
3344 665 3401 708 ut

1835 753 1996 809 pecus
2033 748 2155 802 est;
2188 739 2349 794 utitur
2387 739 2600 812 quidem
2621 741 2978 796 misericordia
3011 745 3122 808 Dei,
3152 745 3244 798 sed
3291 760 3396 797 non

1836 829 1922 884 illa
1947 846 2065 901 qua:
2100 841 2320 900 excepta
2353 841 2434 886 est
2464 831 2505 894 ¹,
2561 848 2679 902 quae
2727 848 2830 886 non
2872 833 3080 888 dabitur
3131 835 3230 908 nisi
3275 836 3404 889 solis

1829 921 2005 992 justis,
2034 924 2249 986 sanctis,
2283 923 2452 977 bonis.
2485 923 2612 992 Qua:
2631 933 2755 979 sunt
2782 938 2995 980 munera
3023 942 3137 996 quae
3158 929 3402 984 omnibus

1831 1013 2139 1068 abundant?
2165 1014 2261 1082 Qui
2290 1016 2454 1070 solem
2481 1031 2634 1070 suum
2659 1015 2787 1072 oriri
2813 1016 2932 1072 facit
2959 1033 3117 1087 super
3143 1019 3309 1073 bonos
3336 1029 3393 1074 et

1831 1105 2017 1168 malos,
2046 1114 2097 1159 et
2115 1106 2414 1176 pluitsuper
2439 1107 2610 1174 justos
2637 1117 2688 1163 et
2714 1107 2936 1178 injustas
2967 1108 3175 1179 (Matth.
3201 1126 3253 1177 v,
3282 1110 3396 1181 45).

1829 1197 1957 1264 Quis
1988 1213 2092 1251 non
2133 1197 2291 1252 habet
2329 1200 2481 1252 istam
2526 1201 2938 1255 misericordiam
2971 1202 3084 1264 Dei,
3131 1203 3299 1272 primo
3343 1213 3402 1258 ut

1828 1290 1916 1354 sit,
1948 1300 2004 1344 ut
2023 1292 2042 1320 ²
2072 1290 2405 1345 discernatur
2433 1307 2462 1345 a
2494 1293 2793 1361 pecoribus,
2824 1304 2877 1348 ut
2905 1295 3160 1350 rationale
3190 1296 3258 1350 sit
3280 1298 3400 1350 ani-

1827 1380 1954 1446 mal,
2002 1381 2089 1451 qui
2136 1383 2300 1450 possit
2348 1382 2513 1436 Dcum
2555 1384 2866 1453 intelligere,
2909 1385 3103 1439 deinde
3149 1384 3246 1439 lrui
3295 1387 3395 1440 ista

1826 1473 1962 1537 luce,
1996 1472 2096 1526 isto
2122 1488 2267 1539 aere,
2320 1473 2512 1542 pluvia,
2555 1473 2829 1539 fructibus,
2853 1473 3158 1529 diversitate
3188 1485 3398 1545 tempo-

1825 1579 1963 1627 rum,
1998 1562 2201 1616 solatiis
2227 1563 2471 1628 terrenis,
2503 1564 2671 1617 salute
2699 1565 2956 1634 corporis,
2984 1564 3172 1620 all‘ectu
3206 1567 3402 1621 amico-

1824 1671 1962 1718 rum,
2010 1655 2176 1709 salute
2213 1655 2400 1709 domus
2445 1657 2596 1709 sate?
2638 1655 2824 1710 Omnia
2856 1657 2953 1711 ista
2994 1658 3130 1713 bona
3163 1668 3307 1726 sunt,
3347 1669 3402 1714 et

1825 1748 1916 1803 Dei
1949 1763 2166 1802 munera
2193 1754 2331 1800 sunt.
2356 1745 2432 1800 Ne
2455 1747 2666 1814 putetis,
2695 1747 2902 1814 fratres,
2926 1749 3065 1818 quod
3093 1749 3282 1820 aliquis
3307 1751 3394 1805 illa

1823 1843 2018 1914 poterit
2065 1841 2211 1905 dare,
2255 1839 2356 1894 nisi
2406 1855 2540 1893 unus
2581 1840 2739 1895 Deus.
2779 1841 3105 1910 Quicumque
3137 1858 3262 1912 ergo
3290 1859 3400 1898 non

1823 1945 2134 2006 exspectant
2156 1935 2273 1998 ista,
2303 1933 2400 1988 nisi
2427 1949 2455 1986 a
2488 1933 2728 1999 Domino,
2764 1929 2986 1987 multum
3012 1935 3228 1989 interest
3257 1937 3394 1990 inter

1823 2029 1921 2084 bos
1945 2037 2000 2082 et
2017 2043 2110 2083 eos
2137 2027 2224 2097 qui
2252 2025 2337 2080 illa
2367 2034 2611 2094 quarrnnt
2656 2035 2743 2077 aut
2774 2040 2800 2077 a
2834 2023 3184 2092 (Immonihns,
3227 2035 3318 2080 aut
3369 2043 3399 2081 a

1823 2119 2108 2190 sortilegis,
2140 2126 2229 2172 aut
2256 2133 2284 2196 a
2312 2115 2714 2170 mathematicis.
2740 2115 2828 2170 Isti
2869 2117 3008 2170 enim
3049 2116 3255 2171 duobus
3285 2132 3399 2170 mo-

1823 2212 1904 2267 dis
1925 2211 2103 2264 miseri
2125 2219 2268 2276 sunt,
2300 2209 2420 2278 quia
2450 2216 2503 2262 et
2529 2219 2735 2262 terrena
2763 2208 2874 2263 sola
2901 2209 3037 2264 bona
3073 2208 3395 2275 desiderant,

1824 2311 1878 2357 et
1907 2317 2008 2357 non
2036 2301 2102 2355 ab
2122 2315 2186 2355 eo
2215 2307 2397 2368 petunt
2421 2299 2612 2369 quidat
2633 2301 2807 2352 omnia
2835 2299 2992 2354 bona.
3011 2299 3110 2368 Qui
3135 2316 3262 2354 vero
3300 2302 3400 2355 ista

1825 2394 1965 2450 bona
2007 2391 2334 2456 desiderant,
2364 2400 2417 2444 et
2444 2394 2494 2443 in
2523 2390 2604 2444 his
2634 2391 2785 2445 bonis
2817 2390 2997 2446 felices
3025 2406 3143 2446 esse
3191 2391 3398 2459 volunt,

1824 2495 1878 2540 et
1901 2486 1996 2539 ista
2026 2485 2136 2538 sola
2163 2490 2346 2552 petunt
2371 2496 2399 2535 a
2426 2481 2552 2548 Deo,
2594 2481 2696 2537 hoc
2740 2481 2953 2551 quidem
2979 2484 3224 2539 meliores
3252 2492 3396 2550 sunt,

1824 2579 1946 2650 quia
1970 2594 2000 2633 a
2031 2578 2139 2632 Dco
2159 2584 2343 2646 petunt
2369 2594 2382 2640 ;
2410 2577 2501 2630 sed
2523 2575 2694 2630 adhuc
2729 2576 3109 2644 periclitantur.
3146 2573 3279 2632 Dicit
3303 2580 3401 2633 ali-

1825 2670 1943 2740 quis
1969 2688 1982 2723 :
2009 2668 2185 2736 Quare
2213 2666 2620 2734 periclitantur?
2663 2666 2959 2734 Aliquando
2986 2665 3127 2720 enim
3155 2667 3400 2722 conside--

1824 2769 1944 2816 rant
1970 2775 2056 2814 res
2096 2758 2371 2821 humanas,
2405 2766 2458 2812 ct
2479 2755 2658 2811 vident
2679 2758 2775 2811 ista
2803 2758 2978 2812 omnia
2996 2758 3132 2814 bona
3164 2768 3394 2825 terrena,

1825 2869 1942 2924 quae
1984 2850 2306 2916 desiderant,
2351 2849 2544 2905 habere
2584 2859 2740 2920 atque
2790 2850 3058 2905 abundare
3103 2851 3292 2921 impios
3343 2863 3398 2905 et

1826 2946 2054 3016 iniquos,
2073 2953 2126 2999 et
2149 2952 2329 3014 putant
2354 2943 2472 3013 quia
2504 2943 2844 3012 perdiderunt
2869 2941 3166 3000 mercedem
3188 2945 3397 3000 colendi

1828 3035 2018 3104 Deum,
2061 3036 2180 3107 quia
2228 3035 2278 3089 id
2303 3035 2442 3104 quod
2485 3035 2606 3088 mali
2650 3035 2867 3102 habent,
2913 3044 2966 3090 et
3000 3037 3096 3105 ipsi
3135 3037 3332 3091 habent
3352 3037 3395 3101 ³,

1826 3143 1944 3184 cum
1972 3127 2070 3198 ipsi
2099 3126 2276 3182 colant
2301 3126 2486 3191 Deum,
2530 3141 2684 3196 quem
2717 3142 2821 3180 non
2843 3127 3019 3181 colunt
3039 3127 3151 3192 illi;
3183 3136 3274 3182 aut
3303 3127 3400 3180 ali-

1827 3221 2038 3293 quando
2059 3221 2133 3275 illi
2155 3220 2243 3291 qui
2269 3219 2451 3273 colunt
2487 3231 2590 3272 non
2637 3218 2851 3284 habent,
2882 3227 2935 3272 et
2960 3218 3030 3272 illi
3063 3218 3258 3273 habent
3309 3220 3398 3290 qui

1828 3311 2195 3382 blasphemant
2229 3329 2242 3364 :
2267 3326 2393 3378 ergo
2423 3310 2473 3364 in
2503 3309 2739 3378 periculo
2760 3321 2882 3364 sunt
2902 3309 3093 3363 adhuc.

1897 3403 1950 3456 8.
1992 3401 2090 3456 IIic
2118 3410 2297 3456 autem
2326 3417 2451 3455 vere
2479 3401 2741 3456 intellexit
2772 3417 2926 3469 quam
2981 3400 3400 3456 misericordiam

1829 3492 2141 3563 deprecetur
2159 3507 2190 3546 a
2213 3492 2340 3546 Deo.
2377 3490 2606 3555 Domine,
2627 3494 2678 3544 in
2706 3492 2829 3544 cwlo
2855 3491 3193 3544 misericordia
3219 3501 3324 3556 tua,
3356 3502 3402 3545 et

1829 3586 2008 3638 veritas
2037 3594 2124 3637 tua
2153 3599 2308 3651 usque
2340 3584 2407 3636 ad
2437 3583 2589 3636 nubes
2613 3598 2630 3635 :
2657 3583 2708 3636 id
2739 3591 2840 3649 cst,
2871 3582 3233 3637 misericordia
3256 3600 3402 3652 quze-

1829 3675 1949 3729 dam
1998 3690 2156 3744 quam
2201 3673 2366 3742 donas
2406 3673 2602 3728 sanctis
2655 3674 2798 3735 tuis,
2837 3672 3071 3728 caelestis
3124 3681 3239 3739 est,
3295 3689 3401 3727 non

1832 3776 2040 3821 terrena
2064 3782 2078 3829 ;
2106 3774 2302 3819 aeterna
2325 3775 2424 3827 est,
2457 3765 2761 3832 temporalis
2788 3780 2890 3817 non
2919 3774 3017 3818 est.
3042 3765 3108 3819 Et
3138 3766 3404 3835 quomodo

1830 3857 1972 3911 illam
2003 3856 2213 3925 potuisti
2243 3854 2558 3909 annuntiare
2583 3854 2919 3908 hominibus?
2943 3855 3074 3923 Quia
3103 3858 3282 3911 veritas
3317 3868 3404 3911 tua

1831 3963 1983 4016 usque
2027 3947 2093 3998 ad
2136 3945 2305 3999 nubes.
2348 3944 2479 3999 Nam
2531 3944 2648 4014 quis
2698 3953 2879 4015 posset
2923 3961 3076 4002 nosse
3132 3948 3402 4003 cmlcstent

1830 4035 2250 4093 miscricordiam
2272 4037 2384 4102 Dei,
2415 4036 2515 4090 nisi
2543 4035 2882 4091 annuntiarct
2904 4037 3042 4092 Deus
3065 4039 3403 4093 hominibus?

1830 4127 2263 4196 Quomodoillam
2282 4127 2644 4181 annuntiavit?
2672 4128 2924 4182 Mittendo
2948 4130 3221 4185 veritatem
3253 4147 3404 4186 suam

1833 4234 2000 4288 usque
2023 4218 2088 4274 ad
2116 4218 2303 4274 nubes.
2336 4219 2463 4286 Quae
2490 4226 2615 4294 spat
2635 4218 2834 4272 nubes?
2851 4219 3231 4276 Prardicatores
3257 4224 3404 4276 verbi

1832 4309 1946 4366 Dei.
1978 4309 2130 4366 Unde
2146 4309 2370 4378 quodam
2396 4309 2511 4363 loco
2530 4309 2670 4365 Deus
2692 4310 2856 4364 iratus
2879 4320 2961 4364 est
2980 4312 3187 4366 cuidam
3213 4314 3402 4366 vinea}.

1832 4401 2083 4471 Iutclligit
2112 4401 2272 4460 enim,
2302 4413 2554 4468 quantum
2581 4409 2728 4470 puto,
2757 4401 2997 4456 Charitas
3026 4401 3231 4475 Vestra,
3255 4402 3405 4458 audi-

1833 4492 1907 4545 vit
1937 4491 2120 4545 Isaiam
2170 4489 2502 4558 prophetam,
2547 4489 2632 4544 ubi
2684 4491 2811 4545 dicit
2837 4490 2904 4545 de
2932 4491 3156 4561 quadam
3204 4493 3402 4548 vinea:

1835 4581 2133 4652 Exspectata
2165 4591 2216 4634 ut
2242 4582 2424 4649 faceret
2462 4567 2770 4652 uvam,[ccit
2798 4593 2964 4638 autem
3005 4585 3196 4655 spinas.
3238 4584 3302 4638 Et
3340 4601 3407 4639 ne

1835 4675 1950 4740 quis
1969 4682 2179 4744 putaret
2195 4673 2260 4728 de
2279 4675 2432 4729 vinea
2454 4675 2552 4729 ista
2569 4675 2761 4730 visibili
2785 4675 2982 4741 dicere,
3017 4677 3092 4730 sic
3116 4677 3406 4733 conclusit:

1848 4764 2000 4819 Vinea
2019 4774 2193 4819 autem
2219 4764 2417 4818 Domini
2435 4764 2679 4829 Sabaoth,
2699 4765 2874 4819 domus
2903 4765 3068 4820 Israel
3083 4777 3183 4832 est;
3202 4777 3247 4822 et
3260 4769 3407 4822 homo

1835 4855 1994 4923 Juda,
2023 4854 2274 4910 novellum
2315 4856 2571 4911 dilectum.
2615 4855 2755 4925 Ergo
2783 4856 2950 4926 ipsam
2999 4857 3205 4914 vineam
3234 4859 3407 4914 incre—

1836 4948 2014 5019 pabat,
2042 4963 2198 5018 quam
2219 4947 2545 5018 exspectavit
2572 4956 2627 5001 ut
2657 4946 2852 5002 faceret
2877 4965 3050 5016 uvam,
3084 4951 3206 5005 fecit
3231 4963 3405 5006 autem

1836 5040 2034 5110 spinas.
2064 5039 2130 5094 Et
2158 5040 2281 5109 quid
2306 5039 2416 5093 ait?
2446 5039 2704 5092 Mandabo
2732 5041 2944 5096 nubibus
2977 5046 3097 5096 meis
3134 5062 3197 5098 ne
3232 5046 3408 5114 pluunt

1837 5148 1990 5202 super
2011 5147 2140 5184 eam.
2183 5129 2348 5183 Iratus
2376 5129 2515 5183 Deus
2561 5129 2660 5182 hoc
2690 5130 2825 5184 dixit
2853 5148 2864 5183 :
2896 5131 3153 5186 Mandabo
3198 5136 3409 5188 nubibus

1836 5225 1978 5288 meis,
2018 5240 2081 5278 ne
2111 5223 2288 5292 pluunt
2329 5237 2481 5290 super
2525 5237 2632 5274 eam
2661 5220 2814 5293 (Isai.
2848 5241 2898 5287 v,
2925 5225 2977 5284 4,
3002 5227 3053 5289 6,
3080 5225 3132 5296 7)
3162 5241 3178 5283 ς
3209 5235 3263 5280 ct
3287 5241 3409 5280 vere

1837 5314 2030 5369 factum
2069 5321 2169 5367 est.
2211 5312 2353 5366 Missi
2401 5323 2524 5366 sunt
2556 5311 2695 5368 enim
2730 5316 3102 5383 prmdicatores
3149 5318 3408 5387 Apostoli.

1836 5405 1924 5461 Sic
1950 5404 2200 5458 habemus
2231 5404 2279 5457 in
2306 5403 2523 5458 Actibus
2550 5406 2944 5474 Apostolorum,
2982 5409 3100 5478 quia
3141 5411 3410 5477 apostolus

1902 5585 1918 5615 ι
1953 5581 2086 5641 Edd.,
2113 5593 2256 5645 quam
2276 5587 2634 5646 exspectaturus
2668 5587 2754 5634 est.
2772 5589 2877 5634 Mss.
2912 5591 3073 5634 autem
3103 5596 3276 5646 magno
3296 5595 3410 5632 etui-

1837 5658 2002 5702 sensu,
2023 5649 2223 5703 excepta
2243 5650 2329 5694 est.
2368 5691 2381 5706 ,
2438 5705 2479 5706 η
2613 5703 2622 5706 _
2930 5705 2935 5706 ί
2986 5660 2994 5667 ·

1903 5709 1922 5738 ³
1955 5711 2018 5754 Ita
2042 5708 2089 5754 in
2111 5713 2218 5754 Mss.
2235 5714 2297 5766 (At
2319 5703 2520 5762 in'Edd.,
2545 5703 2698 5766 primo
2720 5713 2770 5756 ut
2792 5706 2861 5757 sic
2885 5705 3204 5756 discernatur.

1903 5769 1923 5799 ³
1955 5767 2205 5830 bdd.,_au_t_
2226 5764 2318 5830 ipsi
2339 5779 2431 5815 non
2454 5764 2638 5817 habent.
2668 5776 2718 5818 At
2753 5782 2869 5817 vero
2901 5773 3006 5816 Mss.
3042 5769 3224 5828 absque
3267 5781 3408 5830 nega-

1842 5832 1989 5890 tione,
2013 5837 2056 5878 ct
2080 5827 2170 5889 ipsi
2188 5826 2370 5878 habent.
