3972 6198
488 420 491 423 ι
546 386 649 444 547

544 507 739 563 Paulus
777 503 983 558 volebat
1009 499 1298 571 prmdicare
1319 496 1536 563 Judmis,
1558 502 1619 578 et
1639 490 1846 548 invenit
1872 488 1944 544 ibi
1992 500 2101 540 non

544 613 724 661 uvam,
765 595 857 650 sed
899 595 1115 664 spinas:
1145 601 1420 660 cmperunt
1467 577 1609 644 enim
1641 600 1740 658 pro
1775 583 1928 639 bonis
1974 577 2112 634 mala

512 688 786 760 .reddere,
817 697 871 742 et
897 686 1161 756 persequi.
1204 685 1269 739 Et
1296 685 1388 748 ait,
1432 692 1679 752 tanquam
1718 676 1943 748 implens
1967 671 2110 744 quod

541 782 738 838 dictum
773 792 874 849 est,
924 779 1182 835 Mundubo
1221 778 1430 833 nubibus
1464 777 1588 831 meis
1637 792 1701 830 ns
1740 772 1919 846 pluunt
1962 784 2114 839 super

541 889 652 927 eum
679 888 700 927 :
728 871 806 926 Ad
835 889 919 927 vos
940 871 1079 925 missi
1104 886 1325 933 eramus,
1356 869 1443 923 sed
1468 867 1587 938 quia
1620 865 1881 936 respuistis
1910 862 2113 918 verbum

545 962 661 1035 Dei,
705 980 816 1018 ecce
840 964 1170 1018 convertimur
1196 962 1263 1015 ad
1301 960 1482 1015 Gentes
1503 959 1636 1031 (Act.
1665 973 1778 1023 xm,
1807 956 1920 1025 46).
1969 953 2113 1023 Ergo

537 1053 821 1125 'mpletum
848 1063 964 1120 cst,
1003 1052 1260 1107 Mundubo
1293 1051 1505 1106 nubibus
1532 1050 1653 1105 meis
1676 1065 1738 1104 ne
1762 1048 1938 1118 pluunt
1964 1059 2115 1114 super

544 1163 674 1202 eam.
707 1144 979 1217 Usquead
1006 1144 1175 1199 nubes
1202 1142 1394 1198 veritas
1418 1142 1603 1196 venit:
1634 1139 1755 1194 ideo
1774 1136 1926 1205 nobis
1947 1133 2117 1206 potuit

545 1238 776 1291 nuntiari
807 1235 1169 1292 misericordia
1196 1234 1286 1289 Dei
1312 1249 1431 1305 qua:
1462 1234 1513 1286 in
1543 1231 1680 1287 etelo
1703 1237 1806 1295 est,
1833 1236 1888 1284 et
1910 1242 2016 1282 non
2057 1225 2112 1281 in

546 1338 706 1382 terra.
752 1328 818 1383 Et
861 1343 1066 1393 revera,
1109 1316 1330 1393 fratres,
1364 1323 1535 1379 nubes
1568 1330 1690 1378 sunt
1741 1319 2115 1392 prtedicatores

546 1420 696 1475 verbi
737 1421 993 1476 veritatis.
1046 1418 1267 1489 Quando
1312 1420 1545 1472 minatur
1592 1432 1689 1487 per
1744 1413 2114 1485 prazdicatores

546 1511 707 1578 Deus,
755 1521 899 1567 tonat
941 1526 1034 1579 per
1077 1510 1261 1565 nubes.
1302 1508 1524 1575 Quando
1563 1506 1817 1561 miracula
1859 1504 1983 1558 facit
2019 1518 2116 1573 per

547 1604 921 1672 praedicatores
950 1602 1107 1666 Deus,
1156 1610 1399 1655 coruscat
1448 1614 1542 1668 per
1583 1597 1770 1662 nubes,
1822 1603 1984 1652 terret
2022 1609 2118 1664 per

551 1694 739 1759 nubes,
770 1704 825 1748 et
849 1694 1031 1764 irrigat
1054 1709 1148 1763 per
1167 1694 1421 1763 pluviam.
1453 1689 1830 1746 Prmdicatores
1853 1702 1980 1758 ergo
2004 1688 2114 1755 isti,

551 1803 645 1855 per
682 1787 848 1856 quos‘
890 1786 1204 1856 praedicatur
1248 1784 1589 1854 Evangelium
1636 1781 1752 1848 Dei,
1808 1780 1975 1836 nubes
2023 1779 2118 1835 Dei

547 1885 690 1932 sunt.
721 1877 1006 1948 Speremus
1033 1892 1159 1948 ergo
1200 1874 1638 1941 misericordiam,
1683 1872 1777 1930 sed
1817 1873 1960 1928 illam
2000 1888 2118 1943 quae

547 1969 600 2024 in
629 1964 764 2025 ceelo
782 1978 881 2024 est.

618 2060 672 2116 9.
713 2058 863 2133 [vers.
904 2060 981 2133 7.]
1014 2058 1224 2115 Iustitia
1263 2067 1350 2113 tua
1385 2058 1510 2114 sicut
1557 2067 1746 2112 montes
1765 2054 1902 2112 Dei:
1918 2056 2119 2126 judicia

548 2162 636 2207 tua
676 2154 804 2209 sicut
853 2152 1060 2223 ubyssus
1104 2153 1282 2207 multa.
1314 2153 1413 2219 Qui
1451 2160 1574 2207 sunt
1615 2159 1821 2206 montes
1855 2150 1994 2206 Dei?
2019 2149 2118 2217 Qui

551 2243 678 2299 dicti
722 2252 849 2299 sunt
897 2245 1085 2308 nubes,
1136 2244 1235 2314 ipsi
1285 2252 1409 2298 sunt
1441 2253 1495 2298 et
1535 2253 1744 2298 montes
1779 2243 1870 2298 Dei
1901 2260 1915 2297 :
1944 2243 2121 2316 magni

549 2332 943 2403 praedicatores,
968 2342 1179 2388 montes
1209 2332 1322 2388 Dei.
1352 2333 1421 2387 Et
1440 2332 1727 2403 quomodo,
1762 2331 1974 2405 quando
2014 2335 2123 2391 ori-

551 2433 636 2479 tur
658 2425 760 2493 sol,
791 2426 938 2497 prius
961 2427 1079 2481 luce
1107 2435 1314 2483 montes
1337 2425 1513 2491 vestit,
1541 2435 1595 2480 et
1631 2423 1756 2483 inde
1779 2428 1869 2483 lux
1921 2426 1989 2482 ad
2025 2426 2124 2483 hu-

550 2520 771 2576 millima
804 2530 1061 2575 terrarum
1091 2518 1409 2579 descendit:
1441 2524 1519 2578 sic
1540 2521 1751 2593 quando
1774 2519 1918 2576 venit
1939 2519 2123 2575 Domi-

548 2628 650 2668 nus
673 2624 851 2667 noster
873 2613 1027 2672 Jcsus
1044 2610 1304 2684 Christus,
1325 2618 1467 2687 prius
1482 2615 1703 2671 radiavit
1722 2615 1772 2669 in
1789 2613 2122 2669 altitudinem

548 2703 944 2778 Apostolorum,
969 2708 1112 2777 prius
1134 2707 1413 2761 illustravit
1429 2715 1654 2774 montes,
1677 2712 1733 2761 et
1749 2704 1827 2760 sic
1851 2703 2124 2760 descendit

548 2798 640 2854 lux
666 2798 779 2869 ejus
813 2799 877 2853 ad
901 2784 1201 2854 convallem.
1212 2807 1491 2853 terrarum.
1517 2797 1584 2853 Et
1608 2796 1727 2852 ideo
1748 2794 1979 2867 quodam
2005 2795 2124 2852 loco

550 2889 678 2944 dicit
715 2890 767 2943 in
809 2889 1051 2958 psalmo:
1078 2876 1256 2942 Levavi
1304 2888 1473 2942 oculos
1496 2903 1632 2942 meos
1654 2886 1708 2941 in
1740 2896 1952 2955 montes,
1989 2885 2125 2942 unde

551 2982 709 3036 veniet
728 2982 973 3036 auxilium
1001 2981 1142 3034 mihi.
1169 2980 1275 3036 Sed
1301 2980 1407 3034 noli
1434 2988 1641 3050 putare,
1680 2978 1804 3048 quia
1837 2962 1939 3048 ipsi
1964 2992 2123 3032 mon-

553 3084 632 3128 tes
659 3073 749 3127 tibi
774 3072 973 3128 dabunt
994 3072 1248 3126 auxilium
1280 3072 1581 3141 :accipiunt
1606 3070 1751 3126 enim
1789 3069 1931 3141 quod
1967 3069 2116 3134 dent,

553 3178 659 3218 non
687 3163 757 3218 de
785 3176 882 3217 suo
904 3162 1049 3217 dant.
1080 3163 1146 3216 Et
1181 3162 1225 3216 si
1256 3161 1573 3216 remanseris
1613 3160 1669 3215 in
1697 3160 1984 3228 montibus,
2014 3175 2123 3215 non

552 3254 653 3308 erit
677 3254 827 3308 firma
854 3267 976 3322 spes
1004 3262 1090 3307 tua
1119 3269 1133 3305 :
1165 3250 1259 3307 sed
1290 3252 1342 3306 in
1383 3252 1474 3306 illo
1521 3251 1610 3322 qui
1636 3251 1894 3306 illuminat
1917 3259 2124 3307 montes

552 3358 676 3411 spes
704 3352 789 3397 tua
814 3352 868 3398 et
893 3341 1234 3413 praesumptio
1264 3350 1351 3396 tua
1371 3340 1530 3397 debet
1555 3355 1697 3397 esse.
1726 3340 1996 3396 Auxilium
2024 3354 2122 3396 au-

554 3445 659 3489 tem
708 3435 885 3489 veniet
937 3433 1027 3488 tibi
1069 3432 1136 3488 de
1178 3432 1476 3498 montibus,
1521 3433 1644 3502 quia
1699 3429 1986 3502 Scriptura:
2030 3446 2127 3501 per

554 3536 761 3584 montes
791 3527 881 3583 tibi
921 3527 1231 3582 ministrata:
1274 3534 1414 3589 sunt,
1448 3541 1539 3595 per
1568 3539 1785 3595 magnos
1812 3524 2124 3595 prtedicato~

553 3638 639 3679 res
673 3622 907 3677 veritatis
935 3640 951 3676 :
982 3620 1073 3675 sed
1102 3620 1209 3675 noli
1236 3619 1288 3673 in
1314 3619 1418 3673 illis
1443 3619 1600 3688 ﬁgere
1619 3632 1767 3688 spem
1797 3625 1961 3672 tuam.
1988 3616 2125 3673 Audi

552 3714 676 3786 quid
706 3714 844 3769 dicat
869 3719 1253 3783 consequenter
1286 3728 1300 3766 :
1332 3708 1511 3763 Levavi
1534 3707 1706 3763 oculos
1728 3723 1863 3762 meos
1888 3708 1941 3762 in
1984 3724 2126 3763 mon-

555 3818 646 3871 tes,
669 3806 800 3860 unde
821 3805 976 3859 veniet
1002 3803 1247 3857 auxilium
1271 3800 1415 3855 mihi.
1442 3798 1578 3867 Quid
1608 3799 1776 3870 ergo?
1802 3797 2005 3854 Montes
2034 3798 2126 3853 tibi

555 3898 683 3951 dant
700 3898 951 3952 auxilium
969 3894 993 3935 9
1013 3895 1128 3950 Non
1150 3912 1163 3948 :
1194 3893 1315 3949 audi
1344 3891 1616 3962 sequentia
1632 3896 1665 3945 ':
1691 3889 1948 3944 Auxilium
1963 3905 2127 3943 meum

554 4006 587 4041 α
614 3988 847 4055 Domino,
874 3988 950 4044 ’διοέ
977 3987 1091 4058 fecit
1133 3986 1311 4040 caelum
1333 3992 1379 4038 et
1401 3981 1583 4038 terrain
1612 3979 1781 4054 (Paul.
1808 3996 1942 4048 cxx,
1974 3981 2026 4046 l,
2047 3979 2125 4045 2).

557 4082 634 4136 De
657 4080 923 4134 montibus
953 4079 1098 4133 venit
1124 4076 1399 4139 auxilium,
1430 4075 1527 4130 sed
1553 4090 1657 4128 non
1685 4089 1714 4127 a
1743 4071 2029 4127 montibus.
2060 4071 2128 4126 Et

555 4187 586 4226 a
613 4170 756 4241 quo?
800 4169 845 4223 Α
882 4168 1097 4222 Domino
1133 4168 1219 4238 qui
1270 4166 1385 4239 fecit
1413 4167 1593 4220 coelum
1632 4173 1679 4218 et
1718 4174 1920 4217 terram.
1963 4164 2129 4219 Erant

558 4272 764 4317 montes
790 4260 899 4326 alii,
933 4275 1026 4329 per
1049 4274 1182 4330 quos
1221 4260 1582 4328 unusqu'sque
1618 4270 1738 4311 cum
1775 4255 1993 4310 duceret
2029 4271 2126 4311 na-

558 4356 685 4424 vim,
717 4353 1044 4424 naufragium
1073 4354 1285 4406 faceret.
1316 4351 1664 4405 Emerserunt
1690 4348 1832 4404 enim
1864 4347 2128 4421 principes

558 4448 841 4513 hreresum,
869 4453 924 4499 et
949 4451 1157 4499 montes
1178 4450 1345 4497 erant.
1371 4441 1527 4496 Arius
1551 4455 1705 4495 mons
1728 4447 1861 4506 erat,
1893 4436 2129 4494 Donatus

558 4556 711 4597 mons
732 4548 866 4603 erat,
893 4535 1240 4592 Maximianus
1256 4535 1277 4566 ’
1306 4533 1464 4588 modo
1488 4533 1637 4604 quasi
1659 4547 1812 4588 mons
1837 4530 2006 4586 factus
2024 4539 2124 4586 est.

557 4634 702 4689 Multi
733 4633 783 4686 in
812 4632 941 4686 istos
969 4637 1178 4683 montes
1214 4624 1569 4691 attendentes,
1599 4633 1656 4679 et
1694 4632 1887 4680 terram
1916 4623 2128 4679 deside-

556 4738 755 4791 rantes,
786 4740 906 4781 eum
926 4724 991 4780 de
1018 4722 1262 4777 ﬂuctibus
1280 4719 1464 4775 volunt
1493 4718 1725 4782 liberari,
1748 4718 1814 4773 ad
1837 4734 1962 4774 saxa
1982 4734 2128 4773 com-

548 4819 694 4894 pulsi
724 4826 865 4883 sunt,
892 4825 945 4872 et
966 4814 1292 4885 naufragium
1321 4813 1373 4867 in
1407 4820 1546 4867 terra
1574 4810 1828 4865 fecerunt.
1864 4813 1907 4865 A
1939 4810 2127 4866 talibus

555 4911 824 4964 Illotlliblls
851 4925 955 4965 non
1000 4907 1351 4964 seducebatur
1397 4904 1487 4960 ille
1533 4902 1623 4974 qui
1661 4902 1770 4957 ait:
1801 4901 1870 4957 In
1908 4901 2127 4958 Domino

551 5002 781 5071 conﬁdo,
823 5001 1071 5065 quomodo
1098 4999 1262 5054 dicitis
1301 4997 1485 5051 anima:
1519 5010 1661 5061 meat,
1713 4993 2034 5066 Trunsmigru
2073 4996 2128 5050 in

557 5103 746 5147 montes
765 5092 891 5146 sicut
920 5107 1089 5163 passer
1109 5089 1276 5160 (Psal.
1308 5105 1363 5155 x,
1392 5087 1486 5158 9.)?
1510 5085 1645 5141 Nolo
1673 5084 1743 5139 sit
1766 5100 1889 5155 spes
1912 5101 2029 5140 mea
2072 5085 2126 5140 in

557 5186 709 5251 Ario,
740 5184 863 5238 nolo
890 5183 943 5236 in
969 5181 1211 5236 Donato:
1236 5181 1498 5235 Auxilium
1525 5192 1691 5233 meum
1724 5194 1756 5231 ιι
1782 5174 2017 5236 Domino,
2042 5175 2127 5245 qui

550 5272 674 5341 fecit
703 5274 882 5329 caelum
900 5281 947 5342 et
975 5282 1179 5324 terram.
1207 5269 1402 5325 Discite
1428 5278 1679 5339 quantum
1707 5267 2037 5336 praesumatis
2060 5267 2128 5322 de

558 5370 667 5424 Deo
681 5406 697 5435 ,
713 5374 767 5421 et
792 5373 1046 5435 quantum
1064 5359 1306 5415 tribuatis
1326 5359 1654 5422 hominibus;
1677 5360 1796 5429 quia
1818 5359 2127 5413 maledictus

623 5549 639 5580 ι
677 5555 780 5595 uss.
804 5540 937 5593 nullo
958 5539 1315 5605 fere‘excepto:
1336 5546 1513 5589 carnes
1532 5550 1646 5600 ergo
1661 5536 1764 5605 ista:
1783 5549 1868 5600 per
1881 5548 2017 5605 quas,
2029 5542 2125 5605 etc.

620 5614 642 5642 ²
674 5608 807 5665 add,
830 5597 1223 5670 nuntiatum:
1242 5609 1347 5652 Mss.
1368 5607 1492 5670 neg._
1507 5607 1560 5648 et
1582 5597 1743 5670 Vatia,
1763 5597 2014 5670 parum,
2035 5597 2128 5662 sed

559 5672 736 5721 melius
754 5660 835 5719 alii
855 5666 1130 5731 quindecim
1148 5674 1272 5724 Mss.,
1293 5660 1628 5731 unanimus.
1649 5665 1769 5731 ipse
1804 5666 1881 5709 est
1902 5660 2125 5731 nimirum

559 5720 999 5792 iteitirinatista'rum
1020 5720 1275 5792 schismate
1309 5724 1553 5792 dhaeonus,
1578 5722 1661 5782 qui
1684 5720 2125 5792 adversusfrrimia-

562 5807 673 5843 nmn
714 5798 867 5845 factus
884 5790 1270 5858 (:artbaginensis
1292 5787 1739 5858 episcppus,_t:aput
1765 5784 1949 5858 exstitit
1981 5784 2123 5831 Masi-

558 5843 902 5910 nnanistarum.
938 5843 1141 5905 Consule
1164 5843 1395 5900 ltuarrfiu
1419 5843 1534 5897 I’Sal.
1560 5845 1637 5905 36,
1662 5857 1808 5894 serm.
1833 5843 1879 5893 2.

1745 372 1800 429 S.
1845 362 2207 426 AUGUSTINI
2243 360 2545 419 EPISCOPI

3682 356 3792 411 διδ

2216 479 2397 535 omnis
2424 477 2517 548 qui
2542 491 2687 548 spem
2725 490 2873 531 suam
2899 475 3049 547 ponit
3076 475 3127 530 in
3155 474 3363 532 homine
3392 474 3600 535 Herem.
3646 495 3792 544 xvu,

2215 570 2292 642 5).
2320 568 2698 624 Modestissime
2713 577 2767 623 et
2787 567 3054 623 humiliter
3071 578 3281 623 sanctus
3302 570 3573 640 apostolus
3593 571 3796 628 Paulus

2214 662 2393 719 zelans
2421 676 2545 718 vere
2586 661 2898 726 Ecclesiam,
2926 662 3020 717 sed
3047 676 3266 730 sponso,
3297 678 3401 716 non
3429 664 3546 727 sibi,
3580 675 3636 718 et
3664 663 3798 717 hor—

2214 768 2339 810 rens
2361 754 2480 810 illos
2525 753 2736 825 quando
2762 753 3042 808 voluerunt
3063 753 3262 821 dicere,
3313 753 3423 825 Ego
3450 773 3562 810 sum
3607 756 3793 825 Pauli,

2216 862 2307 918 ego
2333 846 2517 917 Apollo
2539 844 2582 918 (Ι
2610 844 2726 900 Cor.
2755 861 2833 912 ιιι,
2868 845 2961 916 4);
2990 859 3138 900 suam
3169 860 3447 916 personam
3476 849 3649 918 potius
3697 864 3794 904 as-

2214 939 2460 1008 sumpsit,
2489 953 2645 1010 qnam
2673 938 2896 994 calcaret
2928 947 2983 993 et
3007 947 3394 1004 contemneret,
3426 948 3483 994 ut
3516 941 3791 997 Christum

2214 1028 2532 1106 gloriﬁcaret
2561 1044 2577 1083 :
2606 1028 2866 1098 Numquid
2888 1025 3083 1082 Paulus
3108 1045 3200 1098 pro
3236 1028 3372 1083 vobis
3395 1031 3677 1099 cruci/itus
3689 1042 3787 1096 est.

2215 1130 2302 1172 aut
2326 1120 2378 1173 in
2405 1119 2606 1175 nomine
2627 1117 2778 1173 Pauli
2804 1118 3041 1188 buptizuti
3065 1120 3183 1173 estis
3204 1116 3363 1191 (Ibid.
3388 1135 3424 1185 ι,
3451 1121 3538 1191 15)
3554 1121 3577 1173 ?
3596 1121 3791 1193 Repel-

2214 1210 2326 1265 lita
2353 1225 2432 1278 se,
2459 1211 2553 1266 sed
2577 1219 2635 1266 ut
2659 1210 2831 1265 mittat
2855 1210 2919 1264 ad
2949 1208 3238 1265 Christum.
3266 1210 3382 1266 Non
3410 1214 3571 1268 vulta
3593 1229 3786 1283 sponsa

2216 1302 2380 1356 amari
2428 1316 2526 1372 pro
2569 1317 2765 1372 sponso
2804 1316 2905 1355 nec
2931 1301 3156 1355 amicum
3183 1302 3360 1371 sponsi
3383 1303 3420 1357 '-.
3454 1304 3621 1357 Amici
3646 1305 3789 1360 enim

2216 1395 2396 1464 sponsi
2423 1394 2683 1464 Apostoli.
2722 1393 2854 1449 lluic
2874 1408 3071 1464 sponso
3098 1403 3152 1449 et
3175 1394 3263 1449 ille
3293 1393 3506 1450 humilis
3532 1395 3789 1464 Joannes,

2217 1486 2305 1556 qni
2338 1486 2618 1554 putabatur
2659 1484 2922 1551 Christus,
2949 1484 3172 1540 zelabat.
3204 1485 3357 1541 Unde
3377 1488 3453 1543 ait
3479 1506 3492 1544 :
3526 1489 3650 1543 Non
3680 1508 3794 1543 sunt

2217 1593 2308 1649 ego
2335 1576 2584 1644 Christus,
2608 1576 2697 1631 sed
2720 1576 2806 1647 qui
2832 1584 2943 1646 post
2969 1592 3049 1630 me
3074 1576 3224 1641 venit,
3250 1577 3416 1648 major
3430 1595 3507 1633 me
3529 1590 3618 1641 est,
3648 1584 3796 1646 cuius

2218 1684 2318 1721 non
2345 1684 2456 1721 sum
2493 1667 2672 1738 dignus
2705 1666 2974 1737 corrigiam
3016 1668 3339 1723 culceamenti
3378 1670 3566 1725 salvere
3612 1671 3793 1742 (Joun.

2219 1772 2259 1823 ι,
2281 1756 2383 1823 9.0;
2412 1756 2619 1821 Mach,
2633 1756 2852 1826 7).Vere
2872 1757 2990 1828 quia
3008 1767 3207 1814 tantum
3228 1775 3286 1816 se
3304 1760 3603 1831 humilians,
3623 1738 3799 1819 osten-

2218 1847 2295 1902 dit
2314 1864 2371 1903 se
2398 1864 2504 1902 non
2532 1863 2649 1904 esse
2673 1863 2950 1920 sponsum,
2980 1851 3072 1906 sed
3102 1851 3330 1905 amicum
3347 1854 3558 1922 sponsi;
3590 1864 3646 1909 et
3676 1855 3799 1910 ideo

2218 1940 2291 1994 ait
2323 1958 2337 1995 :
2373 1936 2472 2008 Qui
2512 1940 2656 1997 habet
2696 1961 2932 2014 sponsum
2953 1985 2969 2012 ,
3021 1961 3236 2015 sponsus
3275 1955 3347 1999 est
3368 1948 3592 2001 :umirus
3628 1959 3800 2004 autem

2218 2032 2409 2102 sponsi,
2453 2032 2540 2101 qui
2574 2044 2673 2090 stat
2701 2045 2745 2088 et
2785 2035 2925 2089 audit
2962 2052 3092 2103 eum,
3135 2036 3323 2108 gaudio
3363 2037 3543 2107 gaudet
3591 2052 3802 2110 prapter

2219 2138 2389 2179 vocem
2411 2126 2583 2196 sponsi
2605 2125 2779 2199 (Joun.
2811 2142 2885 2191 ιιι,
2915 2125 3029 2194 29).
3056 2126 3117 2181 Et
3144 2127 3188 2181 si
3215 2126 3415 2181 amicus
3436 2130 3614 2198 sponsi
3642 2146 3801 2186 mons

2222 2231 2325 2283 est,
2366 2235 2470 2273 non
2502 2230 2676 2274 tamen
2719 2234 2751 2274 a
2787 2234 2847 2274 se
2876 2219 3033 2274 habet
3074 2219 3245 2275 lucem
3270 2235 3462 2276 mons:
3489 2221 3583 2276 sed
3613 2223 3798 2289 audit,

2222 2319 2274 2363 ct
2300 2309 2494 2380 gaudio
2517 2309 2708 2381 gaudet
2735 2319 2953 2380 propter
2991 2324 3174 2366 vocem
3204 2312 3406 2381 sponsi.
3438 2309 3571 2374 Nos,
3602 2314 3800 2385 inquit,

2223 2401 2286 2455 de
2304 2401 2612 2471 plenitudine
2631 2403 2740 2472 ejus
2776 2402 3078 2473 accepimus.
3132 2402 3207 2457 De
3241 2403 3389 2473 cujus
3437 2405 3804 2474 plenitudine?

2223 2491 2366 2547 Illius
2390 2492 2477 2562 qui
2498 2502 2603 2547 erat
2631 2494 2797 2548 lumen
2819 2508 3009 2560 verum,
3033 2494 3168 2564 quod
3190 2494 3441 2548 illuminat
3480 2513 3675 2550 omnem
3702 2501 3801 2552 ho-

2222 2584 2405 2638 minem
2428 2585 2699 2638 venientem
2720 2586 2774 2639 in
2791 2585 2922 2638 hunc
2950 2586 3195 2639 mundum
3224 2584 3331 2657 (Id.
3376 2603 3414 2646 ι,
3448 2588 3535 2653 16,
3565 2588 3642 2659 9).
3667 2589 3805 2645 lluic

2222 2690 2350 2746 ergo
2374 2676 2578 2731 zelabat
2606 2676 2898 2732 Ecclesiam
2922 2687 2976 2732 et
3016 2677 3300 2746 Apostolus
3327 2677 3509 2733 dicens
3534 2698 3547 2732 :
3582 2680 3669 2734 Sic
3711 2699 3805 2736 nos

2223 2767 2465 2822 existimet
2484 2768 2631 2821 homo
2651 2768 2799 2840 quasi
2826 2768 3079 2822 ministros
3102 2767 3307 2830 Christi,
3336 2778 3384 2821 et
3424 2768 3803 2839 dispensatores

2224 2861 2570 2931 mysteriorum
2600 2860 2697 2914 Dei
2712 2876 2731 2914 :
2752 2859 2851 2914 hoc
2875 2869 2977 2926 est,
3006 2858 3188 2914 Levavi
3211 2859 3382 2914 oculos
3407 2878 3541 2914 meos
3569 2863 3622 2914 in
3642 2880 3791 2916 nion-

2225 2961 2316 3015 tes,
2344 2950 2478 3005 unde
2497 2952 2658 3005 veniet
2681 2951 2926 3005 auxilium
2958 2952 3101 3004 mihi.
3131 2950 3223 3006 Sic
3258 2968 3349 3006 nos
3378 2953 3623 3007 existimet
3648 2956 3807 3009 homo

2223 3042 2368 3111 quasi
2413 3041 2670 3095 ministras
2713 3039 2917 3107 Christi,
2958 3050 3005 3095 et
3043 3042 3409 3111 dispensatores
3451 3045 3807 3114 mysteriorum

2226 3130 2320 3185 Dei
2360 3130 2404 3204 (l
2428 3131 2549 3188 Cor.
2581 3147 2659 3195 IV,
2693 3132 2765 3202 l).
2793 3130 2895 3187 Sed
2920 3147 2986 3186 ne
3013 3132 3200 3186 iterum
3230 3148 3355 3201 spes
3402 3141 3486 3186 tua
3534 3136 3725 3203 ﬁgatur
3753 3136 3806 3191 in

2224 3222 2496 3278 montibus
2542 3231 2734 3277 etnon
2774 3223 2843 3276 sit
2888 3222 2941 3276 in
2982 3222 3109 3289 Deo,
3151 3223 3270 3277 audi
3315 3241 3329 3278 :
3372 3221 3480 3294 Ego
3532 3227 3803 3296 plantavi,

2229 3312 2409 3381 Apollo
2431 3313 2629 3387 rigavit,
2654 3313 2742 3367 sed
2771 3311 2907 3367 Deus
2933 3313 3287 3367 incrementum
3310 3314 3444 3367 dedit
3466 3330 3488 3379 ;
3521 3327 3573 3370 et
3593 3333 3605 3369 :
3625 3315 3811 3387 Νειμτε

2224 3406 2310 3476 qui
2337 3406 2534 3476 plantat
2574 3415 2648 3462 est
2670 3405 2883 3472 aliquid,
2914 3422 3070 3476 neque
3100 3407 3188 3476 qui
3210 3407 3361 3478 rigat,
3404 3407 3492 3460 sed
3526 3409 3613 3477 qui
3635 3410 3821 3463 ἔπιτε-ι

2225 3508 2444 3552 utentum
2464 3498 2553 3552 dat
2588 3497 2724 3561 Deus
2754 3496 2914 3568 (Ibid.
2939 3513 3018 3563 ut,
3057 3499 3111 3565 6,
3134 3499 3212 3570 7).
3242 3496 3358 3554 Jam
3399 3515 3527 3570 ergo
3568 3500 3758 3557 dixisti
3789 3522 3803 3556 :

2227 3588 2410 3644 Levavi
2439 3589 2611 3645 oculos
2651 3607 2785 3644 meos
2822 3591 2877 3643 in
2920 3599 3131 3656 montes,
3182 3592 3314 3645 unde
3350 3591 3511 3645 veniet
3549 3593 3809 3650 cnsilium

2226 3681 2350 3735 mihi
2376 3697 2396 3735 :
2421 3676 2517 3736 sed
2540 3680 2660 3751 quia
2689 3697 2845 3751 neque
2869 3682 2955 3751 qui
2982 3682 3180 3752 plantat
3204 3692 3277 3738 est
3294 3682 3509 3752 aliquid,
3534 3700 3693 3753 neque
3721 3691 3809 3757 qui

2227 3773 2358 3844 rigat
2374 3790 2395 3837 ;
2412 3772 2499 3828 die
2526 3773 2819 3829 :Autcilium
2843 3789 3010 3827 meum
3031 3790 3063 3826 u
3089 3772 3328 3841 Domino,
3354 3777 3442 3847 qui
3474 3779 3596 3848 fecit
3620 3781 3809 3833 caelum

2231 3879 2278 3922 et
2324 3877 2506 3923 terram
2528 3884 2547 3923 :
2575 3877 2648 3935 et,
2673 3866 2880 3922 Iustitia
2917 3877 3003 3922 tua
3040 3869 3169 3922 sicut
3217 3867 3572 3940 montes'Dei,
3614 3871 3665 3927 id
3701 3884 3807 3939 est,

2227 3969 2435 4016 montes
2464 3961 2747 4032 implentur
2769 3960 2972 4029 justitia
2994 3969 3079 4014 tua
3103 3962 3148 4013 '.

2298 4050 2384 4105 10.
2421 4050 2626 4105 Iudicia
2661 4060 2749 4105 tua
2778 4051 2907 4105 sicut
2931 4050 3091 4105 multa
3125 4050 3352 4121 ubyssus.
3383 4052 3648 4124 Abyssum
3674 4055 3810 4112 dicit

2230 4141 2638 4210 profunditatem
2664 4149 3019 4210 peccatorum,
3047 4156 3153 4212 quo
3177 4143 3397 4211 quisque
3423 4147 3660 4212 pervenit
3679 4162 3812 4201 con-

2229 4231 2511 4287 temnendo
2535 4232 2734 4298 Deum;
2764 4231 2900 4286 sicut
2927 4230 3152 4301 quodam
3185 4231 3301 4286 loco
3324 4232 3451 4287 dicit
3476 4250 3488 4287 :
3512 4232 3664 4288 Dedit
3689 4236 3812 4291 illos

2229 4324 2369 4380 Deus
2395 4324 2447 4378 in
2474 4322 2897 4393 concupiscentius
2933 4323 3098 4376 cordis
3125 4337 3295 4376 eorum
3313 4362 3329 4389 ,
3365 4327 3530 4393 facere
3564 4343 3681 4396 quur
3708 4344 3813 4382 non

2229 4416 2541 4472 conveniunt.
2570 4412 2813 4469 lntendat
2839 4414 3079 4469 Charitas
3107 4413 3312 4469 VeStra.
3364 4414 3550 4484 Magna
3582 4432 3672 4471 res
3703 4426 3809 4485 est,

2229 4522 2417 4578 magna
2455 4522 2542 4562 res
2580 4505 2768 4578 agitur.
2808 4505 2944 4573 Quid
2975 4515 3058 4560 est
3087 4505 3223 4559 hoc?
3254 4505 3400 4559 Dedit
3435 4505 3550 4560 illos
3588 4505 3732 4564 Deus
3759 4511 3815 4565 in

2229 4597 2648 4669 concupiscentius
2667 4596 2830 4651 cordis
2848 4612 3038 4659 eorum,
3060 4596 3223 4665 facere
3237 4611 3350 4666 qua:
3366 4613 3465 4650 non
3482 4601 3813 4655 conveniunt.

2231 4691 2370 4763 Ergo
2393 4691 2438 4746 si
2467 4690 2606 4745 Deus
2631 4689 2753 4744 illos
2777 4688 3002 4744 dedit‘in
3030 4687 3485 4759 concupiscentias
3510 4690 3693 4746 cordis
3718 4708 3813 4749 eo-

2229 4799 2346 4839 rum
2366 4824 2382 4850 ,
2410 4782 2583 4837 facere
2609 4796 2728 4851 qua:
2754 4795 2859 4835 non
2887 4778 3240 4847 conveniunt,
3284 4779 3405 4835 ideo
3437 4780 3633 4836 faciunt
3661 4789 3815 4838 tanta

2231 4877 2319 4932 illa
2365 4862 2543 4929 mala?
2583 4873 2743 4941 Quasi
2785 4871 2974 4942 aliquis
3017 4881 3274 4942 proponat
3317 4873 3668 4942 quaestionem
3702 4891 3718 4927 :
3754 4876 3815 4930 Si

2232 4967 2371 5022 Deus
2400 4966 2500 5021 hoc
2528 4966 2679 5025 facit.
2707 4970 2765 5017 ut
2792 4961 2988 5018 faciant
3012 4977 3130 5033 quae
3155 4976 3261 5017 non
3286 4964 3641 5030 conveniunt,
3681 4967 3817 5036 quid

2230 5060 2330 5131 ipsi
2357 5057 2627 5115 fecerunt?
2661 5054 2936 5112 Oceultum
2964 5064 3049 5110 est
3068 5054 3208 5125 quod
3232 5055 3424 5110 audisti
3462 5073 3477 5109 :
3513 5055 3669 5111 Dedit
3696 5059 3819 5115 illos

2230 5149 2366 5205 Deus
2398 5150 2450 5203 in
2478 5147 2902 5216 concupiscendus
2941 5145 3106 5201 cordis
3139 5161 3330 5199 eorum.
3369 5146 3512 5217 Ergo
3549 5146 3647 5202 fuit
3676 5165 3817 5206 cou-

2229 5240 2575 5312 cnpiseentia,
2603 5252 2760 5309 quam
2790 5237 3003 5293 vincere
3027 5238 3331 5304 noluerunt,
3353 5239 3439 5293 cui
3469 5239 3819 5297 traderentur

2225 5333 2428 5405 judicio
2452 5331 2564 5386 Dei.
2590 5327 2696 5385 Sed
2718 5336 2775 5383 ut
2793 5327 2937 5398 digni
2960 5327 3278 5383 haberentur
3296 5328 3385 5399 qui
3407 5328 3751 5387 traderentur
3770 5332 3814 5390 ⁸.

2292 5471 2310 5504 ι
2345 5471 2419 5519 sic
2432 5476 2537 5518 Mss.
2563 5476 2617 5519 At
2635 5467 2770 5532 κω..
2790 5465 2877 5532 sed
2897 5480 2985 5532 pro
3012 5469 3165 5532 utich
3184 5464 3359 5530 sponsi.

2291 5534 2313 5565 ι
2333 5534 2563 5602 Quinque
2580 5537 2706 5591 uss,
2728 5526 2924 5593 implent
2936 5528 3175 5592 justitiam
3198 5526 3346 5578 tuam.
3376 5526 3460 5586 Alii
3483 5534 3605 5590 tres.
3640 5529 3813 5595 θηρία

2218 5592 2612 5711 “immitibus,
2636 5666 2778 5715 quam
2798 5651 3356 5715 vincerenolueruntnou
3378 5649 3458 5715 cui
3479 5652 3815 5715 traderemtr,

2218 5714 2521 5787 judiczdnei
2536 5712 2659 5787 {sed
2694 5727 2790 5787 qua
2829 5713 2962 5787 digni
2983 5714 3283 5787 haberentur,
3423 5712 3728 5787 truderentur
3759 5712 3815 5764 in

2229 5774 2633 5889 cqucupliscantius
2654 5774 3028 5839 reliquasIt’ide
3061 5774 3198 5840 quid,
3224 5774 3331 5826 etc.‘
3357 5781 3669 5837 “cingantur
3696 5783 3810 5825 ων.

2236 5854 2263 5891 e
2310 5853 2396 5890 nos
2442 5855 2456 5888 ι
2480 5870 2492 5887 ι
