1986 3099
57 207 112 234 349

59 266 122 292 vide
138 264 200 299 quid
213 264 246 291 de
260 264 311 291 illis
322 263 445 298 superius
454 263 520 290 dixit
533 272 538 289 :
553 262 602 295 Qui
615 270 671 287 cum
683 260 864 295 cognovissent.

60 311 157 341 Deum,
168 318 217 336 non
229 315 255 335 ut
265 309 346 335 Deum
357 309 571 349 gloriﬁcaverunt,
580 312 623 333 aut
633 306 727 342 gratias
737 310 854 340 egerunt:

61 357 104 383 sed
118 361 275 383 evanuerunt
289 355 315 381 in
328 355 516 389 cogitationibus
530 354 582 380 suis
592 374 599 385 ,
615 358 638 379 et
651 352 807 379 obscuratum
820 354 855 377 est

61 402 186 436 insipiens
199 410 241 428 cor
254 410 349 428 eorum.
368 400 458 428 Unde?
473 400 509 427 De
519 399 651 434 superbia.
663 398 778 425 Dicente:
791 398 856 424 enim

62 458 86 476 re
98 457 156 476 esse
169 448 308 482 sapientes,
323 447 391 473 stulti
411 446 470 482 {neti
490 450 556 472 sunt.
579 444 641 471 lude
657 444 711 479 jam
727 443 854 478 sequitur,

66 495 185 522 Tradidit
208 494 266 521 illo:
290 493 357 519 Deus
380 493 406 519 in
429 492 639 527 concupiscentias
666 490 747 517 cordis
772 498 856 516 eorum

64 541 154 567 illam.
168 548 187 573 ι,
201 541 245 572 2|,
257 539 301 572 22,
315 539 372 572 ιιι).
389 538 455 571 Quia
468 545 530 572 ergo
545 538 649 563 luerunt
662 535 766 571 superbi
780 540 806 562 et
818 535 857 561 in-

62 588 146 622 grati.
157 586 229 621 digni
243 586 323 612 habiti
335 590 395 612 sunt
405 585 448 619 qui
461 583 626 610 traderentur
637 582 662 609 in
673 582 858 616 concupiscen-

63 635 116 660 tias
130 633 220 660 cordis
235 633 274 659 sui
287 653 293 664 ,
308 637 334 658 et
354 631 413 657 lacti
432 635 493 657 sunt
510 630 620 664 abyssus
641 628 737 661 multa,
759 633 786 654 ut
805 636 857 654 non

63 680 152 707 Solum
169 683 321 714 peccarent,
338 678 384 705 sed
398 678 476 704 etiam
492 676 583 703 dolose
598 679 715 710 agerent.
732 682 764 701 ne
779 674 856 701 intel-

64 726 182 761 ligerent
203 725 368 758 iniquitatem
390 730 481 753 suam,
496 727 522 748 et
536 721 662 747 odissent.
687 720 736 746 lsla
752 719 858 753 profluit-

66 772 136 798 ditas
149 776 190 798 est
205 770 312 796 malitia:
322 790 329 799 ,
350 774 378 795 ut
391 768 491 794 nollent
505 766 622 793 invenire
643 770 669 792 et
688 765 785 791 odisse.
805 763 857 790 Sed

66 817 102 844 ad
116 817 193 844 istam
215 814 419 850 profunditatem
441 811 574 847 quomodo
596 811 706 845 quisque
730 809 857 845 pervenit,

68 862 148 889 \ide‘
162 869 169 888 :
184 861 288 887 Iudicia
302 859 349 886 Dei
368 859 471 894 abyssus
493 858 581 883 multa.
602 857 675 884 Sicut
693 860 795 882 montes
813 854 859 881 Dei

67 907 169 943 justilia
182 906 258 942 ejus,
274 906 318 940 qui
338 913 386 939 per
400 905 509 939 gratiam
526 903 606 937 ipsius
621 902 685 928 ﬁniit
699 901 785 936 magni
800 910 806 927 :
821 900 860 927 sie

69 959 98 981 et
111 961 157 989 per
168 953 266 988 judicia
280 952 362 987 ipsius
377 951 440 977 ﬁunt
456 951 480 976 in
496 948 634 983 profundo,
650 948 692 982 qui
706 951 860 981 merguntur

70 1000 97 1027 in
109 999 211 1026 ultima.
227 998 282 1025 llac
294 1005 358 1031 ergo
371 996 502 1023 delectent
517 1000 541 1022 le
552 999 664 1026 mentes,
679 993 729 1020 hac
741 997 860 1019 avertere

69 1046 104 1072 ab
114 1045 224 1081 abysso,
236 1049 263 1071 ct
272 1047 427 1070 convertere
440 1042 471 1068 ad
487 1041 510 1068 id
526 1040 593 1075 quod
607 1040 701 1066 dicitur
714 1048 719 1065 :
731 1039 861 1065 Auxilium

70 1100 150 1118 meum
163 1099 180 1117 ιι
194 1090 314 1117 Domino.
328 1089 379 1116 Sed
393 1088 479 1115 unde?
496 1087 560 1118 Quia
571 1087 647 1113 levavi
660 1085 743 1112 oculos
757 1093 822 1112 meos
835 1085 861 1111 in

70 1142 175 1165 montes.
197 1136 267 1169 Quid
289 1127 330 1163 est
350 1135 419 1161 hoc?
443 1134 535 1160 Latine
557 1133 642 1160 dicam
665 1141 671 1158 :
694 1132 721 1158 lu
744 1131 861 1158 Ecclesia

68 1184 167 1211 Christi
184 1182 289 1210 invenis
304 1182 443 1217 abyssum,
466 1179 566 1207 invenis
582 1184 608 1206 et
622 1182 741 1210 montes;
759 1177 861 1204 iuvenis

66 1230 104 1257 ibi
116 1229 260 1265 pauciores
272 1228 365 1259 bonos,
380 1227 439 1261 quia
453 1230 555 1252 montes
569 1225 643 1259 pauci
659 1228 720 1250 sunt
730 1245 736 1254 ,
751 1224 861 1258 alinsus

70 1276 119 1303 lata
134 1279 194 1305 est.
213 1274 238 1301 id
254 1278 293 1300 est
309 1273 345 1308 ((ι)
357 1293 363 1305 ,
380 1272 476 1298 multos
492 1271 559 1298 male
574 1271 694 1297 viventes
708 1269 740 1295 ab
752 1269 788 1295 ira
804 1268 858 1299 Dei,

70 1322 127 1357 quia
149 1321 190 1348 sic
215 1323 327 1355 egerunt
348 1324 376 1345 ut
399 1318 567 1344 traderentur
587 1317 613 1343 iu
635 1316 861 1350 concupiscentiae

70 1368 155 1395 cordis
168 1368 223 1400 sui,
240 1371 268 1393 ιιι
279 1366 332 1400 jam
346 1365 487 1392 defendant
500 1368 606 1399 peccata
621 1370 677 1394 sua,
693 1367 719 1388 cl.
732 1370 783 1388 non
798 1369 861 1387 cnn-

71 1416 204 1444 liteantur.
219 1413 266 1440 sed
282 1412 371 1439 dicant
390 1420 396 1437 :
414 1410 518 1444 Quare?
532 1409 595 1444 quid
612 1408 680 1434 feci?
696 1408 726 1434 Ιίι
740 1407 783 1433 ille
799 1406 860 1432 illud

71 1460 146 1492 fecit;
163 1464 192 1487 et
209 1459 253 1486 ille
270 1458 320 1484 hoc
341 1457 410 1483 fecit.
430 1456 487 1483 .lam
510 1455 588 1481 etiam
609 1453 749 1480 defendere
770 1452 861 1478 volunt

71 1507 136 1541 quod
150 1505 241 1540 arguit
251 1511 339 1530 sermo
350 1502 454 1529 divinus
466 1511 472 1528 :
484 1502 596 1536 abyssus
609 1505 659 1526 est.
674 1499 734 1526 ldeo
748 1498 860 1533 quodam

71 1552 128 1579 loco
141 1552 179 1578 ait
195 1551 348 1585 Scriptura,
363 1548 421 1575 audi
438 1548 561 1582 abyssum
585 1556 589 1572 :
613 1546 748 1578 I’crcutor,
766 1544 859 1578 inquit,

70 1606 125 1625 cum
142 1596 238 1624 uenerit
254 1596 279 1622 in
297 1594 450 1629 profundum
465 1592 604 1623 mulorum,
622 1591 753 1617 contenmit
770 1589 858 1626 (Prov.

70 1652 150 1676 XVIII,
172 1642 212 1679 5).
233 1643 301 1669 Ecce
317 1641 415 1677 judicia
435 1645 477 1665 tun
495 1639 558 1665 sicut
578 1638 681 1672 abyssus
701 1637 788 1663 multa.
808 1636 860 1664 Sed

71 1690 188 1717 nondum
203 1696 233 1715 es
248 1695 341 1719 mons,
361 1685 477 1712 nondum
499 1692 528 1711 cs
547 1684 657 1719 abyssus
677 1692 683 1709 :
705 1683 762 1717 lnge
783 1682 861 1717 abys-

72 1744 127 1764 sum
137 1758 145 1770 ,
160 1735 270 1763 attende
284 1737 308 1760 in
323 1738 443 1764 montes;
458 1731 504 1758 sed
526 1738 574 1757 nec
593 1737 729 1757 remaneas
745 1729 770 1755 in
785 1736 861 1755 ιιιοιι-

73 1785 149 1812 tihus.
165 1782 301 1811 Auxilium
322 1780 392 1808 enim
408 1785 479 1805 tuum
495 1786 508 1804 a
535 1777 656 1810 Domino,
673 1776 715 1810 qui
731 1775 792 1802 fecit
806 1782 860 1803 cm-

73 1830 124 1857 lum
138 1834 165 1857 et
178 1833 289 1855 terram.
795 1824 798 1827 ·

106 1876 149 1903 Η.
165 1874 243 1910 [vers
256 1871 294 1907 8.]
311 1871 430 1897 Homines
444 1874 465 1896 et
483 1870 599 1904 jumcnta
614 1868 695 1894 salvos
707 1867 794 1902 facies,
808 1866 861 1893 Do-

76 1922 154 1954 mine;
175 1920 241 1947 sicut
260 1917 427 1951 multiplicata
450 1920 485 1941 est
510 1913 680 1940 misericordia
702 1918 760 1944 tua,
781 1912 858 1939 Dens.

75 1967 135 2001 Quia
150 1965 236 1996 dixit,
254 1961 429 1990 Misericordia
446 1966 488 1986 tua
505 1960 529 1985 in
544 1958 629 1988 cmlo;
647 1963 674 1984 ut
697 1962 721 1984 et
745 1958 769 1983 iu
793 1962 860 1983 terra

73 2022 130 2042 esse
148 2013 267 2043 sciatur,
291 2010 342 2041 ait,
365 2008 485 2035 Homines
504 2012 526 2033 ct
541 2007 655 2040 jumcnta
674 2005 754 2031 salvos
773 2004 859 2038 facies,

72 2060 198 2090 Domine;
212 2058 277 2085 sirut
290 2055 456 2090 multiplicata
469 2058 503 2079 est
520 2051 689 2078 misericordia
703 2056 744 2077 tua
753 2071 760 2082 ,
780 2050 859 2077 Deus.

72 2107 161 2142 Magna
177 2109 219 2133 est
232 2101 411 2130 misericordia
426 2104 479 2132 tua,
490 2104 515 2125 et
527 2097 661 2131 multiplex
682 2096 860 2123 miseriCordia

73 2159 125 2185 tua,
138 2153 213 2180 Deus
225 2159 232 2176 ι
245 2155 271 2177 et
284 2149 352 2175 hanc
366 2147 412 2173 das
425 2151 451 2173 et
465 2144 615 2171 hominibus
628 2143 800 2177 etjumcnlis.
814 2143 862 2169 Sa-

73 2199 113 2226 lus
125 2198 197 2226 enim
211 2195 349 2223 hominum
363 2200 378 2219 a
390 2191 460 2227 quo?
474 2192 496 2217 A
508 2190 573 2217 Deo.
589 2188 718 2223 Numquid
734 2188 804 2215 salus
817 2188 861 2221 ju-

72 2250 222 2272 mentorum
239 2249 253 2268 a
270 2241 324 2267 Deo
339 2247 390 2266 non
406 2238 464 2265 est?
478 2237 526 2270 Qui
546 2236 615 2263 enim
637 2235 697 2261 fecit
717 2235 860 2265 hominem.

71 2291 127 2325 ipse
143 2289 206 2316 fecit
220 2291 247 2314 et
259 2287 395 2320 iumenta;
411 2284 455 2319 qui
477 2288 616 2316 utrumque
630 2280 708 2312 fecit,
723 2285 862 2315 utrumque

69 2337 156 2364 salvat
171 2343 178 2362 :
193 2333 241 2361 sed
261 2332 334 2358 salus
354 2330 531 2365 jumentorum
555 2327 706 2360 temporalis
727 2330 777 2352 est.
798 2326 863 2353 Sunt

71 2387 160 2409 autem
174 2379 218 2415 qui
232 2386 281 2413 pro
295 2383 389 2410 magno
403 2375 451 2401 hoc
465 2378 555 2408 petunt
569 2380 582 2398 τι
595 2373 648 2399 Deo
659 2371 728 2405 (mod
741 2371 863 2405 deditju-

70 2426 181 2454 mcntis.
195 2423 367 2457 Multiplicata
379 2426 413 2447 est
426 2418 595 2446 misericordia
608 2423 660 2449 tua,
676 2416 754 2449 Deus,
770 2423 797 2443 ut
810 2425 862 2443 non

70 2474 159 2501 solum
180 2469 332 2498 hominibus
342 2489 349 2499 ,
363 2467 409 2494 sed
429 2471 455 2493 et
467 2464 594 2500 jumentis
606 2464 683 2491 detur
693 2484 699 2495 ,
713 2472 771 2498 quae
786 2463 862 2490 datur

70 2516 226 2546 hominibus
236 2536 243 2548 ,
260 2515 308 2541 ista
324 2512 435 2540 carnalis
450 2517 476 2539 et
492 2510 643 2545 Iemporalis
657 2510 738 2535 salus.

104 2564 152 2594 12.
175 2563 245 2597 Ergo
265 2560 386 2587 homines
407 2566 458 2584 non
475 2557 573 2584 habent
586 2554 683 2589 aliquid
698 2553 765 2588 apud
781 2553 862 2579 Deum

67 2616 231 2647 exceptum,
246 2606 316 2643 quod
329 2607 448 2641 jumenta
463 2610 515 2630 non
532 2606 683 2629 mereantur
693 2621 700 2633 ,
715 2605 742 2627 et
755 2607 808 2634 quo
818 2599 863 2647 ju:

68 2644 163 2686 menta
176 2663 227 2682 non
239 2650 413 2688 perveniant?
423 2649 527 2676 Habent
538 2648 626 2683 plane.
640 2647 674 2673 Et
684 2646 728 2673 ubi
741 2649 781 2673 est
793 2644 864 2680 quod

68 2700 192 2731 habent?
214 2699 277 2726 Filii
292 2703 374 2725 autem
385 2694 515 2722 hominum
524 2693 569 2720 sub
580 2692 685 2727 tegmine
694 2691 794 2718 alarum
807 2696 864 2717 tua-

99 2794 107 2810 ι
129 2791 246 2824 Plerique
265 2790 328 2816 Mss,
340 2784 456 2816 quonde
468 2781 566 2824 quisque
577 2779 786 2824 ρειινιςιιὶι-Ξηιὲιις

68 2813 136 2849 dicit
228 2813 327 2849 clc._t-;_t
347 2813 431 2849 postea
448 2813 552 2849 nonnulli
570 2815 759 2849 prose-Equitatui
771 2813 864 2849 instent

419 2845 458 2880 qui
471 2851 512 2875 per
524 2838 864 2884 grralilamni

68 2873 285 2917 333,”;2r‘jiilum
293 2878 367 2911 ipsius
378 2873 438 2909 ﬁiuit
448 2873 475 2901 in
485 2873 612 2906 profluuio,
624 2873 681 2904 quia
691 2875 830 2903 merguntur
840 2873 865 2897 in

69 2918 167 2942 ιιλιέπια-
252 2942 256 2947 ,

99 2947 140 2973 ta)
157 2949 236 2971 Forte.
248 2942 290 2967 ibt.

609 202 806 231 ENARRATIO
826 201 858 229 ΙΝ
872 201 1034 231 PSALMUM
1052 202 1159 231 XXXV.

1641 211 1693 238 350

907 267 962 286 rum
977 260 1119 294 sperabunt.
1135 262 1260 289 Atlendat
1271 262 1392 291 Charitas
1405 264 1498 293 Vestra
1513 266 1692 295 dulcissimam

908 306 1064 333 sententiam
1081 315 1087 333 :
1104 306 1225 334 Homines
1248 313 1271 335 et
1289 309 1405 344 jumenta
1425 311 1507 339 salvos
1529 312 1616 346 facies.
1635 313 1693 341 Jam

908 351 973 379 dixit
984 352 1096 380 homines
1106 357 1129 380 et
1134 354 1260 388 jumenta,
1271 354 1366 383 deinde
1376 362 1475 391 autem,
1487 358 1534 392 ﬁlii
1548 359 1674 386 'tmm'num
1686 368 1695 387 :
1739 363 1742 365 '

909 398 982 432 quasi
995 399 1038 426 alii
1050 399 1103 426 sint
1113 399 1244 433 homines,
1260 401 1303 428 alii
1317 406 1405 429 autem
1419 403 1464 430 ﬁlii
1478 404 1623 432 hominum.
1639 407 1696 435 Ali-

909 444 1015 478 quando
1030 445 1054 471 in
1068 445 1211 481 Scripturis
1228 447 1274 474 ﬁlii
1290 447 1425 476 hominum
1445 449 1567 478 dicuntur
1584 460 1696 486 genera-

909 490 970 517 liter
988 490 1127 525 homines,
1149 493 1290 528 aliquando
1305 495 1409 529 proprie
1429 496 1542 530 quodam
1561 498 1639 525 modo
1653 500 1695 526 di-

909 542 1005 564 cuntur
1017 537 1064 564 ﬁlii
1079 537 1225 572 hominum,
1242 542 1345 575 propria
1364 542 1477 576 quadam
1492 543 1694 578 signiﬁcatione,

909 587 999 610 utnon
1013 591 1107 611 omnes
1119 584 1240 612 homines
1253 586 1432 622 intelligantur
1445 597 1452 615 :
1465 589 1578 617 maxime
1591 592 1696 625 quando

911 627 989 655 habet
1003 629 1209 657 distinctionem.
1222 631 1279 658 Non
1291 632 1360 659 enim
1373 633 1430 660 sine
1442 642 1521 661 causa
1534 636 1567 661 ibi
1582 638 1694 670 positum

910 678 966 705 est,
982 674 1103 702 Homines
1124 680 1147 702 et
1162 677 1277 711 juntenta
1297 678 1378 705 Salvos
1400 680 1492 713 facies,
1508 679 1635 709 Domine:
1649 683 1696 716 [iiii

910 723 1005 746 autem'
1012 721 1141 748 hominum
1154 730 1163 749 :
1178 723 1251 757 quasi
1266 724 1307 751 his
1321 726 1507 759 sequestratis,
1523 728 1638 755 custodit
1652 736 1696 755 se-

908 765 1014 800 junctns
1040 767 1107 795 ﬁlios
1132 768 1278 795 hominum.
1304 770 1443 804 Sejunclos
1465 779 1480 798 a
1501 772 1617 806 quibus?
1638 773 1696 800 Non

911 812 995 839 solum
1010 820 1024 839 ιι
1041 813 1185 847 iumentis,
1200 814 1245 842 sed
1261 819 1288 842 et
1299 816 1332 842 ab
1344 816 1510 849 hominibus,
1524 818 1567 852 qui
1586 819 1697 846 salutem

909 858 1088 892 jumentorum
1108 865 1231 895 qumrnnt
1243 869 1258 888 ιι
1272 862 1340 895 Deo,
1356 866 1383 889 et
1398 871 1445 896 pro
1459 872 1553 898 magno
1565 864 1616 892 hoe
1628 865 1698 893 desi-

911 904 1014 930 derant.
1028 904 1076 938 Qui
1087 910 1149 932 sunt
1159 913 1222 941 ergo
1236 906 1282 933 ﬁlii
1296 907 1450 934 hominum?
1462 908 1509 942 Qui
1522 909 1571 937 sub
1584 911 1698 945 tegmine

912 950 1012 976 alarum
1028 951 1084 985 ejus
1097 956 1214 987 sperant.
1228 951 1266 978 llli
1282 952 1352 979 enim
1366 952 1487 980 homines
1500 961 1559 981 cum
1571 955 1698 989 jumentis
1732 986 1734 989 τ

911 996 1026 1030 gaudent
1042 998 1066 1024 in
1080 1005 1124 1030 rc,
1141 998 1187 1024 ﬁlii
1201 1003 1289 1025 autem
1307 998 1442 1026 hominum
1462 1000 1576 1034 gaudent
1591 1001 1616 1027 in
1629 1009 1696 1036 spe:

913 1041 948 1067 illi
963 1042 1101 1076 prmsentia
1114 1042 1182 1070 bona
1194 1048 1328 1071 sectantur
1338 1051 1397 1071 cum
1408 1044 1544 1079 jumentis,
1557 1046 1598 1073 isti
1613 1047 1698 1074 futura

912 1087 980 1114 bona
1001 1092 1109 1121 sperant
1127 1096 1187 1116 cum
1207 1089 1323 1124 Angelis.
1341 1089 1428 1123 Quare
1442 1098 1505 1125 ergo
1524 1099 1584 1118 cum
1604 1092 1699 1120 distin-

913 1132 999 1159 ctione
1014 1134 1049 1160 illi
1062 1139 1190 1177 vocantur
1203 1134 1335 1168 homines,
1352 1140 1378 1162 et
1393 1135 1435 1163 isti
1450 1142 1576 1165 vocantur
1591 1137 1638 1165 ﬁlii
1652 1138 1701 1166 ho-

913 1178 1032 1205 minum?
1045 1178 1109 1206 Nam
1123 1184 1150 1206 et
1162 1180 1276 1214 quodam
1291 1180 1350 1208 loco
1363 1181 1401 1208 sic
1412 1182 1449 1208 ait
1461 1182 1593 1217 Scriptura
1610 1193 1616 1211 :
1632 1183 1701 1217 Quid

913 1229 948 1250 cst
964 1224 1037 1250 homo
1056 1225 1124 1260 quod
1142 1233 1238 1252 memor
1251 1234 1277 1253 es
1291 1227 1360 1261 ejus,
1376 1232 1419 1253 aut
1434 1222 1622 1261 [ilius‘hominis
1636 1237 1700 1264 quo-

913 1270 980 1296 niam
994 1271 1078 1297 visitas
1092 1279 1149 1298 eum
1169 1271 1253 1306 (Paul.
1266 1280 1310 1298 vm
1321 1293 1328 1305 ,
1340 1271 1387 1308 5)?
1401 1273 1468 1306 Quid
1483 1278 1523 1300 est
1538 1274 1617 1301 homo
1629 1274 1700 1309 quod

913 1324 1015 1343 memor
1027 1325 1055 1343 es
1069 1312 1125 1351 eius
1132 1317 1148 1344 ‘iv
1156 1317 1258 1345 Memor
1267 1318 1325 1352 ejus
1335 1325 1375 1350 es,
1387 1319 1461 1352 quasi
1472 1319 1605 1352 absentis;
1618 1320 1700 1347 ﬁlium

912 1368 1000 1388 autem
1021 1362 1135 1389 hominis
1154 1362 1245 1389 visitas
1260 1368 1427 1397 prreseutem.
1444 1364 1511 1397 Quid
1526 1369 1581 1398 est,
1598 1373 1700 1392 memor

912 1416 941 1435 es
954 1409 1084 1435 hominis?
1097 1408 1219 1436 Homines
1229 1414 1250 1436 et
1264 1415 1374 1438 iumenta
1385 1410 1466 1437 salvos
1478 1412 1563 1446 facies,
1576 1411 1700 1439 Domine:

913 1455 973 1489 quia
988 1459 1014 1481 et
1028 1454 1091 1489 ipsis
1106 1454 1182 1482 malis
1199 1454 1246 1481 das
1263 1455 1391 1486 salutem,
1406 1461 1432 1483 et
1445 1456 1508 1490 ipsis
1525 1457 1569 1491 qui
1585 1465 1635 1483 non
1651 1457 1700 1484 de-

913 1500 1030 1526 siderant
1044 1508 1152 1535 regnum
1168 1500 1307 1527 caelorum.
1323 1500 1422 1528 Tuetur
1434 1501 1504 1528 enim
1516 1501 1591 1534 illos,
1608 1508 1634 1530 et
1647 1511 1699 1530 non

914 1547 971 1573 illos
986 1546 1085 1573 deserit
1094 1546 1240 1574 secundum
1253 1546 1359 1573 modum
1370 1555 1457 1580 suum,
1471 1553 1593 1583 tanquam
1605 1556 1699 1583 pecora

912 1599 958 1618 sua
973 1600 979 1618 ς
994 1595 1020 1618 et
1034 1598 1087 1619 non
1108 1591 1168 1618 illos
1181 1590 1294 1625 deserit;
1311 1596 1397 1619 tamen
1413 1597 1536 1627 tanquam
1551 1593 1699 1620 absentium

913 1644 1015 1663 memor
1028 1641 1078 1663 est.
1093 1637 1127 1663 At
1140 1644 1205 1663 vero
1217 1644 1295 1671 quem
1311 1637 1410 1670 visitat,
1428 1637 1495 1664 ﬁlius
1510 1639 1625 1665 hominis
1640 1643 1698 1671 est;

913 1687 939 1708 et
951 1681 1045 1708 dicitur
1057 1682 1080 1708 ei
1093 1690 1101 1709 :
1114 1681 1177 1708 Filii
1188 1688 1269 1708 autem
1284 1683 1411 1709 hominum
1425 1683 1470 1710 sub
1484 1684 1589 1719 tegmine
1602 1685 1700 1712 alarum

913 1732 1013 1754 tuarum
1028 1727 1171 1762 sperabunt.
1187 1728 1220 1754 Et
1232 1728 1253 1754 si
1266 1728 1347 1755 vultis
1360 1728 1516 1756 discernere
1528 1729 1577 1756 ista
1592 1730 1644 1757 duo
1655 1739 1701 1765 ge-

913 1782 975 1801 nera
990 1774 1137 1807 hominum,
1151 1774 1217 1801 duos
1231 1773 1352 1801 homines
1368 1775 1452 1809 primo
1465 1775 1601 1807 attendite,
1615 1777 1698 1803 Adam

913 1826 939 1847 et
958 1820 1101 1847 Christum.
1118 1820 1187 1847 Audi
1205 1820 1361 1855 Apostolum
1383 1830 1390 1848 :
1412 1820 1483 1848 Sicut
1498 1822 1563 1847 cnim
1578 1822 1604 1848 in
1618 1822 1700 1848 Adam

914 1875 997 1893 omnes
1012 1867 1161 1899 moriuntur,
1176 1866 1212 1893 sic
1225 1872 1247 1893 et
1260 1867 1285 1893 in
1299 1866 1398 1893 Christo
1412 1875 1495 1894 omnes
1510 1867 1700 1901 viviﬁcabuntur

914 1912 934 1947 (l
946 1912 1004 1939 Cor.
1018 1920 1063 1943 xv,
1074 1911 1132 1947 22).
1144 1911 1282 1938 Nascimur
1293 1911 1326 1939 de
1336 1911 1430 1943 Adam,
1445 1916 1473 1938 ut
1483 1912 1627 1939 moriamur
1639 1922 1646 1939 :
1657 1921 1701 1940 re-

913 1958 1045 1991 surgimus
1056 1958 1064 1972 ¹
1077 1965 1124 1991 per
1135 1956 1280 1989 Christum,
1293 1962 1322 1983 ut.
1334 1964 1439 1991 semper
1451 1958 1578 1984 vivamus.
1590 1958 1700 1992 Quando

914 2010 1049 2039 portamus
1060 2004 1200 2039 imaginem
1212 2004 1308 2031 terreni
1321 2003 1445 2037 hominis,
1458 2004 1578 2032 homines
1589 2014 1697 2034 sumus:

914 2049 1018 2084 quando
1042 2054 1177 2085 portamus
1200 2049 1340 2085 imaginem
1363 2050 1479 2078 caelestis
1502 2052 1634 2085 hominis,
1652 2052 1700 2081 ﬁlii

914 2096 1049 2122 hominum
1062 2102 1169 2128 sumus;
1185 2095 1244 2130 quia
1256 2095 1377 2122 Christus
1391 2096 1473 2123 Filius
1487 2096 1601 2124 hominis
1614 2098 1700 2126 dictus

915 2146 955 2167 est
971 2140 1075 2177 (Manli.
1090 2148 1153 2174 vui,
1166 2140 1202 2168 20
1212 2162 1218 2174 ,
1233 2140 1307 2176 etc.).
1323 2140 1427 2168 Etenim
1441 2142 1524 2169 Adam
1537 2142 1617 2170 homo
1631 2149 1699 2178 erat,

914 2188 961 2214 sed
984 2187 1053 2214 ﬁlius
1076 2187 1191 2214 hominis
1210 2194 1262 2214 non
1285 2191 1365 2214 erat:
1382 2187 1441 2215 ideo
1464 2188 1500 2215 illi
1521 2189 1653 2223 pertinent
1666 2189 1701 2217 ad

915 2233 997 2259 Adam
1011 2234 1054 2267 qui
1070 2232 1220 2259 desiderant
1233 2232 1346 2259 carnalia
1361 2232 1439 2264 bona,
1456 2238 1482 2260 et
1496 2234 1607 2261 salutem
1622 2235 1699 2261 istam

916 2280 1097 2314 temporalem.
1112 2278 1253 2306 Hortamur
1264 2278 1324 2306 illos
1336 2283 1364 2305 ut
1376 2278 1420 2305 ﬁlii
1433 2279 1485 2305 sint
1498 2278 1644 2311 hominum,
1655 2281 1702 2316 qui

915 2325 964 2351 sub
980 2324 1093 2359 tegmine
1113 2324 1213 2350 alarum
1236 2323 1293 2358 ejus
1314 2329 1436 2357 sperent,
1452 2328 1478 2351 et
1492 2324 1699 2353 misericordiam

916 2370 987 2396 illam
1002 2369 1166 2401 desiderent,
1180 2376 1239 2403 qua).
1253 2369 1278 2395 in
1293 2369 1360 2396 coelo
1374 2373 1424 2401 est,
1439 2373 1465 2395 et
1479 2377 1537 2403 qua:
1549 2371 1702 2397 annuntiata

916 2419 956 2442 est
973 2423 1018 2449 per
1031 2414 1124 2441 nubes.
1139 2414 1190 2441 Sed
1206 2414 1227 2440 si
1241 2421 1293 2440 non
1309 2418 1419 2448 possunt
1431 2413 1526 2445 adhuc,
1542 2414 1645 2442 interim
1660 2417 1699 2444 vel

916 2460 1070 2495 temporalia
1079 2460 1145 2487 bona
1160 2459 1211 2487 non
1225 2459 1385 2490 desiderent,
1397 2459 1447 2486 nisi
1461 2460 1494 2487 ab
1507 2467 1560 2486 uno
1574 2460 1628 2488 Deo
1640 2470 1647 2488 :
1662 2462 1703 2489 sic

915 2511 942 2534 et
957 2507 982 2533 in
994 2506 1082 2533 Veteri
1092 2506 1262 2533 Testamento
1274 2504 1421 2537 serviant',
1435 2507 1464 2531 ut
1479 2504 1511 2532 ad
1524 2504 1625 2532 Novum
1641 2514 1699 2541 pen-

916 2554 1031 2580 veniant.

952 2600 994 2626 15.
1015 2597 1080 2625 Nam
1093 2602 1119 2623 et
1134 2596 1248 2632 populus
1262 2596 1304 2623 ille
1319 2600 1422 2624 terrena
1436 2598 1503 2624 bona
1519 2598 1697 2632 desideravit,

916 2650 943 2672 et
956 2650 1065 2680 regnum
1077 2642 1223 2669 Jerusalem
1235 2662 1242 2673 .
1256 2641 1445 2677 subjectionem
1457 2643 1621 2671 inimicorum
1641 2651 1708 2671 suo-

916 2697 975 2718 rum
985 2709 993 2722 ,
1006 2688 1192 2716 abundantiam
1206 2687 1334 2714 fructuum
1344 2707 1353 2721 ρ
1367 2688 1479 2724 salutem
1496 2689 1627 2724 propriam
1636 2710 1643 2721 ,
1658 2697 1700 2716 sa-

918 2737 997 2764 lutem
1014 2735 1125 2762 ﬁliorum
1141 2742 1258 2762 suorum.
1281 2734 1352 2762 Talia
1373 2735 1573 2767 desiderabant,
1593 2741 1620 2763 et
1641 2736 1700 2762 talin

917 2781 1091 2817 accipiebant,
1107 2781 1156 2808 sub
1170 2780 1240 2815 Lege
1249 2780 1259 2796 ³
1272 2780 1497 2809 custodiebantur.
1514 2781 1701 2809 Dosiderabant

949 2839 958 2855 ³
975 2839 1011 2863 sic
1022 2842 1075 2863 Mss.
1087 2840 1114 2861 Λῑ
1123 2837 1188 2868 F.dd,.
1200 2843 1357 2868 resurgentus.
1621 2867 1634 2868 η
1686 2864 1690 2868 _

948 2870 959 2885 ‘
976 2869 1069 2900 Aliquot
1079 2872 1142 2898 Mss,
1154 2867 1188 2893 sic
1199 2871 1221 2892 et
1237 2867 1314 2892 Veteri
1324 2871 1466 2893 Tesumwnto
1476 2870 1587 2892 serviunt.
1602 2867 1654 2897 Alii,
1670 2867 1704 2889 sic

918 2900 975 2927 etin
986 2899 1062 2933 veteri
1073 2902 1216 2924 Testamento
1224 2903 1357 2933 seruantur.

952 2932 963 2948 ⁸
977 2932 1053 2957 hosui
1065 2937 1149 2956 ennius
1229 2929 1349 2957 omittunt.
1358 2930 1402 2952 sub
1414 2928 1472 2959 leue.
