  <div class='ocr_page' id='page_1' title='image "/cluster/home/n/w/nwhite01/storage/ocr_20150623/36/hvd.32044096580584/183.png"; bbox 0 0 3972 6198; ppageno 0'>
   <div class='ocr_carea' id='block_1_1' title="bbox 526 376 723 433">
    <p class='ocr_par' dir='ltr' id='par_1_1' title="bbox 526 376 723 433">
     <span class='ocr_line' id='line_1_1' title="bbox 526 376 723 433; baseline 0.046 -9"><span class='ocrx_word' id='word_1_1' title='bbox 526 376 723 433; x_wconf 68' lang='grc'><strong>,551</strong></span> 
     </span>
    </p>
   </div>
   <div class='ocr_carea' id='block_1_2' title="bbox 629 484 2179 560">
    <p class='ocr_par' dir='ltr' id='par_1_2' title="bbox 629 484 2179 560">
     <span class='ocr_line' id='line_1_2' title="bbox 629 484 2179 560; baseline 0.004 -19"><span class='ocrx_word' id='word_1_2' title='bbox 629 502 656 541; x_wconf 85' lang='lat' dir='ltr'><strong>a</strong></span> <span class='ocrx_word' id='word_1_3' title='bbox 692 488 801 542; x_wconf 90' lang='lat' dir='ltr'><strong>Deo</strong></span> <span class='ocrx_word' id='word_1_4' title='bbox 827 486 994 547; x_wconf 84' lang='lat' dir='ltr'><strong>bona,</strong></span> <span class='ocrx_word' id='word_1_5' title='bbox 1020 501 1139 556; x_wconf 77' lang='lat' dir='ltr'><strong>qua:</strong></span> <span class='ocrx_word' id='word_1_6' title='bbox 1161 484 1252 542; x_wconf 89' lang='lat' dir='ltr'><strong>dat</strong></span> <span class='ocrx_word' id='word_1_7' title='bbox 1272 496 1330 544; x_wconf 90' lang='lat' dir='ltr'><strong>et</strong></span> <span class='ocrx_word' id='word_1_8' title='bbox 1361 487 1645 559; x_wconf 81' lang='lat' dir='ltr'><strong>jumentis,</strong></span> <span class='ocrx_word' id='word_1_9' title='bbox 1677 491 1799 560; x_wconf 87' lang='lat' dir='ltr'><strong>quia</strong></span> <span class='ocrx_word' id='word_1_10' title='bbox 1844 490 2077 547; x_wconf 87' lang='lat' dir='ltr'><strong>nondum</strong></span> <span class='ocrx_word' id='word_1_11' title='bbox 2112 490 2179 547; x_wconf 86' lang='lat' dir='ltr'><strong>ad</strong></span> 
     </span>
    </p>
   </div>
   <div class='ocr_carea' id='block_1_3' title="bbox 550 577 2189 657">
    <p class='ocr_par' dir='ltr' id='par_1_3' title="bbox 550 577 2189 657">
     <span class='ocr_line' id='line_1_3' title="bbox 550 577 2189 657; baseline 0.004 -25"><span class='ocrx_word' id='word_1_12' title='bbox 627 579 744 632; x_wconf 81' lang='lat' dir='ltr'><strong>illos</strong></span> <span class='ocrx_word' id='word_1_13' title='bbox 764 588 975 632; x_wconf 89' lang='lat' dir='ltr'><strong>venerat</strong></span> <span class='ocrx_word' id='word_1_14' title='bbox 1001 577 1165 634; x_wconf 82' lang='lat' dir='ltr'><strong>Filius</strong></span> <span class='ocrx_word' id='word_1_15' title='bbox 1186 578 1437 645; x_wconf 85' lang='lat' dir='ltr'><strong>hominis,</strong></span> <span class='ocrx_word' id='word_1_16' title='bbox 1466 589 1524 634; x_wconf 91' lang='lat' dir='ltr'><strong>ut</strong></span> <span class='ocrx_word' id='word_1_17' title='bbox 1543 591 1721 636; x_wconf 89' lang='lat' dir='ltr'><strong>essent</strong></span> <span class='ocrx_word' id='word_1_18' title='bbox 1743 580 1861 637; x_wconf 86' lang='lat' dir='ltr'><strong>Filii</strong></span> <span class='ocrx_word' id='word_1_19' title='bbox 1882 581 2189 638; x_wconf 81' lang='lat' dir='ltr'><strong>hominum:</strong></span> 
     </span>
    </p>
   </div>
   <div class='ocr_carea' id='block_1_4' title="bbox 558 668 2190 735">
    <p class='ocr_par' dir='ltr' id='par_1_4' title="bbox 558 668 2190 735">
     <span class='ocr_line' id='line_1_4' title="bbox 558 668 2190 735; baseline 0.004 -12"><span class='ocrx_word' id='word_1_20' title='bbox 558 670 567 685; x_wconf 76' lang='grc'>¹</span> <span class='ocrx_word' id='word_1_21' title='bbox 626 680 799 723; x_wconf 87' lang='lat' dir='ltr'><strong>tamen</strong></span> <span class='ocrx_word' id='word_1_22' title='bbox 832 668 941 735; x_wconf 85' lang='lat' dir='ltr'><strong>jam</strong></span> <span class='ocrx_word' id='word_1_23' title='bbox 979 668 1243 725; x_wconf 92' lang='lat' dir='ltr'><strong>babebant</strong></span> <span class='ocrx_word' id='word_1_24' title='bbox 1279 672 1449 728; x_wconf 88' lang='lat' dir='ltr'><strong>nubes</strong></span> <span class='ocrx_word' id='word_1_25' title='bbox 1476 674 1845 729; x_wconf 82' lang='lat' dir='ltr'><strong>annuntiantes</strong></span> <span class='ocrx_word' id='word_1_26' title='bbox 1870 672 2061 730; x_wconf 79' lang='lat' dir='ltr'><strong>Filium</strong></span> <span class='ocrx_word' id='word_1_27' title='bbox 2089 674 2190 730; x_wconf 74' lang='lat' dir='ltr'><strong>llo-</strong></span> 
     </span>
    </p>
   </div>
   <div class='ocr_carea' id='block_1_5' title="bbox 623 759 2193 834">
    <p class='ocr_par' dir='ltr' id='par_1_5' title="bbox 623 759 2193 834">
     <span class='ocr_line' id='line_1_5' title="bbox 623 759 2193 834; baseline 0.007 -22"><span class='ocrx_word' id='word_1_28' title='bbox 623 760 800 813; x_wconf 89' lang='lat' dir='ltr'><strong>minis.</strong></span> <span class='ocrx_word' id='word_1_29' title='bbox 856 759 1124 815; x_wconf 90' lang='lat' dir='ltr'><strong>Venerunt</strong></span> <span class='ocrx_word' id='word_1_30' title='bbox 1159 761 1226 817; x_wconf 85' lang='lat' dir='ltr'><strong>ad</strong></span> <span class='ocrx_word' id='word_1_31' title='bbox 1271 763 1390 818; x_wconf 90' lang='lat' dir='ltr'><strong>illos</strong></span> <span class='ocrx_word' id='word_1_32' title='bbox 1417 763 1716 834; x_wconf 76' lang='lat' dir='ltr'><strong>Prophetze,</strong></span> <span class='ocrx_word' id='word_1_33' title='bbox 1746 768 2193 823; x_wconf 86' lang='lat' dir='ltr'><strong>annnntiaverunt</strong></span> 
     </span>
    </p>
   </div>
   <div class='ocr_carea' id='block_1_6' title="bbox 622 851 2192 927">
    <p class='ocr_par' dir='ltr' id='par_1_6' title="bbox 622 851 2192 927">
     <span class='ocr_line' id='line_1_6' title="bbox 622 851 2192 927; baseline 0.004 -21"><span class='ocrx_word' id='word_1_34' title='bbox 622 851 888 906; x_wconf 74' lang='lat' dir='ltr'><strong>Christum</strong></span> <span class='ocrx_word' id='word_1_35' title='bbox 913 870 926 905; x_wconf 86' lang='lat'><strong>:</strong></span> <span class='ocrx_word' id='word_1_36' title='bbox 951 861 1005 907; x_wconf 91' lang='lat' dir='ltr'><strong>et</strong></span> <span class='ocrx_word' id='word_1_37' title='bbox 1044 861 1196 908; x_wconf 88' lang='lat' dir='ltr'><strong>erant</strong></span> <span class='ocrx_word' id='word_1_38' title='bbox 1230 853 1298 908; x_wconf 92' lang='lat' dir='ltr'><strong>ibi</strong></span> <span class='ocrx_word' id='word_1_39' title='bbox 1338 854 1550 924; x_wconf 88' lang='lat' dir='ltr'><strong>quidam</strong></span> <span class='ocrx_word' id='word_1_40' title='bbox 1575 856 1665 926; x_wconf 90' lang='lat' dir='ltr'><strong>qui</strong></span> <span class='ocrx_word' id='word_1_41' title='bbox 1704 857 2096 927; x_wconf 74' lang='lat' dir='ltr'><strong>intelligebant,</strong></span> <span class='ocrx_word' id='word_1_42' title='bbox 2137 866 2192 913; x_wconf 88' lang='lat' dir='ltr'><strong>et</strong></span> 
     </span>
    </p>
   </div>
   <div class='ocr_carea' id='block_1_7' title="bbox 623 940 2188 1026">
    <p class='ocr_par' dir='ltr' id='par_1_7' title="bbox 623 940 2188 1026">
     <span class='ocr_line' id='line_1_7' title="bbox 623 940 2188 1026; baseline 0.004 -31"><span class='ocrx_word' id='word_1_43' title='bbox 623 957 771 1010; x_wconf 77' lang='lat' dir='ltr'><strong>Spem</strong></span> <span class='ocrx_word' id='word_1_44' title='bbox 795 940 1021 996; x_wconf 88' lang='lat' dir='ltr'><strong>futuram</strong></span> <span class='ocrx_word' id='word_1_45' title='bbox 1046 943 1335 1012; x_wconf 86' lang='lat' dir='ltr'><strong>habebant,</strong></span> <span class='ocrx_word' id='word_1_46' title='bbox 1360 954 1416 999; x_wconf 94' lang='lat' dir='ltr'><strong>ut</strong></span> <span class='ocrx_word' id='word_1_47' title='bbox 1433 946 1733 1026; x_wconf 74' lang='lat' dir='ltr'><strong>acciperent</strong></span> <span class='ocrx_word' id='word_1_48' title='bbox 1752 948 2188 1017; x_wconf 86' lang='lat' dir='ltr'><strong>misericordiam,</strong></span> 
     </span>
    </p>
   </div>
   <div class='ocr_carea' id='block_1_8' title="bbox 622 1035 2190 1108">
    <p class='ocr_par' dir='ltr' id='par_1_8' title="bbox 622 1035 2190 1108">
     <span class='ocr_line' id='line_1_8' title="bbox 622 1035 2190 1108; baseline 0.006 -22"><span class='ocrx_word' id='word_1_49' title='bbox 622 1050 741 1104; x_wconf 73' lang='lat' dir='ltr'><strong>qua:</strong></span> <span class='ocrx_word' id='word_1_50' title='bbox 770 1035 822 1088; x_wconf 91' lang='lat' dir='ltr'><strong>in</strong></span> <span class='ocrx_word' id='word_1_51' title='bbox 854 1036 989 1091; x_wconf 74' lang='lat' dir='ltr'><strong>ccelo</strong></span> <span class='ocrx_word' id='word_1_52' title='bbox 1013 1045 1114 1090; x_wconf 90' lang='lat' dir='ltr'><strong>est.</strong></span> <span class='ocrx_word' id='word_1_53' title='bbox 1145 1036 1309 1091; x_wconf 81' lang='lat' dir='ltr'><strong>Erant</strong></span> <span class='ocrx_word' id='word_1_54' title='bbox 1334 1037 1404 1091; x_wconf 88' lang='lat' dir='ltr'><strong>ibi</strong></span> <span class='ocrx_word' id='word_1_55' title='bbox 1431 1038 1518 1108; x_wconf 91' lang='lat' dir='ltr'><strong>qui</strong></span> <span class='ocrx_word' id='word_1_56' title='bbox 1547 1040 1756 1096; x_wconf 83' lang='lat' dir='ltr'><strong>nonnisi</strong></span> <span class='ocrx_word' id='word_1_57' title='bbox 1781 1041 2008 1096; x_wconf 80' lang='lat' dir='ltr'><strong>carnalia</strong></span> <span class='ocrx_word' id='word_1_58' title='bbox 2040 1040 2190 1097; x_wconf 88' lang='lat' dir='ltr'><strong>desi-</strong></span> 
     </span>
    </p>
   </div>
   <div class='ocr_carea' id='block_1_9' title="bbox 622 1126 2191 1201">
    <p class='ocr_par' dir='ltr' id='par_1_9' title="bbox 622 1126 2191 1201">
     <span class='ocr_line' id='line_1_9' title="bbox 622 1126 2191 1201; baseline 0.006 -23"><span class='ocrx_word' id='word_1_59' title='bbox 622 1126 870 1185; x_wconf 83' lang='lat' dir='ltr'><strong>derarent</strong></span> <span class='ocrx_word' id='word_1_60' title='bbox 893 1134 946 1180; x_wconf 85' lang='lat' dir='ltr'><strong>et</strong></span> <span class='ocrx_word' id='word_1_61' title='bbox 977 1137 1238 1183; x_wconf 83' lang='lat' dir='ltr'><strong>terrenam</strong></span> <span class='ocrx_word' id='word_1_62' title='bbox 1256 1143 1319 1183; x_wconf 90' lang='lat' dir='ltr'><strong>ac</strong></span> <span class='ocrx_word' id='word_1_63' title='bbox 1344 1130 1688 1200; x_wconf 81' lang='lat' dir='ltr'><strong>temporalem</strong></span> <span class='ocrx_word' id='word_1_64' title='bbox 1708 1131 2039 1187; x_wconf 79' lang='lat' dir='ltr'><strong>felicitatem.</strong></span> <span class='ocrx_word' id='word_1_65' title='bbox 2058 1132 2191 1201; x_wconf 85' lang='lat' dir='ltr'><strong>Ipsis</strong></span> 
     </span>
    </p>
   </div>
   <div class='ocr_carea' id='block_1_10' title="bbox 623 1216 2183 1288">
    <p class='ocr_par' dir='ltr' id='par_1_10' title="bbox 623 1216 2183 1288">
     <span class='ocr_line' id='line_1_10' title="bbox 623 1216 2183 1288; baseline 0.004 -19"><span class='ocrx_word' id='word_1_66' title='bbox 623 1216 936 1271; x_wconf 84' lang='lat' dir='ltr'><strong>labebantur</strong></span> <span class='ocrx_word' id='word_1_67' title='bbox 982 1219 1145 1288; x_wconf 88' lang='lat' dir='ltr'><strong>pedes</strong></span> <span class='ocrx_word' id='word_1_68' title='bbox 1190 1219 1255 1287; x_wconf 81' lang='lat' dir='ltr'><strong>ad</strong></span> <span class='ocrx_word' id='word_1_69' title='bbox 1302 1219 1541 1275; x_wconf 87' lang='lat' dir='ltr'><strong>facienda</strong></span> <span class='ocrx_word' id='word_1_70' title='bbox 1582 1222 1667 1277; x_wconf 86' lang='lat' dir='ltr'><strong>vel</strong></span> <span class='ocrx_word' id='word_1_71' title='bbox 1706 1222 1974 1276; x_wconf 82' lang='lat' dir='ltr'><strong>adoranda</strong></span> <span class='ocrx_word' id='word_1_72' title='bbox 2020 1221 2183 1278; x_wconf 85' lang='lat' dir='ltr'><strong>idola.</strong></span> 
     </span>
    </p>
   </div>
   <div class='ocr_carea' id='block_1_11' title="bbox 623 1310 2191 1384">
    <p class='ocr_par' dir='ltr' id='par_1_11' title="bbox 623 1310 2191 1384">
     <span class='ocr_line' id='line_1_11' title="bbox 623 1310 2191 1384; baseline 0.003 -19"><span class='ocrx_word' id='word_1_73' title='bbox 623 1310 847 1378; x_wconf 86' lang='lat' dir='ltr'><strong>Quando</strong></span> <span class='ocrx_word' id='word_1_74' title='bbox 887 1313 1027 1367; x_wconf 89' lang='lat' dir='ltr'><strong>enim</strong></span> <span class='ocrx_word' id='word_1_75' title='bbox 1068 1312 1185 1367; x_wconf 90' lang='lat' dir='ltr'><strong>illos</strong></span> <span class='ocrx_word' id='word_1_76' title='bbox 1213 1312 1558 1378; x_wconf 88' lang='lat' dir='ltr'><strong>admonebat,</strong></span> <span class='ocrx_word' id='word_1_77' title='bbox 1585 1322 1640 1369; x_wconf 86' lang='lat' dir='ltr'><strong>et</strong></span> <span class='ocrx_word' id='word_1_78' title='bbox 1678 1314 1976 1384; x_wconf 80' lang='lat' dir='ltr'><strong>ﬂagellabat</strong></span> <span class='ocrx_word' id='word_1_79' title='bbox 2009 1314 2064 1369; x_wconf 84' lang='lat' dir='ltr'><strong>in</strong></span> <span class='ocrx_word' id='word_1_80' title='bbox 2107 1313 2191 1370; x_wconf 82' lang='lat' dir='ltr'><strong>bis</strong></span> 
     </span>
    </p>
   </div>
   <div class='ocr_carea' id='block_1_12' title="bbox 622 1403 2190 1475">
    <p class='ocr_par' dir='ltr' id='par_1_12' title="bbox 622 1403 2190 1475">
     <span class='ocr_line' id='line_1_12' title="bbox 622 1403 2190 1475; baseline 0.001 -17"><span class='ocrx_word' id='word_1_81' title='bbox 622 1404 868 1458; x_wconf 90' lang='lat' dir='ltr'><strong>omnibus</strong></span> <span class='ocrx_word' id='word_1_82' title='bbox 904 1403 1095 1474; x_wconf 88' lang='lat' dir='ltr'><strong>quibus</strong></span> <span class='ocrx_word' id='word_1_83' title='bbox 1123 1403 1550 1469; x_wconf 83' lang='lat' dir='ltr'><strong>delectabantur,</strong></span> <span class='ocrx_word' id='word_1_84' title='bbox 1578 1412 1635 1459; x_wconf 89' lang='lat' dir='ltr'><strong>et</strong></span> <span class='ocrx_word' id='word_1_85' title='bbox 1666 1404 1940 1460; x_wconf 84' lang='lat' dir='ltr'><strong>auferebat</strong></span> <span class='ocrx_word' id='word_1_86' title='bbox 1970 1420 2064 1471; x_wconf 90' lang='lat' dir='ltr'><strong>ea,</strong></span> <span class='ocrx_word' id='word_1_87' title='bbox 2093 1420 2190 1475; x_wconf 88' lang='lat' dir='ltr'><strong>pa-</strong></span> 
     </span>
    </p>
   </div>
   <div class='ocr_carea' id='block_1_13' title="bbox 624 1494 2191 1565">
    <p class='ocr_par' dir='ltr' id='par_1_13' title="bbox 624 1494 2191 1565">
     <span class='ocr_line' id='line_1_13' title="bbox 624 1494 2191 1565; baseline 0.002 -16"><span class='ocrx_word' id='word_1_88' title='bbox 624 1494 887 1550; x_wconf 87' lang='lat' dir='ltr'><strong>tiebantur</strong></span> <span class='ocrx_word' id='word_1_89' title='bbox 927 1494 1117 1549; x_wconf 85' lang='lat' dir='ltr'><strong>famem</strong></span> <span class='ocrx_word' id='word_1_90' title='bbox 1148 1537 1165 1561; x_wconf 95' lang='lat'><strong>,</strong></span> <span class='ocrx_word' id='word_1_91' title='bbox 1210 1494 1385 1562; x_wconf 90' lang='lat' dir='ltr'><strong>bella,</strong></span> <span class='ocrx_word' id='word_1_92' title='bbox 1433 1496 1800 1565; x_wconf 78' lang='lat' dir='ltr'><strong>pestilentias,</strong></span> <span class='ocrx_word' id='word_1_93' title='bbox 1834 1496 2051 1553; x_wconf 90' lang='lat' dir='ltr'><strong>morbos</strong></span> <span class='ocrx_word' id='word_1_94' title='bbox 2078 1537 2094 1560; x_wconf 89' lang='lat'><strong><em>.</em></strong></span> <span class='ocrx_word' id='word_1_95' title='bbox 2136 1503 2191 1552; x_wconf 87' lang='lat' dir='ltr'><strong>et</strong></span> 
     </span>
    </p>
   </div>
   <div class='ocr_carea' id='block_1_14' title="bbox 622 1585 2190 1657">
    <p class='ocr_par' dir='ltr' id='par_1_14' title="bbox 622 1585 2190 1657">
     <span class='ocr_line' id='line_1_14' title="bbox 622 1585 2190 1657; baseline 0 -16"><span class='ocrx_word' id='word_1_96' title='bbox 622 1585 1065 1642; x_wconf 85' lang='lat' dir='ltr'><strong>convertebantur</strong></span> <span class='ocrx_word' id='word_1_97' title='bbox 1086 1585 1156 1641; x_wconf 87' lang='lat' dir='ltr'><strong>ad</strong></span> <span class='ocrx_word' id='word_1_98' title='bbox 1197 1585 1357 1641; x_wconf 90' lang='lat' dir='ltr'><strong>idola.</strong></span> <span class='ocrx_word' id='word_1_99' title='bbox 1380 1586 1525 1642; x_wconf 84' lang='lat' dir='ltr'><strong>Talia</strong></span> <span class='ocrx_word' id='word_1_100' title='bbox 1551 1587 1689 1644; x_wconf 90' lang='lat' dir='ltr'><strong>bona</strong></span> <span class='ocrx_word' id='word_1_101' title='bbox 1725 1602 1845 1656; x_wconf 71' lang='lat' dir='ltr'><strong>quae</strong></span> <span class='ocrx_word' id='word_1_102' title='bbox 1874 1602 1972 1657; x_wconf 89' lang='lat' dir='ltr'><strong>pro</strong></span> <span class='ocrx_word' id='word_1_103' title='bbox 1998 1602 2190 1657; x_wconf 83' lang='lat' dir='ltr'><strong>magno</strong></span> 
     </span>
    </p>
   </div>
   <div class='ocr_carea' id='block_1_15' title="bbox 620 1677 2186 1746">
    <p class='ocr_par' dir='ltr' id='par_1_15' title="bbox 620 1677 2186 1746">
     <span class='ocr_line' id='line_1_15' title="bbox 620 1677 2186 1746; baseline 0 -13"><span class='ocrx_word' id='word_1_104' title='bbox 620 1695 651 1733; x_wconf 91' lang='lat' dir='ltr'><strong>a</strong></span> <span class='ocrx_word' id='word_1_105' title='bbox 684 1680 791 1732; x_wconf 91' lang='lat' dir='ltr'><strong>Deo</strong></span> <span class='ocrx_word' id='word_1_106' title='bbox 821 1679 1121 1733; x_wconf 85' lang='lat' dir='ltr'><strong>desiderare</strong></span> <span class='ocrx_word' id='word_1_107' title='bbox 1156 1677 1453 1744; x_wconf 85' lang='lat' dir='ltr'><strong>debebant,</strong></span> <span class='ocrx_word' id='word_1_108' title='bbox 1483 1678 1551 1732; x_wconf 89' lang='lat' dir='ltr'><strong>ab</strong></span> <span class='ocrx_word' id='word_1_109' title='bbox 1587 1677 1742 1733; x_wconf 86' lang='lat' dir='ltr'><strong>idolis</strong></span> <span class='ocrx_word' id='word_1_110' title='bbox 1778 1677 2186 1746; x_wconf 85' lang='lat' dir='ltr'><strong>desiderabant,</strong></span> 
     </span>
    </p>
   </div>
   <div class='ocr_carea' id='block_1_16' title="bbox 620 1768 2185 1840">
    <p class='ocr_par' dir='ltr' id='par_1_16' title="bbox 620 1768 2185 1840">
     <span class='ocr_line' id='line_1_16' title="bbox 620 1768 2185 1840; baseline -0.001 -15"><span class='ocrx_word' id='word_1_111' title='bbox 620 1780 674 1826; x_wconf 88' lang='lat' dir='ltr'><strong>et</strong></span> <span class='ocrx_word' id='word_1_112' title='bbox 720 1770 1054 1826; x_wconf 86' lang='lat' dir='ltr'><strong>dimittebant</strong></span> <span class='ocrx_word' id='word_1_113' title='bbox 1094 1771 1283 1825; x_wconf 87' lang='lat' dir='ltr'><strong>Deum.</strong></span> <span class='ocrx_word' id='word_1_114' title='bbox 1310 1768 1666 1825; x_wconf 86' lang='lat' dir='ltr'><strong>Attendebant</strong></span> <span class='ocrx_word' id='word_1_115' title='bbox 1697 1770 1842 1827; x_wconf 90' lang='lat' dir='ltr'><strong>enim</strong></span> <span class='ocrx_word' id='word_1_116' title='bbox 1877 1770 1991 1840; x_wconf 88' lang='lat' dir='ltr'><strong>ipsa</strong></span> <span class='ocrx_word' id='word_1_117' title='bbox 2026 1769 2185 1835; x_wconf 86' lang='lat' dir='ltr'><strong>bona,</strong></span> 
     </span>
    </p>
   </div>
   <div class='ocr_carea' id='block_1_17' title="bbox 619 1845 2191 1933">
    <p class='ocr_par' dir='ltr' id='par_1_17' title="bbox 619 1845 2191 1933">
     <span class='ocr_line' id='line_1_17' title="bbox 619 1845 2191 1933; baseline 0.003 -19"><span class='ocrx_word' id='word_1_118' title='bbox 619 1879 736 1931; x_wconf 81' lang='lat' dir='ltr'><strong>qtnc</strong></span> <span class='ocrx_word' id='word_1_119' title='bbox 766 1845 1089 1932; x_wconf 58' lang='lat' dir='ltr'><strong>quaerebant,</strong></span> <span class='ocrx_word' id='word_1_120' title='bbox 1113 1862 1382 1918; x_wconf 84' lang='lat' dir='ltr'><strong>abundare</strong></span> <span class='ocrx_word' id='word_1_121' title='bbox 1410 1863 1587 1932; x_wconf 83' lang='lat' dir='ltr'><strong>impiis</strong></span> <span class='ocrx_word' id='word_1_122' title='bbox 1612 1871 1667 1917; x_wconf 90' lang='lat' dir='ltr'><strong>et</strong></span> <span class='ocrx_word' id='word_1_123' title='bbox 1690 1862 1986 1927; x_wconf 78' lang='lat' dir='ltr'><strong>sceleratis.</strong></span> <span class='ocrx_word' id='word_1_124' title='bbox 2012 1871 2065 1919; x_wconf 82' lang='lat' dir='ltr'><strong>et</strong></span> <span class='ocrx_word' id='word_1_125' title='bbox 2092 1878 2191 1933; x_wconf 84' lang='lat' dir='ltr'><strong>pu-</strong></span> 
     </span>
    </p>
   </div>
   <div class='ocr_carea' id='block_1_18' title="bbox 620 1953 2189 2023">
    <p class='ocr_par' dir='ltr' id='par_1_18' title="bbox 620 1953 2189 2023">
     <span class='ocr_line' id='line_1_18' title="bbox 620 1953 2189 2023; baseline 0.002 -16"><span class='ocrx_word' id='word_1_126' title='bbox 620 1954 801 2009; x_wconf 86' lang='lat' dir='ltr'><strong>tabant</strong></span> <span class='ocrx_word' id='word_1_127' title='bbox 828 1969 887 2010; x_wconf 90' lang='lat' dir='ltr'><strong>se</strong></span> <span class='ocrx_word' id='word_1_128' title='bbox 908 1953 1101 2010; x_wconf 81' lang='lat' dir='ltr'><strong>frustra</strong></span> <span class='ocrx_word' id='word_1_129' title='bbox 1124 1956 1287 2009; x_wconf 92' lang='lat' dir='ltr'><strong>Dcum</strong></span> <span class='ocrx_word' id='word_1_130' title='bbox 1307 1954 1506 2018; x_wconf 90' lang='lat' dir='ltr'><strong>colere,</strong></span> <span class='ocrx_word' id='word_1_131' title='bbox 1543 1954 1665 2023; x_wconf 89' lang='lat' dir='ltr'><strong>quia</strong></span> <span class='ocrx_word' id='word_1_132' title='bbox 1679 1969 1784 2009; x_wconf 90' lang='lat' dir='ltr'><strong>non</strong></span> <span class='ocrx_word' id='word_1_133' title='bbox 1805 1954 1965 2010; x_wconf 87' lang='lat' dir='ltr'><strong>dabat</strong></span> <span class='ocrx_word' id='word_1_134' title='bbox 1982 1970 2189 2010; x_wconf 86' lang='lat' dir='ltr'><strong>merce-</strong></span> 
     </span>
    </p>
   </div>
   <div class='ocr_carea' id='block_1_19' title="bbox 617 2046 2190 2117">
    <p class='ocr_par' dir='ltr' id='par_1_19' title="bbox 617 2046 2190 2117">
     <span class='ocr_line' id='line_1_19' title="bbox 617 2046 2190 2117; baseline 0.001 -15"><span class='ocrx_word' id='word_1_135' title='bbox 617 2048 738 2103; x_wconf 88' lang='lat' dir='ltr'><strong>dem</strong></span> <span class='ocrx_word' id='word_1_136' title='bbox 767 2056 1048 2103; x_wconf 84' lang='lat' dir='ltr'><strong>terrenam.</strong></span> <span class='ocrx_word' id='word_1_137' title='bbox 1076 2047 1125 2102; x_wconf 90' lang='grc' dir='ltr'>Ο</span> <span class='ocrx_word' id='word_1_138' title='bbox 1145 2046 1343 2102; x_wconf 83' lang='lat' dir='ltr'><strong>homo!</strong></span> <span class='ocrx_word' id='word_1_139' title='bbox 1375 2046 1647 2117; x_wconf 86' lang='lat' dir='ltr'><strong>operarius</strong></span> <span class='ocrx_word' id='word_1_140' title='bbox 1674 2062 1733 2102; x_wconf 88' lang='lat' dir='ltr'><strong>es</strong></span> <span class='ocrx_word' id='word_1_141' title='bbox 1758 2046 1881 2111; x_wconf 88' lang='lat' dir='ltr'><strong>Dei;</strong></span> <span class='ocrx_word' id='word_1_142' title='bbox 1910 2056 2090 2117; x_wconf 89' lang='lat' dir='ltr'><strong>postea</strong></span> <span class='ocrx_word' id='word_1_143' title='bbox 2107 2056 2190 2103; x_wconf 83' lang='lat' dir='ltr'><strong>est</strong></span> 
     </span>
    </p>
   </div>
   <div class='ocr_carea' id='block_1_20' title="bbox 620 2136 2188 2210">
    <p class='ocr_par' dir='ltr' id='par_1_20' title="bbox 620 2136 2188 2210">
     <span class='ocr_line' id='line_1_20' title="bbox 620 2136 2188 2210; baseline 0.001 -20"><span class='ocrx_word' id='word_1_144' title='bbox 620 2147 827 2208; x_wconf 65' lang='lat' dir='ltr'><strong>tempus</strong></span> <span class='ocrx_word' id='word_1_145' title='bbox 851 2138 1147 2193; x_wconf 86' lang='lat' dir='ltr'><strong>mercedem</strong></span> <span class='ocrx_word' id='word_1_146' title='bbox 1175 2137 1469 2210; x_wconf 84' lang='lat' dir='ltr'><strong>accipiendi</strong></span> <span class='ocrx_word' id='word_1_147' title='bbox 1496 2153 1510 2191; x_wconf 88' lang='lat'><strong>:</strong></span> <span class='ocrx_word' id='word_1_148' title='bbox 1533 2137 1657 2208; x_wconf 93' lang='lat' dir='ltr'><strong>quid</strong></span> <span class='ocrx_word' id='word_1_149' title='bbox 1674 2136 1784 2207; x_wconf 83' lang='lat' dir='ltr'><strong>jam</strong></span> <span class='ocrx_word' id='word_1_150' title='bbox 1812 2137 2013 2208; x_wconf 78' lang='lat' dir='ltr'><strong>ﬂagitas</strong></span> <span class='ocrx_word' id='word_1_151' title='bbox 2041 2152 2188 2193; x_wconf 87' lang='lat' dir='ltr'><strong>mer-</strong></span> 
     </span>
    </p>
   </div>
   <div class='ocr_carea' id='block_1_21' title="bbox 616 2229 2185 2302">
    <p class='ocr_par' dir='ltr' id='par_1_21' title="bbox 616 2229 2185 2302">
     <span class='ocr_line' id='line_1_21' title="bbox 616 2229 2185 2302; baseline 0.001 -17"><span class='ocrx_word' id='word_1_152' title='bbox 616 2232 803 2286; x_wconf 83' lang='lat' dir='ltr'><strong>cedem</strong></span> <span class='ocrx_word' id='word_1_153' title='bbox 828 2242 1107 2302; x_wconf 81' lang='lat' dir='ltr'><strong>antequam</strong></span> <span class='ocrx_word' id='word_1_154' title='bbox 1153 2231 1432 2302; x_wconf 88' lang='lat' dir='ltr'><strong>opereris?</strong></span> <span class='ocrx_word' id='word_1_155' title='bbox 1463 2229 1521 2286; x_wconf 90' lang='lat' dir='ltr'><strong>Si</strong></span> <span class='ocrx_word' id='word_1_156' title='bbox 1560 2231 1763 2287; x_wconf 80' lang='lat' dir='ltr'><strong>venerit</strong></span> <span class='ocrx_word' id='word_1_157' title='bbox 1809 2230 2082 2301; x_wconf 85' lang='lat' dir='ltr'><strong>cperarius</strong></span> <span class='ocrx_word' id='word_1_158' title='bbox 2118 2230 2185 2286; x_wconf 87' lang='lat' dir='ltr'><strong>ad</strong></span> 
     </span>
    </p>
   </div>
   <div class='ocr_carea' id='block_1_22' title="bbox 617 2321 2186 2392">
    <p class='ocr_par' dir='ltr' id='par_1_22' title="bbox 617 2321 2186 2392">
     <span class='ocr_line' id='line_1_22' title="bbox 617 2321 2186 2392; baseline -0.001 -15"><span class='ocrx_word' id='word_1_159' title='bbox 617 2323 832 2377; x_wconf 87' lang='lat' dir='ltr'><strong>domum</strong></span> <span class='ocrx_word' id='word_1_160' title='bbox 873 2332 1035 2387; x_wconf 68' lang='lat' dir='ltr'><strong>tutam,</strong></span> <span class='ocrx_word' id='word_1_161' title='bbox 1058 2322 1315 2392; x_wconf 86' lang='lat' dir='ltr'><strong>numquid</strong></span> <span class='ocrx_word' id='word_1_162' title='bbox 1359 2322 1509 2379; x_wconf 81' lang='lat' dir='ltr'><strong>(labis</strong></span> <span class='ocrx_word' id='word_1_163' title='bbox 1551 2321 1850 2378; x_wconf 83' lang='lat' dir='ltr'><strong>mercedem</strong></span> <span class='ocrx_word' id='word_1_164' title='bbox 1897 2329 2038 2386; x_wconf 87' lang='lat' dir='ltr'><strong>ante,</strong></span> <span class='ocrx_word' id='word_1_165' title='bbox 2084 2321 2186 2376; x_wconf 86' lang='lat' dir='ltr'><strong>nisi</strong></span> 
     </span>
    </p>
   </div>
   <div class='ocr_carea' id='block_1_23' title="bbox 618 2412 2187 2483">
    <p class='ocr_par' dir='ltr' id='par_1_23' title="bbox 618 2412 2187 2483">
     <span class='ocr_line' id='line_1_23' title="bbox 618 2412 2187 2483; baseline -0.001 -15"><span class='ocrx_word' id='word_1_166' title='bbox 618 2413 898 2481; x_wconf 82' lang='lat' dir='ltr'><strong>perfecerit</strong></span> <span class='ocrx_word' id='word_1_167' title='bbox 923 2429 1084 2483; x_wconf 87' lang='lat' dir='ltr'><strong>opera</strong></span> <span class='ocrx_word' id='word_1_168' title='bbox 1108 2428 1203 2468; x_wconf 89' lang='lat' dir='ltr'><strong>sua</strong></span> <span class='ocrx_word' id='word_1_169' title='bbox 1227 2413 1255 2466; x_wconf 84' lang='lat'><strong>?</strong></span> <span class='ocrx_word' id='word_1_170' title='bbox 1280 2412 1408 2469; x_wconf 87' lang='lat' dir='ltr'><strong>Nam</strong></span> <span class='ocrx_word' id='word_1_171' title='bbox 1432 2428 1741 2482; x_wconf 87' lang='lat' dir='ltr'><strong>perversum</strong></span> <span class='ocrx_word' id='word_1_172' title='bbox 1770 2428 1892 2468; x_wconf 90' lang='lat' dir='ltr'><strong>eum</strong></span> <span class='ocrx_word' id='word_1_173' title='bbox 1916 2412 2187 2467; x_wconf 72' lang='lat' dir='ltr'><strong>existima-</strong></span> 
     </span>
    </p>
   </div>
   <div class='ocr_carea' id='block_1_24' title="bbox 615 2504 2185 2573">
    <p class='ocr_par' dir='ltr' id='par_1_24' title="bbox 615 2504 2185 2573">
     <span class='ocr_line' id='line_1_24' title="bbox 615 2504 2185 2573; baseline -0.001 -14"><span class='ocrx_word' id='word_1_174' title='bbox 615 2506 717 2572; x_wconf 87' lang='lat' dir='ltr'><strong>bis,</strong></span> <span class='ocrx_word' id='word_1_175' title='bbox 735 2507 778 2560; x_wconf 90' lang='lat' dir='ltr'><strong>si</strong></span> <span class='ocrx_word' id='word_1_176' title='bbox 800 2506 1026 2561; x_wconf 85' lang='lat' dir='ltr'><strong>dixerit:</strong></span> <span class='ocrx_word' id='word_1_177' title='bbox 1049 2504 1201 2560; x_wconf 88' lang='lat' dir='ltr'><strong>Prius</strong></span> <span class='ocrx_word' id='word_1_178' title='bbox 1217 2504 1472 2573; x_wconf 89' lang='lat' dir='ltr'><strong>aceipiam</strong></span> <span class='ocrx_word' id='word_1_179' title='bbox 1494 2504 1813 2569; x_wconf 88' lang='lat' dir='ltr'><strong>mercedem,</strong></span> <span class='ocrx_word' id='word_1_180' title='bbox 1835 2512 1889 2558; x_wconf 93' lang='lat' dir='ltr'><strong>et</strong></span> <span class='ocrx_word' id='word_1_181' title='bbox 1912 2512 2036 2557; x_wconf 90' lang='lat' dir='ltr'><strong>tunc</strong></span> <span class='ocrx_word' id='word_1_182' title='bbox 2055 2517 2185 2571; x_wconf 81' lang='lat' dir='ltr'><strong>ope-</strong></span> 
     </span>
    </p>
   </div>
   <div class='ocr_carea' id='block_1_25' title="bbox 613 2593 2186 2665">
    <p class='ocr_par' dir='ltr' id='par_1_25' title="bbox 613 2593 2186 2665">
     <span class='ocr_line' id='line_1_25' title="bbox 613 2593 2186 2665; baseline -0.003 -13"><span class='ocrx_word' id='word_1_183' title='bbox 613 2598 789 2652; x_wconf 86' lang='lat' dir='ltr'><strong>rabor.</strong></span> <span class='ocrx_word' id='word_1_184' title='bbox 813 2597 1078 2653; x_wconf 89' lang='lat' dir='ltr'><strong>Irasceris.</strong></span> <span class='ocrx_word' id='word_1_185' title='bbox 1100 2596 1272 2665; x_wconf 87' lang='lat' dir='ltr'><strong>Quare</strong></span> <span class='ocrx_word' id='word_1_186' title='bbox 1291 2605 1468 2652; x_wconf 88' lang='lat' dir='ltr'><strong>autem</strong></span> <span class='ocrx_word' id='word_1_187' title='bbox 1501 2595 1788 2652; x_wconf 88' lang='lat' dir='ltr'><strong>irasceris?</strong></span> <span class='ocrx_word' id='word_1_188' title='bbox 1809 2595 1942 2663; x_wconf 86' lang='lat' dir='ltr'><strong>Quia</strong></span> <span class='ocrx_word' id='word_1_189' title='bbox 1965 2609 2069 2649; x_wconf 92' lang='lat' dir='ltr'><strong>non</strong></span> <span class='ocrx_word' id='word_1_190' title='bbox 2091 2593 2186 2648; x_wconf 83' lang='lat' dir='ltr'><strong>ha-</strong></span> 
     </span>
    </p>
   </div>
   <div class='ocr_carea' id='block_1_26' title="bbox 611 2688 2185 2757">
    <p class='ocr_par' dir='ltr' id='par_1_26' title="bbox 611 2688 2185 2757">
     <span class='ocr_line' id='line_1_26' title="bbox 611 2688 2185 2757; baseline -0.001 -13"><span class='ocrx_word' id='word_1_191' title='bbox 611 2689 724 2745; x_wconf 91' lang='lat' dir='ltr'><strong>buit</strong></span> <span class='ocrx_word' id='word_1_192' title='bbox 753 2689 910 2745; x_wconf 82' lang='lat' dir='ltr'><strong>ﬁdem</strong></span> <span class='ocrx_word' id='word_1_193' title='bbox 945 2689 1144 2746; x_wconf 89' lang='lat' dir='ltr'><strong>homini</strong></span> <span class='ocrx_word' id='word_1_194' title='bbox 1173 2689 1433 2745; x_wconf 89' lang='lat' dir='ltr'><strong>mendaci.</strong></span> <span class='ocrx_word' id='word_1_195' title='bbox 1466 2688 1743 2757; x_wconf 89' lang='lat' dir='ltr'><strong>Quomodo</strong></span> <span class='ocrx_word' id='word_1_196' title='bbox 1764 2688 1904 2743; x_wconf 84' lang='lat' dir='ltr'><strong>Deus</strong></span> <span class='ocrx_word' id='word_1_197' title='bbox 1930 2704 2037 2743; x_wconf 92' lang='lat' dir='ltr'><strong>non</strong></span> <span class='ocrx_word' id='word_1_198' title='bbox 2079 2689 2185 2744; x_wconf 85' lang='lat' dir='ltr'><strong>ira-</strong></span> 
     </span>
    </p>
   </div>
   <div class='ocr_carea' id='block_1_27' title="bbox 610 2779 2180 2852">
    <p class='ocr_par' dir='ltr' id='par_1_27' title="bbox 610 2779 2180 2852">
     <span class='ocr_line' id='line_1_27' title="bbox 610 2779 2180 2852; baseline -0.001 -15"><span class='ocrx_word' id='word_1_199' title='bbox 610 2792 808 2850; x_wconf 87' lang='lat' dir='ltr'><strong>scetur,</strong></span> <span class='ocrx_word' id='word_1_200' title='bbox 839 2800 958 2839; x_wconf 91' lang='lat' dir='ltr'><strong>cum</strong></span> <span class='ocrx_word' id='word_1_201' title='bbox 989 2792 1043 2839; x_wconf 91' lang='lat' dir='ltr'><strong>tu</strong></span> <span class='ocrx_word' id='word_1_202' title='bbox 1064 2782 1219 2839; x_wconf 81' lang='lat' dir='ltr'><strong>ﬁdem</strong></span> <span class='ocrx_word' id='word_1_203' title='bbox 1246 2799 1350 2838; x_wconf 92' lang='lat' dir='ltr'><strong>non</strong></span> <span class='ocrx_word' id='word_1_204' title='bbox 1379 2782 1579 2837; x_wconf 88' lang='lat' dir='ltr'><strong>habeas</strong></span> <span class='ocrx_word' id='word_1_205' title='bbox 1610 2781 1712 2852; x_wconf 86' lang='lat' dir='ltr'><strong>ipsi</strong></span> <span class='ocrx_word' id='word_1_206' title='bbox 1738 2780 1980 2837; x_wconf 80' lang='lat' dir='ltr'><strong>veritati?</strong></span> <span class='ocrx_word' id='word_1_207' title='bbox 2028 2779 2180 2849; x_wconf 88' lang='lat' dir='ltr'><strong>Quod</strong></span> 
     </span>
    </p>
   </div>
   <div class='ocr_carea' id='block_1_28' title="bbox 611 2872 2184 2944">
    <p class='ocr_par' dir='ltr' id='par_1_28' title="bbox 611 2872 2184 2944">
     <span class='ocr_line' id='line_1_28' title="bbox 611 2872 2184 2944; baseline -0.001 -16"><span class='ocrx_word' id='word_1_208' title='bbox 611 2875 701 2928; x_wconf 88' lang='lat' dir='ltr'><strong>tibi</strong></span> <span class='ocrx_word' id='word_1_209' title='bbox 732 2874 990 2944; x_wconf 87' lang='lat' dir='ltr'><strong>promisit,</strong></span> <span class='ocrx_word' id='word_1_210' title='bbox 1017 2875 1240 2931; x_wconf 86' lang='lat' dir='ltr'><strong>daturus</strong></span> <span class='ocrx_word' id='word_1_211' title='bbox 1256 2884 1375 2930; x_wconf 85' lang='lat' dir='ltr'><strong>est:</strong></span> <span class='ocrx_word' id='word_1_212' title='bbox 1406 2890 1510 2928; x_wconf 91' lang='lat' dir='ltr'><strong>non</strong></span> <span class='ocrx_word' id='word_1_213' title='bbox 1530 2873 1684 2939; x_wconf 85' lang='lat' dir='ltr'><strong>fallit,</strong></span> <span class='ocrx_word' id='word_1_214' title='bbox 1731 2873 1852 2943; x_wconf 90' lang='lat' dir='ltr'><strong>quia</strong></span> <span class='ocrx_word' id='word_1_215' title='bbox 1885 2872 2081 2927; x_wconf 82' lang='lat' dir='ltr'><strong>veritas</strong></span> <span class='ocrx_word' id='word_1_216' title='bbox 2100 2879 2184 2927; x_wconf 86' lang='lat' dir='ltr'><strong>est</strong></span> 
     </span>
    </p>
   </div>
   <div class='ocr_carea' id='block_1_29' title="bbox 608 2962 2180 3035">
    <p class='ocr_par' dir='ltr' id='par_1_29' title="bbox 608 2962 2180 3035">
     <span class='ocr_line' id='line_1_29' title="bbox 608 2962 2180 3035; baseline -0.001 -16"><span class='ocrx_word' id='word_1_217' title='bbox 608 2967 700 3035; x_wconf 88' lang='lat' dir='ltr'><strong>qui</strong></span> <span class='ocrx_word' id='word_1_218' title='bbox 746 2968 1003 3035; x_wconf 78' lang='lat' dir='ltr'><strong>promisit.</strong></span> <span class='ocrx_word' id='word_1_219' title='bbox 1055 2967 1158 3021; x_wconf 87' lang='lat' dir='ltr'><strong>Sed</strong></span> <span class='ocrx_word' id='word_1_220' title='bbox 1204 2967 1360 3020; x_wconf 89' lang='lat' dir='ltr'><strong>times</strong></span> <span class='ocrx_word' id='word_1_221' title='bbox 1388 2981 1456 3019; x_wconf 90' lang='lat' dir='ltr'><strong>ne</strong></span> <span class='ocrx_word' id='word_1_222' title='bbox 1497 2965 1634 3020; x_wconf 91' lang='lat' dir='ltr'><strong>forte</strong></span> <span class='ocrx_word' id='word_1_223' title='bbox 1672 2963 2012 3034; x_wconf 22' lang='lat' dir='ltr'><strong>nouiliabeat</strong></span> <span class='ocrx_word' id='word_1_224' title='bbox 2037 2962 2180 3033; x_wconf 92' lang='lat' dir='ltr'><strong>quod</strong></span> 
     </span>
    </p>
   </div>
   <div class='ocr_carea' id='block_1_30' title="bbox 607 3053 2175 3126">
    <p class='ocr_par' dir='ltr' id='par_1_30' title="bbox 607 3053 2175 3126">
     <span class='ocr_line' id='line_1_30' title="bbox 607 3053 2175 3126; baseline 0.001 -19"><span class='ocrx_word' id='word_1_225' title='bbox 607 3056 738 3110; x_wconf 87' lang='lat' dir='ltr'><strong>det?</strong></span> <span class='ocrx_word' id='word_1_226' title='bbox 762 3056 1108 3126; x_wconf 86' lang='lat' dir='ltr'><strong>Omnipotens</strong></span> <span class='ocrx_word' id='word_1_227' title='bbox 1132 3065 1233 3111; x_wconf 85' lang='lat' dir='ltr'><strong>est.</strong></span> <span class='ocrx_word' id='word_1_228' title='bbox 1254 3056 1369 3111; x_wconf 88' lang='lat' dir='ltr'><strong>Noli</strong></span> <span class='ocrx_word' id='word_1_229' title='bbox 1398 3057 1606 3119; x_wconf 87' lang='lat' dir='ltr'><strong>timere,</strong></span> <span class='ocrx_word' id='word_1_230' title='bbox 1630 3069 1699 3109; x_wconf 92' lang='lat' dir='ltr'><strong>ne</strong></span> <span class='ocrx_word' id='word_1_231' title='bbox 1725 3070 1829 3109; x_wconf 92' lang='lat' dir='ltr'><strong>non</strong></span> <span class='ocrx_word' id='word_1_232' title='bbox 1857 3053 2027 3125; x_wconf 78' lang='lat' dir='ltr'><strong>sitqui</strong></span> <span class='ocrx_word' id='word_1_233' title='bbox 2048 3054 2175 3120; x_wconf 90' lang='lat' dir='ltr'><strong>det;</strong></span> 
     </span>
    </p>
   </div>
   <div class='ocr_carea' id='block_1_31' title="bbox 606 3145 2181 3217">
    <p class='ocr_par' dir='ltr' id='par_1_31' title="bbox 606 3145 2181 3217">
     <span class='ocr_line' id='line_1_31' title="bbox 606 3145 2181 3217; baseline 0.004 -20"><span class='ocrx_word' id='word_1_234' title='bbox 606 3147 919 3200; x_wconf 87' lang='lat' dir='ltr'><strong>inunortalis</strong></span> <span class='ocrx_word' id='word_1_235' title='bbox 945 3156 1047 3202; x_wconf 86' lang='lat' dir='ltr'><strong>est.</strong></span> <span class='ocrx_word' id='word_1_236' title='bbox 1076 3147 1187 3201; x_wconf 85' lang='lat' dir='ltr'><strong>Non</strong></span> <span class='ocrx_word' id='word_1_237' title='bbox 1213 3147 1418 3211; x_wconf 88' lang='lat' dir='ltr'><strong>timeas,</strong></span> <span class='ocrx_word' id='word_1_238' title='bbox 1443 3162 1511 3201; x_wconf 89' lang='lat' dir='ltr'><strong>ne</strong></span> <span class='ocrx_word' id='word_1_239' title='bbox 1529 3145 1844 3201; x_wconf 87' lang='lat' dir='ltr'><strong>succedatur</strong></span> <span class='ocrx_word' id='word_1_240' title='bbox 1867 3146 1917 3201; x_wconf 88' lang='lat' dir='ltr'><strong>ei</strong></span> <span class='ocrx_word' id='word_1_241' title='bbox 1939 3161 1955 3212; x_wconf 89' lang='lat'><strong>;</strong></span> <span class='ocrx_word' id='word_1_242' title='bbox 1987 3160 2181 3217; x_wconf 83' lang='lat' dir='ltr'><strong>perpe-</strong></span> 
     </span>
    </p>
   </div>
   <div class='ocr_carea' id='block_1_32' title="bbox 607 3243 2177 3313">
    <p class='ocr_par' dir='ltr' id='par_1_32' title="bbox 607 3243 2177 3313">
     <span class='ocr_line' id='line_1_32' title="bbox 607 3243 2177 3313; baseline -0.001 -13"><span class='ocrx_word' id='word_1_243' title='bbox 607 3258 726 3301; x_wconf 83' lang='lat' dir='ltr'><strong>tuus</strong></span> <span class='ocrx_word' id='word_1_244' title='bbox 744 3255 831 3303; x_wconf 89' lang='lat' dir='ltr'><strong>est</strong></span> <span class='ocrx_word' id='word_1_245' title='bbox 856 3266 870 3302; x_wconf 91' lang='lat'><strong>:</strong></span> <span class='ocrx_word' id='word_1_246' title='bbox 893 3261 1114 3303; x_wconf 89' lang='lat' dir='ltr'><strong>securus</strong></span> <span class='ocrx_word' id='word_1_247' title='bbox 1128 3254 1267 3302; x_wconf 89' lang='lat' dir='ltr'><strong>esto.</strong></span> <span class='ocrx_word' id='word_1_248' title='bbox 1290 3245 1345 3301; x_wconf 89' lang='lat' dir='ltr'><strong>Si</strong></span> <span class='ocrx_word' id='word_1_249' title='bbox 1373 3244 1452 3300; x_wconf 88' lang='lat' dir='ltr'><strong>vis</strong></span> <span class='ocrx_word' id='word_1_250' title='bbox 1472 3247 1525 3298; x_wconf 89' lang='lat' dir='ltr'><strong>in</strong></span> <span class='ocrx_word' id='word_1_251' title='bbox 1553 3252 1605 3300; x_wconf 92' lang='lat' dir='ltr'><strong>te</strong></span> <span class='ocrx_word' id='word_1_252' title='bbox 1625 3258 1946 3313; x_wconf 70' lang='lat' dir='ltr'><strong>priesumere</strong></span> <span class='ocrx_word' id='word_1_253' title='bbox 1960 3250 2069 3298; x_wconf 78' lang='lat' dir='ltr'><strong>tota</strong></span> <span class='ocrx_word' id='word_1_254' title='bbox 2090 3243 2177 3299; x_wconf 90' lang='lat' dir='ltr'><strong>die</strong></span> 
     </span>
    </p>
   </div>
   <div class='ocr_carea' id='block_1_33' title="bbox 603 3334 2175 3408">
    <p class='ocr_par' dir='ltr' id='par_1_33' title="bbox 603 3334 2175 3408">
     <span class='ocr_line' id='line_1_33' title="bbox 603 3334 2175 3408; baseline -0.005 -13"><span class='ocrx_word' id='word_1_255' title='bbox 603 3340 901 3408; x_wconf 84' lang='lat' dir='ltr'><strong>operarium</strong></span> <span class='ocrx_word' id='word_1_256' title='bbox 930 3349 1098 3401; x_wconf 90' lang='lat' dir='ltr'><strong>tuum,</strong></span> <span class='ocrx_word' id='word_1_257' title='bbox 1126 3337 1288 3393; x_wconf 89' lang='lat' dir='ltr'><strong>crede</strong></span> <span class='ocrx_word' id='word_1_258' title='bbox 1319 3344 1375 3392; x_wconf 87' lang='lat' dir='ltr'><strong>et</strong></span> <span class='ocrx_word' id='word_1_259' title='bbox 1402 3344 1459 3391; x_wconf 92' lang='lat' dir='ltr'><strong>tu</strong></span> <span class='ocrx_word' id='word_1_260' title='bbox 1480 3336 1589 3390; x_wconf 91' lang='lat' dir='ltr'><strong>Deo</strong></span> <span class='ocrx_word' id='word_1_261' title='bbox 1619 3343 1723 3389; x_wconf 90' lang='lat' dir='ltr'><strong>tota</strong></span> <span class='ocrx_word' id='word_1_262' title='bbox 1757 3335 1862 3389; x_wconf 85' lang='lat' dir='ltr'><strong>vita</strong></span> <span class='ocrx_word' id='word_1_263' title='bbox 1897 3342 1985 3388; x_wconf 84' lang='lat' dir='ltr'><strong>tua</strong></span> <span class='ocrx_word' id='word_1_264' title='bbox 2011 3351 2027 3400; x_wconf 93' lang='lat'><strong>;</strong></span> <span class='ocrx_word' id='word_1_265' title='bbox 2052 3334 2175 3404; x_wconf 88' lang='lat' dir='ltr'><strong>quia</strong></span> 
     </span>
    </p>
   </div>
   <div class='ocr_carea' id='block_1_34' title="bbox 602 3424 2170 3498">
    <p class='ocr_par' dir='ltr' id='par_1_34' title="bbox 602 3424 2170 3498">
     <span class='ocr_line' id='line_1_34' title="bbox 602 3424 2170 3498; baseline -0.003 -16"><span class='ocrx_word' id='word_1_266' title='bbox 602 3432 709 3486; x_wconf 86' lang='lat' dir='ltr'><strong>vita</strong></span> <span class='ocrx_word' id='word_1_267' title='bbox 733 3441 817 3485; x_wconf 92' lang='lat' dir='ltr'><strong>tua</strong></span> <span class='ocrx_word' id='word_1_268' title='bbox 861 3441 1183 3486; x_wconf 88' lang='lat' dir='ltr'><strong>momentum</strong></span> <span class='ocrx_word' id='word_1_269' title='bbox 1213 3427 1466 3498; x_wconf 88' lang='lat' dir='ltr'><strong>temporis</strong></span> <span class='ocrx_word' id='word_1_270' title='bbox 1485 3426 1660 3482; x_wconf 89' lang='lat' dir='ltr'><strong>estad</strong></span> <span class='ocrx_word' id='word_1_271' title='bbox 1695 3426 1882 3480; x_wconf 91' lang='lat' dir='ltr'><strong>Deum.</strong></span> <span class='ocrx_word' id='word_1_272' title='bbox 1932 3425 1999 3479; x_wconf 87' lang='lat' dir='ltr'><strong>Et</strong></span> <span class='ocrx_word' id='word_1_273' title='bbox 2041 3424 2170 3491; x_wconf 87' lang='lat' dir='ltr'><strong>eris,</strong></span> 
     </span>
    </p>
   </div>
   <div class='ocr_carea' id='block_1_35' title="bbox 601 3517 2166 3609">
    <p class='ocr_par' dir='ltr' id='par_1_35' title="bbox 601 3517 2166 3609">
     <span class='ocr_line' id='line_1_35' title="bbox 601 3517 2166 3609; baseline 0 -37"><span class='ocrx_word' id='word_1_274' title='bbox 601 3522 765 3593; x_wconf 85' lang='lat' dir='ltr'><strong>quid?</strong></span> <span class='ocrx_word' id='word_1_275' title='bbox 794 3522 918 3576; x_wconf 81' lang='lat' dir='ltr'><strong>Filii</strong></span> <span class='ocrx_word' id='word_1_276' title='bbox 940 3533 1107 3577; x_wconf 86' lang='lat' dir='ltr'><strong>autem</strong></span> <span class='ocrx_word' id='word_1_277' title='bbox 1131 3522 1385 3576; x_wconf 83' lang='lat' dir='ltr'><strong>hominum</strong></span> <span class='ocrx_word' id='word_1_278' title='bbox 1413 3520 1431 3552; x_wconf 79' lang='grc'>¹</span> <span class='ocrx_word' id='word_1_279' title='bbox 1457 3519 1549 3573; x_wconf 81' lang='lat' dir='ltr'><strong>sub</strong></span> <span class='ocrx_word' id='word_1_280' title='bbox 1579 3519 1792 3609; x_wconf 73' lang='lat' dir='ltr'><strong>tegmine</strong></span> <span class='ocrx_word' id='word_1_281' title='bbox 1814 3517 2014 3572; x_wconf 76' lang='lat' dir='ltr'><strong>alarum</strong></span> <span class='ocrx_word' id='word_1_282' title='bbox 2051 3526 2166 3572; x_wconf 83' lang='lat' dir='ltr'><strong>tua-</strong></span> 
     </span>
    </p>
   </div>
   <div class='ocr_carea' id='block_1_36' title="bbox 600 3611 1017 3685">
    <p class='ocr_par' dir='ltr' id='par_1_36' title="bbox 600 3611 1017 3685">
     <span class='ocr_line' id='line_1_36' title="bbox 600 3611 1017 3685; baseline -0.005 -17"><span class='ocrx_word' id='word_1_283' title='bbox 600 3632 714 3668; x_wconf 86' lang='lat' dir='ltr'><strong>rum</strong></span> <span class='ocrx_word' id='word_1_284' title='bbox 731 3611 1017 3685; x_wconf 79' lang='lat' dir='ltr'><strong>sperabunt.</strong></span> 
     </span>
    </p>
   </div>
   <div class='ocr_carea' id='block_1_37' title="bbox 685 3696 2170 3778">
    <p class='ocr_par' dir='ltr' id='par_1_37' title="bbox 685 3696 2170 3778">
     <span class='ocr_line' id='line_1_37' title="bbox 685 3696 2170 3778; baseline -0.007 -17"><span class='ocrx_word' id='word_1_285' title='bbox 685 3706 771 3761; x_wconf 66' lang='lat'><strong>11.</strong></span> <span class='ocrx_word' id='word_1_286' title='bbox 812 3704 987 3778; x_wconf 55' lang='lat' dir='ltr'><strong>[verm</strong></span> <span class='ocrx_word' id='word_1_287' title='bbox 1027 3703 1082 3758; x_wconf 88' lang='lat'><strong>9.</strong></span> <span class='ocrx_word' id='word_1_288' title='bbox 1118 3701 1140 3777; x_wconf 86' lang='lat'><strong>]</strong></span> <span class='ocrx_word' id='word_1_289' title='bbox 1176 3700 1564 3756; x_wconf 80' lang='lat' dir='ltr'><strong>Inebriabuntur</strong></span> <span class='ocrx_word' id='word_1_290' title='bbox 1608 3698 1672 3753; x_wconf 87' lang='lat' dir='ltr'><strong>ab</strong></span> <span class='ocrx_word' id='word_1_291' title='bbox 1711 3697 1931 3752; x_wconf 82' lang='lat' dir='ltr'><strong>ubertate</strong></span> <span class='ocrx_word' id='word_1_292' title='bbox 1991 3696 2170 3751; x_wconf 76' lang='lat' dir='ltr'><strong>domus</strong></span> 
     </span>
    </p>
   </div>
   <div class='ocr_carea' id='block_1_38' title="bbox 600 3788 2169 3868">
    <p class='ocr_par' dir='ltr' id='par_1_38' title="bbox 600 3788 2169 3868">
     <span class='ocr_line' id='line_1_38' title="bbox 600 3788 2169 3868; baseline -0.005 -16"><span class='ocrx_word' id='word_1_293' title='bbox 600 3810 719 3853; x_wconf 70' lang='lat' dir='ltr'><strong>ture.</strong></span> <span class='ocrx_word' id='word_1_294' title='bbox 749 3798 939 3854; x_wconf 86' lang='lat' dir='ltr'><strong>Nescio</strong></span> <span class='ocrx_word' id='word_1_295' title='bbox 969 3796 1094 3868; x_wconf 88' lang='lat' dir='ltr'><strong>quid</strong></span> <span class='ocrx_word' id='word_1_296' title='bbox 1120 3795 1271 3850; x_wconf 91' lang='lat' dir='ltr'><strong>nobis</strong></span> <span class='ocrx_word' id='word_1_297' title='bbox 1296 3808 1545 3867; x_wconf 82' lang='lat' dir='ltr'><strong>magnum</strong></span> <span class='ocrx_word' id='word_1_298' title='bbox 1574 3791 1851 3861; x_wconf 87' lang='lat' dir='ltr'><strong>promittit.</strong></span> <span class='ocrx_word' id='word_1_299' title='bbox 1876 3790 2013 3845; x_wconf 89' lang='lat' dir='ltr'><strong>Vult.</strong></span> <span class='ocrx_word' id='word_1_300' title='bbox 2037 3788 2169 3844; x_wconf 89' lang='lat' dir='ltr'><strong>illud</strong></span> 
     </span>
    </p>
   </div>
   <div class='ocr_carea' id='block_1_39' title="bbox 596 3868 2167 3955">
    <p class='ocr_par' dir='ltr' id='par_1_39' title="bbox 596 3868 2167 3955">
     <span class='ocr_line' id='line_1_39' title="bbox 596 3868 2167 3955; baseline -0.006 -12"><span class='ocrx_word' id='word_1_301' title='bbox 596 3891 796 3951; x_wconf 79' lang='lat' dir='ltr'><strong>dicere.</strong></span> <span class='ocrx_word' id='word_1_302' title='bbox 830 3900 885 3944; x_wconf 88' lang='lat' dir='ltr'><strong>et</strong></span> <span class='ocrx_word' id='word_1_303' title='bbox 911 3905 1016 3943; x_wconf 91' lang='lat' dir='ltr'><strong>non</strong></span> <span class='ocrx_word' id='word_1_304' title='bbox 1044 3888 1171 3942; x_wconf 88' lang='lat' dir='ltr'><strong>dicit</strong></span> <span class='ocrx_word' id='word_1_305' title='bbox 1203 3905 1217 3941; x_wconf 89' lang='lat'>:</span> <span class='ocrx_word' id='word_1_306' title='bbox 1250 3902 1355 3941; x_wconf 90' lang='lat' dir='ltr'><strong>non</strong></span> <span class='ocrx_word' id='word_1_307' title='bbox 1395 3868 1588 3955; x_wconf 80' lang='lat' dir='ltr'><strong>potest,</strong></span> <span class='ocrx_word' id='word_1_308' title='bbox 1617 3899 1685 3937; x_wconf 85' lang='lat' dir='ltr'><strong>an</strong></span> <span class='ocrx_word' id='word_1_309' title='bbox 1713 3898 1810 3937; x_wconf 90' lang='lat' dir='ltr'><strong>nos</strong></span> <span class='ocrx_word' id='word_1_310' title='bbox 1837 3884 1858 3914; x_wconf 79' lang='grc'><strong><em>³</em></strong></span> <span class='ocrx_word' id='word_1_311' title='bbox 1887 3898 1990 3937; x_wconf 90' lang='lat' dir='ltr'><strong>non</strong></span> <span class='ocrx_word' id='word_1_312' title='bbox 2018 3881 2167 3950; x_wconf 85' lang='lat' dir='ltr'><strong>capi-</strong></span> 
     </span>
    </p>
   </div>
   <div class='ocr_carea' id='block_1_40' title="bbox 596 3972 2166 4038">
    <p class='ocr_par' dir='ltr' id='par_1_40' title="bbox 596 3972 2166 4038">
     <span class='ocr_line' id='line_1_40' title="bbox 596 3972 2166 4038; baseline -0.004 -7"><span class='ocrx_word' id='word_1_313' title='bbox 596 3981 746 4033; x_wconf 87' lang='lat' dir='ltr'><strong>mus?</strong></span> <span class='ocrx_word' id='word_1_314' title='bbox 773 3979 954 4032; x_wconf 68' lang='lat' dir='ltr'><strong>Audeo</strong></span> <span class='ocrx_word' id='word_1_315' title='bbox 979 3978 1176 4038; x_wconf 86' lang='lat' dir='ltr'><strong>dicere,</strong></span> <span class='ocrx_word' id='word_1_316' title='bbox 1207 3977 1395 4032; x_wconf 88' lang='lat' dir='ltr'><strong>fratres</strong></span> <span class='ocrx_word' id='word_1_317' title='bbox 1425 3976 1545 4038; x_wconf 90' lang='lat' dir='ltr'><strong>mei,</strong></span> <span class='ocrx_word' id='word_1_318' title='bbox 1578 3975 1737 4029; x_wconf 88' lang='lat' dir='ltr'><strong>etiam</strong></span> <span class='ocrx_word' id='word_1_319' title='bbox 1758 3972 1824 4027; x_wconf 90' lang='lat' dir='ltr'><strong>de</strong></span> <span class='ocrx_word' id='word_1_320' title='bbox 1849 3972 2047 4028; x_wconf 88' lang='lat' dir='ltr'><strong>sanctis</strong></span> <span class='ocrx_word' id='word_1_321' title='bbox 2068 3972 2166 4026; x_wconf 85' lang='lat' dir='ltr'><strong>liu-</strong></span> 
     </span>
    </p>
   </div>
   <div class='ocr_carea' id='block_1_41' title="bbox 594 4064 2162 4141">
    <p class='ocr_par' dir='ltr' id='par_1_41' title="bbox 594 4064 2162 4141">
     <span class='ocr_line' id='line_1_41' title="bbox 594 4064 2162 4141; baseline -0.003 -20"><span class='ocrx_word' id='word_1_322' title='bbox 594 4071 712 4140; x_wconf 82' lang='lat' dir='ltr'><strong>gnis</strong></span> <span class='ocrx_word' id='word_1_323' title='bbox 731 4079 783 4122; x_wconf 90' lang='lat' dir='ltr'><strong>et</strong></span> <span class='ocrx_word' id='word_1_324' title='bbox 802 4069 1069 4133; x_wconf 84' lang='lat' dir='ltr'><strong>cordibus,</strong></span> <span class='ocrx_word' id='word_1_325' title='bbox 1101 4084 1197 4138; x_wconf 90' lang='lat' dir='ltr'><strong>per</strong></span> <span class='ocrx_word' id='word_1_326' title='bbox 1221 4082 1354 4137; x_wconf 86' lang='lat' dir='ltr'><strong>quas</strong></span> <span class='ocrx_word' id='word_1_327' title='bbox 1382 4066 1532 4121; x_wconf 87' lang='lat' dir='ltr'><strong>nobis</strong></span> <span class='ocrx_word' id='word_1_328' title='bbox 1561 4065 1752 4119; x_wconf 84' lang='lat' dir='ltr'><strong>veritas</strong></span> <span class='ocrx_word' id='word_1_329' title='bbox 1792 4064 2024 4117; x_wconf 85' lang='lat' dir='ltr'><strong>nuntiata</strong></span> <span class='ocrx_word' id='word_1_330' title='bbox 2061 4074 2162 4141; x_wconf 86' lang='lat' dir='ltr'><strong>est,</strong></span> 
     </span>
    </p>
   </div>
   <div class='ocr_carea' id='block_1_42' title="bbox 595 4156 2163 4230">
    <p class='ocr_par' dir='ltr' id='par_1_42' title="bbox 595 4156 2163 4230">
     <span class='ocr_line' id='line_1_42' title="bbox 595 4156 2163 4230; baseline -0.003 -15"><span class='ocrx_word' id='word_1_331' title='bbox 595 4177 696 4216; x_wconf 84' lang='lat' dir='ltr'><strong>nec</strong></span> <span class='ocrx_word' id='word_1_332' title='bbox 722 4161 823 4216; x_wconf 91' lang='lat' dir='ltr'><strong>dici</strong></span> <span class='ocrx_word' id='word_1_333' title='bbox 854 4168 1025 4229; x_wconf 77' lang='lat' dir='ltr'><strong>potest</strong></span> <span class='ocrx_word' id='word_1_334' title='bbox 1048 4160 1189 4230; x_wconf 91' lang='lat' dir='ltr'><strong>quod</strong></span> <span class='ocrx_word' id='word_1_335' title='bbox 1215 4159 1617 4223; x_wconf 88' lang='lat' dir='ltr'><strong>annuutiahant,</strong></span> <span class='ocrx_word' id='word_1_336' title='bbox 1654 4172 1756 4211; x_wconf 86' lang='lat' dir='ltr'><strong>nec</strong></span> <span class='ocrx_word' id='word_1_337' title='bbox 1782 4156 2023 4225; x_wconf 84' lang='lat' dir='ltr'><strong>cogitari.</strong></span> <span class='ocrx_word' id='word_1_338' title='bbox 2058 4156 2163 4211; x_wconf 81' lang='lat' dir='ltr'><strong>Res</strong></span> 
     </span>
    </p>
   </div>
   <div class='ocr_carea' id='block_1_43' title="bbox 594 4245 2166 4320">
    <p class='ocr_par' dir='ltr' id='par_1_43' title="bbox 594 4245 2166 4320">
     <span class='ocr_line' id='line_1_43' title="bbox 594 4245 2166 4320; baseline -0.006 -13"><span class='ocrx_word' id='word_1_339' title='bbox 594 4252 734 4307; x_wconf 87' lang='lat' dir='ltr'><strong>enim</strong></span> <span class='ocrx_word' id='word_1_340' title='bbox 762 4265 946 4320; x_wconf 80' lang='lat' dir='ltr'><strong>magna</strong></span> <span class='ocrx_word' id='word_1_341' title='bbox 973 4258 1054 4304; x_wconf 88' lang='lat' dir='ltr'><strong>est</strong></span> <span class='ocrx_word' id='word_1_342' title='bbox 1080 4258 1133 4305; x_wconf 93' lang='lat' dir='ltr'><strong>et</strong></span> <span class='ocrx_word' id='word_1_343' title='bbox 1154 4249 1432 4304; x_wconf 79' lang='lat' dir='ltr'><strong>iucﬂ‘abilis</strong></span> <span class='ocrx_word' id='word_1_344' title='bbox 1451 4257 1535 4303; x_wconf 62' lang='lat' dir='ltr'><strong>ret</strong></span> <span class='ocrx_word' id='word_1_345' title='bbox 1556 4246 1650 4317; x_wconf 88' lang='lat' dir='ltr'><strong>ipsi</strong></span> <span class='ocrx_word' id='word_1_346' title='bbox 1668 4261 1730 4301; x_wconf 75' lang='lat' dir='ltr'><strong>ex</strong></span> <span class='ocrx_word' id='word_1_347' title='bbox 1761 4254 1906 4315; x_wconf 80' lang='lat' dir='ltr'><strong>parte</strong></span> <span class='ocrx_word' id='word_1_348' title='bbox 1926 4245 1977 4300; x_wconf 94' lang='lat' dir='ltr'><strong>in</strong></span> <span class='ocrx_word' id='word_1_349' title='bbox 1999 4246 2166 4315; x_wconf 66' lang='lat' dir='ltr'><strong>mitig-</strong></span> 
     </span>
    </p>
   </div>
   <div class='ocr_carea' id='block_1_44' title="bbox 592 4334 2163 4408">
    <p class='ocr_par' dir='ltr' id='par_1_44' title="bbox 592 4334 2163 4408">
     <span class='ocr_line' id='line_1_44' title="bbox 592 4334 2163 4408; baseline -0.005 -10"><span class='ocrx_word' id='word_1_350' title='bbox 592 4351 734 4398; x_wconf 89' lang='lat' dir='ltr'><strong>mate</strong></span> <span class='ocrx_word' id='word_1_351' title='bbox 775 4340 1038 4407; x_wconf 88' lang='lat' dir='ltr'><strong>viderunt,</strong></span> <span class='ocrx_word' id='word_1_352' title='bbox 1079 4339 1212 4395; x_wconf 88' lang='lat' dir='ltr'><strong>sicut</strong></span> <span class='ocrx_word' id='word_1_353' title='bbox 1234 4337 1713 4408; x_wconf 84' lang='lat' dir='ltr'><strong>dieitApostolns:</strong></span> <span class='ocrx_word' id='word_1_354' title='bbox 1758 4334 1993 4390; x_wconf 75' lang='lat' dir='ltr'><strong>Videmus</strong></span> <span class='ocrx_word' id='word_1_355' title='bbox 2030 4353 2163 4391; x_wconf 86' lang='lat' dir='ltr'><strong>nunc</strong></span> 
     </span>
    </p>
   </div>
   <div class='ocr_carea' id='block_1_45' title="bbox 589 4426 2156 4507">
    <p class='ocr_par' dir='ltr' id='par_1_45' title="bbox 589 4426 2156 4507">
     <span class='ocr_line' id='line_1_45' title="bbox 589 4426 2156 4507; baseline -0.008 -15"><span class='ocrx_word' id='word_1_356' title='bbox 589 4453 656 4492; x_wconf 75' lang='lat' dir='ltr'><strong>ea:</strong></span> <span class='ocrx_word' id='word_1_357' title='bbox 683 4444 825 4507; x_wconf 85' lang='lat' dir='ltr'><strong>parte</strong></span> <span class='ocrx_word' id='word_1_358' title='bbox 849 4434 900 4487; x_wconf 86' lang='lat' dir='ltr'><strong>in</strong></span> <span class='ocrx_word' id='word_1_359' title='bbox 922 4432 1204 4503; x_wconf 71' lang='lat' dir='ltr'><strong>(enigmata,</strong></span> <span class='ocrx_word' id='word_1_360' title='bbox 1222 4439 1340 4484; x_wconf 77' lang='lat' dir='ltr'><strong>tunc</strong></span> <span class='ocrx_word' id='word_1_361' title='bbox 1365 4438 1527 4484; x_wconf 84' lang='lat' dir='ltr'><strong>autent</strong></span> <span class='ocrx_word' id='word_1_362' title='bbox 1542 4429 1671 4498; x_wconf 85' lang='lat' dir='ltr'><strong>facie</strong></span> <span class='ocrx_word' id='word_1_363' title='bbox 1684 4428 1750 4482; x_wconf 85' lang='lat' dir='ltr'><strong>ad</strong></span> <span class='ocrx_word' id='word_1_364' title='bbox 1775 4426 1987 4496; x_wconf 78' lang='lat' dir='ltr'><strong>fuciem(</strong></span> <span class='ocrx_word' id='word_1_365' title='bbox 2007 4426 2023 4480; x_wconf 90' lang='lat' dir='ltr'><strong>l</strong></span> <span class='ocrx_word' id='word_1_366' title='bbox 2040 4426 2156 4482; x_wconf 85' lang='lat' dir='ltr'><strong>Cor.</strong></span> 
     </span>
    </p>
   </div>
   <div class='ocr_carea' id='block_1_46' title="bbox 590 4519 2155 4600">
    <p class='ocr_par' dir='ltr' id='par_1_46' title="bbox 590 4519 2155 4600">
     <span class='ocr_line' id='line_1_46' title="bbox 590 4519 2155 4600; baseline -0.009 -15"><span class='ocrx_word' id='word_1_367' title='bbox 590 4547 705 4598; x_wconf 75' lang='lat' dir='ltr'><strong>xui,</strong></span> <span class='ocrx_word' id='word_1_368' title='bbox 736 4527 845 4600; x_wconf 73' lang='grc'><strong>12).</strong></span> <span class='ocrx_word' id='word_1_369' title='bbox 874 4527 1014 4582; x_wconf 89' lang='lat' dir='ltr'><strong>Ecce</strong></span> <span class='ocrx_word' id='word_1_370' title='bbox 1038 4525 1091 4579; x_wconf 92' lang='lat' dir='ltr'><strong>in</strong></span> <span class='ocrx_word' id='word_1_371' title='bbox 1126 4522 1403 4593; x_wconf 65' lang='lat' dir='ltr'><strong>wriigmate</strong></span> <span class='ocrx_word' id='word_1_372' title='bbox 1438 4522 1675 4577; x_wconf 88' lang='lat' dir='ltr'><strong>videntes</strong></span> <span class='ocrx_word' id='word_1_373' title='bbox 1714 4520 1791 4576; x_wconf 88' lang='lat' dir='ltr'><strong>sic</strong></span> <span class='ocrx_word' id='word_1_374' title='bbox 1830 4519 2155 4575; x_wconf 85' lang='lat' dir='ltr'><strong>eructabant.</strong></span> 
     </span>
    </p>
   </div>
   <div class='ocr_carea' id='block_1_47' title="bbox 589 4611 2159 4690">
    <p class='ocr_par' dir='ltr' id='par_1_47' title="bbox 589 4611 2159 4690">
     <span class='ocr_line' id='line_1_47' title="bbox 589 4611 2159 4690; baseline -0.006 -13"><span class='ocrx_word' id='word_1_375' title='bbox 589 4624 783 4690; x_wconf 84' lang='lat' dir='ltr'><strong>Quales</strong></span> <span class='ocrx_word' id='word_1_376' title='bbox 798 4622 1018 4686; x_wconf 88' lang='lat' dir='ltr'><strong>erimus,</strong></span> <span class='ocrx_word' id='word_1_377' title='bbox 1033 4633 1155 4673; x_wconf 90' lang='lat' dir='ltr'><strong>cum</strong></span> <span class='ocrx_word' id='word_1_378' title='bbox 1167 4614 1448 4672; x_wconf 84' lang='lat' dir='ltr'><strong>viderimus</strong></span> <span class='ocrx_word' id='word_1_379' title='bbox 1465 4612 1596 4668; x_wconf 89' lang='lat' dir='ltr'><strong>facie</strong></span> <span class='ocrx_word' id='word_1_380' title='bbox 1621 4613 1687 4666; x_wconf 91' lang='lat' dir='ltr'><strong>ad</strong></span> <span class='ocrx_word' id='word_1_381' title='bbox 1700 4613 1881 4668; x_wconf 86' lang='lat' dir='ltr'><strong>faciem</strong></span> <span class='ocrx_word' id='word_1_382' title='bbox 1900 4611 2039 4682; x_wconf 90' lang='lat' dir='ltr'><strong>quod</strong></span> <span class='ocrx_word' id='word_1_383' title='bbox 2060 4611 2159 4682; x_wconf 86' lang='lat' dir='ltr'><strong>ipsi</strong></span> 
     </span>
    </p>
   </div>
   <div class='ocr_carea' id='block_1_48' title="bbox 589 4690 2162 4785">
    <p class='ocr_par' dir='ltr' id='par_1_48' title="bbox 589 4690 2162 4785">
     <span class='ocr_line' id='line_1_48' title="bbox 589 4690 2162 4785; baseline -0.006 -17"><span class='ocrx_word' id='word_1_384' title='bbox 589 4715 954 4785; x_wconf 85' lang='lat' dir='ltr'><strong>parturiehant</strong></span> <span class='ocrx_word' id='word_1_385' title='bbox 984 4710 1166 4776; x_wconf 86' lang='lat' dir='ltr'><strong>corde,</strong></span> <span class='ocrx_word' id='word_1_386' title='bbox 1194 4718 1248 4764; x_wconf 87' lang='lat' dir='ltr'><strong>et</strong></span> <span class='ocrx_word' id='word_1_387' title='bbox 1272 4690 1448 4778; x_wconf 77' lang='lat' dir='ltr'><strong>lingua</strong></span> <span class='ocrx_word' id='word_1_388' title='bbox 1476 4721 1660 4775; x_wconf 86' lang='lat' dir='ltr'><strong>parere</strong></span> <span class='ocrx_word' id='word_1_389' title='bbox 1694 4720 1797 4759; x_wconf 89' lang='lat' dir='ltr'><strong>non</strong></span> <span class='ocrx_word' id='word_1_390' title='bbox 1828 4714 2069 4775; x_wconf 86' lang='lat' dir='ltr'><strong>poterant</strong></span> <span class='ocrx_word' id='word_1_391' title='bbox 2103 4713 2162 4759; x_wconf 89' lang='lat' dir='ltr'><strong>ut</strong></span> 
     </span>
    </p>
   </div>
   <div class='ocr_carea' id='block_1_49' title="bbox 589 4795 2162 4874">
    <p class='ocr_par' dir='ltr' id='par_1_49' title="bbox 589 4795 2162 4874">
     <span class='ocr_line' id='line_1_49' title="bbox 589 4795 2162 4874; baseline -0.006 -14"><span class='ocrx_word' id='word_1_392' title='bbox 589 4813 841 4874; x_wconf 88' lang='lat' dir='ltr'><strong>caperent</strong></span> <span class='ocrx_word' id='word_1_393' title='bbox 886 4800 1175 4858; x_wconf 90' lang='lat' dir='ltr'><strong>homines?</strong></span> <span class='ocrx_word' id='word_1_394' title='bbox 1231 4799 1362 4868; x_wconf 73' lang='lat' dir='ltr'><strong>Qum</strong></span> <span class='ocrx_word' id='word_1_395' title='bbox 1398 4796 1539 4853; x_wconf 91' lang='lat' dir='ltr'><strong>enim</strong></span> <span class='ocrx_word' id='word_1_396' title='bbox 1582 4795 1866 4850; x_wconf 76' lang='lat' dir='ltr'><strong>necessitas</strong></span> <span class='ocrx_word' id='word_1_397' title='bbox 1902 4795 2072 4848; x_wconf 83' lang='lat' dir='ltr'><strong>fuerat</strong></span> <span class='ocrx_word' id='word_1_398' title='bbox 2104 4805 2162 4851; x_wconf 91' lang='lat' dir='ltr'><strong>ut</strong></span> 
     </span>
    </p>
   </div>
   <div class='ocr_carea' id='block_1_50' title="bbox 587 4885 2162 4952">
    <p class='ocr_par' dir='ltr' id='par_1_50' title="bbox 587 4885 2162 4952">
     <span class='ocr_line' id='line_1_50' title="bbox 587 4885 2162 4952; baseline -0.008 -2"><span class='ocrx_word' id='word_1_399' title='bbox 587 4895 795 4951; x_wconf 87' lang='lat' dir='ltr'><strong>diceret</strong></span> <span class='ocrx_word' id='word_1_400' title='bbox 818 4912 831 4950; x_wconf 88' lang='lat'>:</span> <span class='ocrx_word' id='word_1_401' title='bbox 877 4893 1263 4948; x_wconf 74' lang='lat' dir='ltr'><strong>Inebriabuntur</strong></span> <span class='ocrx_word' id='word_1_402' title='bbox 1290 4888 1352 4943; x_wconf 84' lang='lat' dir='ltr'><strong>ab</strong></span> <span class='ocrx_word' id='word_1_403' title='bbox 1377 4887 1598 4942; x_wconf 82' lang='lat' dir='ltr'><strong>ubertate</strong></span> <span class='ocrx_word' id='word_1_404' title='bbox 1622 4885 1799 4939; x_wconf 79' lang='lat' dir='ltr'><strong>domus</strong></span> <span class='ocrx_word' id='word_1_405' title='bbox 1848 4894 1945 4939; x_wconf 79' lang='lat' dir='ltr'><strong>tua:</strong></span> <span class='ocrx_word' id='word_1_406' title='bbox 1962 4886 1988 4940; x_wconf 69' lang='lat'><strong>.9</strong></span> <span class='ocrx_word' id='word_1_407' title='bbox 2006 4885 2162 4952; x_wconf 60' lang='lat' dir='ltr'><strong>Quae-</strong></span> 
     </span>
    </p>
   </div>
   <div class='ocr_carea' id='block_1_51' title="bbox 590 4977 2159 5056">
    <p class='ocr_par' dir='ltr' id='par_1_51' title="bbox 590 4977 2159 5056">
     <span class='ocr_line' id='line_1_51' title="bbox 590 4977 2159 5056; baseline -0.007 -14"><span class='ocrx_word' id='word_1_408' title='bbox 590 4987 713 5042; x_wconf 84' lang='lat' dir='ltr'><strong>sivit</strong></span> <span class='ocrx_word' id='word_1_409' title='bbox 736 4987 953 5042; x_wconf 86' lang='lat' dir='ltr'><strong>verbum</strong></span> <span class='ocrx_word' id='word_1_410' title='bbox 975 4985 1115 5041; x_wconf 90' lang='lat' dir='ltr'><strong>nnde</strong></span> <span class='ocrx_word' id='word_1_411' title='bbox 1133 4985 1436 5056; x_wconf 85' lang='lat' dir='ltr'><strong>loqueretur</strong></span> <span class='ocrx_word' id='word_1_412' title='bbox 1458 4981 1524 5037; x_wconf 93' lang='lat' dir='ltr'><strong>de</strong></span> <span class='ocrx_word' id='word_1_413' title='bbox 1545 4979 1703 5034; x_wconf 88' lang='lat' dir='ltr'><strong>rebus</strong></span> <span class='ocrx_word' id='word_1_414' title='bbox 1731 4979 1992 5043; x_wconf 85' lang='lat' dir='ltr'><strong>humanis,</strong></span> <span class='ocrx_word' id='word_1_415' title='bbox 2017 4977 2159 5047; x_wconf 91' lang='lat' dir='ltr'><strong>quod</strong></span> 
     </span>
    </p>
   </div>
   <div class='ocr_carea' id='block_1_52' title="bbox 589 5069 2160 5149">
    <p class='ocr_par' dir='ltr' id='par_1_52' title="bbox 589 5069 2160 5149">
     <span class='ocr_line' id='line_1_52' title="bbox 589 5069 2160 5149; baseline -0.004 -18"><span class='ocrx_word' id='word_1_416' title='bbox 589 5082 791 5134; x_wconf 82' lang='lat' dir='ltr'><strong>diceret</strong></span> <span class='ocrx_word' id='word_1_417' title='bbox 811 5089 890 5133; x_wconf 90' lang='lat' dir='ltr'><strong>:et</strong></span> <span class='ocrx_word' id='word_1_418' title='bbox 904 5079 1023 5149; x_wconf 90' lang='lat' dir='ltr'><strong>quia</strong></span> <span class='ocrx_word' id='word_1_419' title='bbox 1037 5077 1164 5132; x_wconf 89' lang='lat' dir='ltr'><strong>vidit</strong></span> <span class='ocrx_word' id='word_1_420' title='bbox 1190 5075 1430 5131; x_wconf 89' lang='lat' dir='ltr'><strong>homines</strong></span> <span class='ocrx_word' id='word_1_421' title='bbox 1445 5073 1821 5144; x_wconf 66' lang='lat' dir='ltr'><strong>iugurgihtutes</strong></span> <span class='ocrx_word' id='word_1_422' title='bbox 1836 5085 1895 5125; x_wconf 89' lang='lat' dir='ltr'><strong>se</strong></span> <span class='ocrx_word' id='word_1_423' title='bbox 1911 5069 1963 5124; x_wconf 92' lang='lat' dir='ltr'><strong>in</strong></span> <span class='ocrx_word' id='word_1_424' title='bbox 1984 5069 2160 5125; x_wconf 74' lang='lat' dir='ltr'><strong>ebrie-</strong></span> 
     </span>
    </p>
   </div>
   <div class='ocr_carea' id='block_1_53' title="bbox 591 5162 2157 5238">
    <p class='ocr_par' dir='ltr' id='par_1_53' title="bbox 591 5162 2157 5238">
     <span class='ocr_line' id='line_1_53' title="bbox 591 5162 2157 5238; baseline -0.008 -14"><span class='ocrx_word' id='word_1_425' title='bbox 591 5179 720 5234; x_wconf 86' lang='lat' dir='ltr'><strong>tate,</strong></span> <span class='ocrx_word' id='word_1_426' title='bbox 742 5168 983 5238; x_wconf 90' lang='lat' dir='ltr'><strong>accipere</strong></span> <span class='ocrx_word' id='word_1_427' title='bbox 1005 5176 1181 5222; x_wconf 89' lang='lat' dir='ltr'><strong>autem</strong></span> <span class='ocrx_word' id='word_1_428' title='bbox 1219 5168 1395 5221; x_wconf 86' lang='lat' dir='ltr'><strong>viuum</strong></span> <span class='ocrx_word' id='word_1_429' title='bbox 1425 5162 1789 5227; x_wconf 84' lang='lat' dir='ltr'><strong>immoderate,</strong></span> <span class='ocrx_word' id='word_1_430' title='bbox 1835 5170 1890 5216; x_wconf 92' lang='lat' dir='ltr'><strong>ct</strong></span> <span class='ocrx_word' id='word_1_431' title='bbox 1925 5169 2157 5217; x_wconf 79' lang='lat' dir='ltr'><strong>mentem</strong></span> 
     </span>
    </p>
   </div>
   <div class='ocr_carea' id='block_1_54' title="bbox 590 5252 2162 5336">
    <p class='ocr_par' dir='ltr' id='par_1_54' title="bbox 590 5252 2162 5336">
     <span class='ocr_line' id='line_1_54' title="bbox 590 5252 2162 5336; baseline -0.006 -18"><span class='ocrx_word' id='word_1_432' title='bbox 590 5264 852 5336; x_wconf 85' lang='lat' dir='ltr'><strong>perdere;</strong></span> <span class='ocrx_word' id='word_1_433' title='bbox 887 5262 1017 5314; x_wconf 88' lang='lat' dir='ltr'><strong>vidit</strong></span> <span class='ocrx_word' id='word_1_434' title='bbox 1040 5260 1164 5329; x_wconf 88' lang='lat' dir='ltr'><strong>quid</strong></span> <span class='ocrx_word' id='word_1_435' title='bbox 1190 5259 1408 5322; x_wconf 85' lang='lat' dir='ltr'><strong>diceret,</strong></span> <span class='ocrx_word' id='word_1_436' title='bbox 1440 5258 1560 5327; x_wconf 86' lang='lat' dir='ltr'><strong>quia</strong></span> <span class='ocrx_word' id='word_1_437' title='bbox 1589 5272 1707 5310; x_wconf 86' lang='lat' dir='ltr'><strong>eum</strong></span> <span class='ocrx_word' id='word_1_438' title='bbox 1744 5264 1962 5324; x_wconf 87' lang='lat' dir='ltr'><strong>accepta</strong></span> <span class='ocrx_word' id='word_1_439' title='bbox 2004 5252 2162 5309; x_wconf 86' lang='lat' dir='ltr'><strong>fuerit</strong></span> 
     </span>
    </p>
   </div>
   <div class='ocr_carea' id='block_1_55' title="bbox 592 5345 2157 5434">
    <p class='ocr_par' dir='ltr' id='par_1_55' title="bbox 592 5345 2157 5434">
     <span class='ocr_line' id='line_1_55' title="bbox 592 5345 2157 5434; baseline -0.01 -20"><span class='ocrx_word' id='word_1_440' title='bbox 592 5360 679 5414; x_wconf 90' lang='lat' dir='ltr'><strong>illa</strong></span> <span class='ocrx_word' id='word_1_441' title='bbox 722 5353 1001 5412; x_wconf 75' lang='lat' dir='ltr'><strong>ineffabilia</strong></span> <span class='ocrx_word' id='word_1_442' title='bbox 1037 5351 1249 5434; x_wconf 62' lang='lat' dir='ltr'><strong>laetitia,</strong></span> <span class='ocrx_word' id='word_1_443' title='bbox 1303 5351 1441 5420; x_wconf 87' lang='lat' dir='ltr'><strong>perit</strong></span> <span class='ocrx_word' id='word_1_444' title='bbox 1481 5348 1872 5418; x_wconf 88' lang='lat' dir='ltr'><strong>quodammodo</strong></span> <span class='ocrx_word' id='word_1_445' title='bbox 1929 5345 2157 5408; x_wconf 82' lang='lat' dir='ltr'><strong>humana</strong></span> 
     </span>
    </p>
   </div>
   <div class='ocr_carea' id='block_1_56' title="bbox 591 5440 2159 5517">
    <p class='ocr_par' dir='ltr' id='par_1_56' title="bbox 591 5440 2159 5517">
     <span class='ocr_line' id='line_1_56' title="bbox 591 5440 2159 5517; baseline -0.008 -12"><span class='ocrx_word' id='word_1_446' title='bbox 591 5466 761 5517; x_wconf 82' lang='lat' dir='ltr'><strong>tuens,</strong></span> <span class='ocrx_word' id='word_1_447' title='bbox 792 5456 847 5504; x_wconf 92' lang='lat' dir='ltr'><strong>et</strong></span> <span class='ocrx_word' id='word_1_448' title='bbox 887 5447 947 5502; x_wconf 82' lang='lat' dir='ltr'><strong>ﬁt</strong></span> <span class='ocrx_word' id='word_1_449' title='bbox 977 5444 1176 5503; x_wconf 85' lang='lat' dir='ltr'><strong>divina,</strong></span> <span class='ocrx_word' id='word_1_450' title='bbox 1198 5452 1251 5498; x_wconf 93' lang='lat' dir='ltr'><strong>et</strong></span> <span class='ocrx_word' id='word_1_451' title='bbox 1287 5441 1574 5498; x_wconf 81' lang='lat' dir='ltr'><strong>inebriatur</strong></span> <span class='ocrx_word' id='word_1_452' title='bbox 1589 5441 1656 5495; x_wconf 92' lang='lat' dir='ltr'><strong>ab</strong></span> <span class='ocrx_word' id='word_1_453' title='bbox 1693 5440 1929 5495; x_wconf 79' lang='lat' dir='ltr'><strong>ubertate</strong></span> <span class='ocrx_word' id='word_1_454' title='bbox 1968 5440 2159 5493; x_wconf 86' lang='lat' dir='ltr'><strong>domus</strong></span> 
     </span>
    </p>
   </div>
   <div class='ocr_carea' id='block_1_57' title="bbox 591 5531 2158 5604">
    <p class='ocr_par' dir='ltr' id='par_1_57' title="bbox 591 5531 2158 5604">
     <span class='ocr_line' id='line_1_57' title="bbox 591 5531 2158 5604; baseline -0.009 -4"><span class='ocrx_word' id='word_1_455' title='bbox 591 5543 707 5600; x_wconf 86' lang='lat' dir='ltr'><strong>Dei.</strong></span> <span class='ocrx_word' id='word_1_456' title='bbox 741 5540 895 5598; x_wconf 87' lang='lat' dir='ltr'><strong>Unde</strong></span> <span class='ocrx_word' id='word_1_457' title='bbox 918 5549 973 5595; x_wconf 89' lang='lat' dir='ltr'><strong>et</strong></span> <span class='ocrx_word' id='word_1_458' title='bbox 1009 5536 1062 5592; x_wconf 89' lang='lat' dir='ltr'><strong>in</strong></span> <span class='ocrx_word' id='word_1_459' title='bbox 1109 5536 1214 5589; x_wconf 89' lang='lat' dir='ltr'><strong>alio</strong></span> <span class='ocrx_word' id='word_1_460' title='bbox 1242 5533 1440 5604; x_wconf 88' lang='lat' dir='ltr'><strong>psalmo</strong></span> <span class='ocrx_word' id='word_1_461' title='bbox 1480 5532 1672 5587; x_wconf 88' lang='lat' dir='ltr'><strong>dicitur</strong></span> <span class='ocrx_word' id='word_1_462' title='bbox 1703 5550 1718 5586; x_wconf 87' lang='lat'><strong>:</strong></span> <span class='ocrx_word' id='word_1_463' title='bbox 1750 5531 1895 5585; x_wconf 80' lang='lat' dir='ltr'><strong>Catia:</strong></span> <span class='ocrx_word' id='word_1_464' title='bbox 1912 5540 2026 5583; x_wconf 85' lang='lat' dir='ltr'><strong>tuus</strong></span> <span class='ocrx_word' id='word_1_465' title='bbox 2048 5531 2158 5586; x_wconf 81' lang='lat' dir='ltr'><strong>ine-</strong></span> 
     </span>
    </p>
   </div>
   <div class='ocr_carea' id='block_1_58' title="bbox 656 5637 2154 5707">
    <p class='ocr_par' dir='ltr' id='par_1_58' title="bbox 656 5637 2154 5707">
     <span class='ocr_line' id='line_1_58' title="bbox 656 5637 2154 5707; baseline -0.005 -6"><span class='ocrx_word' id='word_1_466' title='bbox 656 5656 672 5685; x_wconf 73' lang='grc' dir='ltr'>ι</span> <span class='ocrx_word' id='word_1_467' title='bbox 705 5660 806 5702; x_wconf 80' lang='lat' dir='ltr'><strong>nuo</strong></span> <span class='ocrx_word' id='word_1_468' title='bbox 828 5660 952 5702; x_wconf 56' lang='lat' dir='ltr'><strong>Mss:</strong></span> <span class='ocrx_word' id='word_1_469' title='bbox 978 5648 1051 5700; x_wconf 71' lang='grc' dir='ltr'><strong>λά</strong></span> <span class='ocrx_word' id='word_1_470' title='bbox 1077 5656 1228 5698; x_wconf 81' lang='lat' dir='ltr'><strong>Deum</strong></span> <span class='ocrx_word' id='word_1_471' title='bbox 1247 5643 1307 5695; x_wconf 83' lang='lat' dir='ltr'><strong>sit</strong></span> <span class='ocrx_word' id='word_1_472' title='bbox 1327 5656 1436 5707; x_wconf 80' lang='lat' dir='ltr'><strong>spes</strong></span> <span class='ocrx_word' id='word_1_473' title='bbox 1454 5648 1550 5701; x_wconf 85' lang='lat' dir='ltr'><strong>tua,</strong></span> <span class='ocrx_word' id='word_1_474' title='bbox 1575 5647 1623 5693; x_wconf 90' lang='lat' dir='ltr'><strong>et</strong></span> <span class='ocrx_word' id='word_1_475' title='bbox 1643 5639 1740 5692; x_wconf 80' lang='lat' dir='ltr'><strong>eris</strong></span> <span class='ocrx_word' id='word_1_476' title='bbox 1776 5637 1906 5705; x_wconf 79' lang='lat' dir='ltr'><strong>ﬁlius</strong></span> <span class='ocrx_word' id='word_1_477' title='bbox 1933 5638 2154 5693; x_wconf 77' lang='lat' dir='ltr'><strong>hominis.</strong></span> 
     </span>
    </p>
   </div>
   <div class='ocr_carea' id='block_1_59' title="bbox 591 5711 2099 5778">
    <p class='ocr_par' dir='ltr' id='par_1_59' title="bbox 591 5711 2099 5778">
     <span class='ocr_line' id='line_1_59' title="bbox 591 5711 2099 5778; baseline 0.006 -12"><span class='ocrx_word' id='word_1_478' title='bbox 591 5711 709 5768; x_wconf 73' lang='lat' dir='ltr'><strong>Filii</strong></span> <span class='ocrx_word' id='word_1_479' title='bbox 730 5719 889 5778; x_wconf 75' lang='lat' dir='ltr'><strong>autem</strong></span> <span class='ocrx_word' id='word_1_480' title='bbox 909 5711 1168 5769; x_wconf 78' lang='lat' dir='ltr'><strong>hominum.</strong></span> <span class='ocrx_word' id='word_1_481' title='bbox 1193 5717 1298 5778; x_wconf 60' lang='grc' dir='ltr'><strong>(ξιςι,</strong></span> <span class='ocrx_word' id='word_1_482' title='bbox 1406 5765 1417 5775; x_wconf 92' lang='grc'><strong>.</strong></span> <span class='ocrx_word' id='word_1_483' title='bbox 1711 5777 1715 5778; x_wconf 28' lang='grc' dir='ltr'><em>ν</em></span> <span class='ocrx_word' id='word_1_484' title='bbox 1790 5764 1802 5774; x_wconf 93' lang='grc'><strong>.</strong></span> <span class='ocrx_word' id='word_1_485' title='bbox 1970 5772 1995 5778; x_wconf 77' lang='lat'>_</span> <span class='ocrx_word' id='word_1_486' title='bbox 2091 5767 2099 5776; x_wconf 91' lang='lat'><strong>.</strong></span> 
     </span>
    </p>
   </div>
   <div class='ocr_carea' id='block_1_60' title="bbox 655 5767 2157 5837">
    <p class='ocr_par' dir='ltr' id='par_1_60' title="bbox 655 5767 2157 5837">
     <span class='ocr_line' id='line_1_60' title="bbox 655 5767 2157 5837; baseline -0.007 -13"><span class='ocrx_word' id='word_1_487' title='bbox 655 5780 676 5810; x_wconf 81' lang='grc'>³</span> <span class='ocrx_word' id='word_1_488' title='bbox 706 5776 815 5826; x_wconf 72' lang='lat' dir='ltr'><strong>tldd.</strong></span> <span class='ocrx_word' id='word_1_489' title='bbox 836 5790 853 5819; x_wconf 87' lang='lat'><strong>:</strong></span> <span class='ocrx_word' id='word_1_490' title='bbox 871 5785 970 5837; x_wconf 75' lang='lat' dir='ltr'><strong>Non</strong></span> <span class='ocrx_word' id='word_1_491' title='bbox 992 5767 1223 5837; x_wconf 73' lang='lat' dir='ltr'><strong>potestati</strong></span> <span class='ocrx_word' id='word_1_492' title='bbox 1246 5767 1300 5837; x_wconf 73' lang='lat' dir='ltr'><strong>id</strong></span> <span class='ocrx_word' id='word_1_493' title='bbox 1324 5767 1539 5837; x_wconf 60' lang='lat' dir='ltr'><strong>mantus.</strong></span> <span class='ocrx_word' id='word_1_494' title='bbox 1560 5776 1656 5837; x_wconf 70' lang='lat' dir='ltr'><strong>non</strong></span> <span class='ocrx_word' id='word_1_495' title='bbox 1695 5767 1922 5828; x_wconf 78' lang='lat' dir='ltr'><strong>capimus.</strong></span> <span class='ocrx_word' id='word_1_496' title='bbox 1966 5767 2157 5814; x_wconf 69' lang='lat' dir='ltr'><strong>Concin-</strong></span> 
     </span>
    </p>
   </div>
   <div class='ocr_carea' id='block_1_61' title="bbox 597 5831 1695 5898">
    <p class='ocr_par' dir='ltr' id='par_1_61' title="bbox 597 5831 1695 5898">
     <span class='ocr_line' id='line_1_61' title="bbox 597 5831 1695 5898; baseline -0.013 -8"><span class='ocrx_word' id='word_1_497' title='bbox 597 5838 913 5893; x_wconf 68' lang='lat' dir='ltr'><strong>uiorestﬂss.</strong></span> <span class='ocrx_word' id='word_1_498' title='bbox 935 5831 1100 5898; x_wconf 78' lang='lat' dir='ltr'><strong>lectio,</strong></span> <span class='ocrx_word' id='word_1_499' title='bbox 1126 5846 1267 5893; x_wconf 82' lang='lat' dir='ltr'><strong>quam</strong></span> <span class='ocrx_word' id='word_1_500' title='bbox 1288 5831 1364 5881; x_wconf 89' lang='lat' dir='ltr'><strong>hic</strong></span> <span class='ocrx_word' id='word_1_501' title='bbox 1386 5831 1695 5879; x_wconf 78' lang='lat' dir='ltr'><strong>restituituus.</strong></span> 
     </span>
    </p>
   </div>
   <div class='ocr_carea' id='block_1_62' title="bbox 1837 373 2634 435">
    <p class='ocr_par' dir='ltr' id='par_1_62' title="bbox 1837 373 2634 435">
     <span class='ocr_line' id='line_1_62' title="bbox 1837 373 2634 435; baseline 0 0"><span class='ocrx_word' id='word_1_502' title='bbox 1837 377 1890 435; x_wconf 79' lang='lat' dir='ltr'><strong>S.</strong></span> <span class='ocrx_word' id='word_1_503' title='bbox 1931 375 2292 434; x_wconf 74' lang='lat' dir='ltr'><strong>AUGUSTINI</strong></span> <span class='ocrx_word' id='word_1_504' title='bbox 2328 373 2634 435; x_wconf 76' lang='lat' dir='ltr'><strong>EPISCUPI</strong></span> 
     </span>
    </p>
   </div>
   <div class='ocr_carea' id='block_1_63' title="bbox 3757 401 3869 457">
    <p class='ocr_par' dir='ltr' id='par_1_63' title="bbox 3757 401 3869 457">
     <span class='ocr_line' id='line_1_63' title="bbox 3757 401 3869 457; baseline -0.018 0"><span class='ocrx_word' id='word_1_505' title='bbox 3757 401 3869 457; x_wconf 59' lang='lat'><strong>352‘</strong></span> 
     </span>
    </p>
   </div>
   <div class='ocr_carea' id='block_1_64' title="bbox 2297 492 3858 582">
    <p class='ocr_par' dir='ltr' id='par_1_64' title="bbox 2297 492 3858 582">
     <span class='ocr_line' id='line_1_64' title="bbox 2297 492 3858 582; baseline 0.016 -37"><span class='ocrx_word' id='word_1_506' title='bbox 2297 492 2466 548; x_wconf 81' lang='lat' dir='ltr'><strong>brians</strong></span> <span class='ocrx_word' id='word_1_507' title='bbox 2499 513 2650 565; x_wconf 83' lang='lat' dir='ltr'><strong>quam</strong></span> <span class='ocrx_word' id='word_1_508' title='bbox 2689 501 2959 569; x_wconf 63' lang='lat' dir='ltr'><strong>praelatus</strong></span> <span class='ocrx_word' id='word_1_509' title='bbox 2991 513 3063 559; x_wconf 74' lang='lat' dir='ltr'><strong>est</strong></span> <span class='ocrx_word' id='word_1_510' title='bbox 3101 504 3282 575; x_wconf 80' lang='lat' dir='ltr'><strong>(Psal.</strong></span> <span class='ocrx_word' id='word_1_511' title='bbox 3318 525 3443 573; x_wconf 63' lang='grc' dir='ltr'>χιιι,</span> <span class='ocrx_word' id='word_1_512' title='bbox 3475 511 3510 565; x_wconf 84' lang='grc'><strong>5</strong></span> <span class='ocrx_word' id='word_1_513' title='bbox 3531 512 3583 580; x_wconf 85' lang='lat' dir='ltr'><strong>)l</strong></span> <span class='ocrx_word' id='word_1_514' title='bbox 3624 513 3737 569; x_wconf 82' lang='lat' dir='ltr'><strong>lloc</strong></span> <span class='ocrx_word' id='word_1_515' title='bbox 3753 516 3858 582; x_wconf 69' lang='lat' dir='ltr'><strong>iam</strong></span> 
     </span>
    </p>
   </div>
   <div class='ocr_carea' id='block_1_65' title="bbox 2294 584 3860 672">
    <p class='ocr_par' dir='ltr' id='par_1_65' title="bbox 2294 584 3860 672">
     <span class='ocr_line' id='line_1_65' title="bbox 2294 584 3860 672; baseline 0.013 -34"><span class='ocrx_word' id='word_1_516' title='bbox 2294 584 2458 641; x_wconf 87' lang='lat' dir='ltr'><strong>calice</strong></span> <span class='ocrx_word' id='word_1_517' title='bbox 2495 585 2735 644; x_wconf 87' lang='lat' dir='ltr'><strong>inebriati</strong></span> <span class='ocrx_word' id='word_1_518' title='bbox 2760 603 2912 648; x_wconf 90' lang='lat' dir='ltr'><strong>erant</strong></span> <span class='ocrx_word' id='word_1_519' title='bbox 2938 594 3215 667; x_wconf 80' lang='lat' dir='ltr'><strong>Martyres,</strong></span> <span class='ocrx_word' id='word_1_520' title='bbox 3232 600 3440 667; x_wconf 84' lang='lat' dir='ltr'><strong>quando</strong></span> <span class='ocrx_word' id='word_1_521' title='bbox 3467 602 3531 655; x_wconf 85' lang='lat' dir='ltr'><strong>ad</strong></span> <span class='ocrx_word' id='word_1_522' title='bbox 3562 607 3860 672; x_wconf 77' lang='lat' dir='ltr'><strong>passionem</strong></span> 
     </span>
    </p>
   </div>
   <div class='ocr_carea' id='block_1_66' title="bbox 2293 686 3859 763">
    <p class='ocr_par' dir='ltr' id='par_1_66' title="bbox 2293 686 3859 763">
     <span class='ocr_line' id='line_1_66' title="bbox 2293 686 3859 763; baseline 0.014 -33"><span class='ocrx_word' id='word_1_523' title='bbox 2293 686 2500 742; x_wconf 86' lang='lat' dir='ltr'><strong>euntes,</strong></span> <span class='ocrx_word' id='word_1_524' title='bbox 2513 694 2638 736; x_wconf 88' lang='lat' dir='ltr'><strong>suos</strong></span> <span class='ocrx_word' id='word_1_525' title='bbox 2654 698 2760 753; x_wconf 79' lang='lat' dir='ltr'><strong>non</strong></span> <span class='ocrx_word' id='word_1_526' title='bbox 2772 687 3148 755; x_wconf 80' lang='lat' dir='ltr'><strong>agnoscebant.</strong></span> <span class='ocrx_word' id='word_1_527' title='bbox 3169 689 3303 758; x_wconf 88' lang='lat' dir='ltr'><strong>Quid</strong></span> <span class='ocrx_word' id='word_1_528' title='bbox 3330 699 3432 746; x_wconf 81' lang='lat' dir='ltr'><strong>tam</strong></span> <span class='ocrx_word' id='word_1_529' title='bbox 3454 694 3679 760; x_wconf 81' lang='lat' dir='ltr'><strong>ebrium,</strong></span> <span class='ocrx_word' id='word_1_530' title='bbox 3700 715 3859 763; x_wconf 63' lang='lat' dir='ltr'><strong>«inani</strong></span> 
     </span>
    </p>
   </div>
   <div class='ocr_carea' id='block_1_67' title="bbox 2295 778 3863 861">
    <p class='ocr_par' dir='ltr' id='par_1_67' title="bbox 2295 778 3863 861">
     <span class='ocr_line' id='line_1_67' title="bbox 2295 778 3863 861; baseline 0.016 -39"><span class='ocrx_word' id='word_1_531' title='bbox 2295 783 2400 824; x_wconf 91' lang='lat' dir='ltr'><strong>non</strong></span> <span class='ocrx_word' id='word_1_532' title='bbox 2419 785 2709 840; x_wconf 75' lang='lat' dir='ltr'><strong>agnoscere</strong></span> <span class='ocrx_word' id='word_1_533' title='bbox 2735 791 2949 832; x_wconf 84' lang='lat' dir='ltr'><strong>uxorem</strong></span> <span class='ocrx_word' id='word_1_534' title='bbox 2967 778 3201 847; x_wconf 88' lang='lat' dir='ltr'><strong>ﬂentem,</strong></span> <span class='ocrx_word' id='word_1_535' title='bbox 3234 798 3342 861; x_wconf 83' lang='lat' dir='ltr'><strong>non</strong></span> <span class='ocrx_word' id='word_1_536' title='bbox 3366 785 3519 851; x_wconf 80' lang='lat' dir='ltr'><strong>tilias,</strong></span> <span class='ocrx_word' id='word_1_537' title='bbox 3539 803 3643 841; x_wconf 89' lang='lat' dir='ltr'><strong>non</strong></span> <span class='ocrx_word' id='word_1_538' title='bbox 3672 806 3863 857; x_wconf 81' lang='lat' dir='ltr'><strong>paren-</strong></span> 
     </span>
    </p>
   </div>
   <div class='ocr_carea' id='block_1_68' title="bbox 2293 859 3857 934">
    <p class='ocr_par' dir='ltr' id='par_1_68' title="bbox 2293 859 3857 934">
     <span class='ocr_line' id='line_1_68' title="bbox 2293 859 3857 934; baseline 0.013 -21"><span class='ocrx_word' id='word_1_539' title='bbox 2293 859 2406 914; x_wconf 89' lang='lat' dir='ltr'><strong>tes?</strong></span> <span class='ocrx_word' id='word_1_540' title='bbox 2444 859 2562 916; x_wconf 87' lang='lat' dir='ltr'><strong>Non</strong></span> <span class='ocrx_word' id='word_1_541' title='bbox 2590 866 2964 934; x_wconf 80' lang='lat' dir='ltr'><strong>agnoscebant,</strong></span> <span class='ocrx_word' id='word_1_542' title='bbox 2988 884 3090 924; x_wconf 91' lang='lat' dir='ltr'><strong>non</strong></span> <span class='ocrx_word' id='word_1_543' title='bbox 3129 859 3389 928; x_wconf 23' lang='lat' dir='ltr'><strong>eos-ante</strong></span> <span class='ocrx_word' id='word_1_544' title='bbox 3414 877 3597 931; x_wconf 76' lang='lat' dir='ltr'><strong>acidus</strong></span> <span class='ocrx_word' id='word_1_545' title='bbox 3613 893 3733 933; x_wconf 89' lang='lat' dir='ltr'><strong>esse</strong></span> <span class='ocrx_word' id='word_1_546' title='bbox 3767 896 3857 934; x_wconf 86' lang='lat' dir='ltr'><strong>ar-</strong></span> 
     </span>
    </p>
   </div>
   <div class='ocr_carea' id='block_1_69' title="bbox 2294 949 3858 1024">
    <p class='ocr_par' dir='ltr' id='par_1_69' title="bbox 2294 949 3858 1024">
     <span class='ocr_line' id='line_1_69' title="bbox 2294 949 3858 1024; baseline 0.015 -23"><span class='ocrx_word' id='word_1_547' title='bbox 2294 949 2640 1008; x_wconf 88' lang='lat' dir='ltr'><strong>bitrabantur.</strong></span> <span class='ocrx_word' id='word_1_548' title='bbox 2690 954 2863 1012; x_wconf 85' lang='lat' dir='ltr'><strong>Nolite</strong></span> <span class='ocrx_word' id='word_1_549' title='bbox 2906 959 3123 1024; x_wconf 88' lang='lat' dir='ltr'><strong>mirari;</strong></span> <span class='ocrx_word' id='word_1_550' title='bbox 3169 962 3300 1017; x_wconf 88' lang='lat' dir='ltr'><strong>ebrii</strong></span> <span class='ocrx_word' id='word_1_551' title='bbox 3332 976 3502 1019; x_wconf 89' lang='lat' dir='ltr'><strong>erant.</strong></span> <span class='ocrx_word' id='word_1_552' title='bbox 3531 965 3684 1023; x_wconf 83' lang='lat' dir='ltr'><strong>Unde</strong></span> <span class='ocrx_word' id='word_1_553' title='bbox 3726 970 3858 1024; x_wconf 89' lang='lat' dir='ltr'><strong>ebrii</strong></span> 
     </span>
    </p>
   </div>
   <div class='ocr_carea' id='block_1_70' title="bbox 2293 1036 3854 1110">
    <p class='ocr_par' dir='ltr' id='par_1_70' title="bbox 2293 1036 3854 1110">
     <span class='ocr_line' id='line_1_70' title="bbox 2293 1036 3854 1110; baseline 0.015 -24"><span class='ocrx_word' id='word_1_554' title='bbox 2293 1036 2476 1090; x_wconf 88' lang='lat' dir='ltr'><strong>erant?</strong></span> <span class='ocrx_word' id='word_1_555' title='bbox 2492 1036 2677 1092; x_wconf 80' lang='lat' dir='ltr'><strong>Videte</strong></span> <span class='ocrx_word' id='word_1_556' title='bbox 2693 1053 3034 1110; x_wconf 89' lang='lat' dir='ltr'><strong>:acceperunt</strong></span> <span class='ocrx_word' id='word_1_557' title='bbox 3051 1045 3267 1101; x_wconf 88' lang='lat' dir='ltr'><strong>calicem</strong></span> <span class='ocrx_word' id='word_1_558' title='bbox 3298 1049 3438 1103; x_wconf 87' lang='lat' dir='ltr'><strong>unde</strong></span> <span class='ocrx_word' id='word_1_559' title='bbox 3455 1050 3854 1110; x_wconf 84' lang='lat' dir='ltr'><strong>inebriarentur.</strong></span> 
     </span>
    </p>
   </div>
   <div class='ocr_carea' id='block_1_71' title="bbox 2293 1123 3855 1207">
    <p class='ocr_par' dir='ltr' id='par_1_71' title="bbox 2293 1123 3855 1207">
     <span class='ocr_line' id='line_1_71' title="bbox 2293 1123 3855 1207; baseline 0.011 -25"><span class='ocrx_word' id='word_1_560' title='bbox 2293 1123 2445 1182; x_wconf 88' lang='lat' dir='ltr'><strong>Unde</strong></span> <span class='ocrx_word' id='word_1_561' title='bbox 2471 1136 2527 1182; x_wconf 91' lang='lat' dir='ltr'><strong>et</strong></span> <span class='ocrx_word' id='word_1_562' title='bbox 2559 1128 2644 1183; x_wconf 91' lang='lat' dir='ltr'><strong>ille</strong></span> <span class='ocrx_word' id='word_1_563' title='bbox 2662 1133 2857 1200; x_wconf 81' lang='lat' dir='ltr'><strong>gratias</strong></span> <span class='ocrx_word' id='word_1_564' title='bbox 2886 1133 2992 1189; x_wconf 88' lang='lat' dir='ltr'><strong>Deo</strong></span> <span class='ocrx_word' id='word_1_565' title='bbox 3018 1136 3143 1205; x_wconf 81' lang='lat' dir='ltr'><strong>agit,</strong></span> <span class='ocrx_word' id='word_1_566' title='bbox 3182 1137 3363 1192; x_wconf 88' lang='lat' dir='ltr'><strong>dicens</strong></span> <span class='ocrx_word' id='word_1_567' title='bbox 3390 1157 3405 1192; x_wconf 88' lang='lat'><strong>:</strong></span> <span class='ocrx_word' id='word_1_568' title='bbox 3438 1140 3571 1207; x_wconf 83' lang='lat' dir='ltr'><strong>Quid</strong></span> <span class='ocrx_word' id='word_1_569' title='bbox 3593 1145 3855 1199; x_wconf 68' lang='lat' dir='ltr'><strong>Nlribuam</strong></span> 
     </span>
    </p>
   </div>
   <div class='ocr_carea' id='block_1_72' title="bbox 2292 1217 3852 1294">
    <p class='ocr_par' dir='ltr' id='par_1_72' title="bbox 2292 1217 3852 1294">
     <span class='ocr_line' id='line_1_72' title="bbox 2292 1217 3852 1294; baseline 0.013 -23"><span class='ocrx_word' id='word_1_570' title='bbox 2292 1217 2510 1273; x_wconf 82' lang='lat' dir='ltr'><strong>Domino</strong></span> <span class='ocrx_word' id='word_1_571' title='bbox 2553 1237 2646 1289; x_wconf 80' lang='lat' dir='ltr'><strong>pro</strong></span> <span class='ocrx_word' id='word_1_572' title='bbox 2698 1225 2928 1278; x_wconf 82' lang='lat' dir='ltr'><strong>omnibus</strong></span> <span class='ocrx_word' id='word_1_573' title='bbox 2980 1242 3091 1294; x_wconf 80' lang='lat' dir='ltr'><strong>qua:</strong></span> <span class='ocrx_word' id='word_1_574' title='bbox 3142 1228 3366 1282; x_wconf 80' lang='lat' dir='ltr'><strong>retribuit</strong></span> <span class='ocrx_word' id='word_1_575' title='bbox 3410 1233 3532 1285; x_wconf 78' lang='lat' dir='ltr'><strong>milii</strong></span> <span class='ocrx_word' id='word_1_576' title='bbox 3564 1237 3593 1289; x_wconf 68' lang='grc' dir='ltr'><em>Ρ</em></span> <span class='ocrx_word' id='word_1_577' title='bbox 3644 1233 3852 1290; x_wconf 79' lang='lat' dir='ltr'><strong>Calicem</strong></span> 
     </span>
    </p>
   </div>
   <div class='ocr_carea' id='block_1_73' title="bbox 2291 1309 3848 1396">
    <p class='ocr_par' dir='ltr' id='par_1_73' title="bbox 2291 1309 3848 1396">
     <span class='ocr_line' id='line_1_73' title="bbox 2291 1309 3848 1396; baseline 0.012 -33"><span class='ocrx_word' id='word_1_578' title='bbox 2291 1309 2525 1365; x_wconf 77' lang='lat' dir='ltr'><strong>salutaris</strong></span> <span class='ocrx_word' id='word_1_579' title='bbox 2544 1314 2786 1383; x_wconf 81' lang='lat' dir='ltr'><strong>accipiam</strong></span> <span class='ocrx_word' id='word_1_580' title='bbox 2803 1357 2818 1378; x_wconf 91' lang='lat'><strong>,</strong></span> <span class='ocrx_word' id='word_1_581' title='bbox 2866 1325 2913 1369; x_wconf 77' lang='lat' dir='ltr'><strong>et</strong></span> <span class='ocrx_word' id='word_1_582' title='bbox 2945 1333 3121 1372; x_wconf 84' lang='lat' dir='ltr'><strong>nomen</strong></span> <span class='ocrx_word' id='word_1_583' title='bbox 3157 1318 3357 1374; x_wconf 84' lang='lat' dir='ltr'><strong>Domini</strong></span> <span class='ocrx_word' id='word_1_584' title='bbox 3402 1323 3640 1377; x_wconf 82' lang='lat' dir='ltr'><strong>invocabo</strong></span> <span class='ocrx_word' id='word_1_585' title='bbox 3677 1325 3848 1396; x_wconf 68' lang='lat' dir='ltr'><strong>(Paul.</strong></span> 
     </span>
    </p>
   </div>
   <div class='ocr_carea' id='block_1_74' title="bbox 2292 1402 3851 1487">
    <p class='ocr_par' dir='ltr' id='par_1_74' title="bbox 2292 1402 3851 1487">
     <span class='ocr_line' id='line_1_74' title="bbox 2292 1402 3851 1487; baseline 0.012 -32"><span class='ocrx_word' id='word_1_586' title='bbox 2292 1402 2531 1469; x_wconf 72' lang='lat' dir='ltr'><strong>cxv,12,</strong></span> <span class='ocrx_word' id='word_1_587' title='bbox 2570 1404 2692 1476; x_wconf 80' lang='grc'><strong>15).</strong></span> <span class='ocrx_word' id='word_1_588' title='bbox 2734 1407 2903 1478; x_wconf 79' lang='lat' dir='ltr'><strong>Ergo,</strong></span> <span class='ocrx_word' id='word_1_589' title='bbox 2949 1408 3172 1477; x_wconf 87' lang='lat' dir='ltr'><strong>fratres,</strong></span> <span class='ocrx_word' id='word_1_590' title='bbox 3218 1413 3386 1469; x_wconf 84' lang='lat' dir='ltr'><strong>simus</strong></span> <span class='ocrx_word' id='word_1_591' title='bbox 3427 1414 3519 1470; x_wconf 83' lang='lat' dir='ltr'><strong>lilii</strong></span> <span class='ocrx_word' id='word_1_592' title='bbox 3563 1417 3851 1487; x_wconf 84' lang='lat' dir='ltr'><strong>hominum,</strong></span> 
     </span>
    </p>
   </div>
   <div class='ocr_carea' id='block_1_75' title="bbox 2291 1496 3853 1574">
    <p class='ocr_par' dir='ltr' id='par_1_75' title="bbox 2291 1496 3853 1574">
     <span class='ocr_line' id='line_1_75' title="bbox 2291 1496 3853 1574; baseline 0.013 -28"><span class='ocrx_word' id='word_1_593' title='bbox 2291 1502 2347 1547; x_wconf 91' lang='lat' dir='ltr'><strong>et</strong></span> <span class='ocrx_word' id='word_1_594' title='bbox 2381 1508 2655 1563; x_wconf 85' lang='lat' dir='ltr'><strong>speremus</strong></span> <span class='ocrx_word' id='word_1_595' title='bbox 2707 1496 2809 1552; x_wconf 92' lang='lat' dir='ltr'><strong>sub</strong></span> <span class='ocrx_word' id='word_1_596' title='bbox 2842 1501 3070 1570; x_wconf 76' lang='lat' dir='ltr'><strong>tegmine</strong></span> <span class='ocrx_word' id='word_1_597' title='bbox 3108 1502 3309 1558; x_wconf 88' lang='lat' dir='ltr'><strong>alarum</strong></span> <span class='ocrx_word' id='word_1_598' title='bbox 3348 1505 3483 1574; x_wconf 78' lang='lat' dir='ltr'><strong>ejus,</strong></span> <span class='ocrx_word' id='word_1_599' title='bbox 3521 1517 3571 1561; x_wconf 87' lang='lat' dir='ltr'><strong>et</strong></span> <span class='ocrx_word' id='word_1_600' title='bbox 3631 1509 3853 1566; x_wconf 84' lang='lat' dir='ltr'><strong>inebrie-</strong></span> 
     </span>
    </p>
   </div>
   <div class='ocr_carea' id='block_1_76' title="bbox 2291 1583 3853 1668">
    <p class='ocr_par' dir='ltr' id='par_1_76' title="bbox 2291 1583 3853 1668">
     <span class='ocr_line' id='line_1_76' title="bbox 2291 1583 3853 1668; baseline 0.015 -34"><span class='ocrx_word' id='word_1_601' title='bbox 2291 1597 2411 1636; x_wconf 89' lang='lat' dir='ltr'><strong>mur</strong></span> <span class='ocrx_word' id='word_1_602' title='bbox 2432 1583 2499 1639; x_wconf 89' lang='lat' dir='ltr'><strong>ab</strong></span> <span class='ocrx_word' id='word_1_603' title='bbox 2535 1585 2773 1643; x_wconf 89' lang='lat' dir='ltr'><strong>ubertate</strong></span> <span class='ocrx_word' id='word_1_604' title='bbox 2818 1588 3007 1646; x_wconf 87' lang='lat' dir='ltr'><strong>domus</strong></span> <span class='ocrx_word' id='word_1_605' title='bbox 3046 1591 3179 1662; x_wconf 89' lang='lat' dir='ltr'><strong>ejus.</strong></span> <span class='ocrx_word' id='word_1_606' title='bbox 3237 1593 3511 1661; x_wconf 85' lang='lat' dir='ltr'><strong>Quomodo</strong></span> <span class='ocrx_word' id='word_1_607' title='bbox 3552 1602 3699 1668; x_wconf 82' lang='lat' dir='ltr'><strong>potui</strong></span> <span class='ocrx_word' id='word_1_608' title='bbox 3753 1603 3853 1659; x_wconf 74' lang='lat' dir='ltr'><strong>dixi</strong></span> 
     </span>
    </p>
   </div>
   <div class='ocr_carea' id='block_1_77' title="bbox 2291 1678 3854 1765">
    <p class='ocr_par' dir='ltr' id='par_1_77' title="bbox 2291 1678 3854 1765">
     <span class='ocr_line' id='line_1_77' title="bbox 2291 1678 3854 1765; baseline 0.012 -34"><span class='ocrx_word' id='word_1_609' title='bbox 2291 1685 2346 1731; x_wconf 89' lang='lat' dir='ltr'><strong>ct</strong></span> <span class='ocrx_word' id='word_1_610' title='bbox 2387 1678 2653 1748; x_wconf 88' lang='lat' dir='ltr'><strong>quomodo</strong></span> <span class='ocrx_word' id='word_1_611' title='bbox 2708 1697 2920 1751; x_wconf 89' lang='lat' dir='ltr'><strong>possum</strong></span> <span class='ocrx_word' id='word_1_612' title='bbox 2972 1683 3128 1741; x_wconf 88' lang='lat' dir='ltr'><strong>video</strong></span> <span class='ocrx_word' id='word_1_613' title='bbox 3158 1726 3175 1748; x_wconf 88' lang='lat'><strong>.</strong></span> <span class='ocrx_word' id='word_1_614' title='bbox 3230 1697 3284 1743; x_wconf 92' lang='lat' dir='ltr'><strong>et</strong></span> <span class='ocrx_word' id='word_1_615' title='bbox 3334 1692 3604 1759; x_wconf 89' lang='lat' dir='ltr'><strong>quomodo</strong></span> <span class='ocrx_word' id='word_1_616' title='bbox 3659 1694 3854 1765; x_wconf 86' lang='lat' dir='ltr'><strong>video,</strong></span> 
     </span>
    </p>
   </div>
   <div class='ocr_carea' id='block_1_78' title="bbox 2290 1765 3856 1840">
    <p class='ocr_par' dir='ltr' id='par_1_78' title="bbox 2290 1765 3856 1840">
     <span class='ocr_line' id='line_1_78' title="bbox 2290 1765 3856 1840; baseline 0.011 -19"><span class='ocrx_word' id='word_1_617' title='bbox 2290 1765 2469 1822; x_wconf 87' lang='lat' dir='ltr'><strong>dicere</strong></span> <span class='ocrx_word' id='word_1_618' title='bbox 2509 1784 2615 1824; x_wconf 89' lang='lat' dir='ltr'><strong>non</strong></span> <span class='ocrx_word' id='word_1_619' title='bbox 2678 1786 2910 1840; x_wconf 89' lang='lat' dir='ltr'><strong>possum.</strong></span> <span class='ocrx_word' id='word_1_620' title='bbox 2958 1772 3345 1831; x_wconf 80' lang='lat' dir='ltr'><strong>lnebriabuntur</strong></span> <span class='ocrx_word' id='word_1_621' title='bbox 3380 1779 3444 1833; x_wconf 80' lang='lat' dir='ltr'><strong>ab</strong></span> <span class='ocrx_word' id='word_1_622' title='bbox 3494 1780 3720 1838; x_wconf 77' lang='lat' dir='ltr'><strong>ubertate</strong></span> <span class='ocrx_word' id='word_1_623' title='bbox 3773 1788 3856 1839; x_wconf 78' lang='lat' dir='ltr'><strong>do-</strong></span> 
     </span>
    </p>
   </div>
   <div class='ocr_carea' id='block_1_79' title="bbox 2288 1865 3853 1941">
    <p class='ocr_par' dir='ltr' id='par_1_79' title="bbox 2288 1865 3853 1941">
     <span class='ocr_line' id='line_1_79' title="bbox 2288 1865 3853 1941; baseline 0.012 -31"><span class='ocrx_word' id='word_1_624' title='bbox 2288 1871 2400 1912; x_wconf 74' lang='lat' dir='ltr'><strong>rnus</strong></span> <span class='ocrx_word' id='word_1_625' title='bbox 2437 1868 2539 1913; x_wconf 74' lang='lat' dir='ltr'><strong>tua:</strong></span> <span class='ocrx_word' id='word_1_626' title='bbox 2579 1876 2598 1914; x_wconf 90' lang='lat'><strong><em>:</em></strong></span> <span class='ocrx_word' id='word_1_627' title='bbox 2632 1870 2681 1915; x_wconf 84' lang='lat' dir='ltr'><strong>et</strong></span> <span class='ocrx_word' id='word_1_628' title='bbox 2723 1869 2988 1918; x_wconf 81' lang='lat' dir='ltr'><strong>torrentem</strong></span> <span class='ocrx_word' id='word_1_629' title='bbox 3038 1865 3055 1896; x_wconf 80' lang='grc' dir='ltr'>ί</span> <span class='ocrx_word' id='word_1_630' title='bbox 3083 1866 3354 1938; x_wconf 77' lang='lat' dir='ltr'><strong>voluptatis</strong></span> <span class='ocrx_word' id='word_1_631' title='bbox 3392 1879 3492 1925; x_wconf 76' lang='lat' dir='ltr'><strong>tute</strong></span> <span class='ocrx_word' id='word_1_632' title='bbox 3529 1875 3724 1941; x_wconf 83' lang='lat' dir='ltr'><strong>potabis</strong></span> <span class='ocrx_word' id='word_1_633' title='bbox 3756 1893 3853 1930; x_wconf 78' lang='lat' dir='ltr'><strong>cos.</strong></span> 
     </span>
    </p>
   </div>
   <div class='ocr_carea' id='block_1_80' title="bbox 2291 1946 3858 2035">
    <p class='ocr_par' dir='ltr' id='par_1_80' title="bbox 2291 1946 3858 2035">
     <span class='ocr_line' id='line_1_80' title="bbox 2291 1946 3858 2035; baseline 0.013 -34"><span class='ocrx_word' id='word_1_634' title='bbox 2291 1946 2524 2003; x_wconf 83' lang='lat' dir='ltr'><strong>Torrens</strong></span> <span class='ocrx_word' id='word_1_635' title='bbox 2572 1951 2765 2007; x_wconf 89' lang='lat' dir='ltr'><strong>dicitur</strong></span> <span class='ocrx_word' id='word_1_636' title='bbox 2798 1968 2932 2024; x_wconf 84' lang='lat' dir='ltr'><strong>aqua</strong></span> <span class='ocrx_word' id='word_1_637' title='bbox 2974 1956 3191 2011; x_wconf 88' lang='lat' dir='ltr'><strong>veniens</strong></span> <span class='ocrx_word' id='word_1_638' title='bbox 3231 1973 3351 2013; x_wconf 87' lang='lat' dir='ltr'><strong>cum</strong></span> <span class='ocrx_word' id='word_1_639' title='bbox 3382 1960 3596 2030; x_wconf 79' lang='lat' dir='ltr'><strong>impetu.</strong></span> <span class='ocrx_word' id='word_1_640' title='bbox 3631 1965 3858 2035; x_wconf 87' lang='lat' dir='ltr'><strong>Impetus</strong></span> 
     </span>
    </p>
   </div>
   <div class='ocr_carea' id='block_1_81' title="bbox 2288 2038 3857 2117">
    <p class='ocr_par' dir='ltr' id='par_1_81' title="bbox 2288 2038 3857 2117">
     <span class='ocr_line' id='line_1_81' title="bbox 2288 2038 3857 2117; baseline 0.012 -26"><span class='ocrx_word' id='word_1_641' title='bbox 2288 2038 2394 2092; x_wconf 90' lang='lat' dir='ltr'><strong>erit</strong></span> <span class='ocrx_word' id='word_1_642' title='bbox 2450 2039 2824 2097; x_wconf 63' lang='lat' dir='ltr'><strong>misericordia:</strong></span> <span class='ocrx_word' id='word_1_643' title='bbox 2874 2043 3005 2110; x_wconf 90' lang='lat' dir='ltr'><strong>Dei,</strong></span> <span class='ocrx_word' id='word_1_644' title='bbox 3054 2044 3121 2099; x_wconf 90' lang='lat' dir='ltr'><strong>ad</strong></span> <span class='ocrx_word' id='word_1_645' title='bbox 3167 2045 3460 2117; x_wconf 83' lang='lat' dir='ltr'><strong>irrigaudos</strong></span> <span class='ocrx_word' id='word_1_646' title='bbox 3486 2061 3543 2106; x_wconf 88' lang='lat' dir='ltr'><strong>et</strong></span> <span class='ocrx_word' id='word_1_647' title='bbox 3588 2053 3857 2110; x_wconf 85' lang='lat' dir='ltr'><strong>inebrian-</strong></span> 
     </span>
    </p>
   </div>
   <div class='ocr_carea' id='block_1_82' title="bbox 2288 2128 3856 2206">
    <p class='ocr_par' dir='ltr' id='par_1_82' title="bbox 2288 2128 3856 2206">
     <span class='ocr_line' id='line_1_82' title="bbox 2288 2128 3856 2206; baseline 0.01 -22"><span class='ocrx_word' id='word_1_648' title='bbox 2288 2128 2386 2185; x_wconf 88' lang='lat' dir='ltr'><strong>dos</strong></span> <span class='ocrx_word' id='word_1_649' title='bbox 2425 2131 2513 2201; x_wconf 88' lang='lat' dir='ltr'><strong>qui</strong></span> <span class='ocrx_word' id='word_1_650' title='bbox 2551 2131 2711 2187; x_wconf 91' lang='lat' dir='ltr'><strong>modo</strong></span> <span class='ocrx_word' id='word_1_651' title='bbox 2755 2144 2957 2203; x_wconf 88' lang='lat' dir='ltr'><strong>ponunt</strong></span> <span class='ocrx_word' id='word_1_652' title='bbox 3028 2151 3175 2206; x_wconf 83' lang='lat' dir='ltr'><strong>spem</strong></span> <span class='ocrx_word' id='word_1_653' title='bbox 3236 2139 3338 2193; x_wconf 86' lang='lat' dir='ltr'><strong>sub</strong></span> <span class='ocrx_word' id='word_1_654' title='bbox 3390 2141 3702 2199; x_wconf 86' lang='lat' dir='ltr'><strong>umbraculo</strong></span> <span class='ocrx_word' id='word_1_655' title='bbox 3753 2147 3856 2201; x_wconf 87' lang='lat' dir='ltr'><strong>ala-</strong></span> 
     </span>
    </p>
   </div>
   <div class='ocr_carea' id='block_1_83' title="bbox 2287 2223 3855 2300">
    <p class='ocr_par' dir='ltr' id='par_1_83' title="bbox 2287 2223 3855 2300">
     <span class='ocr_line' id='line_1_83' title="bbox 2287 2223 3855 2300; baseline 0.011 -24"><span class='ocrx_word' id='word_1_656' title='bbox 2287 2238 2405 2278; x_wconf 88' lang='lat' dir='ltr'><strong>rum</strong></span> <span class='ocrx_word' id='word_1_657' title='bbox 2430 2223 2565 2292; x_wconf 82' lang='lat' dir='ltr'><strong>ejus.</strong></span> <span class='ocrx_word' id='word_1_658' title='bbox 2596 2224 2848 2295; x_wconf 85' lang='lat' dir='ltr'><strong>Voluptas</strong></span> <span class='ocrx_word' id='word_1_659' title='bbox 2876 2227 2961 2283; x_wconf 90' lang='lat' dir='ltr'><strong>illa</strong></span> <span class='ocrx_word' id='word_1_660' title='bbox 3005 2243 3124 2299; x_wconf 74' lang='lat' dir='ltr'><strong>qua:</strong></span> <span class='ocrx_word' id='word_1_661' title='bbox 3165 2232 3284 2286; x_wconf 78' lang='lat' dir='ltr'><strong>eSt?</strong></span> <span class='ocrx_word' id='word_1_662' title='bbox 3321 2231 3479 2300; x_wconf 87' lang='lat' dir='ltr'><strong>Quasi</strong></span> <span class='ocrx_word' id='word_1_663' title='bbox 3519 2245 3731 2293; x_wconf 88' lang='lat' dir='ltr'><strong>torrens</strong></span> <span class='ocrx_word' id='word_1_664' title='bbox 3779 2240 3855 2294; x_wconf 89' lang='lat' dir='ltr'><strong>in-</strong></span> 
     </span>
    </p>
   </div>
   <div class='ocr_carea' id='block_1_84' title="bbox 2286 2315 3851 2399">
    <p class='ocr_par' dir='ltr' id='par_1_84' title="bbox 2286 2315 3851 2399">
     <span class='ocr_line' id='line_1_84' title="bbox 2286 2315 3851 2399; baseline 0.01 -28"><span class='ocrx_word' id='word_1_665' title='bbox 2286 2315 2499 2371; x_wconf 84' lang='lat' dir='ltr'><strong>ebrians</strong></span> <span class='ocrx_word' id='word_1_666' title='bbox 2533 2316 2792 2374; x_wconf 86' lang='lat' dir='ltr'><strong>sitientes.</strong></span> <span class='ocrx_word' id='word_1_667' title='bbox 2818 2319 2973 2376; x_wconf 83' lang='lat' dir='ltr'><strong>Modo</strong></span> <span class='ocrx_word' id='word_1_668' title='bbox 3002 2337 3135 2393; x_wconf 82' lang='lat' dir='ltr'><strong>ergo</strong></span> <span class='ocrx_word' id='word_1_669' title='bbox 3159 2324 3247 2394; x_wconf 89' lang='lat' dir='ltr'><strong>qui</strong></span> <span class='ocrx_word' id='word_1_670' title='bbox 3277 2326 3407 2393; x_wconf 83' lang='lat' dir='ltr'><strong>sitit,</strong></span> <span class='ocrx_word' id='word_1_671' title='bbox 3454 2343 3603 2396; x_wconf 86' lang='lat' dir='ltr'><strong>spem</strong></span> <span class='ocrx_word' id='word_1_672' title='bbox 3653 2344 3851 2399; x_wconf 84' lang='lat' dir='ltr'><strong>ponat:</strong></span> 
     </span>
    </p>
   </div>
   <div class='ocr_carea' id='block_1_85' title="bbox 2287 2408 3853 2482">
    <p class='ocr_par' dir='ltr' id='par_1_85' title="bbox 2287 2408 3853 2482">
     <span class='ocr_line' id='line_1_85' title="bbox 2287 2408 3853 2482; baseline 0.011 -20"><span class='ocrx_word' id='word_1_673' title='bbox 2287 2409 2375 2479; x_wconf 92' lang='lat' dir='ltr'><strong>qui</strong></span> <span class='ocrx_word' id='word_1_674' title='bbox 2394 2408 2524 2475; x_wconf 86' lang='lat' dir='ltr'><strong>sitit,</strong></span> <span class='ocrx_word' id='word_1_675' title='bbox 2542 2409 2734 2465; x_wconf 81' lang='lat' dir='ltr'><strong>habent</strong></span> <span class='ocrx_word' id='word_1_676' title='bbox 2774 2427 2944 2482; x_wconf 91' lang='lat' dir='ltr'><strong>spem.</strong></span> <span class='ocrx_word' id='word_1_677' title='bbox 2978 2414 3266 2471; x_wconf 90' lang='lat' dir='ltr'><strong>inebriatus</strong></span> <span class='ocrx_word' id='word_1_678' title='bbox 3287 2416 3499 2474; x_wconf 86' lang='lat' dir='ltr'><strong>habebit</strong></span> <span class='ocrx_word' id='word_1_679' title='bbox 3523 2437 3668 2477; x_wconf 90' lang='lat' dir='ltr'><strong>rem:</strong></span> <span class='ocrx_word' id='word_1_680' title='bbox 3701 2435 3853 2479; x_wconf 63' lang='lat' dir='ltr'><strong>ante-</strong></span> 
     </span>
    </p>
   </div>
   <div class='ocr_carea' id='block_1_86' title="bbox 2285 2500 3854 2583">
    <p class='ocr_par' dir='ltr' id='par_1_86' title="bbox 2285 2500 3854 2583">
     <span class='ocr_line' id='line_1_86' title="bbox 2285 2500 3854 2583; baseline 0.011 -30"><span class='ocrx_word' id='word_1_681' title='bbox 2285 2514 2440 2570; x_wconf 83' lang='lat' dir='ltr'><strong>quam</strong></span> <span class='ocrx_word' id='word_1_682' title='bbox 2485 2500 2677 2556; x_wconf 88' lang='lat' dir='ltr'><strong>habeat</strong></span> <span class='ocrx_word' id='word_1_683' title='bbox 2730 2519 2865 2566; x_wconf 90' lang='lat' dir='ltr'><strong>rem,</strong></span> <span class='ocrx_word' id='word_1_684' title='bbox 2894 2504 3037 2560; x_wconf 87' lang='lat' dir='ltr'><strong>sitiat</strong></span> <span class='ocrx_word' id='word_1_685' title='bbox 3082 2506 3135 2561; x_wconf 93' lang='lat' dir='ltr'><strong>in</strong></span> <span class='ocrx_word' id='word_1_686' title='bbox 3165 2523 3278 2577; x_wconf 91' lang='lat' dir='ltr'><strong>spe.</strong></span> <span class='ocrx_word' id='word_1_687' title='bbox 3307 2509 3455 2565; x_wconf 84' lang='lat' dir='ltr'><strong>Beati</strong></span> <span class='ocrx_word' id='word_1_688' title='bbox 3491 2513 3578 2583; x_wconf 91' lang='lat' dir='ltr'><strong>qui</strong></span> <span class='ocrx_word' id='word_1_689' title='bbox 3616 2516 3854 2571; x_wconf 82' lang='lat' dir='ltr'><strong>esuriant</strong></span> 
     </span>
    </p>
   </div>
   <div class='ocr_carea' id='block_1_87' title="bbox 2284 2594 3856 2672">
    <p class='ocr_par' dir='ltr' id='par_1_87' title="bbox 2284 2594 3856 2672">
     <span class='ocr_line' id='line_1_87' title="bbox 2284 2594 3856 2672; baseline 0.011 -26"><span class='ocrx_word' id='word_1_690' title='bbox 2284 2601 2339 2647; x_wconf 88' lang='lat' dir='ltr'><strong>et</strong></span> <span class='ocrx_word' id='word_1_691' title='bbox 2397 2594 2582 2649; x_wconf 88' lang='lat' dir='ltr'><strong>sitiunt</strong></span> <span class='ocrx_word' id='word_1_692' title='bbox 2640 2594 2929 2664; x_wconf 84' lang='lat' dir='ltr'><strong>justitiam,</strong></span> <span class='ocrx_word' id='word_1_693' title='bbox 3000 2599 3253 2669; x_wconf 86' lang='lat' dir='ltr'><strong>quoniam</strong></span> <span class='ocrx_word' id='word_1_694' title='bbox 3335 2600 3435 2672; x_wconf 90' lang='lat' dir='ltr'><strong>ipsi</strong></span> <span class='ocrx_word' id='word_1_695' title='bbox 3480 2606 3856 2664; x_wconf 85' lang='lat' dir='ltr'><strong>saturabuntur</strong></span> 
     </span>
    </p>
   </div>
   <div class='ocr_carea' id='block_1_88' title="bbox 2286 2682 2718 2755">
    <p class='ocr_par' dir='ltr' id='par_1_88' title="bbox 2286 2682 2718 2755">
     <span class='ocr_line' id='line_1_88' title="bbox 2286 2682 2718 2755; baseline 0.009 -20"><span class='ocrx_word' id='word_1_696' title='bbox 2286 2682 2307 2755; x_wconf 93' lang='lat'>(</span> <span class='ocrx_word' id='word_1_697' title='bbox 2332 2682 2516 2737; x_wconf 74' lang='lat' dir='ltr'><strong>Matth.</strong></span> <span class='ocrx_word' id='word_1_698' title='bbox 2543 2700 2599 2751; x_wconf 87' lang='lat' dir='ltr'><strong>v,</strong></span> <span class='ocrx_word' id='word_1_699' title='bbox 2621 2685 2653 2739; x_wconf 82' lang='lat'><strong>6</strong></span> 
     </span>
    </p>
   </div>
   <div class='ocr_carea' id='block_1_89' title="bbox 2355 2774 3851 2856">
    <p class='ocr_par' dir='ltr' id='par_1_89' title="bbox 2355 2774 3851 2856">
     <span class='ocr_line' id='line_1_89' title="bbox 2355 2774 3851 2856; baseline 0.012 -26"><span class='ocrx_word' id='word_1_700' title='bbox 2355 2776 2443 2831; x_wconf 88' lang='lat'><strong>15.</strong></span> <span class='ocrx_word' id='word_1_701' title='bbox 2484 2774 2504 2849; x_wconf 87' lang='lat'>[</span> <span class='ocrx_word' id='word_1_702' title='bbox 2524 2793 2652 2832; x_wconf 80' lang='lat' dir='ltr'><strong>vers.</strong></span> <span class='ocrx_word' id='word_1_703' title='bbox 2673 2778 2759 2833; x_wconf 86' lang='lat'><strong>10.</strong></span> <span class='ocrx_word' id='word_1_704' title='bbox 2788 2778 2809 2851; x_wconf 81' lang='lat'>]</span> <span class='ocrx_word' id='word_1_705' title='bbox 2830 2779 2947 2848; x_wconf 91' lang='lat' dir='ltr'><strong>Quo</strong></span> <span class='ocrx_word' id='word_1_706' title='bbox 2966 2795 3094 2851; x_wconf 83' lang='lat' dir='ltr'><strong>ergo</strong></span> <span class='ocrx_word' id='word_1_707' title='bbox 3114 2780 3265 2839; x_wconf 90' lang='lat' dir='ltr'><strong>fonte</strong></span> <span class='ocrx_word' id='word_1_708' title='bbox 3290 2784 3613 2856; x_wconf 78' lang='lat' dir='ltr'><strong>irrigaheris,</strong></span> <span class='ocrx_word' id='word_1_709' title='bbox 3636 2800 3694 2845; x_wconf 85' lang='lat' dir='ltr'><strong>et</strong></span> <span class='ocrx_word' id='word_1_710' title='bbox 3714 2794 3851 2851; x_wconf 89' lang='lat' dir='ltr'><strong>unde</strong></span> 
     </span>
    </p>
   </div>
   <div class='ocr_carea' id='block_1_90' title="bbox 2281 2868 3855 2952">
    <p class='ocr_par' dir='ltr' id='par_1_90' title="bbox 2281 2868 3855 2952">
     <span class='ocr_line' id='line_1_90' title="bbox 2281 2868 3855 2952; baseline 0.01 -30"><span class='ocrx_word' id='word_1_711' title='bbox 2281 2868 2446 2923; x_wconf 86' lang='lat' dir='ltr'><strong>currit</strong></span> <span class='ocrx_word' id='word_1_712' title='bbox 2472 2877 2646 2925; x_wconf 81' lang='lat' dir='ltr'><strong>tantus</strong></span> <span class='ocrx_word' id='word_1_713' title='bbox 2669 2872 2690 2902; x_wconf 86' lang='grc'><strong><em>²</em></strong></span> <span class='ocrx_word' id='word_1_714' title='bbox 2720 2882 2926 2926; x_wconf 85' lang='lat' dir='ltr'><strong>torrens</strong></span> <span class='ocrx_word' id='word_1_715' title='bbox 2952 2874 3232 2943; x_wconf 78' lang='lat' dir='ltr'><strong>voluptatis</strong></span> <span class='ocrx_word' id='word_1_716' title='bbox 3260 2878 3418 2947; x_wconf 83' lang='lat' dir='ltr'><strong>ejus?</strong></span> <span class='ocrx_word' id='word_1_717' title='bbox 3447 2879 3701 2944; x_wconf 85' lang='lat' dir='ltr'><strong>Quoniam</strong></span> <span class='ocrx_word' id='word_1_718' title='bbox 3725 2885 3855 2952; x_wconf 68' lang='lat' dir='ltr'><strong>apud</strong></span> 
     </span>
    </p>
   </div>
   <div class='ocr_carea' id='block_1_91' title="bbox 2282 2961 3855 3034">
    <p class='ocr_par' dir='ltr' id='par_1_91' title="bbox 2282 2961 3855 3034">
     <span class='ocr_line' id='line_1_91' title="bbox 2282 2961 3855 3034; baseline 0.011 -20"><span class='ocrx_word' id='word_1_719' title='bbox 2282 2968 2346 3022; x_wconf 82' lang='lat' dir='ltr'><strong>te.</strong></span> <span class='ocrx_word' id='word_1_720' title='bbox 2381 2961 2566 3029; x_wconf 84' lang='lat' dir='ltr'><strong>inquit,</strong></span> <span class='ocrx_word' id='word_1_721' title='bbox 2592 2966 2708 3033; x_wconf 73' lang='lat' dir='ltr'><strong>[aiis</strong></span> <span class='ocrx_word' id='word_1_722' title='bbox 2732 2964 2864 3018; x_wconf 65' lang='lat' dir='ltr'><strong>vita.</strong></span> <span class='ocrx_word' id='word_1_723' title='bbox 2893 2963 3022 3032; x_wconf 90' lang='lat' dir='ltr'><strong>Quis</strong></span> <span class='ocrx_word' id='word_1_724' title='bbox 3064 2975 3147 3020; x_wconf 90' lang='lat' dir='ltr'><strong>est</strong></span> <span class='ocrx_word' id='word_1_725' title='bbox 3180 2965 3299 3024; x_wconf 93' lang='lat' dir='ltr'><strong>fons</strong></span> <span class='ocrx_word' id='word_1_726' title='bbox 3334 2968 3477 3034; x_wconf 73' lang='lat' dir='ltr'><strong>vitm,</strong></span> <span class='ocrx_word' id='word_1_727' title='bbox 3534 2973 3634 3027; x_wconf 91' lang='lat' dir='ltr'><strong>nisi</strong></span> <span class='ocrx_word' id='word_1_728' title='bbox 3674 2974 3855 3030; x_wconf 78' lang='lat' dir='ltr'><strong>Chris-</strong></span> 
     </span>
    </p>
   </div>
   <div class='ocr_carea' id='block_1_92' title="bbox 2281 3052 3854 3121">
    <p class='ocr_par' dir='ltr' id='par_1_92' title="bbox 2281 3052 3854 3121">
     <span class='ocr_line' id='line_1_92' title="bbox 2281 3052 3854 3121; baseline 0.01 -16"><span class='ocrx_word' id='word_1_729' title='bbox 2281 3052 2407 3109; x_wconf 82' lang='lat' dir='ltr'><strong>tus?</strong></span> <span class='ocrx_word' id='word_1_730' title='bbox 2436 3053 2592 3107; x_wconf 84' lang='lat' dir='ltr'><strong>Venit</strong></span> <span class='ocrx_word' id='word_1_731' title='bbox 2613 3052 2680 3107; x_wconf 88' lang='lat' dir='ltr'><strong>ad</strong></span> <span class='ocrx_word' id='word_1_732' title='bbox 2711 3054 2834 3109; x_wconf 90' lang='lat' dir='ltr'><strong>tein</strong></span> <span class='ocrx_word' id='word_1_733' title='bbox 2855 3070 3037 3121; x_wconf 91' lang='lat' dir='ltr'><strong>carne,</strong></span> <span class='ocrx_word' id='word_1_734' title='bbox 3068 3065 3125 3111; x_wconf 93' lang='lat' dir='ltr'><strong>ut</strong></span> <span class='ocrx_word' id='word_1_735' title='bbox 3142 3057 3401 3117; x_wconf 83' lang='lat' dir='ltr'><strong>irroraret</strong></span> <span class='ocrx_word' id='word_1_736' title='bbox 3430 3060 3609 3119; x_wconf 77' lang='lat' dir='ltr'><strong>fauces</strong></span> <span class='ocrx_word' id='word_1_737' title='bbox 3634 3068 3765 3120; x_wconf 77' lang='lat' dir='ltr'><strong>tuas</strong></span> <span class='ocrx_word' id='word_1_738' title='bbox 3789 3070 3854 3120; x_wconf 85' lang='lat' dir='ltr'><strong>si-</strong></span> 
     </span>
    </p>
   </div>
   <div class='ocr_carea' id='block_1_93' title="bbox 2280 3145 3851 3217">
    <p class='ocr_par' dir='ltr' id='par_1_93' title="bbox 2280 3145 3851 3217">
     <span class='ocr_line' id='line_1_93' title="bbox 2280 3145 3851 3217; baseline 0.009 -18"><span class='ocrx_word' id='word_1_739' title='bbox 2280 3145 2471 3200; x_wconf 89' lang='lat' dir='ltr'><strong>tientes</strong></span> <span class='ocrx_word' id='word_1_740' title='bbox 2499 3162 2514 3200; x_wconf 89' lang='lat'><strong>:</strong></span> <span class='ocrx_word' id='word_1_741' title='bbox 2540 3145 2751 3200; x_wconf 88' lang='lat' dir='ltr'><strong>satiabit</strong></span> <span class='ocrx_word' id='word_1_742' title='bbox 2773 3156 3093 3215; x_wconf 83' lang='lat' dir='ltr'><strong>sperantem,</strong></span> <span class='ocrx_word' id='word_1_743' title='bbox 3140 3149 3226 3217; x_wconf 91' lang='lat' dir='ltr'><strong>qui</strong></span> <span class='ocrx_word' id='word_1_744' title='bbox 3250 3151 3493 3207; x_wconf 87' lang='lat' dir='ltr'><strong>irroravit</strong></span> <span class='ocrx_word' id='word_1_745' title='bbox 3513 3154 3534 3185; x_wconf 85' lang='grc'>³</span> <span class='ocrx_word' id='word_1_746' title='bbox 3558 3155 3851 3213; x_wconf 87' lang='lat' dir='ltr'><strong>sitientem.</strong></span> 
     </span>
    </p>
   </div>
   <div class='ocr_carea' id='block_1_94' title="bbox 2281 3230 3854 3302">
    <p class='ocr_par' dir='ltr' id='par_1_94' title="bbox 2281 3230 3854 3302">
     <span class='ocr_line' id='line_1_94' title="bbox 2281 3230 3854 3302; baseline 0.01 -20"><span class='ocrx_word' id='word_1_747' title='bbox 2281 3230 2528 3296; x_wconf 78' lang='lat' dir='ltr'><strong>Quoniam</strong></span> <span class='ocrx_word' id='word_1_748' title='bbox 2553 3230 2695 3300; x_wconf 76' lang='lat' dir='ltr'><strong>apud</strong></span> <span class='ocrx_word' id='word_1_749' title='bbox 2713 3239 2760 3285; x_wconf 90' lang='lat' dir='ltr'><strong>te</strong></span> <span class='ocrx_word' id='word_1_750' title='bbox 2781 3232 2895 3302; x_wconf 80' lang='lat' dir='ltr'><strong>fons</strong></span> <span class='ocrx_word' id='word_1_751' title='bbox 2921 3233 3034 3288; x_wconf 73' lang='lat' dir='ltr'><strong>vitta</strong></span> <span class='ocrx_word' id='word_1_752' title='bbox 3086 3233 3110 3266; x_wconf 81' lang='grc'><strong>’⁸</strong></span> <span class='ocrx_word' id='word_1_753' title='bbox 3132 3275 3148 3301; x_wconf 83' lang='grc'>,</span> <span class='ocrx_word' id='word_1_754' title='bbox 3173 3235 3226 3289; x_wconf 85' lang='lat' dir='ltr'><strong>in</strong></span> <span class='ocrx_word' id='word_1_755' title='bbox 3246 3235 3431 3291; x_wconf 86' lang='lat' dir='ltr'><strong>lumine</strong></span> <span class='ocrx_word' id='word_1_756' title='bbox 3464 3248 3548 3292; x_wconf 82' lang='lat' dir='ltr'><strong>tuo</strong></span> <span class='ocrx_word' id='word_1_757' title='bbox 3581 3242 3854 3298; x_wconf 78' lang='lat' dir='ltr'><strong>videbinnu</strong></span> 
     </span>
    </p>
   </div>
   <div class='ocr_carea' id='block_1_95' title="bbox 2277 3321 3849 3390">
    <p class='ocr_par' dir='ltr' id='par_1_95' title="bbox 2277 3321 3849 3390">
     <span class='ocr_line' id='line_1_95' title="bbox 2277 3321 3849 3390; baseline 0.01 -15"><span class='ocrx_word' id='word_1_758' title='bbox 2277 3321 2463 3375; x_wconf 84' lang='lat' dir='ltr'><strong>lumen.</strong></span> <span class='ocrx_word' id='word_1_759' title='bbox 2486 3321 2581 3378; x_wconf 89' lang='lat' dir='ltr'><strong>llic</strong></span> <span class='ocrx_word' id='word_1_760' title='bbox 2605 3322 2747 3378; x_wconf 87' lang='lat' dir='ltr'><strong>aliud</strong></span> <span class='ocrx_word' id='word_1_761' title='bbox 2772 3332 2853 3378; x_wconf 90' lang='lat' dir='ltr'><strong>est</strong></span> <span class='ocrx_word' id='word_1_762' title='bbox 2896 3323 3028 3390; x_wconf 86' lang='lat' dir='ltr'><strong>fons,</strong></span> <span class='ocrx_word' id='word_1_763' title='bbox 3058 3324 3204 3380; x_wconf 86' lang='lat' dir='ltr'><strong>aliud</strong></span> <span class='ocrx_word' id='word_1_764' title='bbox 3231 3328 3405 3384; x_wconf 88' lang='lat' dir='ltr'><strong>lumen</strong></span> <span class='ocrx_word' id='word_1_765' title='bbox 3441 3347 3454 3384; x_wconf 92' lang='lat'><strong>:</strong></span> <span class='ocrx_word' id='word_1_766' title='bbox 3487 3331 3555 3385; x_wconf 89' lang='lat' dir='ltr'><strong>ibi</strong></span> <span class='ocrx_word' id='word_1_767' title='bbox 3601 3348 3713 3388; x_wconf 84' lang='lat' dir='ltr'><strong>non</strong></span> <span class='ocrx_word' id='word_1_768' title='bbox 3762 3336 3849 3390; x_wconf 45' lang='lat' dir='ltr'><strong>ita.</strong></span> 
     </span>
    </p>
   </div>
   <div class='ocr_carea' id='block_1_96' title="bbox 2275 3410 3849 3495">
    <p class='ocr_par' dir='ltr' id='par_1_96' title="bbox 2275 3410 3849 3495">
     <span class='ocr_line' id='line_1_96' title="bbox 2275 3410 3849 3495; baseline 0.01 -30"><span class='ocrx_word' id='word_1_769' title='bbox 2275 3410 2423 3478; x_wconf 90' lang='lat' dir='ltr'><strong>Quod</strong></span> <span class='ocrx_word' id='word_1_770' title='bbox 2450 3412 2595 3493; x_wconf 84' lang='lat' dir='ltr'><strong>enim</strong></span> <span class='ocrx_word' id='word_1_771' title='bbox 2622 3421 2702 3468; x_wconf 81' lang='lat' dir='ltr'><strong>est</strong></span> <span class='ocrx_word' id='word_1_772' title='bbox 2726 3412 2868 3481; x_wconf 92' lang='lat' dir='ltr'><strong>fons,</strong></span> <span class='ocrx_word' id='word_1_773' title='bbox 2899 3415 2999 3471; x_wconf 91' lang='lat' dir='ltr'><strong>hoc</strong></span> <span class='ocrx_word' id='word_1_774' title='bbox 3020 3424 3105 3471; x_wconf 90' lang='lat' dir='ltr'><strong>est</strong></span> <span class='ocrx_word' id='word_1_775' title='bbox 3144 3424 3199 3471; x_wconf 89' lang='lat' dir='ltr'><strong>ct</strong></span> <span class='ocrx_word' id='word_1_776' title='bbox 3239 3418 3415 3473; x_wconf 89' lang='lat' dir='ltr'><strong>lumen</strong></span> <span class='ocrx_word' id='word_1_777' title='bbox 3447 3430 3544 3476; x_wconf 88' lang='lat' dir='ltr'><strong>:et</strong></span> <span class='ocrx_word' id='word_1_778' title='bbox 3591 3425 3849 3495; x_wconf 67' lang='lat' dir='ltr'><strong>quidquid</strong></span> 
     </span>
    </p>
   </div>
   <div class='ocr_carea' id='block_1_97' title="bbox 2273 3502 3849 3584">
    <p class='ocr_par' dir='ltr' id='par_1_97' title="bbox 2273 3502 3849 3584">
     <span class='ocr_line' id='line_1_97' title="bbox 2273 3502 3849 3584; baseline 0.011 -28"><span class='ocrx_word' id='word_1_779' title='bbox 2273 3502 2375 3567; x_wconf 84' lang='lat' dir='ltr'><strong>vis,</strong></span> <span class='ocrx_word' id='word_1_780' title='bbox 2397 3503 2521 3557; x_wconf 90' lang='lat' dir='ltr'><strong>illud</strong></span> <span class='ocrx_word' id='word_1_781' title='bbox 2550 3519 2726 3568; x_wconf 89' lang='lat' dir='ltr'><strong>vocas,</strong></span> <span class='ocrx_word' id='word_1_782' title='bbox 2759 3506 2878 3574; x_wconf 82' lang='lat' dir='ltr'><strong>quia</strong></span> <span class='ocrx_word' id='word_1_783' title='bbox 2907 3521 3011 3559; x_wconf 89' lang='lat' dir='ltr'><strong>non</strong></span> <span class='ocrx_word' id='word_1_784' title='bbox 3056 3516 3137 3561; x_wconf 91' lang='lat' dir='ltr'><strong>est</strong></span> <span class='ocrx_word' id='word_1_785' title='bbox 3174 3509 3313 3578; x_wconf 89' lang='lat' dir='ltr'><strong>quod</strong></span> <span class='ocrx_word' id='word_1_786' title='bbox 3342 3526 3537 3577; x_wconf 83' lang='lat' dir='ltr'><strong>vocas;</strong></span> <span class='ocrx_word' id='word_1_787' title='bbox 3574 3515 3703 3584; x_wconf 83' lang='lat' dir='ltr'><strong>quia</strong></span> <span class='ocrx_word' id='word_1_788' title='bbox 3748 3534 3849 3572; x_wconf 75' lang='lat' dir='ltr'><strong>non</strong></span> 
     </span>
    </p>
   </div>
   <div class='ocr_carea' id='block_1_98' title="bbox 2275 3596 3844 3664">
    <p class='ocr_par' dir='ltr' id='par_1_98' title="bbox 2275 3596 3844 3664">
     <span class='ocr_line' id='line_1_98' title="bbox 2275 3596 3844 3664; baseline 0.011 -18"><span class='ocrx_word' id='word_1_789' title='bbox 2275 3601 2423 3661; x_wconf 89' lang='lat' dir='ltr'><strong>potes</strong></span> <span class='ocrx_word' id='word_1_790' title='bbox 2451 3609 2739 3664; x_wconf 84' lang='lat' dir='ltr'><strong>congruum</strong></span> <span class='ocrx_word' id='word_1_791' title='bbox 2764 3611 2955 3652; x_wconf 87' lang='lat' dir='ltr'><strong>nomen</strong></span> <span class='ocrx_word' id='word_1_792' title='bbox 2981 3596 3237 3660; x_wconf 85' lang='lat' dir='ltr'><strong>invenire,</strong></span> <span class='ocrx_word' id='word_1_793' title='bbox 3261 3616 3364 3655; x_wconf 91' lang='lat' dir='ltr'><strong>non</strong></span> <span class='ocrx_word' id='word_1_794' title='bbox 3393 3614 3632 3660; x_wconf 87' lang='lat' dir='ltr'><strong>remanet</strong></span> <span class='ocrx_word' id='word_1_795' title='bbox 3661 3607 3721 3661; x_wconf 94' lang='lat' dir='ltr'><strong>in</strong></span> <span class='ocrx_word' id='word_1_796' title='bbox 3745 3626 3844 3663; x_wconf 90' lang='lat' dir='ltr'><strong>uno</strong></span> 
     </span>
    </p>
   </div>
   <div class='ocr_carea' id='block_1_99' title="bbox 2274 3684 3845 3758">
    <p class='ocr_par' dir='ltr' id='par_1_99' title="bbox 2274 3684 3845 3758">
     <span class='ocr_line' id='line_1_99' title="bbox 2274 3684 3845 3758; baseline 0.01 -20"><span class='ocrx_word' id='word_1_797' title='bbox 2274 3685 2504 3740; x_wconf 87' lang='lat' dir='ltr'><strong>nomine.</strong></span> <span class='ocrx_word' id='word_1_798' title='bbox 2530 3684 2585 3740; x_wconf 91' lang='lat' dir='ltr'><strong>Si</strong></span> <span class='ocrx_word' id='word_1_799' title='bbox 2610 3685 2833 3751; x_wconf 88' lang='lat' dir='ltr'><strong>diceres,</strong></span> <span class='ocrx_word' id='word_1_800' title='bbox 2869 3688 2990 3757; x_wconf 88' lang='lat' dir='ltr'><strong>quia</strong></span> <span class='ocrx_word' id='word_1_801' title='bbox 3018 3688 3194 3745; x_wconf 90' lang='lat' dir='ltr'><strong>lumen</strong></span> <span class='ocrx_word' id='word_1_802' title='bbox 3222 3700 3305 3749; x_wconf 85' lang='lat' dir='ltr'><strong>est</strong></span> <span class='ocrx_word' id='word_1_803' title='bbox 3331 3694 3526 3758; x_wconf 87' lang='lat' dir='ltr'><strong>solum,</strong></span> <span class='ocrx_word' id='word_1_804' title='bbox 3575 3696 3845 3753; x_wconf 78' lang='lat' dir='ltr'><strong>diceretur</strong></span> 
     </span>
    </p>
   </div>
   <div class='ocr_carea' id='block_1_100' title="bbox 2272 3774 3854 3847">
    <p class='ocr_par' dir='ltr' id='par_1_100' title="bbox 2272 3774 3854 3847">
     <span class='ocr_line' id='line_1_100' title="bbox 2272 3774 3854 3847; baseline 0.01 -18"><span class='ocrx_word' id='word_1_805' title='bbox 2272 3774 2400 3829; x_wconf 85' lang='lat' dir='ltr'><strong>tibi:</strong></span> <span class='ocrx_word' id='word_1_806' title='bbox 2423 3774 2549 3830; x_wconf 89' lang='lat' dir='ltr'><strong>Sine</strong></span> <span class='ocrx_word' id='word_1_807' title='bbox 2573 3790 2731 3830; x_wconf 86' lang='lat' dir='ltr'><strong>causa</strong></span> <span class='ocrx_word' id='word_1_808' title='bbox 2751 3792 2877 3847; x_wconf 81' lang='lat' dir='ltr'><strong>ergo</strong></span> <span class='ocrx_word' id='word_1_809' title='bbox 2898 3778 3029 3832; x_wconf 88' lang='lat' dir='ltr'><strong>mihi</strong></span> <span class='ocrx_word' id='word_1_810' title='bbox 3051 3779 3245 3835; x_wconf 90' lang='lat' dir='ltr'><strong>dictum</strong></span> <span class='ocrx_word' id='word_1_811' title='bbox 3268 3790 3427 3837; x_wconf 90' lang='lat' dir='ltr'><strong>estut</strong></span> <span class='ocrx_word' id='word_1_812' title='bbox 3449 3776 3762 3844; x_wconf 32' lang='lat' dir='ltr'><strong>esuriam‘et</strong></span> <span class='ocrx_word' id='word_1_813' title='bbox 3788 3791 3854 3845; x_wconf 79' lang='lat' dir='ltr'><strong>si-</strong></span> 
     </span>
    </p>
   </div>
   <div class='ocr_carea' id='block_1_101' title="bbox 2271 3868 3846 3952">
    <p class='ocr_par' dir='ltr' id='par_1_101' title="bbox 2271 3868 3846 3952">
     <span class='ocr_line' id='line_1_101' title="bbox 2271 3868 3846 3952; baseline 0.008 -29"><span class='ocrx_word' id='word_1_814' title='bbox 2271 3868 2395 3923; x_wconf 89' lang='lat' dir='ltr'><strong>tiam</strong></span> <span class='ocrx_word' id='word_1_815' title='bbox 2425 3887 2438 3924; x_wconf 92' lang='lat'>:</span> <span class='ocrx_word' id='word_1_816' title='bbox 2466 3868 2581 3939; x_wconf 87' lang='lat' dir='ltr'><strong>quis</strong></span> <span class='ocrx_word' id='word_1_817' title='bbox 2609 3870 2749 3924; x_wconf 92' lang='lat' dir='ltr'><strong>enim</strong></span> <span class='ocrx_word' id='word_1_818' title='bbox 2774 3880 2874 3935; x_wconf 88' lang='lat' dir='ltr'><strong>cst,</strong></span> <span class='ocrx_word' id='word_1_819' title='bbox 2905 3873 2993 3942; x_wconf 92' lang='lat' dir='ltr'><strong>qui</strong></span> <span class='ocrx_word' id='word_1_820' title='bbox 3017 3873 3297 3930; x_wconf 89' lang='lat' dir='ltr'><strong>manducet</strong></span> <span class='ocrx_word' id='word_1_821' title='bbox 3319 3876 3542 3933; x_wconf 89' lang='lat' dir='ltr'><strong>lumen?</strong></span> <span class='ocrx_word' id='word_1_822' title='bbox 3569 3878 3719 3936; x_wconf 29' lang='lat' dir='ltr'><strong>llludr</strong></span> <span class='ocrx_word' id='word_1_823' title='bbox 3742 3884 3846 3952; x_wconf 83' lang='lat' dir='ltr'><strong>pla-</strong></span> 
     </span>
    </p>
   </div>
   <div class='ocr_carea' id='block_1_102' title="bbox 2269 3959 3844 4041">
    <p class='ocr_par' dir='ltr' id='par_1_102' title="bbox 2269 3959 3844 4041">
     <span class='ocr_line' id='line_1_102' title="bbox 2269 3959 3844 4041; baseline 0.008 -27"><span class='ocrx_word' id='word_1_824' title='bbox 2269 3974 2338 4014; x_wconf 85' lang='lat' dir='ltr'><strong>ne</strong></span> <span class='ocrx_word' id='word_1_825' title='bbox 2363 3969 2509 4015; x_wconf 85' lang='lat' dir='ltr'><strong>recte</strong></span> <span class='ocrx_word' id='word_1_826' title='bbox 2528 3959 2654 4015; x_wconf 89' lang='lat' dir='ltr'><strong>mihi</strong></span> <span class='ocrx_word' id='word_1_827' title='bbox 2672 3960 2868 4016; x_wconf 85' lang='lat' dir='ltr'><strong>dictum</strong></span> <span class='ocrx_word' id='word_1_828' title='bbox 2897 3971 2980 4017; x_wconf 92' lang='lat' dir='ltr'><strong>est</strong></span> <span class='ocrx_word' id='word_1_829' title='bbox 3001 3981 3015 4016; x_wconf 91' lang='lat'><strong>:</strong></span> <span class='ocrx_word' id='word_1_830' title='bbox 3038 3963 3184 4017; x_wconf 82' lang='lat' dir='ltr'><strong>Beati</strong></span> <span class='ocrx_word' id='word_1_831' title='bbox 3210 3967 3386 4021; x_wconf 86' lang='lat' dir='ltr'><strong>mundi</strong></span> <span class='ocrx_word' id='word_1_832' title='bbox 3407 3968 3575 4037; x_wconf 83' lang='lat' dir='ltr'><strong>corde,</strong></span> <span class='ocrx_word' id='word_1_833' title='bbox 3602 3975 3844 4041; x_wconf 78' lang='lat' dir='ltr'><strong>quouiam</strong></span> 
     </span>
    </p>
   </div>
   <div class='ocr_carea' id='block_1_103' title="bbox 2267 4044 3843 4124">
    <p class='ocr_par' dir='ltr' id='par_1_103' title="bbox 2267 4044 3843 4124">
     <span class='ocr_line' id='line_1_103' title="bbox 2267 4044 3843 4124; baseline 0.008 -22"><span class='ocrx_word' id='word_1_834' title='bbox 2267 4044 2365 4120; x_wconf 82' lang='lat' dir='ltr'><strong>ipsi</strong></span> <span class='ocrx_word' id='word_1_835' title='bbox 2391 4048 2552 4104; x_wconf 88' lang='lat' dir='ltr'><strong>Deum</strong></span> <span class='ocrx_word' id='word_1_836' title='bbox 2582 4050 2812 4104; x_wconf 79' lang='lat' dir='ltr'><strong>uidebunt</strong></span> <span class='ocrx_word' id='word_1_837' title='bbox 2847 4050 2866 4122; x_wconf 91' lang='lat'>(</span> <span class='ocrx_word' id='word_1_838' title='bbox 2892 4051 3051 4121; x_wconf 84' lang='lat' dir='ltr'><strong>Ibid.,</strong></span> <span class='ocrx_word' id='word_1_839' title='bbox 3082 4054 3135 4120; x_wconf 85' lang='lat'><strong>6,</strong></span> <span class='ocrx_word' id='word_1_840' title='bbox 3165 4054 3235 4121; x_wconf 90' lang='lat'><strong>8)</strong></span> <span class='ocrx_word' id='word_1_841' title='bbox 3267 4073 3281 4109; x_wconf 90' lang='lat'><strong>:</strong></span> <span class='ocrx_word' id='word_1_842' title='bbox 3314 4057 3356 4110; x_wconf 93' lang='lat' dir='ltr'><strong>si</strong></span> <span class='ocrx_word' id='word_1_843' title='bbox 3388 4057 3563 4112; x_wconf 88' lang='lat' dir='ltr'><strong>lumen</strong></span> <span class='ocrx_word' id='word_1_844' title='bbox 3592 4071 3843 4124; x_wconf 83' lang='lat' dir='ltr'><strong>est,oeu—</strong></span> 
     </span>
    </p>
   </div>
   <div class='ocr_carea' id='block_1_104' title="bbox 2268 4140 3845 4223">
    <p class='ocr_par' dir='ltr' id='par_1_104' title="bbox 2268 4140 3845 4223">
     <span class='ocr_line' id='line_1_104' title="bbox 2268 4140 3845 4223; baseline 0.01 -28"><span class='ocrx_word' id='word_1_845' title='bbox 2268 4140 2347 4196; x_wconf 90' lang='lat' dir='ltr'><strong>los</strong></span> <span class='ocrx_word' id='word_1_846' title='bbox 2370 4157 2517 4197; x_wconf 87' lang='lat' dir='ltr'><strong>meos</strong></span> <span class='ocrx_word' id='word_1_847' title='bbox 2551 4158 2751 4212; x_wconf 88' lang='lat' dir='ltr'><strong>parem.</strong></span> <span class='ocrx_word' id='word_1_848' title='bbox 2786 4144 2916 4198; x_wconf 82' lang='lat' dir='ltr'><strong>Para</strong></span> <span class='ocrx_word' id='word_1_849' title='bbox 2953 4156 3007 4201; x_wconf 91' lang='lat' dir='ltr'><strong>et</strong></span> <span class='ocrx_word' id='word_1_850' title='bbox 3037 4147 3214 4202; x_wconf 85' lang='lat' dir='ltr'><strong>fauces</strong></span> <span class='ocrx_word' id='word_1_851' title='bbox 3238 4164 3253 4209; x_wconf 88' lang='lat'><strong>;</strong></span> <span class='ocrx_word' id='word_1_852' title='bbox 3274 4149 3393 4218; x_wconf 86' lang='lat' dir='ltr'><strong>quia</strong></span> <span class='ocrx_word' id='word_1_853' title='bbox 3421 4150 3547 4205; x_wconf 90' lang='lat' dir='ltr'><strong>illud</strong></span> <span class='ocrx_word' id='word_1_854' title='bbox 3577 4155 3727 4223; x_wconf 81' lang='lat' dir='ltr'><strong>quod</strong></span> <span class='ocrx_word' id='word_1_855' title='bbox 3770 4156 3845 4211; x_wconf 86' lang='lat' dir='ltr'><strong>lu-</strong></span> 
     </span>
    </p>
   </div>
   <div class='ocr_carea' id='block_1_105' title="bbox 2265 4233 3842 4311">
    <p class='ocr_par' dir='ltr' id='par_1_105' title="bbox 2265 4233 3842 4311">
     <span class='ocr_line' id='line_1_105' title="bbox 2265 4233 3842 4311; baseline 0.008 -24"><span class='ocrx_word' id='word_1_856' title='bbox 2265 4248 2386 4288; x_wconf 89' lang='lat' dir='ltr'><strong>men</strong></span> <span class='ocrx_word' id='word_1_857' title='bbox 2408 4242 2507 4297; x_wconf 87' lang='lat' dir='ltr'><strong>est,</strong></span> <span class='ocrx_word' id='word_1_858' title='bbox 2529 4245 2583 4288; x_wconf 91' lang='lat' dir='ltr'><strong>et</strong></span> <span class='ocrx_word' id='word_1_859' title='bbox 2602 4233 2717 4288; x_wconf 91' lang='lat' dir='ltr'><strong>fons</strong></span> <span class='ocrx_word' id='word_1_860' title='bbox 2735 4244 2844 4290; x_wconf 83' lang='lat' dir='ltr'><strong>est:</strong></span> <span class='ocrx_word' id='word_1_861' title='bbox 2862 4236 2998 4302; x_wconf 90' lang='lat' dir='ltr'><strong>fons,</strong></span> <span class='ocrx_word' id='word_1_862' title='bbox 3019 4238 3139 4308; x_wconf 91' lang='lat' dir='ltr'><strong>quia</strong></span> <span class='ocrx_word' id='word_1_863' title='bbox 3159 4240 3313 4294; x_wconf 90' lang='lat' dir='ltr'><strong>satiat</strong></span> <span class='ocrx_word' id='word_1_864' title='bbox 3337 4240 3611 4307; x_wconf 85' lang='lat' dir='ltr'><strong>sitientes;</strong></span> <span class='ocrx_word' id='word_1_865' title='bbox 3635 4245 3842 4311; x_wconf 85' lang='lat' dir='ltr'><strong>lumen,</strong></span> 
     </span>
    </p>
   </div>
   <div class='ocr_carea' id='block_1_106' title="bbox 2264 4324 3844 4403">
    <p class='ocr_par' dir='ltr' id='par_1_106' title="bbox 2264 4324 3844 4403">
     <span class='ocr_line' id='line_1_106' title="bbox 2264 4324 3844 4403; baseline 0.009 -26"><span class='ocrx_word' id='word_1_866' title='bbox 2264 4325 2385 4394; x_wconf 89' lang='lat' dir='ltr'><strong>quia</strong></span> <span class='ocrx_word' id='word_1_867' title='bbox 2415 4324 2675 4379; x_wconf 87' lang='lat' dir='ltr'><strong>illuminat</strong></span> <span class='ocrx_word' id='word_1_868' title='bbox 2701 4340 2891 4381; x_wconf 61' lang='lat' dir='ltr'><strong>caecos.</strong></span> <span class='ocrx_word' id='word_1_869' title='bbox 2914 4327 3009 4383; x_wconf 87' lang='lat' dir='ltr'><strong>llic</strong></span> <span class='ocrx_word' id='word_1_870' title='bbox 3025 4329 3307 4399; x_wconf 90' lang='lat' dir='ltr'><strong>aliquando</strong></span> <span class='ocrx_word' id='word_1_871' title='bbox 3335 4331 3459 4386; x_wconf 87' lang='lat' dir='ltr'><strong>alibi</strong></span> <span class='ocrx_word' id='word_1_872' title='bbox 3484 4332 3692 4403; x_wconf 82' lang='lat' dir='ltr'><strong>lumen,</strong></span> <span class='ocrx_word' id='word_1_873' title='bbox 3722 4337 3844 4392; x_wconf 88' lang='lat' dir='ltr'><strong>alibi</strong></span> 
     </span>
    </p>
   </div>
   <div class='ocr_carea' id='block_1_107' title="bbox 2264 4415 3842 4495">
    <p class='ocr_par' dir='ltr' id='par_1_107' title="bbox 2264 4415 3842 4495">
     <span class='ocr_line' id='line_1_107' title="bbox 2264 4415 3842 4495; baseline 0.008 -23"><span class='ocrx_word' id='word_1_874' title='bbox 2264 4415 2401 4472; x_wconf 84' lang='lat' dir='ltr'><strong>fons.</strong></span> <span class='ocrx_word' id='word_1_875' title='bbox 2435 4415 2731 4485; x_wconf 85' lang='lat' dir='ltr'><strong>Aliquando</strong></span> <span class='ocrx_word' id='word_1_876' title='bbox 2756 4418 2893 4471; x_wconf 87' lang='lat' dir='ltr'><strong>enim</strong></span> <span class='ocrx_word' id='word_1_877' title='bbox 2924 4430 3144 4474; x_wconf 92' lang='lat' dir='ltr'><strong>currunt</strong></span> <span class='ocrx_word' id='word_1_878' title='bbox 3191 4420 3363 4477; x_wconf 88' lang='lat' dir='ltr'><strong>fontes</strong></span> <span class='ocrx_word' id='word_1_879' title='bbox 3390 4434 3445 4479; x_wconf 92' lang='lat' dir='ltr'><strong>et</strong></span> <span class='ocrx_word' id='word_1_880' title='bbox 3480 4426 3528 4478; x_wconf 91' lang='lat' dir='ltr'><strong>in</strong></span> <span class='ocrx_word' id='word_1_881' title='bbox 3568 4431 3842 4495; x_wconf 86' lang='lat' dir='ltr'><strong>tenebris;</strong></span> 
     </span>
    </p>
   </div>
   <div class='ocr_carea' id='block_1_108' title="bbox 2264 4506 3848 4579">
    <p class='ocr_par' dir='ltr' id='par_1_108' title="bbox 2264 4506 3848 4579">
     <span class='ocr_line' id='line_1_108' title="bbox 2264 4506 3848 4579; baseline 0.007 -16"><span class='ocrx_word' id='word_1_882' title='bbox 2264 4517 2319 4563; x_wconf 92' lang='lat' dir='ltr'><strong>et</strong></span> <span class='ocrx_word' id='word_1_883' title='bbox 2357 4506 2639 4577; x_wconf 90' lang='lat' dir='ltr'><strong>aliquando</strong></span> <span class='ocrx_word' id='word_1_884' title='bbox 2680 4508 2729 4562; x_wconf 92' lang='lat' dir='ltr'><strong>in</strong></span> <span class='ocrx_word' id='word_1_885' title='bbox 2762 4524 2969 4575; x_wconf 76' lang='lat' dir='ltr'><strong>eremo</strong></span> <span class='ocrx_word' id='word_1_886' title='bbox 3005 4510 3200 4579; x_wconf 88' lang='lat' dir='ltr'><strong>pateris</strong></span> <span class='ocrx_word' id='word_1_887' title='bbox 3228 4512 3394 4567; x_wconf 87' lang='lat' dir='ltr'><strong>solem</strong></span> <span class='ocrx_word' id='word_1_888' title='bbox 3419 4556 3433 4578; x_wconf 93' lang='lat'><strong>,</strong></span> <span class='ocrx_word' id='word_1_889' title='bbox 3478 4530 3582 4569; x_wconf 92' lang='lat' dir='ltr'><strong>non</strong></span> <span class='ocrx_word' id='word_1_890' title='bbox 3631 4518 3848 4575; x_wconf 84' lang='lat' dir='ltr'><strong>invenis</strong></span> 
     </span>
    </p>
   </div>
   <div class='ocr_carea' id='block_1_109' title="bbox 2264 4598 3849 4673">
    <p class='ocr_par' dir='ltr' id='par_1_109' title="bbox 2264 4598 3849 4673">
     <span class='ocr_line' id='line_1_109' title="bbox 2264 4598 3849 4673; baseline 0.006 -19"><span class='ocrx_word' id='word_1_891' title='bbox 2264 4599 2461 4654; x_wconf 90' lang='lat' dir='ltr'><strong>fontem</strong></span> <span class='ocrx_word' id='word_1_892' title='bbox 2486 4617 2500 4653; x_wconf 88' lang='lat'>:</span> <span class='ocrx_word' id='word_1_893' title='bbox 2538 4599 2623 4654; x_wconf 92' lang='lat' dir='ltr'><strong>hic</strong></span> <span class='ocrx_word' id='word_1_894' title='bbox 2643 4615 2771 4669; x_wconf 80' lang='lat' dir='ltr'><strong>ergo</strong></span> <span class='ocrx_word' id='word_1_895' title='bbox 2800 4610 3022 4670; x_wconf 88' lang='lat' dir='ltr'><strong>possunt</strong></span> <span class='ocrx_word' id='word_1_896' title='bbox 3055 4601 3151 4655; x_wconf 88' lang='lat' dir='ltr'><strong>ista</strong></span> <span class='ocrx_word' id='word_1_897' title='bbox 3178 4598 3284 4656; x_wconf 92' lang='lat' dir='ltr'><strong>duo</strong></span> <span class='ocrx_word' id='word_1_898' title='bbox 3310 4619 3429 4658; x_wconf 80' lang='lat' dir='ltr'><strong>esse</strong></span> <span class='ocrx_word' id='word_1_899' title='bbox 3456 4618 3703 4673; x_wconf 83' lang='lat' dir='ltr'><strong>separata</strong></span> <span class='ocrx_word' id='word_1_900' title='bbox 3741 4628 3755 4663; x_wconf 90' lang='lat'><strong>:</strong></span> <span class='ocrx_word' id='word_1_901' title='bbox 3780 4609 3849 4664; x_wconf 76' lang='lat' dir='ltr'><strong>ibi</strong></span> 
     </span>
    </p>
   </div>
   <div class='ocr_carea' id='block_1_110' title="bbox 2263 4691 3847 4770">
    <p class='ocr_par' dir='ltr' id='par_1_110' title="bbox 2263 4691 3847 4770">
     <span class='ocr_line' id='line_1_110' title="bbox 2263 4691 3847 4770; baseline 0.003 -23"><span class='ocrx_word' id='word_1_902' title='bbox 2263 4708 2370 4748; x_wconf 92' lang='lat' dir='ltr'><strong>non</strong></span> <span class='ocrx_word' id='word_1_903' title='bbox 2396 4691 2713 4762; x_wconf 67' lang='lat' dir='ltr'><strong>fatigaberis,</strong></span> <span class='ocrx_word' id='word_1_904' title='bbox 2733 4691 2851 4761; x_wconf 91' lang='lat' dir='ltr'><strong>quia</strong></span> <span class='ocrx_word' id='word_1_905' title='bbox 2872 4691 2991 4746; x_wconf 91' lang='lat' dir='ltr'><strong>fons</strong></span> <span class='ocrx_word' id='word_1_906' title='bbox 3017 4701 3136 4758; x_wconf 85' lang='lat' dir='ltr'><strong>est;</strong></span> <span class='ocrx_word' id='word_1_907' title='bbox 3170 4709 3274 4748; x_wconf 92' lang='lat' dir='ltr'><strong>non</strong></span> <span class='ocrx_word' id='word_1_908' title='bbox 3308 4695 3694 4763; x_wconf 78' lang='lat' dir='ltr'><strong>tenebmberis,</strong></span> <span class='ocrx_word' id='word_1_909' title='bbox 3726 4700 3847 4770; x_wconf 86' lang='lat' dir='ltr'><strong>quia</strong></span> 
     </span>
    </p>
   </div>
   <div class='ocr_carea' id='block_1_111' title="bbox 2263 4785 2558 4841">
    <p class='ocr_par' dir='ltr' id='par_1_111' title="bbox 2263 4785 2558 4841">
     <span class='ocr_line' id='line_1_111' title="bbox 2263 4785 2558 4841; baseline -0.01 -1"><span class='ocrx_word' id='word_1_910' title='bbox 2263 4785 2439 4841; x_wconf 89' lang='lat' dir='ltr'><strong>lumen</strong></span> <span class='ocrx_word' id='word_1_911' title='bbox 2457 4792 2558 4839; x_wconf 90' lang='lat' dir='ltr'><strong>est.</strong></span> 
     </span>
    </p>
   </div>
   <div class='ocr_carea' id='block_1_112' title="bbox 2336 4870 3848 4946">
    <p class='ocr_par' dir='ltr' id='par_1_112' title="bbox 2336 4870 3848 4946">
     <span class='ocr_line' id='line_1_112' title="bbox 2336 4870 3848 4946; baseline 0.003 -18"><span class='ocrx_word' id='word_1_912' title='bbox 2336 4874 2423 4928; x_wconf 87' lang='lat'><strong>16.</strong></span> <span class='ocrx_word' id='word_1_913' title='bbox 2455 4874 2612 4946; x_wconf 84' lang='lat' dir='ltr'><strong>[vers.</strong></span> <span class='ocrx_word' id='word_1_914' title='bbox 2642 4870 2753 4943; x_wconf 88' lang='grc'><strong>11.]</strong></span> <span class='ocrx_word' id='word_1_915' title='bbox 2793 4870 3058 4927; x_wconf 78' lang='lat' dir='ltr'><strong>I’rwtende</strong></span> <span class='ocrx_word' id='word_1_916' title='bbox 3087 4874 3479 4929; x_wconf 78' lang='lat' dir='ltr'><strong>misericordiam</strong></span> <span class='ocrx_word' id='word_1_917' title='bbox 3509 4886 3649 4931; x_wconf 85' lang='lat' dir='ltr'><strong>tuam</strong></span> <span class='ocrx_word' id='word_1_918' title='bbox 3680 4880 3848 4932; x_wconf 78' lang='lat' dir='ltr'><strong>scicn-</strong></span> 
     </span>
    </p>
   </div>
   <div class='ocr_carea' id='block_1_113' title="bbox 2264 4966 3849 5039">
    <p class='ocr_par' dir='ltr' id='par_1_113' title="bbox 2264 4966 3849 5039">
     <span class='ocr_line' id='line_1_113' title="bbox 2264 4966 3849 5039; baseline 0.003 -18"><span class='ocrx_word' id='word_1_919' title='bbox 2264 4968 2392 5021; x_wconf 85' lang='lat' dir='ltr'><strong>tibus</strong></span> <span class='ocrx_word' id='word_1_920' title='bbox 2427 4976 2502 5032; x_wconf 91' lang='lat' dir='ltr'><strong>te,</strong></span> <span class='ocrx_word' id='word_1_921' title='bbox 2522 4976 2569 5020; x_wconf 86' lang='lat' dir='ltr'><strong>et</strong></span> <span class='ocrx_word' id='word_1_922' title='bbox 2587 4966 2834 5039; x_wconf 80' lang='lat' dir='ltr'><strong>justitiam</strong></span> <span class='ocrx_word' id='word_1_923' title='bbox 2848 4974 2996 5037; x_wconf 76' lang='lat' dir='ltr'><strong>tuam</strong></span> <span class='ocrx_word' id='word_1_924' title='bbox 3013 4966 3089 5019; x_wconf 87' lang='lat' dir='ltr'><strong>his</strong></span> <span class='ocrx_word' id='word_1_925' title='bbox 3108 4966 3196 5038; x_wconf 85' lang='lat' dir='ltr'><strong>qui</strong></span> <span class='ocrx_word' id='word_1_926' title='bbox 3215 4975 3348 5021; x_wconf 85' lang='lat' dir='ltr'><strong>recto</strong></span> <span class='ocrx_word' id='word_1_927' title='bbox 3365 4976 3481 5020; x_wconf 84' lang='lat' dir='ltr'><strong>sunt</strong></span> <span class='ocrx_word' id='word_1_928' title='bbox 3497 4970 3670 5023; x_wconf 84' lang='lat' dir='ltr'><strong>corde.</strong></span> <span class='ocrx_word' id='word_1_929' title='bbox 3689 4970 3849 5039; x_wconf 84' lang='lat' dir='ltr'><strong>Quod</strong></span> 
     </span>
    </p>
   </div>
   <div class='ocr_carea' id='block_1_114' title="bbox 2264 5058 3851 5133">
    <p class='ocr_par' dir='ltr' id='par_1_114' title="bbox 2264 5058 3851 5133">
     <span class='ocr_line' id='line_1_114' title="bbox 2264 5058 3851 5133; baseline 0.003 -21"><span class='ocrx_word' id='word_1_930' title='bbox 2264 5072 2405 5129; x_wconf 63' lang='lat' dir='ltr'><strong>sa‘pe</strong></span> <span class='ocrx_word' id='word_1_931' title='bbox 2428 5058 2688 5133; x_wconf 78' lang='lat' dir='ltr'><strong>diximus,</strong></span> <span class='ocrx_word' id='word_1_932' title='bbox 2724 5058 2844 5128; x_wconf 72' lang='lat' dir='ltr'><strong>Quia</strong></span> <span class='ocrx_word' id='word_1_933' title='bbox 2873 5058 2944 5111; x_wconf 92' lang='lat' dir='ltr'><strong>illi</strong></span> <span class='ocrx_word' id='word_1_934' title='bbox 2973 5070 3097 5112; x_wconf 86' lang='lat' dir='ltr'><strong>sunt</strong></span> <span class='ocrx_word' id='word_1_935' title='bbox 3117 5061 3244 5113; x_wconf 90' lang='lat' dir='ltr'><strong>recti</strong></span> <span class='ocrx_word' id='word_1_936' title='bbox 3269 5058 3460 5121; x_wconf 84' lang='lat' dir='ltr'><strong>corde.</strong></span> <span class='ocrx_word' id='word_1_937' title='bbox 3484 5061 3574 5130; x_wconf 89' lang='lat' dir='ltr'><strong>qui</strong></span> <span class='ocrx_word' id='word_1_938' title='bbox 3605 5077 3851 5130; x_wconf 74' lang='lat' dir='ltr'><strong>sequun-</strong></span> 
     </span>
    </p>
   </div>
   <div class='ocr_carea' id='block_1_115' title="bbox 2265 5149 3850 5213">
    <p class='ocr_par' dir='ltr' id='par_1_115' title="bbox 2265 5149 3850 5213">
     <span class='ocr_line' id='line_1_115' title="bbox 2265 5149 3850 5213; baseline 0.001 -10"><span class='ocrx_word' id='word_1_939' title='bbox 2265 5151 2434 5204; x_wconf 89' lang='lat' dir='ltr'><strong>tur&#39;in</strong></span> <span class='ocrx_word' id='word_1_940' title='bbox 2473 5150 2570 5204; x_wconf 87' lang='lat' dir='ltr'><strong>hac</strong></span> <span class='ocrx_word' id='word_1_941' title='bbox 2592 5150 2698 5203; x_wconf 91' lang='lat' dir='ltr'><strong>vita</strong></span> <span class='ocrx_word' id='word_1_942' title='bbox 2728 5149 3048 5204; x_wconf 86' lang='lat' dir='ltr'><strong>voluntatem</strong></span> <span class='ocrx_word' id='word_1_943' title='bbox 3082 5151 3193 5205; x_wconf 90' lang='lat' dir='ltr'><strong>Dei.</strong></span> <span class='ocrx_word' id='word_1_944' title='bbox 3216 5152 3471 5210; x_wconf 77' lang='lat' dir='ltr'><strong>Voluntas</strong></span> <span class='ocrx_word' id='word_1_945' title='bbox 3501 5154 3595 5208; x_wconf 88' lang='lat' dir='ltr'><strong>Dei</strong></span> <span class='ocrx_word' id='word_1_946' title='bbox 3627 5166 3723 5213; x_wconf 79' lang='lat' dir='ltr'><strong>est</strong></span> <span class='ocrx_word' id='word_1_947' title='bbox 3745 5157 3850 5209; x_wconf 75' lang='lat' dir='ltr'><strong>ali-</strong></span> 
     </span>
    </p>
   </div>
   <div class='ocr_carea' id='block_1_116' title="bbox 2262 5240 3851 5317">
    <p class='ocr_par' dir='ltr' id='par_1_116' title="bbox 2262 5240 3851 5317">
     <span class='ocr_line' id='line_1_116' title="bbox 2262 5240 3851 5317; baseline 0.003 -21"><span class='ocrx_word' id='word_1_948' title='bbox 2262 5240 2476 5311; x_wconf 90' lang='lat' dir='ltr'><strong>quando</strong></span> <span class='ocrx_word' id='word_1_949' title='bbox 2505 5251 2561 5294; x_wconf 90' lang='lat' dir='ltr'><strong>ut</strong></span> <span class='ocrx_word' id='word_1_950' title='bbox 2585 5253 2748 5294; x_wconf 87' lang='lat' dir='ltr'><strong>sanus</strong></span> <span class='ocrx_word' id='word_1_951' title='bbox 2772 5240 2845 5304; x_wconf 85' lang='lat' dir='ltr'><strong>sis</strong></span> <span class='ocrx_word' id='word_1_952' title='bbox 2863 5281 2879 5306; x_wconf 93' lang='lat'><strong>,</strong></span> <span class='ocrx_word' id='word_1_953' title='bbox 2905 5240 3187 5310; x_wconf 90' lang='lat' dir='ltr'><strong>aliquando</strong></span> <span class='ocrx_word' id='word_1_954' title='bbox 3216 5250 3271 5295; x_wconf 91' lang='lat' dir='ltr'><strong>ut</strong></span> <span class='ocrx_word' id='word_1_955' title='bbox 3297 5253 3521 5310; x_wconf 68' lang='lat' dir='ltr'><strong>argi-otes</strong></span> <span class='ocrx_word' id='word_1_956' title='bbox 3545 5263 3559 5297; x_wconf 88' lang='lat'>:</span> <span class='ocrx_word' id='word_1_957' title='bbox 3586 5245 3628 5298; x_wconf 87' lang='lat' dir='ltr'><strong>si</strong></span> <span class='ocrx_word' id='word_1_958' title='bbox 3673 5264 3851 5317; x_wconf 81' lang='lat' dir='ltr'><strong>quan-</strong></span> 
     </span>
    </p>
   </div>
   <div class='ocr_carea' id='block_1_117' title="bbox 2262 5331 3821 5407">
    <p class='ocr_par' dir='ltr' id='par_1_117' title="bbox 2262 5331 3821 5407">
     <span class='ocr_line' id='line_1_117' title="bbox 2262 5331 3821 5407; baseline 0.003 -18"><span class='ocrx_word' id='word_1_959' title='bbox 2262 5334 2332 5389; x_wconf 87' lang='lat' dir='ltr'><strong>do</strong></span> <span class='ocrx_word' id='word_1_960' title='bbox 2355 5331 2783 5398; x_wconf 69' lang='lat' dir='ltr'><strong>sanusles,dulcis</strong></span> <span class='ocrx_word' id='word_1_961' title='bbox 2808 5341 2889 5387; x_wconf 87' lang='lat' dir='ltr'><strong>est</strong></span> <span class='ocrx_word' id='word_1_962' title='bbox 2929 5332 3174 5387; x_wconf 86' lang='lat' dir='ltr'><strong>voluntas</strong></span> <span class='ocrx_word' id='word_1_963' title='bbox 3200 5334 3317 5398; x_wconf 88' lang='lat' dir='ltr'><strong>Dei,</strong></span> <span class='ocrx_word' id='word_1_964' title='bbox 3353 5344 3406 5389; x_wconf 92' lang='lat' dir='ltr'><strong>et</strong></span> <span class='ocrx_word' id='word_1_965' title='bbox 3430 5336 3638 5404; x_wconf 87' lang='lat' dir='ltr'><strong>quando</strong></span> <span class='ocrx_word' id='word_1_966' title='bbox 3665 5354 3821 5407; x_wconf 65' lang='grc' dir='ltr'><strong>ωειιο</strong></span> 
     </span>
    </p>
   </div>
   <div class='ocr_carea' id='block_1_118' title="bbox 2264 5423 3852 5498">
    <p class='ocr_par' dir='ltr' id='par_1_118' title="bbox 2264 5423 3852 5498">
     <span class='ocr_line' id='line_1_118' title="bbox 2264 5423 3852 5498; baseline 0.003 -16"><span class='ocrx_word' id='word_1_967' title='bbox 2264 5437 2365 5496; x_wconf 90' lang='lat' dir='ltr'><strong>tas,</strong></span> <span class='ocrx_word' id='word_1_968' title='bbox 2384 5438 2562 5482; x_wconf 89' lang='lat' dir='ltr'><strong>amara</strong></span> <span class='ocrx_word' id='word_1_969' title='bbox 2582 5431 2664 5479; x_wconf 90' lang='lat' dir='ltr'><strong>est</strong></span> <span class='ocrx_word' id='word_1_970' title='bbox 2683 5423 2922 5479; x_wconf 88' lang='lat' dir='ltr'><strong>voluntas</strong></span> <span class='ocrx_word' id='word_1_971' title='bbox 2940 5425 3061 5490; x_wconf 89' lang='lat' dir='ltr'><strong>Dei;</strong></span> <span class='ocrx_word' id='word_1_972' title='bbox 3082 5442 3186 5482; x_wconf 93' lang='lat' dir='ltr'><strong>non</strong></span> <span class='ocrx_word' id='word_1_973' title='bbox 3208 5438 3352 5481; x_wconf 88' lang='lat' dir='ltr'><strong>recto</strong></span> <span class='ocrx_word' id='word_1_974' title='bbox 3363 5427 3521 5483; x_wconf 88' lang='lat' dir='ltr'><strong>corde</strong></span> <span class='ocrx_word' id='word_1_975' title='bbox 3536 5445 3613 5485; x_wconf 89' lang='lat' dir='ltr'><strong>es.</strong></span> <span class='ocrx_word' id='word_1_976' title='bbox 3629 5429 3852 5498; x_wconf 78' lang='lat' dir='ltr'><strong>Quare?</strong></span> 
     </span>
    </p>
   </div>
   <div class='ocr_carea' id='block_1_119' title="bbox 2328 5574 3530 5642">
    <p class='ocr_par' dir='ltr' id='par_1_119' title="bbox 2328 5574 3530 5642">
     <span class='ocr_line' id='line_1_119' title="bbox 2328 5574 3530 5642; baseline 0.002 -17"><span class='ocrx_word' id='word_1_977' title='bbox 2328 5579 2345 5642; x_wconf 53' lang='grc' dir='ltr'>ξ</span> <span class='ocrx_word' id='word_1_978' title='bbox 2378 5577 2450 5642; x_wconf 77' lang='lat' dir='ltr'><strong>sic</strong></span> <span class='ocrx_word' id='word_1_979' title='bbox 2468 5574 2683 5624; x_wconf 88' lang='lat' dir='ltr'><strong>melioris</strong></span> <span class='ocrx_word' id='word_1_980' title='bbox 2704 5580 2830 5624; x_wconf 60' lang='lat' dir='ltr'><strong>notae</strong></span> <span class='ocrx_word' id='word_1_981' title='bbox 2848 5580 2954 5624; x_wconf 73' lang='lat' dir='ltr'><strong>Mss.</strong></span> <span class='ocrx_word' id='word_1_982' title='bbox 2975 5575 3111 5637; x_wconf 78' lang='lat' dir='ltr'><strong>juxta</strong></span> <span class='ocrx_word' id='word_1_983' title='bbox 3135 5582 3242 5627; x_wconf 81' lang='lat' dir='ltr'><strong>Lxx</strong></span> <span class='ocrx_word' id='word_1_984' title='bbox 3267 5576 3530 5642; x_wconf 74' lang='lat' dir='ltr'><strong>[torrente].</strong></span> 
     </span>
    </p>
   </div>
   <div class='ocr_carea' id='block_1_120' title="bbox 2325 5636 2945 5698">
    <p class='ocr_par' dir='ltr' id='par_1_120' title="bbox 2325 5636 2945 5698">
     <span class='ocr_line' id='line_1_120' title="bbox 2325 5636 2945 5698; baseline 0 -12"><span class='ocrx_word' id='word_1_985' title='bbox 2325 5641 2345 5671; x_wconf 72' lang='grc' dir='ltr'><strong>ι</strong></span> <span class='ocrx_word' id='word_1_986' title='bbox 2379 5636 2542 5698; x_wconf 81' lang='lat' dir='ltr'><strong>Plures</strong></span> <span class='ocrx_word' id='word_1_987' title='bbox 2560 5643 2684 5694; x_wconf 69' lang='lat' dir='ltr'><strong>Mss,</strong></span> <span class='ocrx_word' id='word_1_988' title='bbox 2705 5642 2945 5698; x_wconf 72' lang='lat' dir='ltr'><strong>umqum.</strong></span> 
     </span>
    </p>
   </div>
   <div class='ocr_carea' id='block_1_121' title="bbox 2326 5696 3317 5762">
    <p class='ocr_par' dir='ltr' id='par_1_121' title="bbox 2326 5696 3317 5762">
     <span class='ocr_line' id='line_1_121' title="bbox 2326 5696 3317 5762; baseline 0.006 -18"><span class='ocrx_word' id='word_1_989' title='bbox 2326 5701 2347 5762; x_wconf 54' lang='grc' dir='ltr'>ξ</span> <span class='ocrx_word' id='word_1_990' title='bbox 2378 5696 2693 5762; x_wconf 75' lang='lat' dir='ltr'><strong>Sicplerique</strong></span> <span class='ocrx_word' id='word_1_991' title='bbox 2713 5696 2821 5746; x_wconf 68' lang='lat' dir='ltr'><strong>Mss.</strong></span> <span class='ocrx_word' id='word_1_992' title='bbox 2852 5697 3058 5762; x_wconf 75' lang='lat' dir='ltr'><strong>Al._l’.dd.,</strong></span> <span class='ocrx_word' id='word_1_993' title='bbox 3079 5696 3317 5762; x_wconf 73' lang='lat' dir='ltr'><strong>irrigm‘it.</strong></span> 
     </span>
    </p>
   </div>
   <div class='ocr_carea' id='block_1_122' title="bbox 2324 5758 3852 5825">
    <p class='ocr_par' dir='ltr' id='par_1_122' title="bbox 2324 5758 3852 5825">
     <span class='ocr_line' id='line_1_122' title="bbox 2324 5758 3852 5825; baseline 0.007 -18"><span class='ocrx_word' id='word_1_994' title='bbox 2324 5761 2345 5792; x_wconf 70' lang='grc' dir='ltr'><strong>ι</strong></span> <span class='ocrx_word' id='word_1_995' title='bbox 2377 5758 2489 5807; x_wconf 68' lang='lat' dir='ltr'><strong>EddL</strong></span> <span class='ocrx_word' id='word_1_996' title='bbox 2512 5772 2524 5807; x_wconf 91' lang='lat'>:</span> <span class='ocrx_word' id='word_1_997' title='bbox 2546 5758 2771 5818; x_wconf 66' lang='lat' dir='ltr'><strong>(&quot;innima</strong></span> <span class='ocrx_word' id='word_1_998' title='bbox 2791 5760 2921 5825; x_wconf 79' lang='lat' dir='ltr'><strong>apud</strong></span> <span class='ocrx_word' id='word_1_999' title='bbox 2942 5766 2986 5809; x_wconf 84' lang='lat' dir='ltr'><strong>te</strong></span> <span class='ocrx_word' id='word_1_1000' title='bbox 3009 5758 3078 5809; x_wconf 58' lang='lat' dir='ltr'><strong>est</strong></span> <span class='ocrx_word' id='word_1_1001' title='bbox 3094 5758 3197 5822; x_wconf 56' lang='lat' dir='ltr'><strong>[ous</strong></span> <span class='ocrx_word' id='word_1_1002' title='bbox 3220 5762 3344 5818; x_wconf 72' lang='lat' dir='ltr'><strong>ritu&#39;,</strong></span> <span class='ocrx_word' id='word_1_1003' title='bbox 3368 5770 3413 5811; x_wconf 85' lang='lat' dir='ltr'><strong>et</strong></span> <span class='ocrx_word' id='word_1_1004' title='bbox 3438 5761 3487 5812; x_wconf 82' lang='lat' dir='ltr'><strong>in</strong></span> <span class='ocrx_word' id='word_1_1005' title='bbox 3518 5761 3721 5825; x_wconf 74' lang='lat' dir='ltr'><strong>lumine,</strong></span> <span class='ocrx_word' id='word_1_1006' title='bbox 3752 5775 3852 5821; x_wconf 74' lang='lat' dir='ltr'><strong>etc.</strong></span> 
     </span>
    </p>
   </div>
   <div class='ocr_carea' id='block_1_123' title="bbox 2264 5819 3570 5883">
    <p class='ocr_par' dir='ltr' id='par_1_123' title="bbox 2264 5819 3570 5883">
     <span class='ocr_line' id='line_1_123' title="bbox 2264 5819 3570 5883; baseline -0.001 -9"><span class='ocrx_word' id='word_1_1007' title='bbox 2264 5819 2360 5874; x_wconf 75' lang='lat' dir='ltr'><strong>illuc</strong></span> <span class='ocrx_word' id='word_1_1008' title='bbox 2385 5835 2545 5883; x_wconf 79' lang='lat' dir='ltr'><strong>voces,</strong></span> <span class='ocrx_word' id='word_1_1009' title='bbox 2576 5828 2657 5879; x_wconf 81' lang='lat' dir='ltr'><strong>est,</strong></span> <span class='ocrx_word' id='word_1_1010' title='bbox 2687 5829 2749 5879; x_wconf 82' lang='lat' dir='ltr'><strong>et,</strong></span> <span class='ocrx_word' id='word_1_1011' title='bbox 2772 5819 2943 5873; x_wconf 79' lang='lat' dir='ltr'><strong>absunt</strong></span> <span class='ocrx_word' id='word_1_1012' title='bbox 2964 5835 2991 5870; x_wconf 88' lang='lat' dir='ltr'><strong>a</strong></span> <span class='ocrx_word' id='word_1_1013' title='bbox 3149 5833 3197 5874; x_wconf 84' lang='lat' dir='ltr'><strong>et</strong></span> <span class='ocrx_word' id='word_1_1014' title='bbox 3221 5840 3246 5874; x_wconf 89' lang='lat' dir='ltr'><strong>a</strong></span> <span class='ocrx_word' id='word_1_1015' title='bbox 3269 5833 3428 5875; x_wconf 50' lang='lat' dir='ltr'><strong>(haece</strong></span> <span class='ocrx_word' id='word_1_1016' title='bbox 3445 5831 3570 5874; x_wconf 76' lang='lat' dir='ltr'><strong>t..\.\‘.</strong></span> 
     </span>
    </p>
   </div>
  </div>
