3972 6198
149 303 255 363 553

145 427 280 491 Quia
313 439 416 479 non
442 424 860 480 visvoluntatem
893 434 1036 479 tuam
1060 425 1284 496 dirigere
1312 425 1378 481 ad
1403 428 1724 485 voluntatem

149 517 242 570 Dei
262 559 276 575 ,
308 517 402 570 sed
437 516 526 571 Dei
557 518 635 570 vis
661 532 878 571 curvare
902 517 966 571 ad
995 527 1156 570 tuam.
1187 515 1281 571 Illa
1308 527 1450 573 recta
1477 529 1591 582 est,
1625 522 1718 577 sed

147 625 201 661 tu
229 624 426 662 curvus
449 626 461 660 :
485 609 731 662 voluntas
758 619 841 662 tua
869 609 1173 678 corrigenda
1215 617 1297 664 est
1334 609 1398 663 ad
1440 611 1601 677 illam,
1623 629 1726 669 non

149 703 234 755 illa
267 701 537 755 eurvanda
567 710 648 756 est
672 701 735 755 ad
767 710 816 756 te
849 719 861 755 :
888 710 941 756 ct
969 712 1168 756 rectum
1198 701 1415 757 habebis
1440 718 1550 758 cor.
1584 704 1726 761 Bene

147 808 225 850 est
262 795 316 850 in
362 795 463 848 hoc
489 781 708 860 saeculo,
733 791 1076 848 benedicatur
1108 794 1246 849 Deus
1272 795 1360 864 qui
1389 796 1720 866 consolatur:

149 889 419 942 laboratur
457 886 508 940 in
553 885 778 951 sacculo,
805 883 1150 940 benedicatur
1190 884 1326 939 Dens
1364 886 1485 955 quia
1529 902 1715 941 emcn-

136 982 230 1035 .iLat
257 989 309 1032 et
343 980 530 1048 probat
559 996 570 1031 :
600 987 652 1032 et
671 978 776 1032 eris
804 988 951 1032 recto
980 975 1137 1031 corde
1168 976 1352 1031 dicens
1372 1019 1386 1042 ,
1420 976 1720 1032 Benedicam

146 1071 419 1124 Dominum
436 1078 490 1128 in
513 1072 648 1124 eunti
670 1081 916 1139 tempore,
939 1086 1133 1140 semper
1153 1069 1264 1123 laus
1285 1069 1391 1140 ejus
1421 1069 1473 1124 in
1498 1087 1584 1124 ore
1616 1089 1722 1125 meo

145 1164 159 1232 (
185 1162 328 1214 Paul.
363 1176 548 1214 χχχιιι.
576 1161 670 1231 2).

214 1252 299 1304 17.
344 1249 504 1322 [uers.
537 1249 646 1323 12]
678 1249 796 1303 Νοη
817 1251 980 1303 veniat
1013 1250 1134 1303 mihi
1157 1267 1242 1320 pes
1269 1252 1532 1321 superbire.
1565 1252 1722 1308 Certe

136 1335 244 1413 ~jam
270 1343 442 1407 dixit,
471 1342 582 1397 Sub
617 1341 924 1397 umbraculo
957 1341 1158 1396 alarum
1191 1352 1395 1396 tuarum
1435 1343 1721 1413 sperabunt

142 1437 231 1490 lilii
272 1435 580 1498 hominum,
614 1444 666 1489 et
708 1433 1106 1488 inebriahuntnr
1144 1433 1211 1487 ab
1248 1435 1485 1488 ubertate
1529 1435 1718 1491 domus

143 1536 262 1579 tuae.
293 1526 428 1579 Cum
459 1525 680 1591 coeperit
705 1524 924 1594 quisque
954 1525 1054 1576 isto
1068 1522 1209 1577 fonte
1236 1523 1449 1579 uberius
1475 1526 1711 1598 irrigari,

143 1629 326 1672 caveat
362 1633 431 1672 ne
467 1616 754 1686 superbiat.
784 1615 897 1669 Non
936 1614 1077 1669 enim
1117 1613 1302 1668 deerat
1327 1617 1342 1646 ί
1372 1615 1500 1671 Adae
1543 1620 1712 1686 primo

146 1712 344 1768 homini
372 1728 385 1764 :
412 1709 509 1764 sed
541 1709 680 1764 venit
715 1709 788 1762 illi
820 1723 912 1777 pes
954 1708 1246 1777 superbim,
1277 1717 1330 1762 et
1369 1710 1533 1764 movit
1571 1712 1713 1767 illum

143 1819 328 1858 manus
371 1803 695 1872 peccatoris,
726 1800 778 1854 id
817 1809 898 1855 est
940 1815 1126 1854 manus
1164 1801 1358 1855 diaboli
1410 1802 1634 1872 superba
1659 1807 1711 1859 ³.

141 1897 413 1963 Quomodo
441 1896 526 1950 ille
557 1895 642 1964 qui
681 1908 800 1948 eum
840 1892 1082 1957 seduxit,
1123 1893 1286 1954 dixit,
1321 1893 1520 1948 Panum
1547 1895 1713 1950 sedem

142 2007 295 2042 meum
316 1989 386 2041 ad
407 1986 701 2056 Aquilonem
727 1984 897 2055 (Isai.
921 2000 1010 2038 xw
1028 2025 1043 2051 ,
1067 1982 1172 2056 15)
1200 2004 1211 2036 :
1237 1985 1312 2039 sic
1334 1985 1405 2039 illi
1429 1989 1709 2055 persuasit,

143 2079 360 2142 Gustate,
385 2087 432 2132 et
452 2078 589 2131 erilis
608 2077 733 2130 sicut
757 2075 830 2128 dii
865 2074 1028 2148 (Gen.
1063 2091 1147 2141 ιιι,
1178 2076 1210 2129 5
1231 2075 1272 2146 ).
1302 2075 1560 2146 Superbia
1586 2093 1711 2148 ergo

143 2173 266 2242 lapsi
293 2188 512 2238 sumus,
538 2179 594 2225 ut
619 2169 684 2225 ad
713 2170 866 2224 istam
897 2168 1264 2223 mortalitatem
1294 2171 1707 2239 perveniremus.

141 2266 204 2319 Et
219 2265 338 2334 quia
366 2279 466 2318 nos
493 2261 735 2332 superbia
752 2259 1146 2323 vulneraverat,
1172 2259 1440 2314 humilitas
1475 2260 1599 2316 facit
1627 2276 1712 2316 sa-

139 2375 247 2415 nos.
273 2356 432 2410 Venit
458 2355 671 2408 humilis
697 2354 863 2418 Deus,
887 2360 998 2406 uta
1030 2361 1174 2406 tanto
1199 2352 1461 2422 superbia:
1491 2355 1710 2411 vulnere

137 2459 341 2504 curaret
382 2447 670 2502 hominem.
705 2445 892 2510 Venit,
916 2445 1038 2515 quia
1076 2443 1306 2500 Verbum
1351 2461 1475 2501 caro
1512 2446 1706 2502 factum

138 2552 231 2607 est,
261 2552 316 2595 et
350 2539 604 2595 habitavit
631 2539 682 2592 in
726 2537 878 2593 nobis
905 2535 1092 2610 (Joan.
1125 2552 1171 2603 ι,
1207 2537 1328 2608 14).
1359 2536 1709 2609 Comprehen-

137 2649 222 2686 sns
262 2641 345 2686 est
387 2646 416 2683 a
454 2630 684 2694 Jndzuis,
715 2627 1025 2683 ins‘ultatum
1072 2637 1155 2682 est
1191 2629 1262 2684 ei.
1309 2629 1544 2685 Audistis
1585 2648 1704 2688 cum

135 2726 470 2794 Evangelium
503 2725 779 2794 legeretur,
793 2721 920 2792 quid
946 2721 1222 2788 dixerunt,
1255 2732 1309 2776 et
1331 2724 1412 2776 cui
1435 2723 1702 2794 dixerunt,

135 2819 446 2873 Da'mouium
463 2816 644 2888 Izabes(
661 2815 866 2882 ld.vm,
887 2814 1007 2883 48):
1023 2823 1075 2869 et
1096 2813 1182 2868 ille
1198 2829 1300 2868 non
1318 2813 1475 2881 dixit,
1499 2816 1706 2871 Darmo-

135 2910 274 2962 ninm
311 2907 518 2962 habetis
533 2921 646 2969 vos,
666 2907 786 2976 quia
808 2919 902 2959 vos
921 2905 972 2958 in
998 2904 1227 2973 peccatis
1253 2906 1442 2960 vestris
1466 2907 1622 2971 estis,
1649 2917 1698 2962 et

131 3000 371 3052 diabolus
400 2997 632 3067 possidet
655 2996 812 3051 corda
834 3003 1027 3050 vestra.
1050 2994 1167 3049 Non
1190 2995 1290 3049 hoc
1305 2995 1466 3060 dixit,
1487 2997 1626 3067 quod
1657 2998 1700 3052 si

134 3093 368 3156 diceret,
407 3105 590 3144 verum
627 3088 867 3153 diceret;
899 3087 990 3142 sed
1025 3104 1129 3142 non
1166 3097 1279 3143 erat
1301 3097 1506 3158 tempus
1527 3098 1581 3144 ut
1601 3091 1703 3146 hoc

130 3184 366 3248 diceret,
386 3195 450 3233 ne
476 3195 584 3234 non
600 3179 875 3233 veritatem-
901 3178 1188 3247 pratdicare
1206 3219 1220 3242 ,
1243 3179 1337 3234 sed
1362 3178 1699 3236 maledictum

132 3275 350 3328 reddere
372 3272 656 3326 videretur.
699 3270 908 3324 Dimisit
940 3269 1080 3340 quod
1123 3270 1356 3337 audivit,
1400 3272 1548 3342 quasi
1591 3289 1699 3329 non

132 3366 378 3419 audisset.
411 3364 642 3418 Medicus
670 3363 810 3418 enim
849 3371 995 3424 erat,
1023 3371 1078 3415 et
1115 3361 1480 3430 phreneticum
1509 3379 1698 3420 curare

134 3466 360 3512 venerat.
399 3454 672 3524 Quomodo
714 3453 952 3509 medicus
989 3469 1092 3506 non
1127 3463 1278 3507 curat
1305 3453 1553 3524 quidquid
1595 3470 1695 3510 au-

133 3551 234 3605 diat
266 3567 296 3604 a
328 3549 674 3620 phrenetico,
703 3547 796 3602 sed
840 3546 1102 3616 quomodo
1144 3549 1476 3602 convalescat
1512 3557 1566 3603 et
1602 3548 1697 3605 ﬁat

134 3659 284 3698 Sanus
311 3641 689 3713 phreneticus;
719 3653 817 3693 nec
841 3639 884 3691 si
915 3647 969 3692 et
994 3653 1224 3707 pugnum
1264 3639 1332 3694 ab
1359 3639 1446 3694 illo
1471 3640 1695 3710 accipiat

136 3745 302 3797 curat;
345 3733 436 3788 ille
476 3731 549 3785 illi
589 3729 714 3784 facit
750 3743 884 3784 nova
928 3728 1176 3795 vulnera,
1218 3729 1306 3784 ille
1338 3740 1570 3785 veterem
1609 3731 1692 3786 fe-

137 3826 268 3881 brem
305 3833 504 3880 sanat:
533 3821 611 3877 sic
643 3829 696 3876 et
735 3819 988 3874 Dominus
1027 3819 1093 3873 ad
1130 3829 1384 3890 aegrotum
1417 3822 1591 3886 venit,
1623 3821 1692 3876 ad

135 3917 487 3985 phreneticum
541 3911 733 3977 venit,
783 3919 840 3964 ut
885 3909 1136 3980 quidquid
1177 3910 1686 3983 audiret,quidquid

131 4022 306 4076 passus
327 4015 475 4062 esset
496 4006 876 4070 contemneret,
900 4001 1000 4056 hoc
1029 4001 1150 4070 ipso
1169 4017 1262 4056 eos
1291 4001 1496 4080 docens
1513 4002 1688 4058 humi-

132 4100 320 4154 litatem
339 4140 355 4166 ,
383 4107 444 4150 nt
483 4095 774 4149 humilitate
803 4092 943 4147 docti
965 4132 980 4155 ,
1006 4102 1318 4148 sanarentur
1351 4108 1379 4146 a
1401 4094 1642 4164 superbia
1667 4112 1683 4160 ;

129 4191 190 4245 de
223 4206 323 4259 qua
368 4190 471 4243 iste
517 4185 725 4240 liberari
771 4182 1082 4253 deprecatur
1117 4183 1297 4238 dicens
1327 4202 1339 4238 :
1370 4183 1490 4238 Non
1523 4187 1688 4240 veniat

127 4284 244 4335 mihi
263 4299 349 4350 pes
365 4277 643 4349 superbiae;
671 4285 716 4329 et
741 4291 916 4328 manus
936 4276 1206 4346 peccatoris
1221 4275 1241 4306 ³
1262 4292 1361 4328 non
1378 4287 1567 4330 moveat
1588 4295 1683 4335 me.

126 4375 176 4428 Si
201 4375 341 4429 enim
360 4369 566 4426 venerit
589 4383 684 4438 pes
707 4366 964 4436 superbiae
982 4407 998 4433 ,
1025 4375 1201 4420 movet
1225 4381 1412 4421 manus
1441 4377 1686 4437 peccato-

126 4470 216 4522 ris.
247 4467 375 4534 Quae
401 4473 484 4519 est
510 4475 696 4516 manus
718 4459 1046 4531 peccatoris?
1088 4459 1220 4514 Male
1260 4460 1529 4516 suadentis
1561 4477 1688 4532 ope—

124 4560 276 4612 ratio.
305 4557 504 4612 Factus
546 4568 605 4608 es
645 4550 941 4622 superbus?
983 4550 1100 4605 Cito
1143 4559 1194 4605 te
1233 4553 1556 4619 corrumpit,
1597 4554 1686 4624 qui

123 4653 260 4706 male
299 4647 510 4703 suadet.
553 4644 777 4702 Humilis
818 4641 1018 4712 ligere‘
1046 4642 1100 4696 in
1143 4641 1281 4708 Deo,
1304 4650 1357 4698 et
1389 4658 1492 4697 non
1537 4643 1690 4700 valde

121 4759 276 4799 cures
305 4739 430 4810 quid
472 4737 566 4793 tibi
592 4737 815 4790 dicatur.
849 4733 980 4787 Hinc
1009 4740 1090 4787 est
1116 4731 1256 4802 quod
1284 4733 1409 4786 alibi
1447 4733 1640 4789 dicitur
1670 4751 1684 4788 :

127 4835 192 4887 Ab
213 4833 428 4888 occultis
447 4830 571 4882 meis
596 4826 782 4881 ntundu
802 4842 880 4878 me
897 4865 911 4888 ,
935 4834 978 4877 et
1000 4823 1061 4878 ab
1081 4825 1258 4879 alienis
1278 4839 1429 4895 parce
1448 4842 1585 4879 servo
1605 4838 1689 4881 tuo

119 4925 290 4994 (Paul.
310 4937 460 4987 "tu,
478 4921 563 4985 15,
583 4918 693 4989 14).
718 4916 857 4999 Quid
870 4925 968 4979 est,
988 4916 1060 4968 Ab
1076 4915 1281 4969 occultis
1300 4915 1450 4969 meis?
1462 4914 1515 4968 Ν
1519 4932 1582 4970 an
1602 4933 1687 4971 re-

119 5021 221 5070 uial
257 5017 382 5069 milii
429 5029 516 5084 pes
539 5011 801 5080 superbire.
827 5008 960 5076 Quid
999 5017 1107 5072 est,
1137 5006 1202 5059 Et
1231 5007 1292 5060 ab
1331 5007 1505 5060 alienis
1544 5025 1691 5076 parce

117 5126 258 5160 servo
295 5105 425 5160 tuo?
463 5103 640 5174 Neque
678 5116 856 5154 manus
879 5097 1152 5168 peccatoris
1179 5107 1369 5151 moveat
1395 5113 1492 5152 me.
1527 5097 1687 5153 Serva

118 5199 256 5268 ciuiid
289 5201 433 5252 intus
461 5205 570 5259 est,
600 5201 654 5248 et
677 5206 782 5246 non
811 5188 1023 5244 timebis
1051 5188 1199 5243 foris.

187 5292 278 5344 18.
302 5287 452 5359 [εει-ε.
480 5284 592 5357 15.]
612 5284 788 5351 Quare
816 5290 992 5336 autem
1022 5279 1171 5335 valde
1199 5279 1300 5336 hoc
1329 5279 1688 5348 timesiQuasi

114 5380 408 5442 diceretur,
434 5375 513 5429 lbi
537 5375 817 5429 ceciderunt
843 5388 1012 5425 omnes
1035 5372 1120 5442 qui
1147 5381 1415 5441 operantur
1451 5372 1688 5441 iniquita-

179 5495 196 5523 ί
235 5493 315 5538 sic
340 5487 571 5538 tredecim
589 5493 695 5534 Mss.
718 5492 772 5534 At
789 5483 919 5541 Edd.,
939 5481 1108 5532 inerat.

174 5556 195 5584 ι
233 5553 429 5612 aliquot
446 5557 569 5612 stss._,
584 5547 796 5612 superbi.
821 5545 1032 5604 Quidam,
1053 5543 1320 5608 superbum.
1346 5541 1566 5594 Nonnulli
1600 5543 1687 5592 de-

118 5627 264 5666 mum.
294 5609 382 5671 per
399 5609 687 5668 superbiam.

178 5680 198 5708 ³
235 5677 409 5723 Plures
434 5681 535 5720 Mss.
555 5672 692 5732 juxta
720 5675 846 5737 nux,
870 5674 1186 5737 peccatorum.

177 5739 200 5768 ι
234 5740 316 5800 sic
337 5728 679 5800 potiores'uss.
705 5731 790 5782 alii
814 5728 950 5793 vero,
972 5728 1164 5780 humilis
1205 5728 1338 5792 ﬁere.
1364 5729 1495 5790 add,
1529 5734 1691 5793 satage

119 5797 318 5850 lmmilis

1194 312 1585 372 ENARRATIO
1622 317 1690 374 ῐΝ
1725 318 2043 378 PSALMUM
2084 321 2316 380 XXXVI.

3307 352 3408 406 334

1836 442 1934 486 tem
1955 451 1974 499 ;
2002 443 2061 488 ut
2099 439 2340 492 venirent
2387 439 2452 494 ad
2501 441 2639 498 illam
2687 447 2951 520 abyssum.
2984 453 3050 509 de
3079 472 3179 527 qua
3209 461 3404 519 dictum

1833 533 1936 591 est,
1962 525 2168 580 Judicia
2203 538 2287 583 tua
2317 532 2444 586 sicut
2478 537 2688 606 abyssus
2724 545 2916 610 multa;
2943 559 3001 601 ut
3028 525 3244 608 ad—illnd
3279 575 3402 626 pro-

1834 617 2052 673 fundum
2081 623 2432 691 pervenirent,
2469 628 2554 683 ubi
2587 645 2890 699 peccatores
2919 642 3005 709 qui
3035 617 3397 715 eontemnhnt,

1831 711 2133 768 ceciderunt
2169 717 2207 768 ¹.
2245 716 2534 774 Ceciderunt
2564 738 2582 776 :
2607 725 2693 779 ubi
2744 729 2913 796 primo
2958 735 3298 793 ceciderunt?
3346 711 3398 797 In

1831 800 1966 868 pede
1992 806 2269 875 superbire.
2297 810 2488 865 Audite
2517 814 2703 882 pedem
2728 822 2987 887 superbia:
3019 845 3030 880 τ
3064 829 3162 893 Qui
3183 848 3295 886 cum
3316 853 3397 890 co-

1828 897 2108 962 gnovissent
2129 898 2312 964 Deum,
2340 920 2439 956 non
2467 907 2594 958 sicut
2617 908 2778 964 Deum
2800 915 3221 984 gloriﬁcaverunt.
3245 928 3394 985 Venit

1828 985 2195 1080 ergo-illispes
2221 993 2500 1060 superbia},
2525 999 2662 1053 unde
2685 1017 2944 1060 venerunt
2964 1009 3013 1062 in
3043 1014 3357 1080 profundum
3381 1042 3393 1075 :

1829 1071 2060 1129 Tradidit
2085 1079 2200 1133 illos
2217 1081 2355 1138 Deus
2379 1084 2432 1138 in
2452 1092 2877 1160 concupiscentias
2905 1071 3067 1156 cordis
3093 1121 3283 1176 eorum,
3317 1118 3397 1183 fa-

1827 1183 1936 1220 cere
1984 1186 2098 1237 qua:
2141 1190 2241 1227 non
2287 1180 2582 1234 conveniunt
2611 1183 2784 1252 (Rom.
2813 1203 2846 1252 ι,
2880 1190 2968 1258 21,
2999 1195 3110 1267 ΕΜ).
3145 1180 3394 1259 Radieem

1827 1269 2043 1326 peccati,
2078 1271 2126 1316 et
2158 1275 2315 1333 caput
2346 1271 2547 1336 peccati
2581 1273 2750 1329 timuit
2775 1278 2862 1347 qui
2890 1280 3056 1336 dixit:
3084 1287 3202 1343 Non
3231 1296 3396 1348 veniat

1825 1349 1950 1401 mihi
1985 1369 2083 1449 pes
2125 1357 2390 1449 superbire.
2433 1362 2607 1427 Quare
2654 1366 2798 1421 illum
2839 1372 3027 1440 pedem
3067 1377 3236 1434 dixit?
3261 1383 3393 1449 Quia

1823 1443 2175 1544 superbiendo
2195 1447 2356 1502 Deum
2374 1450 2625 1521 deseruit,
2641 1468 2692 1511 et
2705 1457 2976 1518 discessit:
2998 1468 3182 1534 pedem
3208 1443 3388 1544 ipsius,

1822 1532 2066 1587 all'ectum
2107 1535 2270 1604 ipsius
2299 1539 2450 1594 dixit.
2486 1542 2604 1598 Non
2636 1549 2797 1603 veniat
2836 1555 2961 1606 milii
2997 1532 3083 1625 pes
3110 1532 3389 1632 superbire;

1822 1631 1868 1675 et
1893 1640 2070 1725 titanas
2095 1631 2366 1695 peccatoris
2395 1649 2493 1686 non
2522 1649 2710 1690 moveat
2738 1658 2816 1695 mc
2839 1661 2850 1695 :
2878 1645 2926 1698 id
2953 1659 3053 1712 est,
3088 1667 3245 1721 opera
3270 1631 3392 1725 pee-

1820 1716 2016 1768 caloris
2047 1732 2152 1770 non
2179 1734 2264 1772 me
2291 1720 2589 1779 dimoveant
2620 1743 2645 1778 a
2680 1737 2748 1796 te,
2779 1744 2833 1785 ut
2865 1735 3052 1791 imitari
3095 1716 3178 1794 illa
3208 1716 3386 1802 velim.

1820 1805 1994 1872 Quare
2020 1818 2193 1863 autem
2225 1822 2408 1867 contra
2439 1818 2736 1885 superbiam
2771 1821 2872 1876 hoc
2897 1826 3052 1890 dicit,
3082 1830 3164 1885 Ibi
3192 1838 3387 1891 cecide-

1817 1909 1936 1952 runt
1958 1901 2044 1971 qui
2065 1916 2337 1973 aperautur
2363 1907 2712 1978 iniquitatem?
2736 1913 2865 1981 Quia
2889 1920 2907 1948 ⁸
2929 1921 3015 1987 qui
3040 1925 3196 1978 modo
3224 1928 3388 2000 iniqui

1818 2001 1961 2058 sunt,
1991 1993 2042 2046 in
2072 1996 2313 2063 superbia
2353 2000 2677 2058 ceciderunt.
2711 2003 2833 2061 ldco
2859 2023 2976 2064 cum
3008 2027 3213 2071 cautam
3241 1993 3385 2077 lace-

1816 2090 1899 2134 ret
1923 2081 2177 2138 Dominus
2198 2085 2510 2156 Ecclesium,
2535 2093 2608 2146 ait
2631 2112 2644 2148 :
2667 2094 2771 2148 Illa
2803 2106 2958 2164 tuum,
2994 2103 3182 2172 inquit,
3215 2108 3384 2164 obser-

1815 2173 1946 2224 vabit
1965 2183 2136 2244 caput,
2161 2187 2206 2228 et
2233 2187 2286 2232 tu
2309 2179 2420 2248 ejus
2441 2180 2729 2237 calcuneum
2750 2185 2899 2256 (Gen.
2920 2205 2994 2256 ιιι,
3021 2194 3130 2262 15).
3156 2195 3386 2266 Serpens

1815 2261 2061 2317 observat
2088 2267 2300 2335 quando
2331 2270 2424 2326 tibi
2445 2273 2620 2328 veniat
2641 2291 2736 2346 pes
2761 2281 3038 2350 superbiae,
3068 2261 3276 2354 quando
3307 2291 3386 2345 la-

1813 2353 1978 2423 baris,
2011 2366 2068 2412 ut
2097 2359 2340 2429 dejiciat;
2377 2371 2430 2418 tn
2461 2375 2633 2421 autem
2660 2382 2818 2439 caput
2845 2371 2959 2442 ejus
2987 2353 3205 2433 observa
3235 2399 3248 2435 :
3278 2383 3382 2437 ini-

1814 2447 1943 2502 tium
1969 2452 2142 2506 omnis
2169 2455 2368 2521 peccati
2399 2457 2641 2527 superbia
2667 2459 2850 2531 (Eccli.
2876 2481 2929 2531 x,
2957 2467 3065 2538 15).
3090 2467 3172 2524 Ibi
3194 2474 3380 2527 cecide-

1811 2550 1929 2592 runt
1963 2541 2052 2611 qui
2079 2554 2352 2612 operantur
2377 2547 2729 2619 iniquitatem:
2755 2555 2948 2624 expulsi
2987 2570 3124 2626 sunt,
3157 2578 3246 2614 nec
3285 2579 3377 2632 po-

1812 2641 2012 2684 tuerunt
2055 2638 2395 2705 stare:prior
2441 2639 2527 2694 ille
2569 2641 2656 2710 qui
2708 2644 2758 2697 in
2801 2648 3020 2703 veritate
3063 2667 3166 2705 non
3212 2656 3376 2722 stetit,

1809 2721 2000 2777 deinde
2038 2740 2130 2793 per
2171 2743 2290 2781 eum
2336 2729 2406 2782 illi
2447 2747 2579 2800 quos
2615 2734 2812 2789 dimisit
2850 2738 2990 2793 Deus
3018 2741 3083 2796 de
3112 2721 3378 2812 paradiso.

1809 2812 1960 2869 Unde
2004 2816 2092 2871 ille
2135 2817 2346 2874 humilis
2376 2823 2464 2892 qui
2507 2839 2613 2879 non
2655 2843 2713 2882 se
2751 2828 2884 2884 dicit
2920 2833 3129 2901 dignum
3173 2837 3378 2896 solvere

1809 2906 2087 2975 corrigiam
2126 2909 2491 2981 ealceamenti,
2525 2931 2629 2969 non
2660 2928 2742 2971 est
2771 2922 3035 2989 expulsus,
3072 2927 3162 2980 sed
3194 2941 3297 2984 stat
3325 2943 3379 2986 et

1806 2996 1953 3051 audit
1999 3014 2142 3066 eum,
2181 3011 2235 3055 et
2262 3003 2451 3072 gaudio
2491 3008 2685 3077 gaudet
2729 3021 2939 3080 propter
2968 3030 3149 3070 vocem
3197 3023 3375 3088 sponsi

1809 3086 2046 3158 (10mm,
2069 3089 2172 3156 27;
2207 3109 2278 3158 ιιι,
2304 3093 2420 3168 29),
2443 3106 2496 3150 et
2525 3113 2628 3151 non
2659 3112 2876 3171 propter
2902 3120 3075 3173 suam,
3107 3125 3173 3164 ne
3201 3086 3377 3169 veniat

1805 3181 1854 3236 ei
1889 3196 1981 3252 pes
2007 3184 2290 3253 superbizc,
2317 3197 2369 3241 et
2395 3191 2704 3259 expellatur,
2736 3209 2832 3249 nec
2859 3198 3026 3265 possit
3053 3212 3214 3258 stare.

1874 3271 1960 3327 19.
2003 3273 2070 3327 Ει
2097 3275 2141 3328 si
2173 3290 2291 3330 cum
2324 3279 2500 3334 labore
2528 3283 2788 3352 aliquibus
2815 3297 3044 3343 vestrum
3080 3294 3236 3348 ta3dio
3263 3294 3376 3352 lue-

1800 3364 1986 3432 rimus,
2021 3367 2284 3425 linivimus
2318 3371 2604 3440 Psalmum,
2639 3378 2880 3434 transivit
2907 3381 3140 3451 tmdium,
3167 3397 3220 3442 et
3246 3404 3371 3459 gra-

1803 3456 2103 3525 tulabimur,
2127 3462 2244 3532 quia
2268 3463 2505 3520 Psalmus
2530 3475 2670 3523 totus
2689 3473 2960 3540 expositus
2984 3483 3083 3528 est.
3110 3475 3163 3531 In
3196 3456 3370 3535 medio

1794 3547 1903 3618 jam
1933 3551 2124 3608 timens
2153 3569 2220 3608 ne
2247 3570 2520 3611 onerarem
2549 3573 2645 3612 vos
2664 3601 2678 3624 ,
2709 3560 3023 3618 dimissurus
3049 3582 3194 3622 eram
3229 3587 3242 3623 :
3273 3573 3366 3626 sed

1798 3640 2022 3710 cogitavi
2051 3644 2171 3713 quia
2204 3643 2422 3701 intentio
2455 3657 2635 3702 nostra
2667 3653 3059 3719 prmcideretur,
3084 3668 3136 3711 et
3162 3675 3263 3712 non
3293 3662 3369 3716 sic

1797 3733 2060 3789 rediretur
2084 3734 2150 3789 ad
2175 3735 2470 3804 dimidium,
2496 3742 2761 3808 quomodo
2785 3743 2828 3797 si
2859 3760 3264 3804 excurreremns
3292 3760 3368 3805 to-

1802 3832 1946 3888 tum;
1975 3835 2028 3879 et
2053 3827 2211 3879 malui
2243 3828 2391 3883 vobis
2429 3831 2605 3899 gravis
2628 3847 2764 3900 esse,
2789 3849 2945 3904 quam
2976 3854 3035 3894 re
3063 3840 3364 3912 imperfecta

1788 3915 2046 3984 reliquias
2074 3932 2305 3972 servare.
2333 3919 2561 3975 Debetur
2588 3923 2728 3978 enim
2751 3927 2900 3981 vobis
2925 3929 3082 3985 etiam
3105 3935 3366 3990 crastinus

1795 4021 1970 4061 sermo
1997 4025 2009 4061 :
2041 4017 2184 4062 orate
2215 4026 2309 4079 pro
2335 4012 2488 4067 nobis
2515 4024 2571 4069 ut
2594 4016 2866 4074 valeamus
2899 4023 3170 4094 exhibere,
3199 4037 3253 4083 et
3284 4031 3366 4084 ai-

1796 4098 1927 4153 ferte
1953 4098 2132 4154 fauces
2157 4104 2451 4159 esurientes
2475 4115 2528 4160 et
2551 4108 2708 4163 corda
2731 4110 2940 4169 devota.
3349 4117 3374 4140 '

1839 4229 3352 4378 Μ

2284 4435 2680 4493 ΕΝΑιιιιΑΤιο
2719 4437 2817 4511 (a).

2399 4561 2570 4601 smo
2607 4545 2744 4618 1(b).

2221 4656 2299 4712 De
2322 4659 2484 4728 prima
2509 4657 2894 4730 parte_Psalmi.

1864 4773 1914 4827 1.
1955 4769 2282 4827 Noviss’imus
2307 4772 2424 4827 dies
2445 4772 2750 4827 terribiliter
2776 4782 3026 4828 venturus
3047 4776 3259 4834 auditur
3278 4783 3356 4838 eis

1792 4863 1881 4934 qui
1910 4863 2079 4918 securi
2120 4878 2239 4919 esse
2273 4863 2408 4917 bene
2433 4862 2657 4916 vivendo
2683 4862 2888 4928 nolunt,
2914 4872 2968 4917 et
2995 4865 3133 4922 male
3171 4870 3354 4924 vive-re

1794 4955 1882 5011 diu
1919 4955 2116 5010 volunt.
2151 4952 2362 5008 Utiliter
2399 4961 2577 5006 autem
2616 4952 2754 5007 Deus
2800 4953 2966 5008 latere
3003 4957 3168 5011 voluit
3205 4959 3352 5015 illum
3411 5003 3418 5011 .

1793 5045 1955 5111 diem,
1984 5055 2039 5098 ut
2064 5058 2273 5112 semper
2315 5042 2386 5097 sit
2430 5050 2670 5109 paratum
2708 5056 2800 5096 cor
2842 5042 2908 5097 ad
2946 5049 3354 5115 exspectandum

1793 5135 1933 5205 quod
1965 5149 2084 5190 esse
2120 5141 2397 5188 venturum
2445 5131 2566 5200 scit,
2611 5140 2665 5188 et
2710 5133 2921 5203 quando
2965 5146 3240 5194 venturum
3277 5147 3346 5199 sit

1856 5295 1872 5360 ξ
1908 5293 2073 5360 Plures
2091 5297 2218 5360 Mss.,
2240 5286 2558 5360 ubipeccator
2575 5288 2658 5353 qui
2675 5288 2943 5350 contemnit,
2966 5290 3154 5342 cecidit.

1853 5357 1876 5387 ³
1906 5355 2068 5410 Abest,
2088 5355 2231 5416 quia,
2253 5363 2281 5399 a
2301 5357 2405 5401 Mss.
2469 5413 2479 5416 _
2600 5412 2604 5416 _

1859 5416 1929 5478 (a)
1954 5419 2037 5464 Hic
2058 5411 2249 5463 silentio
2292 5413 2542 5478 [facturae
2567 5412 2659 5461 non
2692 5411 2807 5478 licet
2827 5415 2954 5477 quod
2980 5415 3028 5478 in
3048 5421 3092 5461 s.
3118 5414 3352 5478 t‘nlgcntit

1794 5474 1895 5528 vita
1912 5474 2152 5533 narratur,
2172 5488 2275 5536 cap.
2300 5475 2348 5531 5,
2373 5474 2560 5538 scilicet
2579 5488 2686 5538 eum
2707 5477 2809 5538 ipse
2845 5474 3002 5524 animo
3014 5477 3112 5538 jam
3135 5474 3246 5538 ante
3263 5475 3350 5524 de-

1793 5541 2029 5588 crevisset
2048 5535 2326 5599 renuntiare
2347 5536 2541 5594 saeculo,
2566 5535 2818 5599 aliquando
2839 5535 3030 5599 tandem
3059 5554 3081 5580 ι
3106 5537 3232 5599 Beati
3263 5547 3352 5585 Au.

1801 5621 1824 5647 ι
1847 5601 2024 5663 gustiut
2050 5598 2338 5661 exponentis
2361 5597 2661 5646 tricesimum
2675 5597 3119 5663 sextum‘t’salmum
3141 5597 3352 5663 disi-iuta-

1800 5680 1824 5710 ι
1849 5659 1978 5713 iione
1999 5659 2314 5711 commonitus
2331 5667 2382 5708 et
2401 5673 2520 5718 com;
2538 5668 2727 5716 unctus,
2754 5659 2996 5721 publicare
3030 5670 3168 5706 suum
3185 5660 3352 5709 statuit

1803 5741 1826 5770 ε
1849 5734 2030 5789 votum,
2044 5734 2227 5789 mutare
2245 5725 2463 5789 gestiens
2477 5722 2702 5789 habitum.
2729 5738 2752 5764 ι
2859 5782 2868 5789 _
3082 5779 3108 5789 μ’

1860 5786 1930 5849 (b)
1954 5781 2148 5835 Habitus
2166 5781 2444 5842 Cartlmiae
2467 5796 2574 5833 cum
2595 5783 2778 5832 duobus
2799 5781 3222 5843 subsequentibus.
