3972 6198
565 414 772 471 nescit:
796 410 928 478 Quia
953 423 1077 465 vero
1103 407 1356 463 Dominus
1385 414 1564 462 noster
1582 403 1735 461 Jcsus
1754 402 1993 460 Christus
2016 417 2130 457 ma-

564 506 733 575 gister
759 501 910 556 nobis
938 499 1132 554 missus
1169 508 1284 564 est,
1315 496 1474 553 etiam
1504 495 1690 551 Filium
1731 495 1959 549 hominis
2000 493 2132 548 dixit

566 595 772 653 nescire
798 592 943 645 illum
962 590 1103 645 diem
1126 588 1315 660 (Marc.
1338 603 1450 653 χιιι,
1473 586 1586 659 5‘2),
1608 588 1727 658 quia
1757 587 1811 641 in
1831 585 2134 655 magisterio

563 687 681 757 ejus
703 699 806 740 non
828 692 943 738 erat
963 692 1018 738 ut
1039 698 1133 752 per
1151 697 1274 738 eum
1295 681 1525 745 sciretur
1543 695 1571 733 a
1594 680 1765 735 nobis.
1789 677 1970 749 Neque
1989 676 2130 732 enim

564 775 758 846 aliquid
790 775 891 830 scit
910 776 1065 830 Pater
1083 774 1224 845 quod
1245 774 1411 829 Filius
1441 773 1610 828 nescit
1639 790 1653 827 :
1680 788 1798 827 cum
1829 771 1942 842 ipsa
1962 769 2135 825 scien-

562 867 636 922 tia
663 866 836 921 Patris
880 867 965 921 illa
995 866 1083 929 sit,
1115 881 1234 936 qua:
1274 865 1530 934 sapientia
1559 864 1675 933 ejus
1704 873 1822 918 est:
1848 872 1931 919 est
1955 870 2131 917 autem

563 958 821 1030 sapientia
850 960 963 1027 ejus
990 956 1153 1011 Filius
1181 957 1314 1026 ejus,
1344 956 1571 1011 \‘erbum
1595 957 1730 1024 ejus.
1755 952 1859 1010 Sed
1886 954 2006 1025 quia
2032 968 2131 1008 no-

564 1049 648 1103 bis
672 1050 808 1104 scire
839 1064 943 1103 non
975 1049 1240 1118 proderat,
1268 1048 1405 1119 quod
1431 1047 1641 1118 quidem
1672 1048 1757 1102 ille
1782 1056 2021 1110 noverat.
2042 1046 2132 1117 qui

565 1155 665 1194 nos
690 1140 880 1194 docere
905 1146 1145 1205 venerat,
1176 1154 1279 1192 non
1310 1148 1483 1193 tamen
1512 1139 1612 1193 hoc
1635 1138 1774 1207 quod
1802 1138 1952 1193 nobis
1977 1152 2133 1193 nosse

564 1245 669 1285 non
706 1230 987 1300 proderat;
1015 1244 1121 1283 non
1164 1229 1334 1284 solum
1364 1229 1500 1284 sicut
1526 1230 1776 1299 magister
1811 1228 2003 1299 aliquid
2031 1228 2131 1283 do-

564 1323 692 1385 cuit,
715 1323 809 1378 sed
837 1324 973 1377 sicut
990 1323 1240 1393 magister
1264 1322 1460 1391 aliquid
1489 1338 1593 1377 non
1611 1324 1627 1354 ί
1644 1323 1839 1377 docuit.
1860 1323 2130 1393 Tanquam

565 1416 706 1470 enim
733 1415 981 1486 magister
1000 1415 1199 1470 sciebat
1223 1425 1278 1470 et
1297 1414 1488 1470 docere
1507 1416 1646 1485 quod
1674 1416 1937 1484 proderat,
1952 1425 2006 1470 et
2026 1430 2131 1470 non

565 1505 758 1559 docere
783 1504 923 1575 quod
961 1506 1162 1570 eberat.
1191 1505 1279 1560 Sic
1306 1514 1482 1560 autem
1509 1506 1734 1576 quodam
1766 1522 1957 1576 genere
1984 1508 2133 1561 locu—

565 1597 724 1651 tionis
752 1597 958 1650 nescire
991 1594 1158 1650 Filius
1192 1596 1385 1650 dicitur
1420 1596 1560 1666 quod
1590 1612 1694 1651 non
1722 1596 1879 1652 docet
1907 1614 1919 1650 :
1952 1597 2000 1651 id
2028 1605 2128 1660 est,

566 1689 774 1744 nescire
797 1688 989 1743 dicitur
1012 1688 1150 1759 quod
1184 1692 1386 1744 nescire
1411 1704 1507 1743 nos
1537 1687 1679 1753 facit,
1704 1688 1969 1758 quomodo
1996 1704 2131 1759 quo-

566 1781 694 1836 tidie
737 1781 1020 1849 loquimur,
1073 1780 1229 1835 modo
1281 1780 1507 1850 quodam
1558 1781 1857 1847 locutionis,
1903 1791 1959 1835 ut
2000 1780 2129 1836 dixi.

564 1870 766 1928 Laetum
795 1871 936 1925 enim
970 1870 1112 1925 diem
1146 1869 1389 1936 dicimus,
1418 1870 1539 1940 quia
1584 1871 1731 1925 Ιεειοε
1767 1886 1864 1925 nos
1892 1871 2048 1936 facit;
2079 1881 2134 1927 et

565 1963 769 2018 tristem
798 1962 961 2029 diem,
986 1963 1107 2033 quia
1136 1963 1310 2043 tristes
1337 1976 1433 2016 nos
1458 1961 1619 2028 facit;
1642 1971 1695 2017 et
1719 1960 1882 2032 frigus
1905 1963 2128 2043 pigrum,

564 2054 685 2123 quia
721 2054 902 2124 pigros
939 2067 1036 2106 nos
1074 2034 1215 2107 facit.
1250 2052 1526 2119 Quomodo
1551 2062 1735 2107 contra
1763 2052 1955 2107 dicitur
1976 2068 2005 2107 a
2031 2035 2133 2108 Do-

564 2143 709 2198 mino
735 2141 920 2197 :Nunc
949 2144 1190 2212 cognovi.
1218 2143 1424 2199 Dictum
1454 2151 1537 2198 est
1565 2142 1792 2198 Abrahae
1822 2161 1836 2198 :
1866 2142 2017 2197 Nunc
2044 2161 2132 2198 co-

565 2233 711 2305 gnoui
744 2232 878 2301 quod
905 2232 1080 2286 timeas
1104 2243 1158 2286 tu
1182 2232 1347 2287 Deum
1375 2232 1526 2305 (Gen.
1550 2250 1679 2299 xxn,
1711 2232 1824 2305 12).
1856 2234 1966 2289 Hoc
1995 2234 2132 2291 Deus

567 2332 786 2377 noverat
813 2331 868 2376 et
894 2329 1017 2376 ante
1046 2323 1189 2377 illam
1218 2323 1603 2394 probationem.
1625 2324 1754 2378 Nam
1783 2325 1868 2379 illa
1895 2324 2132 2396 probatio

567 2414 688 2470 ideo
711 2414 845 2470 facta
874 2423 976 2480 est,
998 2423 1056 2469 ut
1081 2414 1179 2469 nos
1209 2431 1487 2471 nossemus
1511 2417 1651 2488 quod
1676 2417 1815 2472 Deus
1841 2418 1944 2487 jam
1972 2433 2133 2473 nove-

565 2516 669 2571 rat,
710 2515 765 2561 et
809 2515 1024 2578 prepter
1069 2523 1167 2562 nos
1208 2506 1475 2563 docendos
1517 2510 1957 2575 conscriberetur,
1988 2506 2131 2581 quod

565 2607 689 2651 ante
725 2595 1098 2652 documentum
1145 2597 1233 2653 ille
1271 2605 1490 2653 noverat
1518 2615 1533 2652 :
1566 2607 1618 2653 et
1658 2597 1883 2654 fortasse
1921 2609 1977 2655 et
2016 2601 2131 2670 ipse

565 2688 832 2744 Abraham
847 2687 1077 2743 nondum
1092 2700 1452 2759 noveratqnas
1463 2689 1602 2745 vires
1617 2689 1835 2745 haberet
1845 2688 1974 2745 lides
1984 2689 2128 2761 ejus:

569 2778 930 2848 unusquisque
950 2779 1089 2833 enim
1112 2793 1169 2835 se
1197 2780 1485 2835 tentatione
1506 2790 1752 2851 tanquam
1780 2781 2133 2852 interrogatus

567 2870 839 2941 agnoscit:
864 2870 998 2924 sicut
1023 2870 1206 2926 Petrus
1243 2886 1373 2941 quas
1401 2868 1542 2927 vires
1586 2871 1807 2928 haberet
1843 2872 1975 2928 ﬁdes
2015 2872 2132 2945 ejus

567 2961 749 3029 utique
776 2960 1067 3027 nesciebat,
1089 2961 1299 3029 quando
1324 2960 1457 3017 dixit
1484 2962 1710 3018 Domino
1735 2980 1747 3017 :
1771 2962 1955 3018 Tecum
1975 2967 1996 2996 ¹
2019 2980 2133 3019 sunt

565 3070 721 3125 usque
747 3054 813 3106 ad
842 3062 1069 3108 mortem.
1098 3053 1352 3109 Dominus
1378 3061 1555 3109 autem
1596 3055 1684 3125 qui
1723 3064 1943 3112 noverat
1985 3072 2128 3123 eum,

568 3143 815 3214 praedixit
843 3144 929 3198 ubi
957 3143 1227 3212 deficeret,
1263 3146 1620 3214 prtenuntians
1658 3146 1734 3203 illi
1774 3145 2132 3203 inﬁrmitatem

566 3236 702 3305 ejus,
740 3243 987 3304 cuiquam
1019 3244 1155 3289 tacta
1183 3250 1315 3290 vena
1341 3236 1516 3292 cordis
1543 3236 1660 3307 ejus
1685 3236 1850 3307 (Luc.
1881 3255 2010 3304 xxn,
2039 3240 2126 3305 55,

567 3325 678 3397 Si).
702 3324 931 3380 Proinde
947 3324 1157 3391 Petrus,
1180 3326 1267 3395 qui
1287 3335 1410 3381 ante
1429 3329 1772 3383 tentationem
1800 3333 2134 3401 praesumpsit

567 3416 636 3472 de
662 3432 741 3483 se,
769 3417 820 3469 in
850 3416 1140 3471 tentatione
1167 3415 1351 3471 didicit
1378 3433 1456 3473 se.
1484 3418 1571 3473 Sic
1598 3434 1724 3491 ergo
1758 3435 1865 3474 non
1903 3420 2132 3478 absurde

568 3508 827 3562 sentimus
855 3516 911 3562 et
940 3514 1140 3577 patrem
1170 3514 1408 3562 nostrum
1430 3508 1690 3565 Abraham
1718 3512 2032 3583 cognovisse
2054 3513 2131 3567 vi-

569 3614 656 3655 res
696 3598 816 3653 tidei
861 3612 989 3662 suae,
1036 3598 1124 3653 ubi
1171 3597 1349 3669 jussus
1391 3599 1664 3655 immolare
1707 3602 1919 3657 unicum
1965 3601 2130 3659 ﬁlium

572 3708 748 3756 suum,
772 3708 878 3746 non
916 3690 1176 3747 dubitavit
1202 3706 1301 3746 nec
1328 3691 1606 3764 trepidavit
1628 3694 1676 3748 ei
1710 3695 1899 3751 oﬂ'erre
1921 3697 2010 3767 qui
2037 3697 2132 3754 de-

569 3785 749 3851 derat;
777 3784 896 3855 quia
918 3782 1358 3855 quemadmodum
1377 3785 1597 3840 nescivit
1616 3784 1756 3840 unde
1778 3786 1993 3851 daturus
2017 3799 2132 3845 erat

573 3876 806 3930 nondum
838 3885 1040 3942 natum,
1070 3876 1146 3931 sic
1172 3874 1397 3931 credidit
1424 3890 1578 3946 posse
1610 3870 1855 3948 reparare
1891 3879 2104 3937 immola

570 3979 704 4022 tum.
735 3967 879 4023 Dixit
903 3982 1030 4038 ergo
1054 3968 1215 4034 Deus,
1241 3967 1393 4023 Nunc
1416 3970 1639 4041 cognovi
1664 3986 1678 4023 :
1701 3970 1840 4041 quod
1883 3971 2130 4044 intelligi-

569 4075 708 4126 mus,
729 4059 880 4115 Nunc
907 4074 1229 4129 cognoscere
1266 4068 1319 4115 te
1348 4060 1444 4116 feci
1473 4079 1487 4116 :
1515 4062 1803 4117 secundum
1834 4063 2128 4121 locutiones

568 4166 700 4219 quas
738 4150 1245 4217 commendavimus,
1285 4152 1497 4223 Pigrum
1544 4152 1728 4224 frigus,
1771 4155 1913 4225 quod
1955 4157 2131 4228 pigros

572 4241 757 4306 faciat;
789 4249 843 4295 et
879 4241 1055 4294 laetum
1080 4240 1240 4306 diem,
1272 4242 1413 4312 quod
1442 4243 1591 4297 laetos
1620 4245 1773 4299 faciat
1796 4263 1810 4299 :
1831 4244 1910 4301 sic
1930 4261 2130 4319 cogno-

569 4348 745 4400 scens,
773 4331 913 4402 quod
938 4343 1319 4403 cognoscentes
1342 4332 1517 4389 faciat.
1544 4332 1671 4389 Inde
1698 4345 1778 4390 est
1804 4336 1933 4391 illud
1961 4337 2130 4394 :Ten—

571 4435 641 4479 tat
676 4440 760 4479 vos
801 4421 1044 4476 Dominus
1072 4420 1210 4476 Deus
1235 4432 1410 4489 vester,
1440 4432 1494 4476 ut
1527 4424 1652 4478 sciat
1691 4425 1736 4479 si
1777 4426 1984 4498 diligitis
2019 4444 2131 4482 eunt

567 4514 745 4588 (Deut.
766 4530 884 4581 xm,
907 4511 987 4585 5).
1014 4513 1169 4567 Dabis
1202 4512 1342 4566 enim
1369 4512 1606 4584 profecto
1642 4516 1864 4572 Domino
1890 4519 2001 4574 Deo
2028 4535 2130 4575 no-

566 4616 699 4669 stro,
744 4606 851 4660 Deo
898 4619 1126 4671 summo,
1164 4604 1273 4658 Deo
1307 4618 1433 4658 vero
1473 4619 1713 4674 magnam
1758 4608 2127 4678 ignorantiam,

567 4699 706 4768 quod
738 4699 917 4768 utique
945 4696 1256 4767 sacrilegum
1281 4710 1400 4752 esse
1426 4696 1707 4767 intelliges,
1733 4700 1779 4754 si
1806 4701 1884 4757 sic
1905 4716 2129 4773 accepe-

569 4790 664 4855 ris,
690 4788 867 4843 Tentat
895 4804 981 4843 vos
1008 4788 1255 4843 Dominus
1283 4797 1335 4842 ut
1359 4789 1503 4854 sciat,
1528 4797 1771 4860 tanquam
1800 4792 1911 4863 ipse
1938 4792 2004 4850 de
2030 4809 2129 4850 no-

567 4889 676 4934 stra
704 4879 992 4934 tentatione
1016 4879 1278 4950 concipiat
1303 4879 1599 4946 scientiam,
1636 4880 1689 4934 in
1728 4896 1833 4952 quo
1860 4894 1974 4938 erat
2008 4895 2132 4942 ante

570 4970 883 5040 ignorantia.
915 4970 1020 5025 Sed
1057 4971 1182 5040 quid
1217 4979 1318 5035 est,
1347 4968 1526 5025 Tentat
1550 4985 1656 5037 uos,
1683 4980 1736 5025 ut
1758 4972 1921 5027 sciat?
1944 4974 2132 5031 Tentat

568 5078 686 5126 vos,
715 5070 771 5115 ut
797 5062 936 5116 scire
961 5076 1057 5116 vos
1084 5062 1260 5117 faciat.
1292 5063 1520 5132 Accipite
1546 5078 1672 5132 ergo
1696 5078 1726 5118 a
1755 5067 2020 5121 contrario
2041 5083 2131 5122 re-

568 5152 745 5222 gulam
793 5151 1185 5222 intelligentiae;
1226 5161 1282 5207 et
1317 5153 1760 5223 quemadmodum
1800 5172 1921 5210 cum
1966 5158 2130 5213 Deum

570 5242 763 5297 auditis
796 5241 995 5308 dicere,
1035 5242 1275 5314 Cognovi.
1318 5244 1626 5316 intelligitis,
1669 5247 1997 5317 CognOscere
2037 5263 2132 5305 vos

572 5332 671 5391 feci
704 5351 719 5390 :
747 5335 825 5390 sic
866 5341 922 5387 et
960 5347 1079 5388 cum
1119 5334 1310 5390 auditis
1335 5336 1402 5392 de
1426 5337 1561 5392 Filio
1589 5338 1846 5407 hominis,
1879 5340 1931 5396 id
1959 5353 2042 5398 est
2066 5341 2133 5398 de

639 5498 656 5531 ³
687 5498 759 5548 sic
790 5494 861 5548 Er.
885 5503 939 5547 et
956 5495 1094 5547 multi
1129 5503 1233 5546 Mss.
1262 5503 1313 5546 At
1334 5503 1463 5555 Lov.,
1497 5492 1687 5562 aliquid
1702 5511 1795 5549 non
1823 5507 1985 5551 totum.
2014 5511 2133 5552 nm-

575 5568 1015 5681 mzmltfdt‘ifrecum
1048 5625 1245 5683 paratus
1282 5632 1387 5669 sum
1424 5632 1570 5683 usque
1600 5620 1666 5670 ad
1692 5629 1904 5673 mortem.
1940 5630 1993 5673 At
2027 5631 2131 5675 Ms.

559 5690 789 5752 plerique
813 5685 1054 5752 omittunt.
1090 5689 1285 5741 paratus
1301 5695 1407 5732 sum
1434 5694 1453 5732 :
1477 5691 1528 5732 et
1549 5683 1741 5746 quidam
1772 5686 1985 5734 retinent
2008 5700 2128 5747 sitm,

569 5750 668 5804 nec
712 5756 735 5799 t.
747 5756 875 5809 aeut,
900 5750 1109 5808 paratus.

1790 289 1850 347 S.
1889 286 2258 346 AUGUSTINI
2287 291 2581 353 EPISCOPI

3704 307 3808 364 335

2237 403 2453 463 Christo
2477 408 2580 465 dici
2616 411 2757 482 quod
2798 413 2944 493 illum
2982 415 3120 470 diem
3142 417 3360 484 nesciat,
3404 417 3678 487 intelligite
3707 420 3816 479 dici

2236 496 2377 597 quod
2418 500 2625 556 nescire
2659 501 2838 558 faciat.
2874 505 3010 574 Quid
3036 517 3120 563 est
3148 517 3347 597 autem,
3375 512 3581 565 nescire
3616 512 3783 566 faciat

2238 584 2500 657 Occultet,
2528 600 2586 645 ut
2612 595 2877 651 nesciatur
2903 598 3045 668 quod
3070 598 3225 655 nobis
3252 584 3402 671 prodi
3432 617 3539 657 non
3568 602 3815 673 prodest.

2241 675 2351 733 Hoc
2377 691 2460 736 est
2484 682 2623 752 quod
2646 684 2776 754 dixi,
2801 688 3110 760 magistrum
3131 690 3326 747 bonum
3350 707 3507 748 nosse
3526 693 3655 764 quid
3682 709 3817 764 pro-

2237 770 2349 835 dat,
2374 787 2532 831 nosse
2555 776 2678 846 quid
2705 787 2847 849 tegat
2869 798 2882 833 :
2905 781 3042 837 sicut
3058 782 3301 853 quaedam
3328 798 3450 840 eum
3478 785 3704 856 legimus
3731 787 3824 841 di-

2238 867 2470 925 stulisse.
2494 870 2645 928 Uiide
2665 873 3005 946 intelligimus
3024 893 3130 932 non
3149 879 3328 933 omnia
3356 879 3643 949 promenda
3663 895 3811 946 esse.

2237 973 2357 1030 qua:
2391 976 2582 1032 capere
2607 980 2712 1020 non
2740 977 2959 1037 possunt
2994 967 3047 1023 hi
3083 970 3273 1039 quibus
3307 981 3643 1040 promuntur.
3672 971 3817 1057 Dicit
3850 1044 3857 1053 ⁸

2238 1052 2378 1106 enim
2408 1053 2533 1109 alibi
2558 1073 2571 1110 :
2595 1054 2762 1112 Multa
2798 1059 2955 1115 habeo
2993 1060 3127 1116 vobis
3151 1062 3333 1129 dicere,
3362 1063 3450 1118 sed
3478 1081 3577 1119 non
3606 1052 3813 1135 potestis

2236 1146 2328 1200 illa
2353 1158 2552 1219 portare
2574 1150 2722 1205 modo
2751 1151 2927 1224 (Joan.
2950 1160 3061 1220 xvi,
3095 1154 3207 1225 12).
3237 1156 3371 1211 Dicit
3397 1166 3452 1212 et
3475 1159 3762 1225 Apostolus
3791 1179 3829 1215 ;.

2239 1238 2360 1293 Non
2383 1242 2524 1310 potui
2552 1242 2689 1314 loqui
2710 1244 2847 1316 pobis
2865 1247 3010 1317 quasi
3027 1248 3391 1317 spiritualibus,
3418 1250 3505 1303 sed
3531 1256 3673 1320 quasi
3693 1268 3813 1304 car-
3912 1299 3922 1309 .

2237 1331 2453 1399 nalibus,
2475 1337 2618 1405 quasi
2646 1338 2867 1405 parvulis
2892 1337 2945 1392 in
2969 1338 3168 1395 Christo
3195 1342 3273 1396 lac
3303 1343 3438 1397 vobis
3469 1354 3640 1412 potum
3661 1345 3801 1411 dedi,

2235 1436 2336 1474 non
2379 1438 2541 1477 escam
2565 1440 2584 1478 :
2603 1441 2761 1495 neque
2786 1427 2920 1482 enim
2955 1431 3191 1499 poteratis
3213 1448 3232 1496 ;
3256 1433 3349 1486 sed
3373 1449 3461 1487 nec
3486 1433 3653 1487 adhuc
3688 1436 3808 1505 qui-

2237 1512 2351 1566 dem
2375 1516 2578 1586 potestis
2601 1516 2619 1585 (
2644 1515 2660 1569 l
2684 1516 2800 1572 Cor.
2824 1534 2902 1587 ιιι,
2927 1521 2979 1588 l,
3000 1520 3076 1592 2).
3102 1522 3218 1588 Quo
3242 1523 3452 1592 proficit
3475 1524 3573 1579 iste
3593 1526 3811 1580 sermo?

2237 1603 2305 1661 Ut
2328 1608 2576 1677 quoniam
2597 1608 2740 1664 diem
2767 1612 3110 1668 novissinmm
3141 1615 3338 1670 scimus
3362 1627 3663 1682 venturum,
3695 1618 3811 1672 uti-

2236 1697 2357 1753 liter
2397 1709 2573 1755 autem
2616 1702 2814 1758 scimus
2848 1712 3129 1761 venturum
3165 1714 3222 1762 et
3263 1707 3462 1763 utiliter
3502 1709 3814 1780 ignoramus

2236 1791 2448 1861 quando
2470 1802 2723 1851 venturus
2745 1796 2839 1873 sit,
2864 1806 3105 1867 paratum
3129 1813 3224 1854 eor
3247 1798 3535 1855 habeamus
3559 1801 3698 1857 bene
3725 1801 3781 1857 ὤ
3793 1833 3817 1844 -

2234 1883 2440 1951 vendo;
2473 1892 2527 1940 et
2555 1901 2660 1941 non
2687 1888 2859 1943 solum
2888 1904 2996 1944 non
3026 1890 3307 1946 timeamus
3334 1876 3612 1947 venturum
3654 1880 3816 1950 illuni

2236 1974 2520 2042 diem,sed
2551 1987 2607 2033 et
2629 1995 2889 2036 amemus.
2912 1982 3035 2037 Dies
3058 1983 3252 2054 quippe
3282 1984 3371 2039 ille
3406 1986 3542 2041 sicut
3580 1986 3813 2042 inﬁdeli-

2235 2065 2335 2120 bus
2362 2067 2596 2124 laborem
2621 2080 2799 2141 auget,
2824 2073 2901 2128 sic
2925 2073 3166 2131 fidelibus
3190 2076 3323 2132 linit.
3347 2077 3483 2147 Quid
3510 2088 3687 2134 autem
3713 2079 3817 2134 ho-

2235 2172 2352 2212 rum
2382 2158 2606 2215 duorum
2632 2176 2752 2219 esse
2774 2163 2926 2230 velis,
2951 2175 3232 2238 antequam
3260 2169 3458 2234 veniat,
3482 2185 3620 2225 nunc
3639 2180 3730 2227 est
3756 2173 3811 2228 in

2235 2258 2529 2318 potestate;
2557 2267 2677 2308 cum
2723 2256 2947 2323 venerit,
2989 2274 3095 2312 non
3139 2259 3261 2313 erit.
3308 2259 3459 2331 Elige
3505 2277 3632 2332 ergo
3678 2276 3812 2319 cum

2237 2348 2444 2409 tempus
2465 2350 2547 2396 est
2574 2359 2587 2394 :
2614 2342 2735 2412 quia
2770 2344 2910 2400 Deus
2931 2346 3074 2416 quod
3110 2348 3522 2406 misericorditer
3548 2353 3811 2423 occultat,

2233 2430 2647 2488 misericorditer
2662 2434 2855 2490 differt.
3604 2482 3619 2493 .

2303 2521 2360 2576 2.
2398 2522 2514 2579 Jam
2538 2540 2661 2581 vero
2689 2528 2811 2598 quia
2837 2529 2889 2583 in
2918 2546 3251 2603 quocumque
3275 2550 3469 2605 genere
3492 2536 3634 2603 vitm,
3660 2538 3815 2608 quod

2235 2614 2394 2670 habet
2420 2617 2646 2687 aliquam
2674 2620 3084 2689 professionem,
3113 2639 3220 2679 non
3247 2640 3434 2681 oumes
3468 2628 3819 2685 inveniuntur

2243 2697 2428 2775 probi,‘
2457 2722 2561 2763 non
2599 2724 2785 2766 onmes
2822 2714 3064 2784 reprobi,
3096 2714 3161 2771 ex
3193 2716 3291 2771 hoc
3315 2728 3559 2788 apparet.
3586 2719 3715 2789 quia
3746 2721 3819 2778 de

2235 2797 2549 2869 quibusdam
2578 2801 2848 2858 hominum
2876 2806 3157 2874 generibus
3176 2849 3192 2874 ,
3227 2823 3346 2878 quae
3380 2825 3476 2878 per
3500 2810 3818 2868 similitudi~

2235 2906 2332 2946 nes
2356 2892 2406 2947 in
2433 2893 2720 2965 Evangelia
2748 2897 2906 2951 modo
2931 2889 3199 2969 proposita
3224 2901 3538 2965 audivimus,
3572 2903 3649 2959 sic
3679 2919 3820 2961 con-

2234 2983 2463 3038 cluditur
2491 3002 2504 3039 :
2538 2984 2680 3040 Unus
2705 3002 3004 3057 assumetur,
3029 3001 3076 3044 et
3100 3008 3231 3046 unus
3256 2993 3560 3061 relinquetur
3590 2994 3817 3067 (Matth.

2237 3090 2383 3143 xxxv,
2400 3078 2511 3150 40).
2526 3078 2838 3136 Assumetur
2856 3083 3043 3150 bonus,
3063 3086 3389 3158 relinquetur
3404 3090 3592 3145 malus.
3611 3091 3818 3148 Viden-

2238 3174 2324 3221 tur
2347 3167 2453 3223 duo
2478 3171 2530 3224 in
2558 3185 2719 3241 agro;
2745 3173 2928 3228 eadem
2969 3175 3227 3244 professio
3254 3188 3356 3245 est,
3386 3181 3478 3236 sed
3516 3197 3621 3238 non
3665 3185 3819 3242 idem

2234 3273 2345 3314 cor.
2374 3260 2763 3318 Professionem
2806 3265 2988 3322 vident
3028 3268 3297 3337 homines,
3336 3287 3430 3327 cor
3470 3275 3613 3330 novit
3641 3276 3815 3334 Deus.

2234 3350 2514 3418 Quodlibet
2560 3357 2854 3427 ergO'ager
2901 3360 3179 3430 significet,
3222 3362 3366 3419 Unus
3405 3379 3714 3435 assuutetur,
3765 3383 3818 3426 et

2234 3462 2364 3501 unus
2392 3448 2715 3518 relinquetur.
2743 3449 2859 3505 Non
2888 3453 3036 3522 quasi
3066 3453 3279 3511 dimidia
3318 3473 3443 3528 pars
3478 3473 3814 3530 assumetur,

2233 3544 2289 3592 et
2302 3536 2515 3593 dimidia
2540 3540 2894 3611 relinquetur:
2912 3544 3004 3600 sed
3025 3560 3215 3615 genera
3238 3547 3508 3605 hominum
3529 3552 3635 3608 duo
3650 3554 3813 3610 dicit.

2234 3629 2303 3684 Et
2329 3628 2371 3683 si
2396 3629 2538 3684 aliud
2565 3646 2746 3686 eorum
2777 3634 2846 3688 sit
2871 3634 2920 3687 in
2947 3636 3147 3705 paucis,
3172 3638 3312 3693 aliud
3341 3641 3392 3694 in
3424 3642 3623 3711 multis,
3659 3644 3815 3702 Unus

2233 3732 2532 3790 assumatur,
2566 3732 2612 3778 et
2644 3741 2772 3779 unus
2812 3727 3152 3799 relinquetur:
3176 3731 3278 3786 hoc
3306 3744 3406 3798 est,
3433 3752 3593 3791 unum
3631 3754 3815 3811 genus

2234 3822 2552 3882 assumetur,
2576 3822 2629 3869 et
2647 3816 2867 3871 alterum
2896 3819 3236 3890 relinquetur.
3260 3822 3348 3879 Sic
3376 3825 3428 3880 in
3456 3826 3614 3897 lecto,
3640 3833 3729 3887 sic
3756 3834 3816 3891 in

2235 3903 2557 3960 molendino.
2582 3906 2914 3978 Exspectatis
2944 3910 3166 3969 fortasse
3193 3916 3318 3986 quid
3346 3917 3444 3973 ista
3472 3921 3579 3976 sint
3604 3939 3618 3977 :
3651 3926 3816 3984 video

2236 3994 2302 4051 tis
2324 4004 2464 4052 tecta
2492 4013 2632 4066 esse,
2657 4009 2710 4054 et
2738 4001 3165 4060 similitudinibus
3198 4007 3510 4077 quibusdam
3541 4013 3811 4075 involuta.

2233 4085 2416 4143 Potest
2447 4089 2574 4143 mihi
2602 4090 2743 4145 aliud
2776 4092 2965 4159 videri,
2997 4096 3148 4151 alteri
3177 4099 3353 4154 aliud:
3378 4102 3469 4156 sed
3501 4120 3677 4176 neque
3707 4126 3815 4182 ego

2233 4191 2301 4233 eo
2322 4178 2462 4249 quod
2490 4179 2676 4236 dixero
2700 4185 2982 4252 przescribo
3008 4186 3158 4243 alteri
3187 4190 3255 4245 ad
3289 4194 3560 4252 meliorem
3587 4178 3817 4259 intelle-

2232 4279 2396 4337 ctum,
2444 4286 2542 4326 nec
2589 4273 2675 4327 ille
2724 4275 2853 4330 mihi
2898 4276 2964 4331 ad
3012 4287 3293 4351 utrumque
3340 4287 3736 4360 accipiendum,
3764 4298 3817 4351 si

2232 4370 2513 4432 utrumque
2538 4379 2656 4419 cum
2683 4365 2786 4422 fide
2809 4370 3113 4429 concordat.
3138 4374 3392 4433 Videntur
3418 4360 3559 4436 enim
3587 4387 3726 4443 mihi
3756 4391 3816 4447 in

2232 4466 2360 4522 agro
2386 4453 2627 4510 laborare
2655 4457 2744 4527 qui
2776 4471 3009 4529 praesunt
3034 4464 3315 4534 Ecclesiis;
3346 4470 3484 4526 sicut
3509 4475 3819 4546 Apostolus

2233 4542 2360 4600 dicit
2385 4563 2398 4599 :
2428 4544 2521 4600 Dei
2546 4548 2875 4619 agricultura,
2897 4550 2995 4606 Dei
3021 4554 3288 4626 azdiﬁcatio
3316 4563 3450 4618 estis.
3472 4542 3603 4621 Nam
3630 4580 3691 4623 et
3714 4589 3819 4628 ar-

2233 4634 2512 4690 chitectum
2539 4652 2598 4693 se
2630 4638 2772 4703 dicit,
2803 4656 2922 4696 cum
2962 4643 3124 4701 dicit:
3152 4646 3221 4702 Ut
3260 4652 3460 4721 sapiens
3497 4659 3818 4719 architectus

2234 4727 2613 4798 fundamentum
2660 4733 2849 4802 posui:
2878 4743 2932 4789 et
2974 4737 3277 4808 agricolam,
3325 4758 3442 4799 cum
3489 4746 3637 4816 dicit,
3690 4751 3819 4823 Ego

2234 4822 2476 4893 plantavi,
2508 4823 2692 4896 Apollo
2730 4827 2927 4898 rigavit,
2961 4831 3050 4885 sed
3081 4830 3219 4889 Deus
3256 4828 3615 4897 incrementum
3666 4822 3818 4903 dedit

2236 4913 2279 4983 (l
2298 4913 2414 4969 Cor.
2438 4931 2509 4981 vt,
2527 4916 2581 4982 9,
2602 4918 2712 4989 l0).
2732 4917 2788 4973 In
2811 4920 3111 4978 molendino
3130 4940 3256 4996 ergo
3275 4926 3407 4985 duas
3425 4931 3559 4989 dixit
3581 4934 3815 5006 (Matth.

2238 5020 2383 5099 xxxv,
2410 5006 2522 5099 tl),
2554 5022 2658 5062 non
2684 5008 2850 5076 duos;
2878 5012 3059 5081 credo,
3082 5016 3220 5086 quod
3251 5018 3363 5074 haec
3391 5021 3555 5091 ﬁgura
3582 5026 3650 5081 ad
3687 5032 3811 5099 ple-

2236 5094 2330 5150 bes
2348 5097 2601 5165 pertineat
2623 5115 2636 5150 :
2658 5098 2776 5169 quia
2799 5104 3064 5172 prmpositi
3088 5119 3294 5177 regunt,
3319 5111 3497 5179 plebes
3517 5094 3808 5187 reguntur.

2235 5187 2303 5242 Et
2343 5188 2700 5245 molendinum
2745 5202 2870 5262 puto
2912 5195 3110 5252 dictum
3155 5201 3404 5257 mundum
3451 5206 3650 5276 istum;
3678 5217 3817 5282 quia

2236 5289 2349 5334 rota
2387 5279 2610 5348 quadam
2657 5292 2949 5354 temporum
2992 5289 3238 5358 volvitur,
3273 5301 3328 5347 et
3366 5308 3629 5355 amatores
3675 5279 3824 5362 suos

2236 5372 2477 5425 conterit.
2498 5372 2633 5427 Sunt
2655 5389 2780 5446 ergo
2802 5378 2891 5445 qui
2916 5377 2983 5434 de
3000 5382 3293 5447 actionibus
3315 5388 3492 5443 mundi
3515 5406 3622 5446 non
3642 5378 3823 5453 {rece-

2237 5461 2404 5517 dunt:
2428 5462 2522 5518 sed
2543 5472 2716 5521 tamen
2737 5476 2791 5522 et
2816 5468 2884 5524 ibi
2910 5470 2995 5525 alii
3017 5471 3153 5530 bene
3175 5485 3477 5544 operantur;
3505 5482 3593 5536 alii
3618 5486 3773 5543 male
3798 5507 3819 5554 ;

2236 5551 2327 5649 alii
2354 5553 2671 5649 sibi-amicos
2690 5557 2884 5615 faciunt
2901 5561 2968 5617 de
2985 5578 3283 5621 mammona
3304 5568 3609 5638 iniquitatis,
3632 5592 3668 5631 a
3686 5551 3825 5649 qui.

2237 5642 2338 5698 bus
2365 5643 2685 5742 recipiantur
2710 5649 2761 5703 in
2793 5649 3124 5710 tabernacula
3151 5668 3348 5713 aeterna
3375 5659 3538 5731 (Luc.
3563 5680 3675 5727 1m.
3703 5642 3819 5742 j,

2146 5764 2151 5771 ·
2242 5740 2429 5811 quibus
2460 5737 2684 5798 dicitur:
2713 5741 2937 5813 Esuriui,
2967 5756 3015 5802 et
3036 5748 3247 5807 dedistis
3288 5753 3410 5809 mihi
3448 5737 3821 5818 manducare—3
