3972 6198
178 268 279 324 357

179 383 264 440 alii
293 383 392 437 ista
422 385 708 456 negligant,
732 390 920 459 quibus
945 391 1136 447 dicitur
1159 393 1172 423 ’
1197 392 1267 446 ibi
1295 413 1308 447 :
1332 392 1550 457 Esurivi,
1577 404 1746 449 etnon

179 474 381 527 dedistis
402 475 528 528 mihi
548 479 854 536 manducare
873 479 1082 552 (Matth.
1107 475 1230 547 xxv,
1254 484 1342 547 55,
1362 483 1473 553 42).
1501 484 1745 549 Proinde,

178 566 291 632 quia
321 563 393 618 de
421 563 505 619 his
529 568 619 636 qui
649 579 928 624 versantur
957 572 1007 625 in
1040 573 1259 642 negotiis
1292 587 1346 628 ct
1373 574 1621 645 operibus
1647 576 1750 629 hu-

180 654 266 730 ius.
284 655 496 721 mundi,
527 657 614 711 alii
645 658 872 731 diligunt
907 661 1216 719 benefacere
1260 665 1630 735 indigentibus,
1660 665 1750 721 alii

186 746 453 816 negligunt
480 765 492 800 :
524 756 770 818 tanquam
797 751 862 806 de
884 753 1085 809 duabus
1114 755 1167 810 in
1196 757 1499 812 molendino
1531 775 1634 812 una
1661 775 1749 814 as-

177 846 419 902 sumetur,
450 848 496 891 et
531 855 634 892 una
677 842 997 912 relinquetur.
1042 843 1258 900 Lectum
1303 853 1477 902 autem
1523 849 1749 918 positum

178 926 406 980 arbitror
457 943 554 998 pro
595 930 814 998 quiete:
847 934 967 1002 quia
1012 945 1135 989 sunt
1177 937 1264 1006 qui
1310 953 1479 1007 neque
1515 940 1749 995 actiones

179 1015 359 1070 mundi
390 1017 497 1086 pati
530 1018 731 1084 volunt,
761 1021 896 1075 sicut
933 1034 1053 1077 sunt
1080 1027 1342 1096 conjugati
1381 1027 1622 1082 homines
1658 1029 1750 1081 ha-

182 1107 367 1159 bentes
397 1105 610 1174 domos,
644 1107 887 1175 familias,
917 1113 1089 1179 ﬁlios;
1122 1130 1290 1184 neque
1317 1117 1511 1186 aliquid
1553 1118 1605 1172 in
1649 1119 1750 1173 Ec-

179 1197 338 1249 clesia
363 1207 550 1267 agunt,
573 1199 710 1254 sicut
730 1203 998 1272 pnepositi
1024 1205 1165 1258 velut
1190 1206 1239 1258 in
1265 1208 1578 1275 agricultura
1607 1209 1752 1263 labo-

181 1297 390 1354 rantes;
419 1291 514 1345 sed
545 1292 686 1346 velut
714 1294 779 1348 ad
809 1294 921 1349 hate
950 1298 1159 1363 infirmi,
1189 1300 1443 1354 secedunt
1469 1301 1534 1356 ad
1562 1301 1747 1368 otium,

181 1388 231 1434 ct
262 1381 429 1450 quieti
474 1397 594 1438 esse
639 1384 893 1454 diligunt;
926 1387 1086 1442 veluti
1127 1405 1387 1446 memores
1432 1393 1750 1448 infirmitatis

181 1484 308 1536 sum,
330 1485 438 1524 non
464 1486 525 1527 se
549 1475 941 1530 committentes
971 1480 1170 1546 magnis
1196 1483 1508 1549 actionibus,
1535 1494 1586 1538 et
1614 1499 1748 1554 quo-

183 1559 463 1616 dammodo
507 1562 559 1615 in
608 1571 773 1618 strato
822 1565 1142 1622 infirmitatis
1186 1580 1429 1640 rogantes
1472 1574 1654 1628 Deum.
1684 1575 1750 1628 Et

187 1649 294 1720 ipsa
312 1650 570 1720 professio
589 1653 744 1708 habet
766 1655 949 1722 bonos,
971 1657 1127 1713 habet
1153 1658 1301 1714 fictos
1319 1680 1330 1712 :
1349 1662 1569 1731 proinde
1589 1665 1746 1719 etiam

186 1758 247 1796 cx
277 1738 358 1798 his
394 1759 526 1798 unus
560 1758 858 1812 assumetur,
885 1758 932 1802 et
956 1766 1086 1803 unus
1111 1753 1429 1818 relinquetur.
1454 1755 1534 1809 Ad
1560 1772 1748 1826 quam-

185 1848 402 1906 cumque
445 1836 831 1905 professionem
886 1848 936 1893 te
985 1831 1332 1910 converteris,
1375 1862 1502 1915 para
1551 1857 1602 1903 te
1642 1851 1748 1919 pati

183 1925 329 1982 fictos
353 1943 370 1978 :
389 1927 627 1998 alioquin
650 1929 693 1981 si
723 1939 772 1982 te
794 1945 895 1984 non
919 1933 1206 1999 paraveris,
1230 1935 1464 1992 invenies
1483 1940 1620 2008 quod
1643 1957 1747 1996 non

183 2013 454 2084 sperabas,
473 2026 527 2071 et
546 2017 763 2073 deiicies
787 2030 876 2072 aut
896 2022 1306 2091 pcrturbaberis.
1325 2028 1404 2080 Ad
1423 2029 1597 2083 omnia
1622 2046 1748 2102 ergo

182 2115 229 2161 te
251 2115 494 2178 paratum
529 2107 654 2163 facit
679 2111 766 2179 qui
799 2111 890 2165 tibi
923 2112 1172 2182 loquitur,
1203 2129 1322 2170 cum
1355 2127 1562 2188 tempus
1590 2130 1671 2176 est
1695 2131 1748 2177 et

180 2195 252 2252 illi
277 2196 555 2268 loquendi,
582 2200 812 2254 nondum
826 2202 1118 2270 judicandi,
1142 2214 1195 2271 et
1219 2207 1308 2260 tibi
1329 2209 1598 2276 audiendi,
1617 2226 1748 2266 non-

177 2286 293 2343 dum
333 2287 536 2344 frustra
578 2289 888 2360 pmnitendi.
927 2292 1023 2349 Est
1059 2296 1199 2351 enim
1243 2297 1400 2354 modo
1439 2301 1746 2370 paenitentia

177 2393 275 2434 non
318 2379 520 2435 frustra
552 2399 566 2436 :
597 2383 698 2436 erit
745 2392 870 2440 tunc
913 2385 1128 2442 frustra.
1152 2389 1266 2443 Non
1301 2393 1440 2447 enim
1483 2404 1604 2452 tunc
1640 2413 1746 2453 non

175 2471 450 2539 penilebit
477 2472 721 2528 homines
747 2477 884 2530 male
910 2478 1104 2534 vixisse
1127 2496 1141 2532 :
1165 2481 1257 2536 sed
1285 2483 1430 2538 nullo
1460 2487 1616 2540 modo
1641 2488 1746 2544 illis

169 2560 362 2630 iustitia
403 2562 498 2616 Dei
530 2575 749 2620 revocat
775 2569 912 2637 quod
954 2585 1046 2624 sua
1089 2571 1340 2641 injustitia
1383 2577 1741 2645 perdiderunt.

173 2654 374 2712 iustum
399 2657 544 2712 enim
575 2667 657 2714 est
684 2662 820 2732 apud
850 2663 1034 2726 Deum,
1065 2675 1121 2719 ut
1150 2668 1307 2720 modo
1347 2669 1608 2738 impertiat
1644 2675 1744 2728 mi-

173 2753 533 2822 sericordiam,
575 2765 700 2812 tunc
739 2771 984 2814 exerceat
1018 2761 1294 2830 judicium.
1329 2765 1449 2820 ldco
1475 2784 1614 2823 nunc
1638 2785 1742 2824 non

173 2853 394 2900 uoemr.
431 2847 516 2902 An
566 2852 802 2905 tacetur?
839 2855 1038 2923 Arguat
1080 2856 1321 2925 quisque,
1356 2872 1666 2921 nutrmuret.
1699 2864 1740 2916 si

172 2950 270 2989 non
314 2951 416 3006 per
461 2948 628 2993 totum
673 2941 854 2996 orbem
903 2943 1014 2998 lucc
1054 2945 1324 3016 Scriptura
1372 2953 1626 3006 recitatur
1663 2963 1743 3006 at-

170 3041 266 3094 que
306 3023 589 3093 cantatur;
623 3029 666 3085 si
700 3044 873 3088 cessat
909 3036 1065 3090 etiam
1107 3039 1306 3094 venalis
1347 3041 1469 3096 ferri
1509 3058 1605 3113 per
1647 3061 1743 3114 pu-

169 3115 380 3173 uicum.

231 3213 282 3267 5.
332 3211 486 3284 [νει-ε.
524 3215 672 3290 l,2.]
701 3216 804 3272 Sed
827 3234 1007 3274 revera
1040 3222 1140 3276 hoc
1170 3231 1222 3277 te
1252 3201 1524 3293 pertitrhat
1562 3225 1740 3282 homi-

165 3318 281 3358 nem
313 3295 698 3374 christianum,
729 3309 848 3379 quia
886 3311 1033 3366 vides
1072 3314 1209 3368 male
1256 3315 1494 3371 viventes
1520 3317 1698 3374 felices
1721 3361 1736 3385 ,

169 3409 338 3449 rerum
369 3397 588 3451 istarum
615 3400 766 3469 copia
793 3401 1178 3469 circumfluere,
1203 3419 1361 3460 sanos
1384 3423 1520 3473 esse,
1552 3423 1739 3478 super-

167 3485 241 3541 bis
265 3489 611 3559 dignitatibus
635 3494 868 3549 eminerc
891 3537 906 3560 ,
939 3497 1254 3552 incolumem
1283 3497 1476 3554 habere
1496 3500 1734 3567 domum,

167 3579 349 3646 gaudia
387 3595 607 3639 suorum
625 3622 640 3646 ,
669 3583 920 3655 obsequia
948 3587 1239 3656 clientium,
1265 3590 1738 3649 excellentissimus

168 3672 469 3738 potentias,
514 3670 646 3728 nihil
693 3674 842 3730 triste
883 3675 1219 3747 interpellare
1260 3681 1422 3736 vitam
1449 3683 1684 3752 ipsorum
1717 3703 1732 3740 :

169 3775 339 3816 mores
382 3764 736 3834 nequissimos
786 3764 964 3833 vides,
1012 3768 1289 3825 facultates
1344 3773 1734 3842 copiosissimas

167 3852 448 3922 perspicis;
481 3860 537 3907 et
559 3854 684 3910 dicit
708 3870 802 3911 cor
821 3866 964 3911 tuum
994 3859 1192 3914 nullum
1221 3876 1341 3916 esse
1373 3862 1608 3920 divinum
1647 3866 1734 3936 ju-

160 3942 379 4009 dicium,
411 3946 588 3999 omnia
625 3947 836 4003 casibus
864 3950 987 4005 ferri
1017 3961 1070 4006 et
1099 3951 1328 4007 fortuitis
1353 3956 1581 4011 motibus
1606 3973 1732 4014 ven-

162 4033 312 4088 tilari.
357 4035 491 4090 Nam
519 4039 564 4091 si
600 4039 756 4106 Deus,
788 4040 981 4112 inquis,
1019 4058 1105 4096 res
1128 4043 1382 4098 humanas
1410 4049 1728 4118 respiceret,

157 4122 375 4180 floreret
404 4127 546 4181 illius
569 4129 814 4199 iniquitas
834 4171 850 4197 ,
881 4141 934 4186 et
962 4148 1078 4188 mea
1108 4134 1405 4191 innocentia
1430 4137 1731 4196 laboraret?

155 4213 340 4272 Omnis
365 4219 586 4274 morbus
609 4222 768 4276 animi
800 4222 957 4278 habet
987 4223 1038 4278 in
1063 4224 1347 4296 Scripturis
1374 4230 1730 4286 medicamen-

155 4317 264 4361 tum
294 4324 456 4363 suum
500 4312 631 4380 :qui
661 4327 788 4383 ergo
828 4314 906 4370 sic
946 4326 1166 4387 mgrotat
1192 4359 1208 4382 ,
1267 4329 1322 4373 ut
1366 4321 1462 4376 ista
1492 4321 1631 4378 dicat
1676 4325 1728 4380 in

151 4400 313 4453 corde
344 4414 464 4467 suo,
496 4401 641 4456 bibat
670 4405 934 4472 potionem
989 4409 1174 4477 psalmi
1220 4409 1393 4479 hujus.
1430 4413 1568 4481 Quid
1606 4417 1729 4470 est?

151 4487 351 4544 lterum
381 4491 720 4560 inspiciamus
749 4497 871 4564 quid
894 4497 1149 4553 dicebas?
1179 4501 1313 4568 Quid
1354 4504 1614 4572 dicebam,
1649 4507 1728 4561 in-

145 4583 297 4651 quis,
331 4583 433 4637 nisi
478 4585 616 4654 quod
643 4586 830 4642 vides?
858 4589 980 4643 Mali
1022 4591 1233 4660 florent,
1267 4593 1388 4648 boni
1438 4595 1675 4653 laborant
1711 4619 1724 4654 :

141 4674 422 4742 quiomodo
447 4675 565 4756 ista
612 4676 759 4732 videt
810 4679 1241 4751 Deus?Accipe,
1285 4685 1448 4740 bibe:
1480 4685 1591 4756 ipse
1635 4689 1727 4745 tibi

141 4762 307 4831 hanc,
340 4765 407 4818 de
432 4749 538 4835 quo
560 4767 658 4821 ista
697 4784 996 4826 murmuras
1016 4814 1030 4838 ,
1062 4774 1370 4843 temperavit
1414 4779 1678 4846 potionem
1709 4799 1722 4837 :

139 4861 360 4907 tantum
403 4870 469 4909 ne
500 4871 716 4912 recuses
754 4859 1156 4917 saluberrimum
1189 4866 1468 4934 poculum;
1517 4885 1727 4925 accom-

136 4945 302 4997 moda
337 4960 433 5012 per
466 4960 647 5001 aurem
675 4962 735 5002 os
763 4951 959 5018 cordis,
982 4962 1035 5008 et
1060 4953 1180 5009 bibe
1207 4955 1346 5025 quod
1375 4958 1526 5013 audis
1553 4978 1566 5014 :
1600 4961 1727 5018 Noli

133 5036 383 5088 τεηηιιατί
405 5036 458 5088 in
477 5037 890 5108 malignantibns,
920 5060 1078 5113 neque
1101 5047 1350 5100 temuleris
1372 5051 1609 5119 facientes
1629 5054 1726 5107 ini-

126 5131 408 5194 quitatem.
437 5129 686 5196 Quoniam
714 5143 949 5205 tanquam
965 5139 1150 5206 [mnum
1176 5139 1272 5193 cito
1292 5152 1533 5210 arescent,
1553 5154 1600 5198 et
1619 5147 1723 5200 sic-

129 5229 185 5270 ut
217 5226 375 5272 olera
429 5223 562 5287 prati
587 5225 686 5278 cito
715 5228 912 5280 cadent.
942 5228 1092 5295 Quod
1119 5231 1210 5285 tibi
1240 5232 1454 5304 longum
1492 5237 1719 5304 videtur,

124 5309 240 5362 cito
275 5316 368 5363 est
392 5307 504 5364 Deo
532 5329 546 5365 :
577 5313 835 5384 subjunge
861 5325 912 5371 te
937 5317 1064 5381 Deo,
1091 5328 1146 5373 et
1167 5319 1255 5376 tibi
1285 5324 1391 5378 cito
1411 5326 1532 5380 erit.
1568 5327 1720 5395 Quod

121 5400 198 5454 ait
221 5404 460 5470 fenum,
494 5401 596 5459 hoc
617 5403 957 5476 intelligimus
981 5407 1117 5462 olera
1142 5414 1292 5480 prati.
1325 5415 1459 5470 Vilia
1475 5419 1716 5488 quaadam

183 5596 202 5626 ι
247 5601 305 5663 tn
335 5593 468 5663 ξ’ρά..
493 5595 677 5663 dicetur
714 5597 794 5663 ibi.
840 5599 930 5649 Sed
966 5603 1129 5651 verius
1170 5611 1296 5662 Mss,
1319 5606 1498 5658 dicitur
1526 5610 1594 5660 ibi
1620 5625 1636 5661 :
1670 5614 1717 5663 id

116 5667 214 5708 est.
257 5657 596 5729 inrivanuzelio
615 5660 744 5723 quod
764 5663 978 5711 concioui
1003 5657 1291 5724 praelectum
1325 5657 1480 5725 fuisse
1505 5657 1722 5729 comi-ne:

108 5733 160 5766 tu
185 5727 336 5766 'ravtt
360 5732 609 5781 superms.
1151 5765 1154 5770 .

1219 278 1606 335 ENARRATIO
1644 279 1709 336 lN
1750 281 2063 338 PSALMUM
2106 285 2341 344 XXXVI.

3316 320 3419 376 358

1857 405 2012 464 sunt,
2041 407 2094 454 et
2115 403 2446 472 superficiem
2489 417 2642 465 terra:
2679 420 2906 474 tenentia
2938 423 2976 486 ¹,
3006 426 3166 483 altam
3190 433 3420 492 radicem

1857 502 1960 543 non
2006 489 2218 547 habent.
2247 495 2475 553 Proinde
2501 516 2596 570 per
2623 504 2852 565 hiemem
2890 514 3060 572 virent
3089 537 3102 572 :
3130 531 3185 575 at
3212 525 3300 579 ubi

1854 581 2053 636 aestatis
2079 581 2377 643 fervescere
2401 595 2642 662 eruperit,
2673 613 2931 658 arescent.
2956 606 3111 664 Modo
3139 628 3265 685 ergo
3289 581 3423 673 tem—
3494 611 3497 614 ’

1853 685 1954 740 pus
1979 683 2061 727 est
2089 673 2300 745 hiemis,
2339 681 2505 751 gloria
2547 694 2633 742 tua
2683 695 2914 750 nondum
2956 673 3229 772 apparet
3256 711 3352 765 sed
3377 714 3422 768 si

1854 763 1958 816 alla
1980 765 2129 820 radix
2154 778 2234 822 est
2253 769 2522 830 charitatis
2554 787 2676 849 tum,
2708 784 2844 840 sicut
2865 763 3144 849 multarum
3170 800 3420 859 arborum

1854 868 1949 924 per
1978 856 2238 927 hiemem,
2265 868 2654 940 transitfrigus,
2701 880 2878 934 veniet
2917 897 3104 953 aestas,
3141 891 3190 944 id
3236 905 3316 947 est
3335 873 3420 966 ju-

1859 944 1974 966 ,,_,,
2029 949 2118 966 ,ην
2224 963 2232 966 Α

1853 944 1975 1000 dicii
2017 949 2130 1004 dies
2173 970 2187 1005 :
2221 963 2343 1009 tunc
2371 971 2577 1016 arescet
2617 967 2757 1021 viror
2805 972 2966 1040 fteui,
2999 987 3121 1034 tunc
3150 944 3422 1053 appareabit

1853 1038 2102 1095 arborum
2151 1044 2336 1114 gloria.
2388 1051 2578 1108 Morini
2630 1061 2760 1114 enim
2802 1067 2944 1134 estis,
2995 1074 3067 1126 ait
3096 1038 3419 1146 Apostolus:

1853 1131 2118 1196 quomodo
2145 1135 2391 1194 videntur
2429 1146 2648 1202 arbores
2693 1167 2786 1221 per
2814 1155 3075 1226 hiemem,
3127 1131 3272 1237 quasi
3317 1179 3421 1229 ari-

1860 1217 1930 1237 -la_
1989 1235 1997 1237 μ
2112 1223 2123 1235 ⁸
2431 1234 2465 1237 —

1853 1402 1922 1457 ibi
1966 1407 2104 1460 enim
2137 1409 2376 1474 charitas
2404 1430 2603 1476 nostra.
2634 1425 2694 1478 El
2731 1429 2832 1482 vita
2867 1444 3045 1503 vestra,
3075 1440 3270 1512 inquit,
3299 1403 3416 1503 obs:

1853 1499 2053 1552 condita
2080 1512 2157 1568 est
2185 1521 2298 1558 cum
2322 1507 2518 1566 Christo
2539 1515 2590 1567 in
2618 1502 2740 1572 Deo.
2771 1523 2990 1588 Quando
3016 1499 3209 1590 arescit
3236 1499 3322 1609 qui
3344 1543 3420 1598 sic

1853 1583 2010 1609 ι.-ι,,ι
2053 1606 2101 1609 μ-
2132 1592 2164 1609 I'
2306 1597 2327 1609 ί-
2371 1599 2402 1609 Α
2536 1605 2546 1609 “

1852 1583 2011 1642 habet
2052 1592 2328 1650 radicem?
2363 1599 2585 1667 Quando
2629 1619 2805 1666 autem
2854 1620 2956 1672 erit
3001 1637 3095 1676 ver
3141 1583 3421 1686 nosfrum?

1851 1679 2061 1745 quando
2106 1693 2263 1778 aestas
2309 1694 2527 1746 nostra?
2555 1700 2764 1765 quando
2813 1721 2910 1760 nos
2945 1710 3304 1775 circumvestit
3341 1724 3421 1779 di-

1851 1771 2024 1881 gnitas
2070 1771 2351 1881 foliorum,
2410 1795 2464 1840 et
2519 1789 2731 1848 ubertas
2779 1797 3039 1858 fructuum
3097 1808 3420 1881 locupletat?

1851 1863 2061 1930 quando
2093 1866 2191 1922 hoc
2229 1873 2374 1926 erit?
2399 1876 2534 1932 Audi
2563 1885 2702 1951 quod
2732 1891 3007 1958 sequitur:
3040 1895 3164 1953 Cum
3193 1863 3417 1962 (.‘rlu'istus

1850 1958 2283 2064 apparueritzpita
2309 1975 2488 2034 vestra,
2517 1979 2634 2025 tunc
2662 1986 2709 2028 et
2734 1995 2819 2032 vos
2841 1998 2954 2037 cum
2984 1986 3094 2057 ipso
3114 1998 3418 2064 apparebitis

1849 2041 1902 2095 in
1942 2045 2112 2144 gloria
2134 2048 2353 2119 (Coloss.
2401 2074 2477 2125 tu,
2509 2061 2563 2127 5,
2593 2065 2669 2135 4).
2717 2069 2850 2135 Quid
2893 2041 3021 2144 ergo
3065 2041 3417 2144 albugine};

1849 2137 2075 2190 wntulari
2093 2139 2146 2192 in
2170 2144 2574 2218 malignantibus,
2609 2171 2762 2227 neque
2784 2137 3034 2223 contuleris
3054 2170 3291 2240 facientes
3316 2180 3418 2233 ini-

1847 2229 2101 2296 quitatem.
2130 2233 2378 2310 Quoniam
2403 2251 2636 2313 tanquam
2656 2250 2842 2319 fwnum
2861 2257 2960 2312 cito
2984 2277 3233 2336 arescent,
3252 2279 3296 2324 et
3318 2273 3416 2326 sic-

1848 2329 1904 2372 ut
1924 2321 2059 2376 olera
2086 2328 2220 2392 prati
2242 2330 2339 2383 cito
2365 2325 2561 2391 cadent.

1917 2411 1970 2513 '4.
2030 2413 2177 2516 [item
2207 2420 2259 2482 5,
2287 2421 2367 2496 4.]
2395 2425 2530 2494 Quid
2560 2446 2684 2501 ergo
2710 2438 2806 2491 tu?
2833 2439 2998 2509 Spera
3034 2446 3088 2501 in
3117 2448 3417 2521 Dominum.

1848 2499 1923 2555 llli
1975 2505 2115 2608 enim
2162 2524 2376 2578 sperant
2427 2521 2614 2580 nonin
2669 2525 2945 2602 Dominum
2991 2547 3007 2588 :
3048 2552 3170 2608 spes
3204 2506 3414 2602 illoruui

1847 2594 2105 2660 mortalis,
2128 2614 2251 2667 spes
2276 2603 2483 2660 illorum
2502 2611 2717 2678 caduca,
2745 2594 2961 2689 fragilis,
2986 2594 3230 2699 volatica,
3263 2643 3413 2690 tran-

1768 2735 1771 2740 _
1846 2682 2026 2796 sitoria
2049 2728 2064 2753 ,
2097 2689 2266 2746 inanis
2289 2699 2412 2749 erit.
2445 2701 2610 2768 Spera
2638 2706 2690 2758 in
2723 2707 3015 2772 Dominum.
3047 2719 3185 2776 Ecce
3213 2682 3370 2794 spero
3395 2773 3410 2796 ,

1847 2774 1985 2874 quid.
2023 2780 2162 2879 ago?
2193 2781 2390 2886 fac
2432 2789 2713 2850 bonitatem.
2760 2799 2878 2857 Noli
2936 2774 3185 2867 malitiam
3207 2774 3409 2886 ,-

1845 2864 2067 2976 respicis
2119 2869 2168 2922 in
2221 2871 2324 2927 illis
2351 2878 2486 2933 male
2528 2880 2836 2959 florentibus
2870 2911 2883 2945 :
2915 2900 2999 2966 fac
3050 2864 3335 2976 bonitdtein,
3365 2922 3410 2966 et

1845 2951 2067 3010 in/tabita
2090 2968 2293 3016 terram.
2321 2966 2399 3022 Ne
2428 2968 2564 3028 forte
2590 2957 2879 3037 bonitatem
2899 2951 3046 3044 extra
3078 2951 3411 3058 inltabiwfio:

1845 3060 1964 3100 nem
2013 3059 2166 3106 terra:
2193 3054 2374 3112 facias.
2405 3062 2565 3120 Terra
2594 3071 2735 3124 enim
2769 3074 2999 3146 Domini,
3034 3084 3267 3146 Ecclesia
3295 3096 3409 3164 ejus

1845 3144 1921 3164 Ληι
1954 3156 1967 3164 .
1992 3139 2152 3164 :....----
2179 3145 2308 3164 _.!-,,-
2365 3151 2376 3162 ο
2614 3161 2644 3164 --
2721 3163 2744 3164 η

1842 3144 1924 3191 est
1954 3139 2333 3255 :‘ipsapt‘rigat,
2363 3151 2526 3221 ipsam
2549 3161 2676 3217 colit
2697 3163 2785 3218 Ille
2805 3139 3032 3236 agricola
3051 3139 3215 3234 Pater

1843 3244 1932 3332 xv,
1965 3231 2043 3300 ί).
2075 3234 2218 3290 Multi
2263 3243 2403 3296 enim
2433 3250 2582 3315 quasi
2632 3231 2886 3313 exercent
2927 3263 3062 3320 bona
3090 3231 3247 3340 Opera
3267 3318 3280 3340 ,
3315 3231 3407 3336 scd

1840 3322 1959 3390 quia
1989 3339 2094 3380 non
2121 3328 2414 3389 inhabitant
2445 3347 2658 3410 terram,
2693 3363 2796 3403 non
2831 3356 3091 3420 pertinent
3115 3322 3179 3417 ad
3205 3322 3408 3437 agrico-

1841 3415 1939 3437 ,M
1998 3421 2036 3437 η
2167 3425 2186 3437 η
2269 3428 2281 3437 ,
2378 3431 2388 3437 .

1840 3415 1964 3522 iam:
1996 3421 2134 3492 Ergo
2164 3425 2243 3481 fac
2268 3428 2593 3522 bonitatem,
2623 3455 2728 3496 non
2770 3457 2918 3502 extra
2964 3461 3176 3522 terram,
3202 3415 3294 3515 5;:
3323 3465 3407 3519 in-

1840 3504 2254 3612 habitanterram.
2282 3519 2349 3575 Et
2368 3523 2493 3592 quid
2525 3514 2730 3606 habebo
2753 3534 2777 3586 ‘l
2807 3536 2872 3589 Et
2892 3504 3408 3612 pascet—isin

1839 3598 1966 3700 ejus.
1999 3600 2128 3668 Quae
2156 3618 2280 3662 sunt
2307 3610 2504 3667 divitia:
2532 3599 2648 3685 ejus
2675 3629 2829 3677 terra:
2849 3627 2873 3678 ?
2892 3598 3108 3687 Divitiae
3147 3598 3264 3706 ejus

1838 3689 2012 3792 minus
2035 3693 2151 3762 ejus
2177 3739 2192 3762 ,
2234 3698 2430 3758 divitia:
2457 3707 2573 3775 ejus
2617 3708 2755 3766 Deus
2787 3715 2922 3784 ejus.
2957 3721 3075 3792 Ipse
3097 3689 3295 3788 est‘ille
3319 3739 3404 3792 cui

1837 3779 2095 3899 dicitgri’
2123 3786 2256 3845 Pars
2298 3809 2442 3899 mea,
2493 3797 2711 3899 Domine
2731 3779 2904 3877 (Psal.
2941 3779 3405 3899 tam,

1835 3880 1919 3925 est
1947 3873 2035 3928 ille
2063 3874 2130 3931 de
2156 3894 2264 3949 quo
2290 3882 2485 3942 dicitur
2506 3906 2519 3941 :
2543 3873 2789 3949 Dominus
2812 3916 2930 3968 pars
2952 3873 3254 3969 liwreditatis
3279 3873 3403 3975 mret;

1834 3970 1883 4014 et
1931 3964 2102 4066 colicis
2147 3971 2248 4066 mei
2292 3973 2459 4042 (Psal.
2492 3995 2578 4044 xv,
2621 3982 2696 4050 5).
2728 3964 2944 4047 Recenti
2974 4010 3218 4059 sermone
3259 4023 3403 4066 com-

1834 4052 2201 4115 mendavimus
2227 4060 2301 4133 (a)
2328 4064 2582 4126 Charitati
2611 4073 2839 4148 Vestrae,
2867 4091 2919 4137 et
2949 4085 3113 4144 Deum
3135 4052 3401 4172 essepos-

1833 4157 2124 4206 sessronem
2163 4164 2429 4223 nostram,
2469 4169 2521 4214 et
2559 4177 2660 4219 nos
2700 4183 2819 4224 esse
2864 4157 3398 4247 posscs'sionem'Dei.

1831 4233 1968 4336 Audi
1999 4239 2121 4345 quia
2147 4241 2346 4345 divitiae
2369 4257 2522 4306 terra:
2552 4252 2710 4326 hujus
2734 4259 2847 4329 ipse
2865 4233 2950 4320 est
2982 4285 2996 4321 :

1831 4325 2032 4435 quitur,
2065 4330 2320 4435 Delectare
2352 4338 2405 4392 in
2435 4325 2671 4402 Domino.
2719 4325 2990 4426 Tanquam
3018 4325 3310 4435 qumsieris,
3341 4384 3397 4428 et

1830 4414 2046 4486 dixeris,
2070 4421 2301 4481 Ostende
2325 4430 2453 4486 mihi
2477 4433 2685 4493 divitias
2714 4450 2870 4498 terra:
2913 4414 3073 4517 illius,
3106 4455 3155 4508 in
3181 4474 3278 4528 qua
3297 4414 3394 4519 ’me

1832 4507 2143 4528 ξ--ι---ικιί
2319 4518 2352 4528 "
2394 4522 2404 4528 ‘

1824 4507 1982 4576 jnbes
2003 4512 2277 4582 habitare;
2308 4518 2586 4591 Delectare,
2619 4529 2807 4601 inquit,
2835 4536 2888 4590 in
2925 4507 3165 4614 Domino,
3187 4507 3234 4602 et
3261 4507 3398 4610 dubi;

1831 4601 1918 4654 tibi
1943 4603 2202 4672 petitiones
2222 4611 2388 4667 cordis
2415 4617 2508 4670 tui.

1899 4694 1951 4748 5.
1978 4694 2258 4766 Signanter
2299 4705 2479 4775 accipe
2524 4711 2784 4779 petitiones
2824 4719 2988 4775 cordis
3025 4725 3115 4778 tui.
3148 4727 3397 4793 Discernc

1830 4784 2110 4852 petitiones
2153 4791 2331 4848 cordis
2374 4798 2447 4851 tui
2487 4813 2514 4850 a
2551 4802 2889 4868 petitionibus
2925 4815 3120 4880 carnis,
3152 4819 3397 4885 discerne

1828 4887 2078 4983 quantum
2117 4891 2289 4951 potes.
2333 4885 2440 4942 Nec
2469 4888 2663 4947 frustra
2695 4894 2890 4953 dictum
2941 4915 3023 4958 eSt
3069 4907 3121 4964 in
3167 4917 3393 4983 quodam

1828 4967 2032 5034 psalmo
2058 4988 2071 5024 :
2103 4971 2243 5025 Deus
2269 4978 2435 5031 cordis
2462 4981 2576 5034 mei.
2610 4982 2682 5036 lbi
2708 4988 2848 5042 enim
2874 4996 3114 5063 sequitur
3148 4967 3201 5057 ei
3229 5007 3354 5064 dicit

1829 5055 1894 5172 Et
1923 5075 2041 5172 pars
2067 5077 2178 5164 mea
2207 5062 2349 5118 Deus
2376 5083 2512 5124 meus
2536 5071 2587 5124 in
2617 5077 2802 5130 sazcula
2851 5055 3023 5151 (Psal.
3073 5055 3389 5172 util:

1829 5147 1985 5202 Verbi
2013 5154 2201 5220 gratia,
2229 5169 2403 5212 caecus
2427 5168 2508 5214 est
2527 5175 2771 5235 corpore,
2795 5181 2946 5241 rogat
2965 5186 3022 5231 ut
3042 5147 3388 5246 illuminetui.

1825 5235 1925 5292 Ista
1953 5240 1972 5272 '
2002 5252 2175 5310 roget,
2224 5245 2350 5315 quia
2396 5256 2450 5303 et
2496 5249 2596 5305 ista
2640 5254 2778 5312 Deus
2821 5235 2980 5332 facit,
3020 5277 3080 5326 et

1887 5436 1902 5464 ι
1938 5433 2124 5498 Aliquot
2161 5444 2289 5500 Mss,

1821 5497 1933 5552 tam,
1957 5497 2052 5547 etc.

1883 5558 1903 5586 ¹
1936 5567 2032 5607 Am.
2059 5566 2131 5609 Er.
2160 5570 2210 5611 et.
2231 5570 2332 5614 tres
2352 5572 2454 5616 Mss.

1817 5624 1910 5689 get.
1935 5620 2026 5689 ‘Alil
2052 5629 2174 5681 Mss,
2199 5625 2285 5674 iste
2309 5637 2452 5689 roget.

1881 5682 1952 5769 (a)
1971 5683 2024 5769 .ld
2047 5697 2166 5769 Sage
2188 5682 2534 5769 commendavit
2569 5708 2729 5769 supra,
2763 5699 2871 5769 col._
2895 5701 2987 5769 204
3019 5715 3068 5756 et
3098 5708 3204 5766 293,
3238 5727 3385 5769 super

1816 5741 2049 5802 psalmum
2081 5746 2144 5795 5?.
2160 5763 2385 5802 sermone
2410 5741 2729 5819 habitoiapud'

2334 5444 2548 5507 tegentia.
2593 5447 2679 5498 Alii
2723 5452 2932 5517 quidam,
2954 5464 3128 5522 tenent,
3168 5481 3278 5518 nam
3316 5473 3388 5524 al-

2498 5569 2618 5631 loco,
2643 5571 2735 5623 ista
2771 5585 2918 5641 roget,
2943 5583 3123 5635 habent
3147 5625 3160 5647 ,
3185 5599 3281 5641 esto
3309 5607 3386 5644 ro-
