3972 6198
552 287 658 345 359

549 408 768 474 praesta:
801 418 815 454 :
845 398 941 455 sed
984 402 1168 466 rogant
1211 393 1326 450 inec
1354 393 1512 449 etiam
1562 390 1708 448 mali.
1755 389 1946 447 Petilio
1998 388 2107 444 hate

546 494 740 549 carnis.
784 490 1101 554 inﬁrmatur,
1142 496 1295 556 rogat
1330 499 1388 539 se
1418 485 1623 538 salvum
1661 481 1815 539 ﬁeri:
1845 480 2026 535 salvus
2052 477 2112 534 ﬁt

546 587 853 642 moriturus.
890 580 955 635 Et
980 581 1081 635 ista
1125 579 1308 649 petitio
1332 575 1508 631 carnis
1532 584 1616 631 est
1642 591 1656 628 :
1685 582 1741 629 et
1786 573 1830 627 si
1860 586 1962 642 qua
1988 580 2114 627 sunt

547 679 687 732 talia.
717 674 906 729 Potitio
931 671 1106 727 cordis
1134 685 1255 741 qua:
1281 669 1403 724 est?
1437 667 1586 724 Sicut
1611 666 1796 737 petitio
1815 663 1989 720 carnis
2008 674 2109 730 est,

545 754 678 822 velle
702 766 800 820 sibi
822 764 1057 833 reparari
1083 763 1097 793 ¹
1128 760 1333 825 oculos,
1352 759 1536 829 utique
1563 757 1627 811 ad
1650 755 1929 811 videndam
1956 753 2112 808 istam

544 859 745 923 lucem,
774 873 892 927 quae
941 855 1132 910 talibus
1169 852 1337 908 oculis
1364 850 1529 906 videri
1560 859 1733 918 potest
1775 864 1788 901 :
1831 847 1899 902 ita
1929 846 2111 916 petitio

544 950 721 1006 cordis
747 949 812 1003 ad
841 948 995 1002 aliam
1044 946 1217 1000 lucem
1268 943 1516 1013 pertinet.
1562 940 1710 996 Beati
1744 938 1889 994 enim
1925 936 2110 992 mundi

544 1044 739 1106 corde,
769 1040 1015 1110 quoniam
1050 1038 1146 1108 ipsi
1198 1037 1359 1091 Deum
1409 1032 1660 1088 videbunt
1689 1029 1904 1102 (Matth.
1934 1045 1993 1096 v,
2027 1026 2108 1098 8).

544 1135 810 1189 Delectare
836 1133 887 1186 in
917 1130 1161 1195 Domino,
1191 1138 1238 1182 et
1264 1112 1400 1181 dabit
1435 1125 1524 1180 tibi
1542 1124 1802 1195 petitiones
1829 1121 1996 1177 cordis
2015 1120 2109 1175 tui.

616 1227 668 1281 6.
692 1224 845 1297 (vers.
882 1224 936 1285 ὅ,
964 1220 1043 1293 6.]
1070 1220 1208 1275 Ecce
1250 1218 1497 1273 desidero
1515 1256 1531 1277 ,
1559 1230 1709 1285 rogo,
1738 1214 1863 1269 volo
1899 1230 1914 1267 :
1943 1225 2112 1284 egone

545 1314 775 1387 implebo
797 1315 820 1368 ?
842 1315 977 1369 Non.
1018 1312 1150 1379 Quis
1189 1309 1353 1380 ergo?
1383 1306 1566 1362 Revela
1590 1307 1657 1359 ad
1685 1304 1956 1359 Dominum
1981 1306 2117 1358 viam

544 1421 703 1473 tamn,
735 1419 781 1462 et
821 1423 965 1477 spera
994 1406 1045 1458 in
1081 1420 1194 1457 eum
1214 1445 1229 1469 ,
1261 1412 1305 1455 et
1331 1402 1439 1471 ipse
1460 1399 1630 1469 faciet.
1674 1396 1849 1453 Indica
1880 1395 1957 1451 illi
1986 1392 2113 1465 quid

546 1499 789 1570 patiaris,
828 1496 1002 1550 indica
1052 1494 1125 1548 illi
1177 1491 1303 1563 quid
1356 1489 1509 1544 velis.
1540 1487 1677 1557 Quid
1705 1487 1847 1543 enim
1876 1484 2112 1570 pateris?

544 1591 674 1647 Caro
703 1588 1006 1657 concupiscit
1030 1586 1264 1639 adversus
1282 1583 1535 1651 spiritum,
1574 1591 1619 1634 et
1647 1579 1855 1647 spiritus
1877 1577 2117 1632 adversus

543 1698 743 1736 carnem
767 1679 906 1752 (Gal.
933 1694 985 1741 v,
1018 1674 1125 1747 Π).
1153 1673 1288 1741 Quid
1308 1688 1436 1742 ergo
1461 1669 1582 1725 vis?
1606 1668 1800 1740 Infelix
1824 1685 1914 1739 ego
1941 1667 2109 1733 homo,

543 1777 652 1840 quis
680 1792 757 1829 me
784 1772 1008 1827 liberabit
1030 1770 1091 1824 de
1119 1784 1327 1838 corpore
1357 1766 1531 1820 mortis
1556 1765 1745 1835 hujus?
1771 1764 1836 1817 Et
1854 1763 1974 1833 quia
2000 1762 2115 1833 ipse

541 1868 722 1932 faciet,
753 1881 870 1919 cum
901 1861 1219 1917 revelaveris
1245 1858 1310 1914 ad
1338 1874 1459 1913 eum
1482 1857 1619 1912 viam
1639 1865 1779 1910 tuam
1800 1896 1817 1921 ,
1846 1854 1967 1909 vide
1986 1854 2121 1924 quid.

543 1960 779 2029 sequitur
810 1976 825 2013 :
869 1956 1045 2010 Gratia
1073 1953 1168 2007 Dei
1216 1969 1304 2023 per
1340 1950 1517 2006 Jesum
1547 1949 1801 2006 Christum
1841 1947 2113 2002 Dominum

541 2063 767 2107 nostrum
796 2049 972 2123 (Rom.
1003 2063 1098 2110 vu,
1123 2046 1216 2111 24,
1244 2045 1368 2114 25).
1412 2043 1547 2110 Quid
1576 2056 1704 2113 ergo
1734 2041 1969 2097 factu-rus
1997 2049 2108 2106 est,

541 2146 662 2215 quia
688 2143 885 2199 dictum
917 2150 1000 2194 est
1030 2157 1045 2193 :
1075 2136 1261 2191 Revela
1284 2136 1351 2189 ad
1399 2133 1672 2188 Dominum
1709 2133 1840 2187 viam
1866 2142 2024 2197 tuam,
2064 2140 2112 2185 et

541 2253 689 2307 spera
734 2237 785 2288 in
814 2250 926 2287 eum
950 2273 966 2297 ,
996 2241 1041 2285 et
1081 2231 1190 2300 ipse
1224 2228 1373 2299 faciet
1398 2243 1417 2281 :
1444 2226 1571 2297 quid
1610 2225 1807 2281 faciet?
1836 2222 1905 2277 Et
1935 2224 2111 2278 educet

543 2329 672 2382 sicut
693 2328 863 2380 lumen
878 2322 1129 2393 justitiam
1161 2330 1316 2373 tuam.
1344 2319 1501 2375 Modo
1527 2318 1671 2373 enim
1694 2315 2000 2373 abscondita
2028 2323 2117 2372 est

542 2420 737 2492 iustitia
768 2426 854 2472 tua
885 2416 977 2472 :in
1003 2414 1105 2468 ﬁde
1129 2428 1215 2468 res
1258 2420 1372 2475 est,
1418 2410 1655 2465 nondum
1687 2410 1741 2463 in
1772 2408 1969 2479 specie.
1996 2407 2109 2462 Ali-

541 2500 668 2582 quid
703 2509 876 2565 credis
920 2516 977 2561 ut
1022 2505 1220 2569 facins,
1270 2501 1502 2558 nondum
1534 2500 1682 2556 vides
1724 2498 1867 2569 quod
1890 2497 2115 2554 credis.

542 2606 673 2661 Cum
700 2613 873 2657 autem
917 2598 1144 2670 coeperis
1171 2595 1349 2652 videre
1373 2593 1512 2666 quod
1537 2591 1827 2656 credidisti,
1848 2589 2107 2647 educetur

543 2703 595 2755 in
622 2699 821 2755 lumine
836 2698 856 2728 ¹
879 2693 1079 2765 justitia
1098 2700 1186 2746 tua
1206 2709 1219 2746 :
1243 2690 1363 2760 quia
1376 2687 1578 2759 justitia
1608 2686 1695 2740 tua
1725 2694 1840 2741 erat
1859 2683 1992 2739 ﬁdes
2018 2691 2107 2738 tua

543 2794 562 2862 (
594 2791 787 2844 llabae.
814 2804 873 2851 ll,
892 2788 924 2841 4
945 2786 982 2856 ).
1009 2783 1189 2839 Justus
1208 2781 1346 2836 enim
1369 2795 1432 2834 ex
1462 2778 1563 2832 ﬁde
1588 2777 1714 2831 vivit
1741 2773 1958 2846 (Roma,
1993 2772 2106 2848 l7).

611 2883 664 2935 Ἰ.
694 2879 758 2935 Ει
786 2878 955 2932 educet
983 2876 1113 2930 velut
1138 2873 1306 2927 lumen
1314 2870 1570 2940 justitiam
1596 2878 1757 2934 tuum,
1786 2876 1833 2921 et
1852 2864 2116 2938 judicium

540 2985 676 3030 tuum
707 2974 833 3027 sicut
856 2968 1117 3040 meridiem
1152 2981 1171 3020 :
1209 2964 1312 3019 hoc
1339 2972 1423 3017 est
1448 2961 1649 3016 clarum
1684 2960 1884 3014 lumen.
1910 2959 2108 3014 Parum

539 3074 654 3122 erat
680 3064 860 3118 dicere
882 3101 897 3125 ,
946 3068 1001 3112 ut
1042 3056 1231 3111 lumen.
1261 3055 1462 3108 Lumen
1489 3052 1628 3107 enim
1651 3050 1761 3120 jam
1787 3050 2011 3105 dicimus
2052 3057 2115 3104 et.

538 3172 659 3212 cum
685 3151 941 3215 albescit,
974 3149 1148 3202 lumen
1178 3146 1400 3200 dicimus
1425 3152 1481 3199 et
1504 3157 1624 3198 cum
1658 3142 1741 3197 sol
1769 3140 1938 3195 oritur
1965 3159 1979 3195 :
2011 3139 2107 3195 sed

539 3260 806 3317 nunquam
853 3252 936 3297 est
957 3240 1147 3296 clarior
1175 3238 1264 3292 lux
1289 3250 1444 3306 quam
1472 3232 1647 3289 medio
1671 3232 1777 3287 die.
1797 3231 1913 3286 Non
1932 3231 2107 3286 solum

537 3354 664 3409 ergo
691 3336 881 3392 educet
900 3332 1036 3387 sicut
1080 3330 1252 3383 lumen
1276 3325 1534 3396 justitiam
1568 3332 1741 3387 tuam,
1769 3320 1861 3376 sed
1890 3320 1991 3376 erit
2013 3323 2103 3389 ju-

538 3431 734 3485 dicium
762 3435 909 3480 tuum
942 3432 1188 3491 tanquam
1232 3416 1499 3473 meridies.
1548 3413 1705 3470 Modo
1731 3412 1870 3468 enim
1896 3412 2103 3483 judicas

536 3522 685 3593 sequi
709 3518 999 3579 Christum,
1031 3513 1132 3567 hoc
1180 3508 1539 3582 propos‘uisti,
1587 3506 1690 3562 hoc
1731 3505 1972 3576 elegisti,
2001 3503 2104 3559 hoc

536 3624 619 3672 est
637 3611 892 3685 judicium
934 3615 1080 3662 tuum
1108 3622 1121 3659 :
1152 3617 1307 3657 nemo
1353 3600 1444 3655 tibi
1471 3597 1701 3655 ostendit
1727 3596 1868 3667 quod
1898 3595 2106 3666 promi.

535 3710 646 3764 sit:
676 3702 1051 3776 promissorem
1090 3693 1263 3750 adhuc
1292 3701 1478 3757 tenes,
1527 3689 1879 3747 exbibitorem
1922 3700 2104 3776 autem

536 3775 851 3870 exspectas:
885 3792 937 3847 in
976 3787 1176 3861 judicio
1210 3800 1347 3855 ergo
1382 3781 1504 3838 ﬁdei
1552 3790 1657 3837 tum
1688 3778 1907 3870 elegisti
1954 3775 2104 3847 sequi

536 3869 677 3964 quod
705 3902 806 3943 non
831 3883 998 3939 vides.
1033 3879 1088 3935 ln
1131 3874 1447 3933 abscondito
1486 3882 1569 3929 est
1610 3869 1863 3964 judicium
1920 3877 2099 3964 tuum,

536 3957 709 4036 adhuc
735 3972 1142 4046 reprehenditur
1166 3977 1222 4024 et
1246 3965 1493 4022 irridetur
1516 3964 1587 4018 ab
1608 3960 1943 4016 inﬁdelibus:
1966 3957 2104 4026 Quid

536 4068 849 4128 credidisti?
877 4065 1011 4133 Quid
1039 4063 1129 4118 tibi
1149 4061 1390 4117 Christus
1415 4054 1699 4129 promisit?
1723 4054 1859 4120 Quia
1885 4054 2105 4108 immor-

535 4165 654 4220 talis
682 4159 808 4224 eris,
838 4166 893 4212 et
917 4156 1061 4209 dabit
1102 4152 1196 4207 tibi
1223 4152 1383 4205 vitam
1408 4146 1703 4203 internum?
1730 4145 1817 4199 tibi
1846 4153 1930 4200 est
1965 4144 2104 4199 hoc?

535 4254 745 4327 quando
762 4248 946 4306 dabit?
975 4245 1185 4316 quando
1207 4244 1323 4299 ﬁeri
1351 4240 1567 4312 potest?
1594 4237 1812 4293 Judicas
1838 4244 2021 4327 tamen
2047 4246 2101 4291 tu

535 4326 704 4417 magis
723 4342 871 4413 sequi
899 4338 1164 4395 Christum
1196 4333 1588 4404 promittentem
1623 4327 1765 4399 quod
1795 4343 1902 4382 non
1929 4326 2105 4394 vides,

535 4453 691 4509 quam
743 4432 964 4499 impium
1000 4421 1479 4496 reprehendentem
1531 4418 1824 4474 credidisse
1867 4425 1921 4489 te
1960 4419 2101 4509 quod

535 4508 769 4586 nondum
800 4522 964 4593 vides.
1011 4519 1076 4574 Et
1115 4516 1217 4570 hoc
1242 4523 1319 4569 est
1342 4512 1598 4582 judicium
1629 4519 1780 4566 tuum
1810 4526 1824 4563 :
1865 4518 1919 4563 et
1947 4508 2100 4578 quale

534 4623 602 4676 sit
624 4618 875 4690 judicium
905 4625 1050 4667 tuum
1080 4651 1095 4675 ,
1125 4606 1300 4663 adhuc
1339 4619 1441 4658 non
1487 4611 1707 4672 apparet
1735 4619 1748 4654 :
1779 4602 1831 4656 in
1872 4601 1973 4656 isto
1996 4616 2100 4655 sa:-

535 4714 653 4768 culo
680 4709 828 4780 quasi
881 4720 984 4760 nos
1026 4711 1129 4758 est.
1185 4695 1408 4767 Quando
1434 4708 1564 4764 ergo
1610 4692 1799 4748 educet
1839 4692 2099 4763 judicium

537 4812 680 4856 tuum
711 4798 852 4853 velut
881 4791 1196 4850 meridiem?
1221 4790 1352 4845 Cum
1380 4785 1627 4842 Christus
1651 4783 1957 4853 apparuerit
1994 4783 2100 4837 vita

535 4899 745 4954 nostra,
791 4898 916 4941 tunc
958 4892 1014 4939 et
1040 4896 1135 4937 vos
1157 4896 1278 4936 eum
1325 4880 1440 4950 ipso
1463 4874 1785 4946 apparebitis
1830 4874 1883 4929 in
1931 4875 2100 4945 gloria

535 4983 750 5051 (Coloss.
780 4996 859 5046 m,
888 4978 963 5049 ι).
989 4976 1123 5034 Cum
1164 4974 1369 5030 venerit
1408 4972 1592 5043 judicii
1620 4970 1774 5040 dies,
1817 4979 1873 5026 et
1897 4970 2104 5025 venerit

448 5052 457 5058 ’
533 5075 796 5132 Chrisms,
828 5080 882 5126 et
908 5068 1309 5138 congregaverit
1341 5079 1526 5129 omnes
1548 5073 1734 5135 gentes
1765 5063 2098 5132 iudicandas,

534 5165 658 5235 quid
681 5164 782 5218 erit
803 5161 969 5215 tunc?
997 5160 1192 5228 impius
1215 5157 1301 5212 ubi
1327 5154 1616 5212 abscondet
1635 5152 1905 5224 perﬁdiam
1926 5170 2097 5221 suam,

535 5273 652 5311 cum
670 5253 849 5308 videro
871 5250 1027 5305 fidem
1049 5248 1260 5304 meum?
1289 5248 1427 5317 Ergo
1447 5245 1784 5314 mu’doquid?
1810 5244 2098 5313 Angustias,

534 5347 898 5403 tribulationes
921 5351 976 5397 et
1013 5338 1349 5395 teutationes.
1374 5339 1441 5393 Et
1467 5339 1653 5393 beatus
1680 5338 1769 5408 qui
1795 5337 2046 5408 perdurat
2082 5355 2097 5391 :

595 5509 610 5539 ¹
647 5507 718 5554 sic
740 5512 840 5552 \lSS.
865 5508 917 5550 At
940 5497 1070 5553 Edd.,
1094 5486 1380 5559 prieparari.

562 5626 567 5629 _
595 5571 615 5601 ¹
647 5569 863 5629 Quinque
884 5570 974 5611 Mss
997 5597 1011 5621 ,
1046 5559 1097 5609 in
1119 5561 1296 5608 lumen.

532 5686 580 5727 s.
601 5679 815 5739 Cypriani
840 5691 852 5725 :
877 5686 973 5739 qua
996 5675 1042 5741 in
1065 5672 1257 5741 civitate
1280 5670 1369 5741 hos
1390 5681 1584 5741 quoque
1608 5681 1759 5741 super
1784 5667 2017 5741 psalmum
2038 5672 2099 5722 56

535 5730 785 5792 sermones
806 5730 1134 5801 pronuntiatus
1156 5736 1305 5785 fuisse
1328 5730 1576 5795 intelliges
1592 5730 1735 5785 variis
1752 5730 1815 5782 ex
1834 5732 1967 5783 locis.

2044 5836 2123 5845 *ιο

1742 281 1800 331 S.
1843 272 2205 335 AUGUSTI'NI
2247 272 2540 365 EPlSCOli

2220 388 2341 457 quia
2383 387 2473 457 qui
2502 388 2927 458 perseveraverit
2953 407 3120 462 usque
3165 392 3215 448 in
3255 393 3437 460 ﬁnem,
3483 392 3572 450 hic
3612 395 3793 452 salvus

2217 478 2321 533 erit
2340 476 2552 548 (Matth.
2581 493 2730 544 xxiv,
2764 480 2873 548 13).
2922 478 3197 536 Neccedat
3232 482 3671 551 insuitatoribus,
3723 500 3793 543 ne

2218 567 2380 638 eligat
2416 567 2501 623 hic
2527 566 2718 623 ﬂorere
2739 577 2795 624 ut
2812 571 2827 600 ⁸
2850 585 2916 624 ex
2944 570 3137 626 arbore
3164 571 3358 628 Renum
3388 574 3494 628 fiat.

2291 658 2345 715 8.
2374 657 2528 730 [sers.
2549 658 2693 732 7-9.]
2713 659 2847 728 Quid
2872 660 3025 731 igitur
3041 661 3250 719 debeo?
3273 662 3407 731 Quid
3422 664 3620 722 debeas
3638 665 3793 721 audi:

2220 749 2461 805 Subditus
2485 762 2589 805 esto
2613 749 2850 818 Domino,
2873 761 2918 806 et
2944 754 3147 813 obsecra
3161 771 3297 808 eum.
3326 754 3437 811 Hoc
3460 757 3529 811 sit
3548 758 3653 811 vita
3679 769 3783 829 tua,

2218 838 2436 895 obedire
2464 841 2742 910 praeceptis
2767 840 2901 912 ejus.
2945 842 3057 899 Hoc
3093 852 3176 898 est
3221 836 3364 900 enim
3400 845 3668 901 subditum
3716 848 3791 904 ill"

2218 945 2357 997 esse,
2394 941 2449 987 et
2486 931 2786 997 obsecrare,
2812 931 2981 989 donec
3007 934 3098 990 det
3120 934 3261 1005 quod
3301 936 3561 1006 promisit.
3608 937 3790 995 Pcrsev

2158 1026 2165 1033 '
2217 1032 2369 1080 veret
2404 1023 2599 1079 bonum
2626 1039 2780 1092 onus,
2808 1037 3108 1095 perseveret
3127 1036 3183 1083 et
3200 1029 3391 1083 oratio.
3411 1027 3781 1098 Oporteteniir

2217 1127 2427 1184 semper
2460 1128 2614 1170 orare
2634 1155 2659 1181 ,κ
2692 1124 2749 1170 et
2789 1130 2901 1169 non
2931 1114 3157 1171 deiicere
3197 1116 3365 1187 (Luc.
3397 1132 3557 1187 xvm,
3585 1121 3611 1174 1
3647 1121 3686 1190 ).
3734 1121 3785 1176 ir

2219 1219 2326 1274 quo
2352 1218 2578 1275 appares
2602 1205 2879 1261 subditus?
2919 1206 3183 1262 Faciendo
3221 1208 3359 1280 quod
3388 1212 3658 1281 praet-pit.
3687 1211 3787 1268 Set.

2218 1295 2518 1351 mercedem
2547 1295 2781 1351 nondum
2810 1297 3027 1369 accipis,
3051 1297 3184 1354 τοι-ιθ
3202 1299 3324 1370 quia
3347 1314 3541 1371 capere
3560 1303 3789 1359 nonduin

2219 1394 2390 1455 potes.
2417 1385 2533 1442 iam
2554 1387 2693 1443 enim
2717 1387 2804 1443 ille
2829 1396 3002 1458 potest
3021 1388 3168 1456 dare,
3195 1389 3292 1445 sed
3319 1399 3374 1446 tu
3399 1407 3502 1446 non
3530 1402 3681 1463 potes
3705 1411 3794 1449 ac-

2217 1479 2412 1549 cipere.
2441 1479 2704 1536 Exercere
2724 1480 2992 1550 operibus,
3010 1481 3190 1537 labora
3220 1481 3274 1538 in
3300 1484 3457 1540 vinea
3485 1503 3498 1539 :
3533 1486 3683 1540 linito
3706 1485 3794 1541 die

2218 1577 2339 1638 pete
2373 1569 2670 1625 mercedem
2706 1587 2719 1623 :
2748 1569 2919 1627 ﬁdelis
2944 1578 3027 1627 est
3052 1573 3142 1643 qui
3171 1584 3223 1628 te
3249 1574 3469 1629 adduxit
3491 1575 3558 1630 ad
3584 1577 3791 1635 vineam

2219 1659 2429 1730 (Matth.
2459 1676 2550 1726 xx,
2569 1660 2644 1733 8).
2677 1660 2919 1716 Subditus
2941 1671 3044 1717 esto
3067 1661 3316 1731 Domino,
3352 1675 3396 1720 et
3427 1667 3629 1721 obsecra
3653 1684 3792 1723 eum.

2287 1750 2341 1807 9.
2382 1751 2519 1806 Ecce
2548 1751 2716 1818 facio;
2757 1752 2997 1810 subditus
3039 1770 3157 1811 sum
3199 1756 3445 1821 Domino,
3485 1767 3541 1814 et
3565 1759 3795 1816 obsecro

2216 1858 2359 1900 eum.
2402 1844 2505 1901 Sed
2548 1845 2676 1915 quid
2720 1846 2817 1902 tibi
2857 1847 3102 1903 videtur?
3150 1849 3364 1905 Vicinus
3406 1851 3496 1906 ille
3536 1867 3791 1923 nequam,

2215 1937 2356 1991 male
2378 1950 2540 2006 agens
2564 1945 2619 1992 et
2643 1935 2840 1993 ﬂorens
2865 1947 2979 2003 est;
3014 1937 3153 1994 furta
3186 1940 3301 2010 ejus
3319 1982 3335 2009 ,
3361 1941 3618 1999 adulteria
3647 1945 3791 2016 ejus,

2215 2026 2426 2096 rapinas
2453 2027 2568 2097 ejus
2602 2044 2702 2099 ego
2724 2030 2880 2095 novi;
2917 2026 2975 2085 in
3011 2030 3258 2087 omnibus
3287 2034 3477 2103 elatus,
3503 2036 3792 2107 superbus,

2215 2136 2313 2191 per
2336 2122 2663 2192 iniquitatem
2689 2124 2946 2178 exaltatus
2967 2139 3071 2178 non
3099 2139 3182 2180 me
3198 2125 3441 2197 dignatur
3459 2143 3755 2199 agnoscere
3777 2150 3792 2185 :

2214 2213 2267 2269 in
2296 2212 2383 2268 bis
2407 2212 2671 2284 quomodo
2691 2213 2931 2270 (iurabo?
2950 2214 3165 2270 Morbus
3187 2216 3277 2272 ille
3297 2227 3395 2284 est,
3418 2218 3540 2274 bibe
3561 2232 3757 2275 contra
3778 2240 3793 2277 :

2216 2302 2300 2358 Ne
2323 2302 2669 2358 submuleris
2686 2321 2802 2359 eum
2826 2305 2913 2374 qui
2950 2306 3276 2376 prosperatur
3306 2307 3359 2361 in
3388 2309 3466 2362 via
3502 2326 3612 2364 sua.
3658 2311 3796 2367 Pro-

2213 2403 2477 2464 speratur,
2502 2395 2597 2450 sed
2624 2395 2673 2450 in
2696 2396 2778 2450 via
2798 2410 2891 2450 sua
2921 2414 2935 2451 :
2961 2396 3192 2465 laboras,
3224 2398 3317 2453 sed
3350 2386 3533 2455 'in-via
3562 2401 3678 2457 Dei.
3716 2403 3793 2458 ltli

2214 2489 2536 2559 prosperitas
2563 2488 2614 2542 in
2645 2490 2726 2543 via
2755 2497 2854 2555 est,
2886 2489 2939 2543 in
2966 2491 3307 2559 perventione
3335 2492 3616 2550 infelicitas
3644 2513 3658 2548 :
3694 2497 3794 2552 tibi

2212 2580 2364 2636 labor
2415 2581 2468 2635 in
2526 2581 2650 2647 via,
2708 2580 2761 2636 in
2818 2582 3161 2652 perventione
3211 2583 3475 2653 felicitas;
3537 2588 3797 2657 quoniam

2213 2670 2319 2727 iter
2345 2671 2625 2742 impiorum
2653 2671 2862 2742 peribit.
2894 2672 3049 2727 Novit
3079 2673 3339 2731 Dominus
3359 2675 3466 2732 iras
3485 2677 3790 2747 justoruin,

2213 2771 2270 2819 et
2313 2761 2417 2818 iter
2462 2762 2741 2832 impiorum
2791 2764 2983 2835 peribit
3033 2764 3052 2836 (
3078 2763 3220 2819 Prol.
3264 2782 3313 2832 ι,
3355 2768 3399 2822 κϐ
3421 2767 3465 2838 ).
3514 2766 3619 2825 Has
3675 2771 3796 2827 vias

2212 2853 2451 2910 ambulas
2494 2868 2627 2924 quas
2675 2854 2826 2908 novit
2861 2854 3155 2921 Dominus;
3187 2865 3242 2911 et
3272 2856 3317 2912 si
3356 2857 3564 2914 laboras
3599 2860 3650 2914 in
3686 2862 3791 2928 eis,

2212 2961 2322 3001 non
2349 2956 2399 3001 te
2423 2946 2608 3001 fallunt
2628 2946 2671 3000 ³.
2708 2944 2807 3001 Via
2832 2961 2957 3002 vero
2976 2946 3257 3017 impiorum
3283 2946 3504 3005 felicitas
3532 2951 3795 3007 transito-

2211 3038 2289 3091 ria
2319 3054 2332 3090 :
2366 3035 2511 3091 ﬁnita
2540 3036 2623 3091 via
2641 3076 2657 3102 ,
2682 3044 2892 3107 peracta
2919 3045 3003 3092 est
3034 3036 3274 3093 felicitas.
3303 3037 3517 3107 Quare?
3538 3039 3673 3109 Quia
3708 3043 3792 3099 via

2211 3130 2297 3185 illa
2328 3130 2433 3185 lata
2456 3138 2558 3196 est,
2587 3129 2707 3186 ﬁnis
2736 3130 2852 3201 ejus
2877 3129 2930 3185 in
2958 3130 3276 3201 profundum
3301 3131 3488 3188 inferni
3518 3135 3793 3204 perducit.

2214 3220 2307 3276 Via
2326 3236 2455 3276 vero
2472 3230 2556 3276 tua
2573 3229 2790 3291 angusta
2811 3229 2915 3287 est,
2933 3229 2984 3275 et
3001 3220 3151 3290 pauci
3171 3220 3533 3292 ingrediuntur
3551 3238 3647 3294 per
3666 3241 3791 3281 eam

2212 3311 2436 3384 (Matth.
2462 3329 2553 3378 vn,
2577 3314 2665 3379 l3,
2691 3313 2793 3385 14)
2823 3330 2836 3367 :
2864 3313 2958 3368 sed
2981 3313 3048 3368 ad
3069 3329 3227 3383 quam
3248 3315 3577 3371 latitudinem
3595 3333 3791 3387 perve-

2210 3405 2356 3460 niant
2367 3404 2388 3437 ⁸
2406 3405 2571 3461 debes
2582 3405 2832 3476 cogitare.
2849 3404 2932 3461 Ne
2940 3406 3281 3462 subministrari:
3293 3423 3405 3462 eum
3418 3410 3504 3479 qui
3519 3427 3795 3481 prespm

2210 3506 2294 3552 tur
2317 3498 2368 3552 in
2388 3498 2469 3553 ria
2489 3515 2600 3552 sua.
2629 3497 2695 3553 In
2722 3497 2920 3551 homine
2947 3498 3161 3568 faciente
3176 3499 3504 3568 iniquitatem,
3538 3504 3795 3559 desineab

2209 3588 2305 3655 ira,
2324 3599 2369 3643 et
2385 3588 2675 3657 derelinque
2689 3590 2909 3655 furorem
2922 3586 2962 3641 ³.
2986 3587 3122 3657 Quid
3143 3589 3520 3645 stomacharis?
3543 3591 3683 3657 Quid
3701 3606 3793 3662 per

2210 3678 2534 3736 iracundiam
2563 3689 2615 3734 et
2644 3678 3055 3749 indignationem
3084 3680 3240 3735 istam
3280 3692 3369 3735 aut
3410 3680 3790 3753 blasphemas,

2208 3782 2299 3825 aut
2319 3785 2483 3840 prope
2507 3769 2873 3840 blasphemas?
2899 3769 2965 3824 In
2986 3771 3185 3825 homine
3209 3773 3421 3843 faciente
3439 3773 3789 3846 iniquitatem,

2209 3860 2377 3916 desine
2411 3861 2475 3916 ab
2509 3861 2622 3927 ira,
2664 3870 2711 3916 et
2752 3861 3037 3932 derelinque
3080 3864 3322 3935 furorem.
3364 3864 3551 3921 Nescis
3590 3885 3702 3938 quo
3743 3879 3793 3924 te

2209 3961 2462 4023 provocet
2492 3953 2570 4008 ira
2605 3952 2745 4008 ista?
2791 3954 3035 4009 Dicturus
3065 3966 3127 4011 es
3160 3956 3267 4011 Deo
3290 3956 3412 4026 quia
3442 3958 3655 4030 iniquas
3685 3973 3791 4025 est,

2209 4045 2335 4101 illuc
2358 4044 2545 4115 pergit.
2593 4045 2731 4101 Ecce
2759 4045 2849 4101 ille
2873 4062 3038 4117 quare
3064 4046 3189 4103 felix
3220 4057 3339 4114 est,
3380 4060 3434 4105 et
3476 4052 3565 4106 ille
3604 4054 3791 4109 infelix

2209 4137 2323 4192 est?
2363 4136 2498 4192 Vide
2521 4136 2644 4207 quid
2677 4135 2887 4206 pariat:
2919 4138 3086 4194 oﬁ'oca
3132 4140 3327 4195 malam
3360 4146 3793 4213 conceptionem.

2207 4225 2394 4281 Desine
2419 4226 2481 4280 ab
2507 4227 2605 4292 ira,
2632 4237 2677 4281 et
2698 4227 2984 4300 derelinque
3009 4229 3421 4301 indignationem,
3443 4244 3499 4289 ut
3518 4234 3629 4304 jam
3654 4240 3797 4293 resi-

2206 4318 2418 4387 piscens
2460 4317 2607 4371 dicas
2652 4333 2666 4370 :
2711 4316 2959 4372 Turbatus
3005 4329 3075 4374 est
3130 4337 3239 4392 pra:
3287 4322 3368 4375 ira
3418 4326 3598 4379 oculus
3638 4343 3797 4383 meus

2207 4407 2393 4483 (Psal.
2447 4425 2530 4471 νι,
2583 4408 2680 4479 8).
2733 4409 2861 4478 Quis
2908 4412 3110 4477 oculus,
3164 4413 3263 4468 nisi
3304 4413 3465 4469 ﬁdei?
3509 4416 3796 4489 interrogo

2206 4502 2416 4558 oculum
2447 4500 2567 4556 ﬁdei
2597 4510 2697 4556 tua:
2721 4519 2735 4556 :
2762 4502 3040 4557 Credidisti
3070 4503 3123 4557 in
3145 4503 3448 4570 Christum;
3476 4522 3643 4576 quare
3672 4525 3800 4564 cre-

2206 4594 2420 4651 didisti?
2447 4594 2583 4660 Quid
2621 4595 2713 4650 tibi
2744 4595 3020 4664 promisit?
3048 4595 3102 4651 Si
3129 4595 3434 4653 felicitatem
3474 4601 3659 4654 saeculi
3694 4603 3799 4654 liii-

2201 4687 2288 4758 jus
2330 4687 2424 4741 tibi
2466 4687 2705 4757 promisit
2746 4686 2984 4741 Christus
3004 4728 3018 4750 ,
3050 4702 3318 4742 murmura
3345 4687 3600 4743 adversus
3627 4690 3798 4746 Chri-

2207 4786 2370 4838 stum,
2389 4792 2658 4831 murmura
2697 4775 2949 4831 adversus
2984 4777 3154 4841 illum,
3182 4777 3393 4847 quando
3417 4778 3563 4833 vides
3594 4780 3803 4838 infide-

2207 4869 2313 4925 lem
2342 4868 2570 4924 felicem.
2601 4868 2738 4937 Quid
2768 4869 2859 4923 tibi
2884 4870 3129 4940 promisit
3164 4869 3465 4928 felicitatis?
3506 4872 3646 4938 Quid
3689 4879 3797 4929 uisx

2207 4962 2261 5018 in
2282 4960 2669 5018 resurrectione
2688 4960 3052 5015 mortuomm?
3076 4959 3209 5027 Quid
3239 4970 3413 5016 autem
3435 4962 3486 5016 in
3507 4963 3605 5018 hac
3632 4965 3753 5018 vita
3774 4966 3798 5019 ε

2206 5055 2356 5123 Quod
2382 5055 2494 5125 ipse
2522 5070 2537 5108 :
2568 5053 2711 5124 quod
2738 5053 2868 5123 ipse,
2888 5053 3121 5123 inquam.
3147 5054 3229 5108 An
3249 5052 3572 5125 dedignaris,
3601 5070 3802 5120 serve,

2208 5145 2486 5218 discipule,
2512 5142 2655 5215 quod
2681 5143 2958 5212 Dominus,
2988 5144 3131 5215 quod
3156 5145 3407 5216 magister
3424 5145 3446 5177 ⁸
3462 5145 3485 5200 2
3504 5144 3704 5203 Nonne
3724 5151 3803 5205 ab

2271 5303 2287 5334 ι
2327 5310 2424 5351 Am.
2451 5309 2503 5351 et
2521 5306 2650 5359 Mss...
2672 5304 2718 5351 et
2749 5312 2813 5351 ea:
2834 5299 3022 5360 arbore,
3048 5310 3141 5353 etc.

2268 5366 2396 5435 ’.βῆς
2415 5376 2585 5432 omnes
2606 5375 2757 5435 prope
2792 5369 2899 5435 uss.
2921 5371 2990 5435 .Al
3012 5364 3141 5435 fddg
3170 5372 3269 5414 Has
3289 5365 3390 5417 vias
3411 5366 3627 5430 ambula,
3665 5381 3809 5434 quas

2205 5423 2331 5494 muit
2346 5423 2619 5494 (Dominus:
2641 5423 2750 5494 elisi
2770 5424 2986 5475 ambulas
3007 5425 3058 5475 in
3078 5425 3167 5487 eis,
3199 5435 3294 5478 etc.

2270 5488 2290 5519 ³
2320 5493 2421 5534 Mss.
2431 5519 2444 5540 ,
2469 5488 2723 5546 perveniat.

2268 5549 2288 5620 ξ
2320 5545 2534 5620 tfonqulﬁ
2555 5554 2660 5620 less.
2685 5555 2974 5620 constanter.
3002 5545 3397 5620 indignationem.
3468 5612 3479 5620 Δ
3608 5610 3618 5620 ,

2265 5611 2295 5675 ⁸.
2320 5610 2391 5656 Sic
2412 5606 2592 5676 aliquot
2611 5616 2718 5676 siss.
2740 5611 2851 5676 Edd.
2874 5625 2989 5660 vero
3014 5625 3025 5660 :
3053 5606 3175 5676 (ιρῖῐᾷ
3198 5619 3357 5676 autem
3380 5615 3430 5676 in
3460 5612 3551 5662 hac
3570 5610 3683 5676 sitq
3698 5630 3799 5676 ραν

2204 5668 2338 5742 teris,
2362 5668 2595 5742 quodnon
2617 5669 2738 5739 ipse,
2760 5672 2812 5720 in
2828 5684 2936 5731 (nia:
3137 5673 3420 5742 dedignaris
3456 5686 3604 5735 serue,
3621 5668 3796 5731 discir

2204 5730 2331 5797 pale,
2352 5742 2495 5793 quam
2517 5730 2763 5795 Dominus,
2787 5730 2929 5797 quam
2952 5730 3174 5799 magister
3198 5734 3224 5787 2
