3972 6198
541 291 653 375 δεῖ

552 428 621 467 tiu
649 416 730 467 cui
756 411 974 472 iniides,
1008 410 1104 463 iste
1136 407 1232 463 llos
1272 416 1351 460 est
1399 404 1485 476 qui
1529 411 1579 455 te
1623 397 1891 453 delectat?
1930 394 2115 449 Nonne

464 566 473 589 ι
550 510 648 561 eisi
692 515 900 570 semper
930 500 1006 554 sic
1043 507 1185 553 esset
1223 493 1546 567 plangendus
1581 490 1752 546 esset?
1793 488 1922 554 Qua:
1966 494 2116 539 erunt

540 604 725 651 autem
746 592 947 647 delicia:
969 591 1106 644 tum?
1135 586 1198 643 Et
1219 584 1595 641 delectabantur
1620 581 1673 634 in
1696 576 2016 632 multitudine
2035 591 2120 644 pa-

549 686 639 739 cis.
683 686 883 738 Aurum
925 691 1068 734 tuum
1109 693 1241 750 pax,
1270 682 1545 746 argentum
1576 680 1723 725 tuum
1761 683 1894 738 pax,
1926 663 2119 736 priedia

542 785 642 830 ‘tua
665 786 787 845 pax,
812 773 919 826 vita
948 780 1035 826 tua
1065 786 1183 841 pax,
1216 769 1357 825 Deus
1384 775 1505 821 tuus
1533 779 1651 834 pax.
1685 757 1944 829 Quidquid
1975 756 2122 811 desi-

549 869 725 933 deras,
754 880 856 936 pax
892 864 986 919 tibi
1026 863 1147 918 erit.
1197 860 1329 928 Quia
1376 858 1462 912 liic
1497 870 1684 910 aurum
1714 850 1855 922 quod
1884 856 1984 916 est,
2016 862 2120 901 non

542 968 726 1030 ‘potest
751 957 844 1012 tibi
868 971 989 1011 esse
1014 962 1319 1024 argentum;
1351 947 1491 1019 quod
1517 947 1696 1000 vinum
1723 950 1805 998 est
1823 982 1839 1008 ,
1883 955 1987 995 non
2024 952 2121 1008 po-

554 1060 659 1108 test
687 1050 779 1104 tibi
808 1063 927 1104 esse
956 1046 1133 1117 panis;
1166 1042 1305 1114 quod
1338 1039 1428 1094 tibi
1452 1038 1538 1092 lux
1556 1034 1785 1102 est,’iion
1813 1038 1988 1103 potest
2005 1042 2125 1084 esse

551 1155 709 1216 potus
737 1161 751 1198 :
779 1144 920 1197 Deus
946 1148 1066 1194 tuus
1092 1146 1259 1192 totum
1305 1134 1394 1189 libi
1433 1131 1557 1188 erit.
1600 1125 1937 1184 Maiidueabis
1964 1136 2121 1189 eum,

551 1213 878 1296 ncesurias;
905 1230 1054 1285 bibes
1078 1243 1221 1293 eum,
1250 1239 1317 1280 ne
1342 1223 1518 1287 sitias;
1547 1215 1929 1274 illuminaberis
1948 1213 2016 1269 ab
2034 1227 2121 1276 eo,

552 1344 622 1382 ne
647 1328 721 1382 sis
746 1338 951 1388 caicus;
974 1319 1214 1377 fulcieris
1243 1317 1310 1373 ab
1335 1331 1421 1382 eo,
1448 1328 1515 1370 ne
1542 1310 1789 1375 delicias;
1834 1305 2125 1379 possidebit

550 1430 607 1476 te
644 1428 810 1475 totum
838 1418 1105 1486 integrum
1126 1454 1140 1475 ,
1171 1420 1312 1467 totus
1351 1409 1576 1479 integer.
1609 1401 1892 1476 Angustias
1918 1415 2024 1455 non
2052 1396 2124 1453 ibi

440 1528 464 1541 -
557 1509 917 1579 patieriseiim
946 1522 1011 1560 eo
1035 1519 1154 1559 cum
1185 1516 1290 1571 quo
1322 1508 1487 1554 totum
1523 1494 1765 1568 possides
1794 1501 1998 1548 :totum
2028 1488 2124 1542 ba-

548 1601 727 1668 bebis,
755 1609 922 1654 totum
951 1606 1004 1652 et
1024 1596 1112 1650 ille
1142 1591 1382 1655 habebit;
1414 1590 1535 1661 quia
1555 1596 1610 1642 tu
1644 1594 1697 1640 et
1720 1584 1809 1641 ille
1833 1596 1992 1638 unum
2021 1579 2127 1633 eri-

552 1696 646 1756 ris,
673 1691 814 1764 quod
838 1704 996 1744 unum
1016 1696 1184 1742 totum
1207 1694 1261 1739 et
1281 1683 1369 1737 ille
1393 1679 1606 1736 habebit
1631 1676 1720 1748 qui
1744 1689 1843 1730 vos
1868 1670 2123 1743 possidet.

549 1784 650 1838 illac
676 1790 803 1838 sunt
829 1780 1053 1849 reliquie:
1096 1775 1285 1830 homini
1320 1772 1550 1844 paciﬁca.
1591 1768 1705 1825 Hoc
1747 1765 2120 1822 cantavimiis:

546 1878 643 1947 qui
671 1888 856 1930 versus
875 1874 1030 1942 longe
1055 1867 1263 1938 quidem
1290 1873 1375 1920 est
1398 1865 1450 1919 in
1470 1863 1571 1917 isto
1592 1860 1797 1930 psalmo
1820 1856 1886 1911 ab
1906 1854 1993 1947 bis
2017 1863 2127 1908 tra-

551 1943 711 2021 etatis
736 1962 992 2019 versibus.
1021 1958 1122 2015 Sed
1149 1958 1270 2027 quia
1291 1956 1463 2025 ipsum
1484 1950 1830 2011 cantavimus,
1856 1945 1923 2000 ad
1953 1943 2124 2015 ipsum

555 2059 801 2115 claudere
839 2056 1113 2112 debemus.
1138 2049 1219 2107 Tu
1246 2058 1446 2105 tantum
1470 2057 1698 2100 securus
1734 2050 1888 2106 esto;
1931 2035 2127 2093 custodi

552 2152 919 2211 innocentiam,
974 2147 1203 2217 pretiosa
1249 2157 1338 2198 res
1387 2149 1488 2195 est.
1539 2136 1727 2193 Furari
1773 2136 1853 2189 vis
1895 2130 2122 2203 a2iqdid,

554 2244 737 2309 credo,
762 2233 824 2295 iit
846 2240 1089 2309 acquiras
1120 2254 1133 2290 :
1163 2235 1282 2290 vide
1305 2249 1409 2305 quo
1438 2244 1652 2286 manum
1681 2226 1874 2293 mittis,
1904 2233 1960 2281 et
1985 2221 2128 2278 unde

557 2337 717 2390 tollis.
749 2333 859 2389 ﬂac
885 2333 962 2385 vis
987 2330 1282 2399 acquirere,
1305 2327 1403 2380 hac
1440 2324 1618 2394 perdis
1650 2341 1665 2377 :
1704 2320 1935 2391 acqiiiris
1962 2332 2124 2388 pecu-

565 2429 725 2489 niam,
748 2404 927 2497 perdis
958 2420 1337 2476 innocentiam.
1360 2414 1586 2486 Evigilet
1612 2413 1787 2485 potius
1814 2425 1907 2464 cor
1933 2419 2077 2463 tuum
2108 2423 2123 2461 :

557 2524 644 2592 qui
659 2521 874 2584 volebas
893 2519 1166 2588 acquirere
1184 2515 1460 2585 pecuniam
1481 2520 1535 2566 et
1555 2507 1730 2580 perdis
1751 2502 2123 2565 innocentiam,

558 2614 719 2685 perde
745 2612 916 2683 potius
943 2608 1213 2685 pecuniam
1247 2623 1261 2660 :
1292 2602 1498 2660 Custodi
1522 2598 1852 2654 innocentiam
1872 2636 1888 2661 ,
1927 2605 1973 2648 et
2017 2593 2128 2646 vide

560 2678 916 2766 directionem,
944 2678 1063 2771 quia
1090 2678 1281 2767 diriget
1311 2706 1361 2751 te
1390 2695 1549 2760 Deus,
1573 2700 1631 2745 ut
1654 2689 1827 2745 omnia
1852 2701 2125 2758 qusi-cum-

559 2813 662 2865 qiie
686 2796 817 2857 vult,
840 2794 970 2849 velis
995 2800 1051 2847 et
1076 2799 1129 2844 tii
1161 2807 1175 2843 :
1210 2789 1320 2859 ipsa
1345 2786 1484 2842 enim
1509 2792 1593 2840 est
1626 2780 1865 2837 directio.
1910 2777 2039 2865 Nam
2081 2777 2125 2831 si

560 2864 614 2950 tii
645 2889 779 2942 nolis
803 2885 942 2957 quod
972 2884 1114 2939 Deus
1136 2882 1266 2948 vult,
1295 2892 1486 2935 curvus
1512 2876 1638 2942 eris,
1673 2883 1730 2929 et
1771 2872 2002 2944 pravitas
2022 2864 2127 2924 'tiia

561 2996 665 3034 non
698 2989 749 3034 te
775 2977 1043 3048 permittet
1061 2972 1263 3045 planari
1280 2974 1295 3003 ’
1321 2978 1487 3026 recto.
1510 2966 1714 3023 Custodi
1734 2981 1862 3036 ergo
1889 2965 2125 3018 innocen-

561 3076 702 3135 tiam,
733 3071 841 3124 uide
861 3068 1183 3123 directionem
1212 3080 1232 3119 :
1258 3073 1312 3118 et
1334 3061 1441 3117 nuli
1469 3070 1655 3133 putare
1681 3058 1801 3128 quia
1843 3057 1986 3111 ﬁnita
2030 3057 2128 3138 ista

562 3165 689 3228 vita,
720 3161 895 3214 linitiis
919 3166 1001 3213 est
1028 3156 1215 3220 homo;
1242 3153 1361 3225 quia
1388 3160 1502 3206 sunt
1528 3145 1750 3219 reliquiic
1774 3148 1962 3201 homini
1990 3145 2129 3215 paci-

565 3256 679 3325 fico.

1209 3328 1379 3370 δειηιο
1415 3329 1451 3368 Il
1460 3351 1472 3365 .

988 3474 1062 3529 De
1079 3469 1296 3527 secunda
1329 3476 1471 3540 parte
1495 3464 1710 3521 Psalnii.

639 3636 689 3689 l.
721 3633 796 3687 De
821 3630 1023 3702 psalmo
1047 3628 1149 3682 isto
1186 3625 1326 3695 loqui
1373 3621 1623 3702 Charitati
1656 3619 1856 3675 Vestra:
1879 3659 1894 3682 ,
1927 3628 1980 3673 et
1998 3616 2133 3686 jussi

567 3743 765 3792 sumus,
797 3700 851 3780 et
877 3724 1240 3791 obtemperare
1263 3700 1560 3772 ilcbiiimiis.
1593 3711 1768 3765 Voluit
1792 3712 1931 3764 enim
1955 3708 2135 3764 Domi-

571 3837 668 3874 nus
723 3826 937 3888 propter
980 3812 1226 3868 imbrium
1273 3806 1591 3861 nimietatem
1635 3800 1906 3857 retardare
1950 3796 2132 3869 profe-

569 3914 794 3965 etionem
825 3918 1095 3970 nosnain;
1141 3913 1192 3956 et
1223 3901 1538 3969 imperatum
1568 3906 1650 3951 est
1676 3894 1827 3948 nobis
1846 3934 1862 3960 ,
1892 3908 1958 3949 ne
1982 3906 2135 3946 vaca-

572 4014 648 4057 ret
680 4001 764 4055 hic
787 4015 909 4069 erga
941 4012 1035 4051 vos
1061 3997 1237 4064 lingua
1268 4001 1467 4055 nostra,
1499 4005 1617 4044 eum
1645 3986 1823 4042 cordis
1852 3984 2013 4041 nostri
2038 3998 2135 4039 ne-

572 4092 770 4162 gotium
798 4104 1007 4158 semper
1033 4088 1148 4141 sitis
1175 4087 1195 4117 ⁸
1215 4124 1232 4152 ,
1269 4084 1403 4138 sicut
1430 4093 1483 4136 et
1512 4096 1608 4135 nos
1638 4079 1815 4134 vestri.
1848 4077 2135 4132 Commen—

573 4182 888 4236 daveraiiius
913 4187 1086 4230 autem
1120 4175 1227 4245 jam
1256 4173 1578 4228 voluntatem
1607 4170 1696 4224 Dei
1719 4169 1771 4222 in
1791 4168 1893 4222 isto
1912 4167 2134 4237 psalmo,

575 4269 697 4340 quid
729 4284 825 4323 nos
853 4267 977 4321 velit
1008 4265 1200 4318 docere
1223 4302 1239 4328 ,
1286 4262 1410 4332 quid
1437 4260 1723 4316 admonere
1743 4298 1758 4322 ,
1796 4265 1982 4311 contra
2011 4255 2135 4325 quid

575 4372 759 4418 cautos
787 4373 906 4415 esse
931 4399 944 4422 ,
973 4367 1023 4410 et
1066 4354 1191 4425 quid
1234 4353 1462 4407 tolerare
1485 4393 1501 4417 ,
1527 4361 1581 4407 et
1606 4349 1731 4421 quid
1760 4362 1994 4419 sperare.
2028 4348 2139 4400 Duo

575 4457 717 4510 enim
759 4466 953 4524 genera
981 4449 1284 4511 hominum,
1314 4445 1575 4514 jiistorum
1613 4452 1669 4497 et
1711 4442 2043 4511 iniquorum,
2087 4441 2137 4494 iii

579 4549 678 4601 hac
707 4556 845 4600 terra
876 4550 931 4596 et
955 4541 1005 4594 iii
1035 4538 1132 4593 bac
1161 4537 1263 4588 vita
1299 4533 1581 4588 commixta
1623 4541 1763 4587 sunt.
1797 4531 2000 4585 Habent
2027 4530 2138 4602 sin-

577 4641 695 4710 gula
724 4640 820 4691 ista
847 4648 1040 4702 genera
1068 4629 1309 4701 proprias
1346 4625 1668 4680 intentiones
1696 4623 1869 4678 cordis
1902 4622 2003 4676 sui.
2033 4621 2141 4678 Ge-

581 4746 678 4784 nus
710 4728 971 4798 justoruiii
998 4731 1223 4778 comitur
1259 4719 1311 4772 in
1341 4716 1583 4771 sublimia
1613 4731 1705 4784 per
1744 4714 2091 4767 humilitatem
2126 4731 2140 4767 :

581 4835 746 4888 genus
777 4816 1074 4884 iniquorum
1117 4807 1485 4881 prieponderat
1514 4805 1578 4858 ad
1622 4804 1872 4858 inferiora
1900 4820 1994 4874 per
2028 4805 2141 4859 ela-

581 4912 798 4965 tionein.
833 4908 943 4962 lloe
965 4906 1106 4961 enim
1139 4920 1196 4957 se
1221 4902 1475 4972 deprimit
1500 4909 1557 4954 ut
1575 4908 1775 4968 surgat,
1808 4899 1931 4953 illud
1961 4915 2019 4953 se
2047 4916 2143 4953 ex-

585 5006 720 5061 tollit
745 5010 800 5057 ul
833 4993 1003 5055 cadat.
1037 5000 1112 5053 Ex
1141 5014 1203 5051 eo
1230 4999 1286 5049 lit
1312 5005 1367 5049 iit
1394 5010 1554 5049 unum
1580 5009 1744 5063 genus
1772 4993 1979 5057 toleret,
2012 4994 2144 5045 alte-

582 5195 706 5231 runt.
733 5179 863 5227 Baias
886 5174 1008 5224 forte
1033 5186 1095 5222 ex
1120 5171 1424 5235 pulcherrimi
1457 5178 1515 5235 et
1543 5168 1849 5235 celeberrimi
1884 5169 2149 5235 Campania:

582 5229 625 5304 δέ
644 5229 952 5305 pidinomiue
981 5229 1219 5305 vocabant
1238 5244 1423 5305 alumna
1457 5231 1556 5305 logi
1597 5239 1647 5279 et
1687 5231 1924 5305 fructuosa
1949 5229 2143 5305 piitedia,

582 5290 657 5356 iiii
672 5305 835 5363 Cicero
850 5298 1072 5363 accipere
1096 5294 1284 5363 videtur
1323 5294 1369 5363 in
1391 5294 1614 5363 Oratione
1638 5306 1728 5363 pr_o_
1749 5299 1811 5363 pa
1826 5290 1921 5340 lio:
1951 5290 2146 5363 iiCujus,

590 5351 718 5424 :Vait,
742 5366 791 5413 in
813 5351 993 5417 hortos,
1021 5356 1231 5424 domum,
1262 5354 1409 5408 baias.
1435 5353 1547 5424 jure
1576 5351 1663 5401 suo
1683 5351 1905 5424 libidines
1936 5351 2149 5424 omnium

589 5412 1026 5479 somnulentiae»
1052 5421 1274 5479 Testatur
1294 5426 1412 5479 vero
1438 5415 1756 5479 "5910019)"?
1778 5416 1823 5479 ίη
1857 5412 1940 5462 ω’·
1965 5413 1996 5461 2
2017 5424 2145 5479 Ψ²¹¹⁶

582 5474 835 5543 iui-iniam,
855 5495 899 5532 c.
919 5482 968 5540 9,
992 5476 1173 5543 palinas
1191 5488 1280 5525 seu
1302 5474 1560 5537 palmarum
1599 5474 1709 5543 tiilia
1743 5477 1877 5543 ‘baias
1898 5474 2143 5543 appellari.

885 5536 1195 5613 ωῐιςίικιιιξιιις
1211 5536 1589 5613 Y9‘9,19?‘f’"i"?*
1620 5536 1715 5613 ‘2'!“
1740 5537 1932 5586 "mm"
1958 5538 2150 5600 ίττοίίδίί

586 5595 847 5678 Fabiis
866 5595 1130 5678 propinqua
1136 5611 1280 5678 voce,
1301 5595 1467 5655 veluti,
1491 5608 1777 5647 mensarum.

651 5680 665 5708 ⁸
703 5673 925 5734 Pleriun
946 5673 1072 5734 his!"
1370 5727 1383 5734 -
1412 5727 1497 5734 _._-
1562 5716 1632 5734 __-._-

649 5745 670 5773 ³
835 5719 1001 5783 τκὶιὶε.
1028 5719 1192 5775 Helius
1411 5727 1536 5779 ηδε..
1554 5719 1677 5770 sitis.

1703 282 1760 337 s.
1803 276 2161 355 ᾼυουετικι
2207 270 2506 332 EPISCDPI

3691 278 3800 339 ὅθι

2230 408 2345 446 rum
2375 393 2661 449 toleretiir:
2691 392 3125 464 propositumque
3159 395 3226 448 sit
3250 394 3408 462 justis
3450 394 3597 466 ipsos
3632 397 3819 452 etiam

2227 485 2435 553 iniquos
2464 487 2517 538 in
2550 485 2706 538 vitam
2733 494 2990 540 aeternam
3015 486 3227 550 lucrari,
3261 488 3589 557 propositum
3617 494 3809 542 autem

2227 573 2421 645 iniquis
2444 573 2669 631 reddere
2699 575 2837 630 mala
2865 590 2960 646 pro
2985 575 3158 641 bonis,
3184 585 3239 632 et
3267 593 3358 633 eos
3382 578 3471 648 qui
3501 578 3600 633 sibi
3629 580 3809 632 vitam

2227 678 2480 724 teternam
2509 669 2713 737 volunt,
2741 669 2786 725 si
2821 670 2936 725 ﬁeri
2966 678 3160 740 potest,
3191 670 3349 725 etiam
3378 672 3482 724 vita
3519 671 3811 738 temporali

2226 760 2455 831 privare.
2480 756 2643 831 Egre
2667 762 2806 817 enim
2832 761 2953 828 fert,
2978 772 3031 815 et
3058 761 3282 829 injiistus
3300 760 3521 830 justum,
3548 769 3605 816 et
3624 760 3812 831 justus

2227 851 2478 923 injiistuui
2510 870 2524 905 :
2553 853 2699 907 oneri
2740 852 2839 907 sibi
2877 863 3018 908 sunt.
3064 854 3232 908 Nemo
3276 836 3487 907 dubitat
3524 854 3666 924 quod
3717 850 3817 909 isti

2228 942 2335 998 duo
2359 943 2672 999 alterutrum
2698 942 2796 1000 sibi
2826 945 2974 999 oneri
3004 953 3146 1009 sunt,
3173 945 3267 1000 sed
3296 944 3523 1000 diversis
3551 946 3811 1001 intentio-

2230 1034 2403 1091 nibus.
2431 1036 2511 1091 Ad
2541 1035 2644 1092 hoc
2676 1038 2816 1092 enini
2838 1037 3012 1108 justus
3039 1037 3234 1110 injuslo
3259 1039 3409 1093 oneri
3434 1047 3537 1104 est,
3566 1040 3690 1109 quia
3721 1039 3808 1094 iii-

2224 1125 2423 1196 justum
2449 1143 2568 1181 eum
2596 1141 2717 1182 esse
2757 1144 2860 1182 non
2888 1129 3023 1191 vult,
3050 1129 3143 1184 sed
3169 1146 3290 1184 eum
3325 1130 3528 1199 justum
3565 1130 3681 1185 ﬁeri
3703 1171 3723 1194 ,
3747 1141 3804 1186 et

2226 1226 2375 1288 optat
2407 1220 2564 1287 votis,
2590 1229 2643 1294 et
2662 1231 2884 1275 conatur
2906 1221 3057 1276 factis
3085 1240 3099 1276 :
3130 1222 3356 1291 iniustus
3380 1230 3557 1277 autem
3585 1223 3666 1279 sic
3690 1223 3805 1278 odit

2225 1308 2447 1378 jusmm,
2488 1321 2544 1366 ut
2572 1311 2703 1366 nolit
2732 1328 2853 1367 eum
2883 1327 3035 1378 esse,
3066 1328 3171 1368 non
3201 1323 3258 1368 ut
3285 1314 3481 1368 bonum
3508 1314 3637 1370 velit
3657 1328 3807 1373 esse.

2228 1401 2436 1467 Quanto
2460 1403 2601 1456 enim
2631 1402 2799 1456 bonus
2826 1412 2926 1465 est,
2958 1412 3102 1458 tanto
3128 1404 3293 1474 magis
3315 1403 3465 1458 oneri
3491 1412 3577 1459 est
3605 1405 3809 1475 iniqui-

2231 1493 2323 1547 tati
2354 1494 2513 1548 illius.
2547 1494 2610 1548 Et
2642 1480 2847 1549 laborat
2874 1494 3108 1565 quidem,
3140 1496 3185 1551 si
3219 1495 3329 1551 lieri
3362 1504 3556 1566 poteSt,
3588 1507 3645 1550 ut
3677 1512 3804 1551 eum

2233 1586 2483 1656 injustum
2512 1586 2706 1654 faciat;
2734 1587 2779 1643 si
2803 1597 2979 1642 autem
3008 1602 3112 1642 non
3143 1596 3351 1657 potest,
3394 1587 3461 1643 de
3491 1584 3667 1642 medio
3700 1590 3808 1642 tol-

2228 1679 2344 1745 lat,
2376 1690 2431 1735 et
2456 1696 2486 1734 a
2517 1694 2615 1735 suo
2652 1679 2809 1736 taedio
2849 1680 3198 1750 molestiaque
3224 1692 3513 1739 remum-it.
3544 1679 3646 1736 Sed
3674 1690 3732 1735 et
3759 1680 3807 1735 si

2227 1785 2350 1826 eum
2370 1769 2564 1826 fecerit
2591 1771 2865 1841 injustam,
2891 1770 3236 1826 nihilominus
3260 1771 3410 1826 oneri
3437 1769 3510 1826 illi
3532 1771 3652 1826 erit.
3683 1770 3809 1826 Non

2229 1863 2373 1917 enim
2399 1862 2573 1931 justus
2594 1869 2795 1916 tantum
2820 1859 3017 1932 injusto
3041 1861 3189 1915 oneri
3210 1869 3317 1926 est,
3338 1861 3429 1916 sed
3451 1870 3505 1916 et
3526 1861 3631 1916 duo
3656 1860 3809 1932 inju-

2230 1953 2296 2008 sti
2321 1954 2405 2007 vix
2436 1968 2495 2008 se
2524 1952 2833 2025 patiuntur:
2863 1962 2915 2009 et
2951 1952 3162 2022 quando
3188 1968 3247 2008 se
3271 1950 3518 2009 videntur
3543 1953 3804 2025 diligere,

2230 2043 2613 2099 conscientiam
2641 2042 2740 2099 sibi
2768 2042 3001 2107 debent,
3047 2059 3152 2098 non
3180 2043 3487 2098 amicitiam.
3518 2043 3667 2099 Tunc
3708 2059 3812 2100 auo

2232 2142 2338 2191 tein
2379 2150 2560 2191 secum
2600 2134 2962 2203 concordant,
2993 2134 3205 2205 quando
3250 2135 3305 2189 in
3347 2134 3632 2205 perniciem
3670 2134 3806 2205 justi

2228 2228 2579 2296 conspirant,
2617 2241 2722 2281 non
2753 2227 2876 2296 quia
2912 2240 2971 2280 se
2998 2234 3216 2292 amant,
3259 2223 3353 2280 sed
3390 2225 3508 2295 quia
3551 2240 3673 2279 eum
3713 2226 3805 2295 qui

2229 2316 2490 2372 amandus
2517 2328 2631 2373 erat
2667 2316 2824 2371 simul
2852 2316 3098 2371 oderunt.
3141 2313 3336 2371 Contra
3366 2313 3468 2368 hoc
3506 2329 3676 2384 genus
3707 2314 3813 2369 bo-

2231 2407 2431 2463 minuin
2477 2407 2662 2463 indicit
2705 2406 2857 2462 nobis
2885 2407 3139 2461 Dominus
3170 2406 3309 2461 Deus
3345 2414 3523 2462 noster
3565 2406 3808 2462 toleran-

2232 2500 2356 2553 tiam
2382 2508 2436 2553 et
2475 2499 2719 2553 allectum
2766 2498 2911 2552 illum
2941 2499 3213 2553 cbaritatis
3235 2540 3250 2563 ,
3281 2512 3438 2566 quem
3473 2497 3719 2552 novimus
3750 2498 3804 2551 in

2230 2588 2519 2660 Evaiigelio
2543 2631 2556 2653 ,
2589 2590 2928 2659 praecipiente
2972 2591 3124 2644 nobis
3176 2589 3403 2643 Domino
3446 2597 3501 2643 et
3542 2588 3756 2645 dicente
3786 2605 3805 2643 :

2232 2680 2441 2752 Diligite
2469 2683 2693 2735 inimicos
2720 2691 2934 2746 vestros,
2966 2690 3009 2733 et
3043 2680 3315 2749 benefacite
3350 2680 3428 2733 liis
3469 2679 3555 2749 qui
3588 2678 3809 2734 oderunt

2232 2790 2317 2828 vos
2345 2774 2552 2845 (Matth.
2584 2789 2616 2827 ν
2638 2814 2654 2840 ,
2695 2771 2810 2842 ii).
2837 2771 2985 2828 Sicut
3012 2781 3065 2826 et
3102 2772 3386 2841 Apostolus
3412 2788 3427 2825 :
3459 2770 3584 2825 Noli
3611 2771 3745 2825 vinci
3773 2790 3809 2826 a

2232 2868 2387 2933 malo,
2411 2868 2499 2922 sed
2523 2869 2661 2921 vince
2690 2868 2742 2921 in
2784 2868 2911 2920 bono
2940 2866 3131 2920 malum
3158 2864 3337 2937 (Rom.
3368 2881 3472 2930 xu,
3513 2865 3627 2937 2i).
3659 2866 3809 2921 Con—

2234 2962 2389 3017 tende
2414 2977 2534 3015 cum
2565 2960 2727 3025 malo,
2757 2958 2849 3014 sed
2874 2958 2942 3015 de
2972 2958 3224 3014 bonitate.
3254 2956 3364 3027 Ipsa
3394 2968 3476 3013 est
3500 2959 3640 3013 enim
3676 2971 3811 3013 vera

2232 3051 2537 3118 contentio,
2570 3050 2655 3106 vel
2682 3050 2855 3121 potius
2883 3058 3151 3105 certamen
3180 3048 3422 3115 salubre,
3452 3058 3513 3104 ut
3537 3047 3607 3104 sit
3629 3049 3815 3106 bonus

2232 3152 2416 3197 contra
2445 3142 2671 3204 malum,
2697 3156 2801 3195 non
2829 3152 2884 3193 ut
2910 3140 3018 3194 sint
3044 3139 3148 3194 duo
3176 3138 3321 3193 mali.

2304 3232 2357 3286 2.
2409 3230 2558 3306 [vers.
2604 3231 2707 3297 12,
2756 3228 2867 3303 i3.]
2914 3230 3056 3300 Ergo
3098 3229 3166 3285 ad
3211 3229 3479 3286 Psalmum
3524 3229 3804 3299 respicite.

2235 3329 2425 3383 Prima:
2453 3338 2629 3396 partes
2644 3326 2753 3394 jam
2780 3334 3017 3381 tractata:
3044 3333 3187 3387 sunt,
3213 3332 3509 3393 sequuntur
3534 3322 3669 3377 haec.
3697 3321 3812 3376 Ob-

2233 3420 2446 3475 servubit
2474 3429 2700 3490 peccator
2715 3419 2910 3490 justum
2926 3459 2940 3481 ,
2966 3427 3014 3471 et
3039 3417 3214 3471 stridet
3250 3433 3402 3485 super
3438 3432 3551 3469 eum
3573 3415 3813 3469 dentibus

2235 3511 2341 3564 suis
2365 3526 2383 3563 :
2412 3508 2664 3563 Dominus
2700 3517 2868 3562 autem
2899 3507 3133 3569 irridebit
3174 3522 3309 3560 eum.
3353 3505 3521 3572 Quem
3545 3506 3571 3559 ’ί
3611 3503 3812 3575 Utique

2238 3610 2569 3671 peecatorem
2606 3597 2919 3653 stridentem
2959 3611 3119 3666 super
3140 3597 3340 3666 justum
3379 3595 3628 3651 dentibus
3671 3596 3809 3650 suis.

2239 3691 2390 3747 Unde
2415 3700 2590 3744 autem
2627 3688 2871 3742 Dominus
2891 3688 3117 3743 irridebit
3136 3688 3289 3742 eum?
3322 3686 3574 3754 Quoniam
3599 3688 3813 3757 prospi-

2238 3785 2302 3837 cit
2329 3782 2464 3852 quod
2491 3782 2646 3835 veniet
2673 3782 2779 3835 dies
2807 3782 2936 3851 ejus.
2965 3779 3204 3834 Acerbus
3236 3779 3463 3843 videtur,
3491 3793 3609 3832 cum
3640 3778 3813 3832 iiiina-
3834 3809 3850 3825 -

2241 3884 2327 3929 tur
2347 3877 2492 3943 justo
2535 3872 2780 3929 nesciens
2824 3873 3009 3927 horam
3054 3872 3134 3925 sui
3177 3871 3463 3925 crastinam
3500 3887 3514 3923 :
3556 3870 3815 3925 Dominus

2240 3976 2414 4021 autem
2462 3963 2642 4028 videt,
2682 3973 2736 4018 et
2778 3962 3036 4035 prospicit
3080 3961 3219 4016 diem
3257 3960 3392 4031 ejus.
3423 3960 3592 4026 Quem
3623 3959 3816 4015 diem?

2241 4060 2355 4128 Quo
2394 4057 2579 4113 reddet
2605 4057 2884 4127 unicuique
2924 4055 3211 4111 secundum
3255 4069 3415 4122 opera
3460 4068 3555 4107 sua
3590 4052 3812 4123 (.llattli.

2246 4165 2375 4215 xvi,
2429 4148 2540 4217 ‘27).
2590 4146 2934 4203 Tliesaurizat
2969 4146 3109 4200 enim
3149 4145 3249 4199 sibi
3289 4145 3418 4197 iram
3473 4145 3525 4197 iii
3575 4143 3666 4199 die
3719 4144 3817 4198 ira:

2243 4251 2299 4297 et
2344 4239 2682 4296 revelationis
2710 4237 2841 4308 justi
2878 4236 3062 4307 judieii
3109 4236 3202 4290 Dei
3255 4233 3432 4304 (Rom.
3469 4248 3528 4298 ii,
3584 4232 3665 4301 5).
3707 4233 3820 4289 Sed

2248 4333 2504 4389 Dominus
2527 4329 2782 4400 prospicit
2806 4369 2819 4392 ,
2853 4338 2907 4381 tu
2946 4336 3120 4381 autem
3148 4341 3254 4379 non
3279 4324 3575 4395 prospicis;
3607 4322 3817 4377 iudica-

2247 4425 2324 4478 vit
2366 4423 2456 4477 tibi
2484 4422 2573 4492 qui
2615 4418 2930 4491 prospicit’.
2974 4417 3053 4471 Tu
3092 4416 3232 4470 diem
3265 4412 3444 4484 injiisii
3490 4429 3598 4483 quo
3624 4428 3823 4482 pinnas

2249 4524 2506 4587 pensuros
2535 4524 2613 4569 est
2643 4512 2921 4583 ignorabas
2952 4528 2965 4565 :
2997 4509 3089 4564 sed
3115 4509 3206 4579 qui
3235 4509 3352 4573 scit,
3387 4524 3489 4560 non
3524 4519 3574 4561 te
3595 4505 3819 4561 celavit.

2248 4609 2362 4665 Non
2393 4622 2551 4677 parva
2583 4620 2704 4676 pars
2732 4602 2968 4657 scientim
3007 4612 3123 4665 est,
3165 4598 3348 4654 scienti
3398 4597 3671 4667 conjungi.
3724 4597 3823 4653 Ille

2251 4704 2408 4756 habet
2434 4700 2616 4753 oculos
2638 4695 2974 4766 cognitionis,
3000 4702 3053 4747 tu
3077 4692 3269 4746 habeto
3288 4690 3638 4746 credulitatis.
3663 4688 3825 4755 Quod

2250 4791 2393 4847 videt
2424 4791 2581 4854 Deus,
2614 4788 2772 4843 crede
2799 4796 2874 4840 tu.
2903 4784 3090 4838 Veniet
3114 4783 3256 4837 enim
3283 4783 3399 4836 dies
3428 4780 3629 4849 injiisti,
3654 4795 3826 4848 quem

2251 4884 2506 4955 prospicit
2554 4884 2709 4935 Dens.
2755 4878 2855 4945 Qui
2901 4877 3056 4931 dies?
3096 4875 3363 4945 Cujusque
3404 4872 3672 4927 vindictae.
3715 4871 3829 4927 Ne-

2250 4990 2400 5030 cesse
2454 4983 2536 5028 est
2583 4971 2725 5026 enim
2774 4979 2833 5024 ut
2881 4968 3172 5022 vindicetur
3228 4967 3281 5021 Γπ]
3328 4965 3594 5035 impium,
3641 4964 3830 5019 vindi-

2250 5080 2402 5125 cetur
2444 5067 2496 5121 in
2556 5063 2807 5133 iniustum
2841 5104 2856 5122 ,
2907 5062 3020 5115 sive
3069 5066 3342 5115 convertat
3389 5072 3448 5112 se
3475 5099 3490 5123 ,
3555 5056 3675 5112 sive
3714 5071 3830 5111 non

2252 5178 2312 5217 se
2348 5165 2641 5216 convertat.
2693 5154 2751 5210 Si
2802 5153 2944 5208 enim
2982 5167 3043 5207 se
3079 5149 3437 5212 converterit,
3493 5146 3598 5202 hoc
3646 5147 3831 5216 ipsum

2254 5257 2305 5309 in
2363 5253 2451 5307 illo
2510 5248 2850 5311 vindicatur;
2911 5244 3052 5316 quod
3100 5244 3255 5313 periit
3306 5241 3574 5311 iniquitas.
3629 5238 3834 5296 Nonne

2254 5343 2417 5399 irrisit
2445 5340 2696 5396 Dominus
2727 5336 3052 5407 prospiciens
3081 5334 3196 5389 dies
3222 5334 3524 5402 iniquorum
3549 5330 3786 5386 duorum
3810 5372 3826 5392 .

2254 5446 2308 5490 et
2327 5432 2476 5489 Juda:
2505 5429 2775 5485 traditoris
2798 5435 2851 5483 et
2875 5425 3018 5481 Sauli
3046 5423 3401 5495 persecutoris
3423 5422 3556 5492 (Act.
3582 5437 3598 5475 i
3623 5421 3835 5491 dux)?

2317 5597 2332 5626 ί
2370 5594 2440 5640 sic
2479 5597 2583 5639 Mss.
2619 5598 2673 5638 Αι
2695 5587 2827 5646 Edd.,
2851 5583 3089 5651 indicabit
3102 5582 3189 5635 tibi
3209 5595 3317 5651 qua:
3338 5579 3582 5651 prospicit.
3608 5579 3837 5648 Etpauio

2254 5666 2359 5771 post
2376 5664 2513 5766 iugo
2529 5664 2691 5715 pimus
2712 5662 2939 5714 passurus
2969 5656 3038 5698 est
3067 5648 3350 5711 ignorabas;
3373 5648 3456 5695 sed
3479 5648 3562 5708 qui
3584 5653 3720 5728 Osca,
3744 5652 3838 5691 ηυδε

2275 5732 2300 5769 e
2320 5732 2373 5768 ce
2494 5748 2504 5760 .
