3972 6198
509 330 612 392 36.7

504 454 802 518 ubicumque
840 445 1076 501 invenerit
1105 446 1388 500 invocantes
1434 457 1610 494 nomen
1637 448 1777 491 tuum
1796 479 1810 504 ,
1837 438 2001 493 trahat
2029 444 2074 491 et

511 542 651 613 liget,
683 551 727 593 et
772 538 839 590 ad
866 536 1125 605 ponti/ires
1168 534 1406 587 adducat.
1457 530 1523 585 Et
1565 540 1746 585 contra
1775 529 2026 583 Dominus
2060 544 2072 580 :

511 633 652 698 Sine,
686 630 873 698 inquit,
894 644 994 699 ego
1020 628 1097 681 illi
1118 628 1380 680 ostendam
1407 640 1519 693 qam
1547 623 1688 676 illum
1716 630 1941 691 aportcat
1970 620 2076 690 pati

505 740 598 792 pro
626 736 822 774 nomine
845 736 951 773 meo
980 720 1111 790 (Act.
1137 735 1210 781 ιιι,
1236 716 1448 785 15-16).
1479 714 1714 770 Reddam
1755 713 1858 777 illi,
1884 712 2072 782 inquit,

506 812 783 867 vindicabo
818 828 901 867 me
940 812 1006 867 de
1037 812 1155 877 illo;
1184 823 1235 865 ct
1268 810 1493 880 patietur
1522 824 1618 878 pro
1662 806 1874 860 nomine
1915 821 2033 859 meo
2055 847 2071 870 ,

504 905 593 976 qui
636 902 785 959 saevit
826 905 875 959 in
921 919 1115 959 nomen
1152 917 1347 956 meum.
1393 900 1590 955 Erudio
1627 898 1707 952 vel
1749 896 1951 951 erudivi
1980 911 2077 966 per

503 1013 624 1050 eum
652 996 783 1050 alios
806 1037 820 1059 ,
844 994 1081 1051 erudiam
1128 1003 1181 1049 et
1210 993 1380 1063 ipsum
1426 1006 1522 1060 per
1557 989 1711 1044 alios.
1742 987 1960 1042 Factum
1995 996 2077 1041 est

506 1084 639 1151 hoc,
673 1095 727 1141 et
765 1086 1007 1140 novimus
1049 1093 1244 1155 quanta
1295 1081 1608 1137 sustinuerit
1644 1078 1869 1139 Saulus,
1911 1076 2078 1130 multo

505 1180 653 1248 plura
680 1195 834 1249 quam
866 1176 1084 1241 fecerat,
1111 1175 1260 1247 quasi
1302 1188 1493 1229 avarus
1518 1180 1732 1226 exactor
1756 1184 1875 1224 cum
1902 1166 2076 1223 usuris

510 1272 709 1341 recepit
735 1269 874 1340 quod
903 1267 1143 1323 dederat.

575 1364 626 1419 6.
656 1362 762 1419 Sed
788 1362 905 1417 vide
939 1370 1110 1415 utrum
1152 1359 1204 1413 in
1235 1357 1329 1413 illo
1355 1357 1627 1428 impletum
1656 1355 1725 1409 sit
1750 1351 1890 1424 quod
1918 1351 2076 1406 modo

506 1454 747 1512 PSahnus
775 1455 935 1518 dicit,
965 1454 1240 1524 Conﬁrmat
1274 1461 1439 1506 autem
1462 1452 1627 1520 justas
1659 1448 1921 1503 Dominus.
1956 1444 2076 1499 Non

504 1547 685 1609 solum,
711 1546 878 1615 inquit
902 1544 1040 1599 idem
1064 1543 1277 1609 Paulus,
1296 1557 1413 1596 cum
1435 1542 1601 1596 multa
1628 1540 1762 1594 mala
1784 1547 2073 1609 pateretur.

503 1641 590 1692 sed
603 1650 647 1691 et
667 1639 941 1708 gloriantur
960 1637 1012 1690 in
1036 1619 1671 1701 tribulationibus,tscientcs
1689 1630 1805 1702 quia
1824 1628 2077 1683 tribulatio

505 1733 797 1802 patientiam
836 1740 1104 1796 operatur,
1135 1727 1373 1799 patientia
1400 1786 1409 1796 ,
1432 1724 1771 1798 probationem
1801 1762 1812 1783 .
1849 1722 2074 1793 probatio

502 1843 661 1895 spent,
689 1841 801 1893 spes
813 1833 976 1877 autem
994 1839 1095 1876 non
1109 1838 1200 1876 can
1206 1820 1392 1892 fundit,
1410 1818 1525 1889 quia
1540 1816 1760 1871 charitas
1779 1812 1869 1867 Dei
1889 1810 2077 1879 (li/fusa

503 1918 635 1971 estin
652 1915 882 1971 cordibus
898 1915 1081 1969 nostris
1098 1912 1448 1984 per,Spiritunt
1466 1918 1714 1970 sanctum,
1731 1907 1818 1979 qui
1839 1906 1985 1959 datus
2004 1914 2076 1958 est

505 2009 643 2062 nobis
673 2008 848 2076 (Rom.
871 2023 919 2070 v,
950 2005 1087 2076 5-5).
1115 2005 1275 2065 Bene;
1300 2001 1452 2072 plane
1475 1999 1581 2071 jam
1602 1999 1801 2069 justus,
1813 1998 1922 2066 jam
1949 2010 2076 2051 con-

506 2102 761 2154 ﬁrmatus.
792 2096 1069 2165 Quomodo
1089 2111 1216 2166 ergo
1237 2095 1320 2149 isti
1347 2094 1457 2162 jam
1481 2092 1794 2149 conﬁrmato
1819 2089 1950 2145 nihil
1976 2102 2073 2142 uo—

503 2192 695 2245 ccbant
717 2190 804 2259 qui
833 2189 977 2245 illum
1007 2186 1419 2250 insectabantur,
1446 2184 1523 2240 sic
1550 2196 1650 2237 nec
1680 2182 1793 2251 ipso
1817 2180 1919 2235 illis
1943 2192 2077 2251 quos

508 2282 938 2357 persequebatur.
986 2278 1266 2348 Conﬁrmat
1306 2286 1507 2340 autent,
1549 2274 1750 2345 inquit,
1771 2274 1940 2344 justas
1965 2271 2075 2325 Da-

505 2375 688 2427 minus.
725 2372 861 2426 Audi
888 2371 1021 2426 alias
1043 2384 1207 2425 voces
1229 2367 1529 2423 conﬁrmati
1549 2366 1695 2436 justi.
1730 2364 1854 2432 Quis
1879 2379 1969 2418 nos
1992 2379 2075 2417 se-

506 2465 700 2533 parabit
719 2482 750 2516 a
778 2464 1023 2516 charitate
1047 2459 1272 2515 Christi?
1298 2457 1599 2523 Tribulatio,
1623 2473 1689 2510 an
1717 2455 1952 2525 angustia
1968 2494 1987 2519 ,
2008 2469 2075 2506 an

503 2558 662 2624 fatim
686 2595 701 2618 ,
718 2571 785 2608 an
824 2553 1025 2607 auditas
1042 2596 1059 2617 ,
1085 2568 1149 2605 an
1195 2550 1470 2623 persecutio
1498 2546 1606 2620 (Id.
1631 2562 1723 2603 vtu
1741 2586 1757 2612 ,
1788 2544 1903 2617 35).
1930 2544 2076 2611 Quo-

507 2648 664 2727 modo
706 2645 977 2711 haerebat,
1006 2645 1096 2717 qui
1123 2644 1281 2700 rebus
1320 2642 1512 2698 talibus
1552 2656 1655 2696 non
1693 2637 2077 2710 separabatur?

504 2737 777 2807 Conﬁrmat
814 2746 979 2793 autem
1009 2734 1181 2806 justas
1228 2732 1496 2788 Dominus.
1530 2729 1921 2786 Descenderam
1955 2727 2078 2797 qui-
2120 2749 2127 2753 ν

504 2830 624 2882 dum
649 2828 922 2900 propheta
951 2826 1017 2882 de
1041 2825 1390 2897 Jerosolyma,
1421 2832 1476 2879 et
1501 2822 1698 2892 impleti
1730 2820 1925 2890 Spiritu
1952 2834 2077 2872 san-

506 2930 590 2972 cto
619 2919 1066 2988 prophetaveruut
1084 2916 1256 2973 cidem
1284 2914 1448 2971 Paulo
1471 2912 1611 2983 quod
1636 2912 1800 2968 multa
1828 2923 2079 2982 passurus

506 3019 647 3063 esset
696 3008 753 3062 in
792 3008 1083 3063 Jerusalem
1131 3025 1143 3059 :
1173 3007 1325 3060 itaut
1366 3002 1583 3075 quidam
1620 3017 1837 3068 eorum,
1867 3000 2081 3071 Agabus

508 3099 748 3160 nomine.
777 3094 948 3153 soluta
983 3112 1115 3151 zona
1142 3096 1384 3167 alligaret
1411 3109 1493 3160 se,
1519 3091 1961 3164 quemadmodum
1988 3103 2079 3144 so-

508 3192 579 3243 ιοει
609 3189 722 3244 ﬁeri
748 3231 764 3255 ,
796 3198 853 3242 ut
890 3188 975 3242 his
1025 3187 1233 3242 indiciis
1260 3201 1434 3241 rerum
1479 3187 1649 3239 futura
1689 3171 2095 3239 demonstraret

509 3280 782 3351 propheta.
811 3281 997 3336 dicens
1020 3297 1033 3335 :
1065 3279 1211 3335 Sicut
1236 3279 1499 3350 alligatum
1523 3294 1600 3332 me
1619 3277 1815 3343 videtis,
1836 3275 1908 3331 sic
1931 3293 2083 3347 oporo

507 3384 570 3426 tet
595 3372 797 3444 alligari
814 3371 1071 3425 hominem
1100 3371 1232 3423 hunc
1269 3369 1320 3423 in
1354 3367 1707 3439 Jerosalymis.
1738 3367 1953 3423 Fratres
1989 3382 2084 3421 au-

510 3477 616 3521 tem
665 3479 923 3535 responso
960 3464 1285 3519 admonitum
1315 3462 1533 3517 Sunium
1559 3503 1573 3524 ,
1593 3461 1701 3531 jam
1728 3460 1948 3517 Paulum
1969 3500 1985 3523 ,
2016 3475 2085 3516 ne

508 3574 566 3614 se
598 3559 755 3614 tantis
782 3555 1029 3625 periculis
1065 3554 1442 3618 committeret,
1466 3564 1742 3621 coeperunt
1772 3550 2044 3606 deterrere
2065 3590 2083 3617 ,

508 3661 561 3705 et
584 3648 849 3705 monendo
869 3657 923 3703 et
945 3644 1182 3718 rogando
1210 3659 1463 3701 revocare
1501 3658 1570 3699 ne
1608 3642 1710 3698 iret
1735 3642 1788 3696 in
1812 3640 2087 3711 Jemsoly-

509 3757 664 3796 mam.
699 3739 792 3795 llle
831 3747 1010 3794 autem
1047 3736 1137 3807 qui
1158 3736 1269 3806 jam
1299 3735 1351 3790 in
1393 3750 1578 3790 eorum
1617 3748 1838 3788 numero
1876 3741 1992 3788 erat
2018 3731 2086 3787 de

455 3834 461 3843 “
509 3834 699 3901 quibus
736 3832 933 3888 dictum
954 3839 1071 3896 est,
1101 3828 1378 3898 Conﬁrmat
1419 3837 1583 3880 autem
1599 3827 1763 3897 justas
1803 3823 2087 3890 Dominus;

514 3926 672 3993 Quid,
698 3924 901 3994 inquit,
943 3921 1261 4005 canﬁinqitis
1287 3935 1374 3975 cor
1416 3918 1622 3972 meum?
1649 3916 1765 3972 Non
1808 3915 1946 3971 facio
1970 3916 2121 3999 θυι-⁸

514 4032 655 4073 niam
700 4014 873 4071 theam
905 4015 1187 4084 pretiosam
1237 4011 1390 4067 mihi.
1429 4009 1563 4078 Quia
1603 4010 1713 4078 jam
1762 4006 1969 4063 dixerat
2012 4006 2091 4062 eis

511 4123 646 4178 quos
680 4105 999 4177 parturierat
1035 4104 1087 4157 in
1129 4102 1416 4172 Evangelia
1445 4117 1458 4154 :
1492 4099 1557 4155 Et
1578 4100 1687 4169 ipse
1713 4098 1977 4167 impendar
2000 4113 2091 4168 pro

512 4197 774 4252 animabus
821 4195 994 4249 vestris
1019 4192 1355 4264 (llCor.xn,
1387 4192 1501 4265 i5).
1546 4190 1660 4262 Ego
1699 4190 1864 4254 enim,
1888 4190 2090 4258 inquit,

513 4308 615 4345 non
652 4289 816 4344 solum
858 4286 1098 4357 alligari,
1139 4285 1227 4339 sed
1254 4286 1405 4339 etiam
1449 4284 1576 4338 mori
1612 4292 1819 4353 paratus
1860 4298 1974 4335 sunt
2001 4297 2093 4351 pro

514 4382 714 4439 nomine
743 4378 944 4433 Domini
982 4375 1107 4430 Iesu
1134 4375 1319 4432 Christi
1353 4374 1483 4446 (Act.
1522 4388 1635 4439 nt,
1664 4373 1880 4441 11-15).

583 4476 634 4530 7.
655 4473 807 4549 [vers.
846 4468 972 4543 18.]
1002 4466 1276 4538 Conﬁrmat
1305 4480 1431 4536 ergo
1464 4467 1630 4537 justas
1658 4464 1924 4520 Dominus.
1946 4462 2093 4529 Quo-

513 4567 674 4624 modo
716 4579 811 4623 eos
838 4559 1159 4620 conﬁrmat?
1190 4558 1345 4614 Novit
1385 4557 1633 4612 Dominus
1660 4558 1772 4610 vias
1793 4554 2094 4609 immacula-

516 4671 700 4715 torum.
728 4657 951 4730 Quando
976 4655 1250 4729 patiuntur
1275 4653 1408 4708 mala
1431 4691 1445 4716 ,
1478 4652 1587 4705 vias
1615 4651 1781 4704 malas
1818 4650 2094 4705 ambulare

517 4753 806 4808 creduntur
829 4751 896 4804 ab
922 4747 1320 4821 ignorantibus,
1346 4746 1414 4800 ab
1450 4744 1531 4798 his
1575 4744 1662 4812 qui
1693 4758 1796 4797 non
1838 4751 2098 4798 noverunt

517 4844 703 4899 videre
725 4843 840 4898 vias
892 4840 1371 4897 immaculatorum.
1419 4836 1511 4891 Ille
1535 4835 1624 4905 qui
1659 4849 1751 4888 eas
1792 4834 1937 4888 novit
1959 4876 1974 4898 ,
1996 4834 2097 4888 scit

519 4952 793 5007 perquam
827 4945 1029 4993 rectum
1059 4933 1218 4988 ducat
1245 4938 1547 4987 mansuetos
1587 4941 1732 4981 suos.
1778 4925 1930 4981 Unde
1965 4925 2099 4981 dixit

521 5032 572 5086 in
598 5030 706 5085 alio
743 5030 949 5099 psalmo
975 5046 989 5082 :
1014 5025 1211 5096 Diriget
1248 5025 1389 5077 mites
1429 5022 1480 5076 in
1492 5020 1709 5093 judicio,
1732 5019 1927 5072 docebit
1955 5034 2100 5071 man-

519 5130 685 5179 suetos
711 5120 817 5175 vias
839 5136 959 5175 suas
978 5116 1149 5191 (Psal.
1180 5131 1305 5171 χειν
1326 5156 1340 5181 ,
1365 5114 1442 5180 9).
1463 5111 1738 5180 Quomodo
1768 5110 1961 5181 putatis
2006 5109 2099 5164 de-

522 5223 741 5270 testatos
784 5212 1027 5269 homines
1074 5218 1411 5265 transeuntes
1458 5208 1755 5262 ulccrosum
1812 5218 2096 5275 pauperem

517 5308 783 5378 jacentem
825 5309 950 5357 ante
978 5300 1155 5355 divitis
1175 5299 1390 5367 ianuam
1443 5298 1462 5368 (
1494 5297 1620 5350 Luc.
1648 5312 1736 5351 xvi
1759 5337 1772 5360 ,
1802 5295 1894 5364 ΞΘ)
1915 5294 1938 5348 ?
1959 5294 2101 5361 Quo-

521 5396 683 5453 modo
706 5394 843 5450 forte
867 5392 1008 5447 hunc
1046 5388 1275 5446 occlusis
1324 5388 1537 5443 naribus
1565 5387 1972 5457 conspuehant?
1997 5385 2101 5439 No-

521 5499 673 5549 verat
706 5496 884 5544 amem
909 5483 1164 5541 Dominus
1213 5481 1285 5536 illi
1315 5496 1529 5537 servare
1555 5483 1570 5512 ¹
1604 5480 1925 5551 paradisum.
1954 5480 2100 5549 Quo-

523 5582 685 5641 modo
711 5589 889 5636 autem
932 5576 1031 5632 sibi
1055 5573 1275 5645 optabat
1298 5573 1458 5627 vitam
1500 5572 1640 5626 illius
1666 5571 1754 5641 qui
1787 5570 2102 5627 induebatur

524 5688 754 5747 purpura
780 5681 838 5730 et
859 5672 1019 5745 bysso
1035 5711 1051 5734 ,
1082 5676 1138 5723 et
1173 5666 1485 5736 epulabatur
1511 5664 1747 5737 quotidie
1790 5662 2103 5734 splendide?

589 5792 611 5823 ⁸
642 5777 1325 5852 ωριαὶηιιθωηειηωὶ.

1731 325 1787 379 S.
1830 320 2192 381 AUGUSTINI
2230 324 2528 384 EPlSCGPl

3649 329 3759 390 368

2186 436 2437 495 Dominus
2475 452 2648 497 autem
2692 443 2780 514 qui
2806 442 3159 515 prospiciebat
3205 442 3321 500 dies
3347 443 3517 509 illius:
3536 459 3766 503 noverat

2181 531 2296 597 ejus
2338 532 2507 587 futura
2546 544 2915 600 tormenta,et
2961 538 3076 590 sine
3118 537 3221 592 line
3268 547 3544 592 tormenta.
3570 536 3721 609 Ergo
3746 580 3767 605 ,

2188 619 2338 676 Novit
2370 623 2613 681 Dominus
2644 628 2748 681 vias
2771 627 3224 681 immaculatorutn.

2252 713 2306 767 8.
2338 712 2403 767 Et
2430 715 2694 770 hatreditas
2718 733 2889 771 eorum
2929 718 2979 771 in
3018 729 3261 771 aeternum
3286 718 3397 771 erit.
3424 717 3535 774 [loc
3572 719 3625 772 in
3655 718 3766 774 ﬁde

2183 806 2470 864 habemus:
2504 809 2753 864 Dominus
2786 811 3032 881 numquid
3072 813 3123 865 in
3153 811 3301 866 ﬁde?
3330 812 3584 867 Dominus
3611 816 3763 868 novit

2180 896 2267 952 illa
2296 898 2348 953 in
2380 908 2521 953 tanta
2551 902 2975 956 manil'estatione
2999 944 3012 967 ,
3040 902 3092 955 in
3118 909 3313 972 quanta
3346 918 3447 957 non
3478 918 3762 972 possumus

2182 986 2357 1042 dicere
2384 1030 2399 1056 ,
2440 1005 2560 1044 cum
2588 991 2666 1044 vel
2718 992 2910 1061 :equati
2954 992 3171 1062 Angelis
3212 993 3431 1047 erimus.
3469 992 3583 1047 Non
3612 996 3759 1048 enim

2180 1079 2333 1137 nobis
2378 1090 2481 1136 tam
2528 1083 2804 1139 manifesta
2854 1092 3045 1149 erunt,
3090 1100 3208 1154 quze
3238 1095 3394 1139 erunt
3442 1085 3758 1151 manifesta,

2182 1188 2339 1242 quam
2368 1184 2494 1229 sunt
2539 1177 2816 1231 muniit-sta
2848 1176 2921 1231 illi
2952 1176 3040 1245 qui
3089 1193 3188 1231 nec
3223 1178 3532 1231 commutari
3558 1186 3755 1247 potest.

2183 1265 2382 1320 Tamen
2431 1277 2484 1321 et
2527 1267 2791 1327 de.nobis
2832 1269 2957 1337 quid
3005 1268 3202 1323 dictum
3240 1269 3364 1322 est?
3395 1266 3758 1335 Dilectissimi,

2180 1376 2311 1413 nunc
2342 1360 2434 1429 ﬁlii
2455 1359 2549 1414 Dei
2573 1377 2767 1425 sumus,
2789 1371 2833 1414 et
2864 1361 3089 1414 nondum
3115 1361 3349 1431 apparuit
3371 1361 3506 1431 quod
3533 1363 3760 1416 erimus:

2178 1451 2361 1506 scimus
2388 1453 2508 1520 quia
2526 1469 2638 1506 cum
2662 1452 2973 1522 apparuerit,
3002 1452 3192 1506 similes
3212 1452 3256 1506 ei
3284 1451 3489 1518 erimus,
3516 1453 3761 1521 quoniam

2180 1543 2452 1598 videbimus
2480 1561 2594 1598 eum
2619 1545 2768 1598 sicuti
2796 1555 2867 1598 est
2894 1544 2934 1615 (1
2958 1543 3115 1599 Joan.
3147 1544 3320 1616 111,2).
3350 1543 3605 1599 Servatur
3623 1561 3761 1615 ergo

2182 1634 2335 1688 nobis
2358 1634 2539 1689 nescio
2580 1634 2721 1704 quod
2765 1634 2920 1690 dulce
2945 1636 3302 1705 spectaculum
3338 1638 3555 1691 omnino
3582 1654 3596 1691 :
3622 1648 3681 1693 et
3711 1637 3761 1692 si

2179 1724 2398 1794 cogitari
2423 1740 2487 1780 ex
2510 1724 2683 1795 aliqua
2711 1734 2857 1795 parte
2887 1725 2939 1779 in
2963 1726 3245 1795 :enigmate
3274 1736 3329 1780 et
3357 1742 3449 1794 per
3478 1727 3761 1795 speculum

2180 1825 2354 1885 potest
2377 1859 2392 1881 ,
2423 1816 2525 1871 dici
2568 1825 2741 1872 tamen
2767 1817 2912 1871 nullo
2943 1816 3100 1871 modo
3131 1826 3303 1886 potest
3332 1817 3666 1887 pulchritudo
3694 1819 3763 1873 il-

2180 1910 2280 1964 lius
2322 1909 2653 1975 dulcedinis,
2685 1925 2843 1981 quam
2892 1918 3072 1965 servat
3121 1890 3261 1964 Deus
3306 1910 3612 1966 timentibus
3659 1925 3760 1977 se,

2181 2000 2384 2068 perlicit
2410 2009 2595 2054 autem
2631 2000 2969 2070 sperantibus
2997 2000 3047 2053 in
3091 2013 3150 2054 se
3177 1997 3347 2069 (Psal.
3376 2016 3475 2053 xxx
3502 2042 3515 2063 ,
3542 1998 3657 2072 20).
3691 2000 3763 2054 ll-

2179 2091 2264 2146 luc
2292 2104 2545 2161 parantur
2579 2091 2740 2147 corda
2762 2100 2939 2146 nostra
2967 2093 3017 2145 in
3039 2091 3288 2147 omnibus
3319 2093 3441 2147 vitae
3481 2092 3637 2163 hujus
3664 2096 3763 2149 tri-

2178 2184 2536 2240 bulationibus
2573 2194 2629 2239 et
2669 2185 3065 2239 teutationibus.
3114 2182 3228 2238 Noli
3284 2184 3500 2248 mirari,
3544 2185 3670 2253 quia
3704 2187 3758 2240 in

2179 2276 2450 2332 laboribus
2479 2275 2681 2346 pararis
2708 2292 2722 2330 :
2753 2274 2821 2330 ad
2850 2290 3097 2345 magnum
3125 2273 3322 2345 aliquid
3353 2277 3576 2345 pararis.
3603 2274 3763 2332 Unde

2178 2385 2277 2424 vox
2302 2369 2390 2424 illa
2412 2369 2539 2439 justi
2576 2368 2872 2423 conﬁrmati
2905 2385 2918 2421 :
2951 2367 3070 2421 Non
3095 2375 3208 2420 sunt
3236 2366 3505 2436 condigna:
3556 2368 3759 2437 passio-

2178 2479 2264 2517 nes
2283 2464 2434 2533 hujus
2454 2462 2689 2531 temporis
2707 2462 2776 2515 ad
2814 2463 3033 2531 futuram
3058 2460 3292 2531 gloriam,
3319 2475 3431 2527 qua
3454 2458 3763 2514 revelabitur

2176 2558 2232 2611 in
2260 2557 2400 2610 nobis
2419 2554 2593 2625 (Rom.
2625 2572 2739 2621 νισι,
2768 2554 2884 2624 18).
2904 2554 3034 2622 Qum
3058 2554 3155 2606 erit
3175 2552 3344 2607 futura
3364 2551 3527 2623 gloria
3552 2561 3761 2617 nostra,

2179 2648 2280 2702 nisi
2306 2647 2502 2719 aequari
2521 2646 2754 2717 Angelis,
2777 2655 2830 2701 et
2852 2645 3033 2699 videre
3060 2645 3249 2699 Deum?
3262 2643 3523 2710 Quantum
3543 2653 3768 2713 prmth

2179 2754 2342 2805 careo,
2371 2740 2458 2809 qui
2484 2739 2557 2793 illi
2588 2738 2771 2793 oculos
2796 2736 3096 2799 sanaverit,
3130 2745 3184 2788 ut
3212 2734 3382 2789 videat
3398 2732 3530 2788 hanc
3550 2734 3767 2788 lucem?

2180 2832 2310 2886 Cum
2341 2844 2503 2886 sanus
2531 2829 2698 2885 factus
2728 2828 2885 2883 fuerit
2914 2829 3017 2890 ille,
3050 2841 3147 2881 nec
3176 2827 3374 2880 invenit
3400 2825 3522 2895 quid
3540 2824 3764 2896 dignum

2177 2923 2435 2993 rependat
2454 2921 2681 2977 sanatori
2711 2936 2807 2975 suo
2828 2939 2839 2974 :
2860 2918 3241 2989 qmntumlibet
3257 2918 3396 2972 enim
3412 2918 3485 2972 illi
3508 2917 3617 2983 del,
3634 2915 3773 2987 quid

2181 3015 2325 3068 dabit
2350 3016 2453 3069 tale
2477 3015 2630 3083 quale
2651 3012 2737 3067 ille
2763 3012 3035 3083 praestitit?
3055 3010 3121 3067 Ut
3137 3011 3415 3080 plurimum
3436 3009 3544 3073 det,
3572 3022 3765 3063 auriam

2181 3105 2347 3166 dabit,
2367 3113 2418 3159 et
2440 3104 2662 3158 multum
2687 3119 2871 3158 aurum
2893 3101 3039 3157 dabit
3066 3117 3079 3154 :
3106 3101 3192 3156 llle
3211 3102 3381 3157 lucem
3404 3101 3665 3171 prtestitit.
3694 3100 3771 3157 Ut

2182 3195 2388 3251 noverit
2443 3195 2533 3250 ille
2560 3198 2681 3264 quia
2729 3194 2860 3249 nihil
2889 3194 3013 3261 dat,
3042 3192 3222 3248 videat
3260 3194 3311 3248 in
3339 3193 3574 3257 tenebris
3616 3193 3768 3264 quod

2182 3285 2291 3340 dat.
2319 3284 2455 3354 Quid
2472 3299 2603 3355 ergo
2623 3284 2864 3338 dabimus
2904 3298 3001 3338 nos
3039 3282 3244 3339 medico
3273 3283 3378 3349 illi,
3405 3283 3590 3338 oculos
3617 3283 3763 3338 inte-

2184 3376 2357 3431 riores
2389 3384 2603 3431 nostros
2631 3374 2839 3429 sananti
2856 3417 2870 3439 ,
2896 3375 2960 3428 ad
2984 3373 3260 3429 videndam
3282 3373 3563 3444 quamdam
3588 3372 3771 3428 lucem

2184 3479 2438 3524 aternam
2463 3509 2478 3533 ,
2503 3466 2646 3536 quod
2673 3475 2757 3520 est
2798 3466 2951 3534 ipse?
2975 3466 3102 3535 quid
3126 3465 3198 3519 illi
3226 3464 3512 3519 dabimus?
3537 3463 3768 3530 Qumra-

2186 3574 2323 3622 mus,
2347 3558 2694 3621 inveniamus,
2712 3558 2756 3612 si
2783 3572 3098 3627 possumus;
3117 3566 3171 3611 et
3193 3556 3244 3611 in
3260 3557 3515 3626 angustiis
3544 3552 3774 3626 inquisi-

2189 3652 2349 3707 tionis
2391 3661 2586 3707 nostrze
2632 3651 2985 3705 exclamemus
3012 3665 3025 3702 :
3057 3648 3195 3713 Quid
3234 3650 3504 3702 retribuam
3546 3645 3783 3701 Domino

2188 3731 2533 3814 pro°omnibus
2560 3755 2671 3812 quia
2713 3741 2935 3795 retribuit
2962 3741 3127 3794 mihi?
3151 3740 3214 3794 Et
3241 3738 3367 3810 quid
3405 3738 3643 3793 invenit?
3670 3738 3770 3793 (2a-

2192 3836 2334 3891 licem
2368 3833 2603 3889 salutaris
2654 3832 2898 3901 accipiam
2919 3874 2933 3897 ,
2966 3841 3014 3885 et
3048 3848 3227 3886 nomen
3279 3829 3483 3884 Domini
3525 3829 3796 3884 itwocabo'

2192 3925 2362 3998 (Psal.
2394 3941 2495 3981 cxv
2519 3965 2533 3990 ,
2569 3922 2666 3988 Β,
2700 3924 2811 3993 15).
2846 3921 3064 3977 Potestis
3089 3965 3103 3986 ,
3142 3923 3347 3993 inquit,
3376 3923 3539 3976 bibere
3560 3921 3777 3975 calicem

2191 4033 2338 4087 quem
2364 4032 2453 4087 ego
2482 4015 2724 4069 bibiturus
2746 4030 2855 4068 sum
2887 4012 3096 4085 (Matth.
3119 4029 3186 4067 xx
3212 4056 3227 4081 ,
3256 4012 3375 4083 23)?
3404 4011 3533 4067 lude
3564 4011 3726 4067 Petro
3752 4028 3769 4064 :

2194 4109 2347 4161 Amas
2372 4107 2490 4161 me?
2516 4105 2678 4158 Pasce
2705 4119 2815 4160 aves
2842 4119 2977 4157 meas
3004 4102 3181 4173 (Joan.
3213 4119 3305 4157 ιιι
3324 4145 3339 4169 ,
3366 4104 3452 4173 17)
3492 4122 3505 4158 :
3530 4118 3625 4172 pro
3648 4100 3774 4171 qui-4

2193 4197 2292 4252 bus
2332 4196 2535 4251 biberet
2560 4195 2779 4250 calicem
2822 4193 3050 4248 Domini.
3096 4193 3373 4263 Conﬁrmat
3417 4203 3582 4248 autem
3596 4193 3777 4264 justas

2197 4288 2464 4342 Dominus.
2494 4285 2649 4339 Nouit
2684 4284 2929 4339 Dominus
2952 4285 3058 4341 vias
3080 4285 3517 4339 immaculatarum
3539 4326 3555 4352 ,
3585 4294 3633 4339 et
3664 4286 3776 4339 hc-

2196 4379 2384 4434 rcditas
2406 4393 2579 4432 eorum
2598 4377 2651 4430 in
2679 4387 2924 4430 internum
2941 4376 3053 4429 erit.

2279 4470 2333 4525 9.
2364 4467 2513 4542 [vers.
2549 4466 2672 4540 19.]
2703 4465 2826 4521 Non
2872 4468 3242 4537 confundentur
3263 4467 3315 4520 in
3347 4476 3567 4536 tempore
3606 4466 3778 4520 malo.

2197 4564 2334 4634 Quid
2372 4574 2470 4629 est,
2507 4562 2627 4617 Non
2652 4561 3021 4632 confundentur
3046 4561 3099 4615 in
3129 4572 3348 4628 tempore
3385 4560 3556 4614 malo?
3588 4560 3653 4615 in
3686 4561 3786 4617 die

2201 4653 2576 4715 tribulationis,
2603 4655 2654 4707 in
2677 4653 2763 4706 die
2801 4652 3161 4722 angustiarum
3197 4667 3302 4705 non
3338 4649 3780 4706 confundentur:

2199 4746 2336 4800 sicut
2360 4742 2701 4799 confunditur
2726 4758 2883 4812 quem
2910 4741 3044 4795 fallit
3071 4756 3212 4812 spes.
3257 4741 3385 4809 Quis
3414 4749 3495 4795 est
3525 4739 3615 4811 qui
3646 4756 3786 4796 con-

2201 4834 2471 4890 funditur?
2495 4833 2597 4900 Qui
2626 4833 2753 4888 dicit
2779 4849 2791 4885 :
2822 4831 2932 4901 Ego
2970 4832 3111 4898 quod
3141 4831 3415 4901 sperabam
3444 4846 3548 4885 non
3574 4832 3782 4887 inveni.

2199 4926 2315 4982 Non
2341 4926 2606 4981 immerito
2633 4940 2647 4978 :
2670 4925 2922 4995 sperabas
2951 4925 3091 4979 enim
3121 4924 3188 4978 de
3212 4934 3282 4990 te,
3314 4932 3403 4977 aut
3427 4922 3683 4993 sperabas
3711 4924 3784 4978 de

2201 5017 2419 5073 homine
2470 5017 2642 5070 amico
2682 5014 3039 5069 :maledictus
3085 5023 3261 5069 autem
3304 5014 3390 5084 qui
3434 5029 3583 5083 Spem
3626 5028 3784 5069 suam

2206 5109 2355 5180 ponit
2380 5109 2430 5162 in
2459 5107 2673 5161 homine
2714 5104 2924 5176 (Jerem.
2966 5121 3106 5170 xvu,
3134 5105 3210 5177 5).
3253 5103 3626 5173 Contunderis,
3655 5104 3788 5175 quia

2205 5200 2390 5257 fefellit
2417 5209 2466 5254 te
2493 5213 2634 5269 spes,
2666 5196 2848 5251 fefellit
2873 5211 2998 5265 Spes
3024 5197 3193 5266 posita
3224 5196 3275 5250 in
3304 5195 3582 5272 mendacio
3615 5212 3631 5250 :
3664 5212 3790 5250 om-

2204 5296 2287 5350 nis
2316 5293 2457 5348 enitn
2482 5292 2641 5345 homo
2667 5290 2891 5344 mendax
2923 5287 3091 5360 (Psal.
3119 5304 3242 5354 cxv,
3268 5287 3375 5357 H).
3407 5287 3461 5342 Si
3485 5301 3669 5343 autem
3699 5304 3794 5359 po-

2206 5403 2302 5442 nas
2329 5400 2476 5455 Spem
2530 5394 2674 5437 tuum
2727 5386 2775 5436 in
2808 5383 2914 5437 Deo
2957 5395 3047 5435 tuo
3067 5425 3080 5447 ,
3111 5397 3213 5435 non
3256 5380 3631 5442 cunfunderis;
3662 5383 3794 5451 quia

2206 5480 2295 5535 ille
2322 5480 2373 5533 in
2399 5493 2503 5548 quo
2528 5490 2675 5544 Spem
2708 5474 2960 5545 posuisti,
2994 5473 3100 5527 falli
3130 5476 3161 5507 "
3181 5489 3285 5527 nun
3329 5481 3519 5542 potest.
3550 5471 3709 5528 Unde
3741 5484 3797 5530 et

2207 5575 2296 5629 ille
2319 5586 2474 5642 quem
2506 5568 2664 5640 paulo
2686 5577 2810 5622 ante
2833 5567 3242 5622 commemoravi
3265 5609 3279 5629 ,
3307 5566 3478 5634 justus
3505 5565 3803 5619 conﬁrma-

2210 5676 2317 5728 tus,
2343 5661 2547 5732 positus
2590 5658 2642 5712 in
2688 5667 2927 5726 tempore
2956 5655 3136 5723 malo,
3162 5656 3211 5710 in
3251 5655 3338 5711 die
3386 5655 3797 5719 tribulationis.

2273 5750 2309 5806 ί
2326 5774 2509 5837 Aliquot
2530 5777 2658 5828 ιω..
2680 5762 2864 5831 fallere.
