1986 3099
129 189 180 218 569

126 247 187 281 quia
203 253 255 273 non
278 245 500 279 eonfundebatnr,
515 245 576 281 quid
593 246 649 273 ait?
663 245 808 272 Glorientur
820 245 844 270 iu
861 244 906 270 tri-

126 292 313 324 bulationibus,
339 293 442 320 scientes
464 295 580 327 quoniam
610 292 737 319 tribulatio
763 291 908 326 patientiam

125 343 254 373 operatur,
271 338 388 372 patientia
407 338 574 372 probationem
589 359 595 371 ,
618 338 729 371 probatio
750 345 818 372 spem
831 358 838 369 ,
852 345 908 371 spes

125 390 210 411 autem
223 392 272 410 non
282 385 421 417 confundit.
438 384 510 411 Unde
531 392 591 417 spes
604 392 655 410 non
676 383 829 410 confundit?
842 383 906 416 Quia

125 431 153 458 in
178 431 232 458 Deo
255 431 337 464 posita
351 436 401 457 est.
419 430 478 457 Ideo
492 430 624 464 sequitur,
640 429 703 462 Quia
727 429 836 455 clmritas
862 428 907 455 Dei

125 477 221 510 diffusa
242 481 277 503 est
292 477 317 503 in
340 477 455 503 cordibus
473 477 563 503 nostris
585 484 628 511 per
651 476 774 510 Spiritum
795 480 908 501 sanctum

124 524 170 559 qui
183 517 257 549 datus
270 528 305 549 est
325 523 404 549 nobis.
420 522 476 549 Jam
490 522 567 549 datus
577 528 618 549 est
631 522 706 548 nobis
720 522 832 556 Spiritus
845 528 907 548 san-

125 573 192 599 ctus,
205 568 339 602 quomodo
363 575 411 594 nos
431 568 497 594 fallit
511 568 585 601 cujus
597 568 647 594 tale
662 568 754 602 pignus
768 567 908 594 tenemus?

126 611 187 639 Non
200 612 384 647 confundentur
397 613 422 639 in
437 618 547 647 tempore
561 612 627 639 malo
643 620 652 639 :
665 618 688 639 et
699 613 723 639 in
737 612 822 639 diebus
833 613 907 647 [antis

124 657 315 684 saturabuntur.
330 657 378 684 Est
398 658 467 684 enim
482 657 600 692 quardam
617 658 657 684 hic
667 658 791 684 saturitas
803 665 905 684 eorum.

124 702 188 731 Nam
205 703 264 730 dies
277 703 362 735 famis,
376 704 436 730 vita:
450 703 526 738 hujus
543 708 603 730 sunt
617 713 623 730 :
637 704 696 730 aliis
710 704 885 730 esurientibus
897 724 904 735 ,

124 748 162 776 illi
188 753 350 777 saturantur.
376 749 440 776 Nam
464 750 507 776 ille
533 750 601 777 unde
616 750 772 785 gloriaretur
795 750 904 781 dicens,

125 794 269 822 Gloriaer
282 796 307 821 in
316 795 524 827 tribulationibus,
533 795 554 822 si
567 800 709 830 egestatem
720 796 788 822 intus
800 800 904 830 patere-

108 856 113 863 ι
125 840 179 867 ειη-7
189 840 350 867 Videbantur
361 841 422 867 foris
437 842 573 875 augustire,
587 841 633 868 sed
647 841 830 868 intuslatitiulo
837 845 903 868 erat.

159 886 200 913 10.
211 885 287 922 [νει-ς.
313 886 370 921 20.]
383 886 449 919 Quid
469 891 556 913 autent
577 885 638 913 facit
654 886 737 912 malus
753 885 831 912 homo
844 893 903 912 cum

123 931 231 965 coeperit
244 931 380 958 tribulari?
395 931 468 958 Foris
483 931 548 957 nihil
565 931 657 961 habet,
673 931 756 957 ablata
772 935 833 957 sunt
844 939 903 957 om-

122 976 172 1008 nia,
187 976 213 1003 in
226 976 385 1004 conscientia
407 976 505 1003 nullum
518 977 638 1004 solatium
654 981 694 1004 est
710 985 716 1002 :
734 985 784 1003 non
799 981 839 1003 est
851 984 903 1011 quo

120 1027 207 1056 exeat,
220 1023 279 1057 quia
292 1023 354 1049 dura
371 1027 445 1054 sunt;
459 1031 510 1049 non
531 1027 571 1049 est
584 1030 636 1057 quo
649 1023 745 1054 intret,
761 1022 819 1056 quia
834 1022 900 1048 mala

119 1071 189 1094 sunt.
204 1067 298 1094 Merito
308 1067 332 1094 ei
349 1067 377 1094 fit
391 1067 459 1101 quod
471 1068 590 1102 sequitur
602 1076 608 1093 :
625 1067 750 1099 Quoniam
761 1072 903 1102 peccatores

118 1113 243 1148 peribunt.
264 1113 364 1147 Quibus
385 1114 454 1140 cnim
470 1113 543 1140 locus
556 1120 682 1147 nusquam
700 1118 755 1146 est,
769 1114 902 1148 quomodo

116 1166 169 1186 non
189 1159 330 1193 peribunt?
340 1158 490 1186 Consolatio
505 1167 556 1186 nou
568 1164 607 1187 est
621 1160 646 1186 in
662 1160 787 1191 externis,
799 1167 850 1186 non
860 1164 900 1187 est

116 1204 142 1231 in
167 1204 290 1231 internis.
308 1205 387 1231 Extra
403 1209 463 1231 sunt
476 1206 545 1232 enim
560 1213 575 1232 a
588 1206 673 1237 nobis,
685 1205 719 1232 de
731 1206 825 1240 quibus
837 1213 901 1233 con-

114 1249 210 1276 solatio
231 1250 301 1277 nttlla
316 1254 364 1277 est.
386 1251 418 1277 Et
437 1251 551 1278 universi
564 1251 607 1285 qui
628 1251 709 1278 Deum
721 1259 772 1278 non
786 1251 898 1283 habent,

114 1296 233 1330 pecuniae
245 1316 252 1327 ,
269 1296 391 1323 amicitia:
401 1317 407 1328 ,
422 1297 512 1330 glorim
523 1318 529 1329 ,
549 1297 716 1324 facultatibus
741 1297 829 1324 mundi
843 1305 898 1324 εει-ο

114 1341 189 1368 riunt
205 1342 273 1373 ’,ει
295 1349 467 1377 qtuecumque
490 1342 557 1369 bona
577 1346 637 1369 sunt
659 1343 804 1376 corporalia
817 1364 824 1374 ,
846 1350 896 1369 non

113 1392 223 1421 possunt
249 1387 377 1415 consulari
404 1387 571 1418 intrinsecus,
586 1388 718 1422 quomodo
741 1388 895 1414 consolaba-

111 1437 154 1459 tur
176 1432 222 1460 ille
242 1433 334 1467 plenus
358 1433 447 1468 sagina
471 1434 613 1466 interiore,
635 1438 662 1460 ct
676 1434 709 1461 de
733 1434 787 1468 ipsa
807 1434 895 1468 sagina

112 1482 217 1504 ructans
232 1486 238 1504 :
256 1477 376 1504 Dominus
390 1478 474 1512 dedit,
496 1478 617 1506 Dominus
639 1479 754 1511 abstulit,
767 1480 830 1506 sicut
844 1479 895 1506 Da—

110 1521 178 1549 mino
193 1523 297 1557 placuit,
311 1523 346 1549 ita
367 1526 459 1558 factum
470 1529 504 1550 est
515 1532 523 1556 ;
536 1525 567 1550 sit
582 1532 671 1551 nomen
685 1524 785 1551 Domini
797 1525 895 1551 benedi-

110 1572 179 1594 ctum
190 1567 251 1602 (Job
279 1577 297 1601 ι,
312 1569 369 1603 2i).
387 1569 457 1604 Ergo
468 1570 518 1597 illis
533 1571 712 1604 peccatoribus
728 1575 832 1598 nonest
855 1571 894 1597 ln-

112 1620 157 1640 cns
171 1613 199 1640 in
211 1613 255 1640 his
267 1621 325 1648 qum
348 1614 409 1641 foris
421 1619 482 1641 sunt
495 1636 502 1648 ,
518 1615 578 1649 quia
591 1616 625 1642 ibi
638 1616 770 1650 patiuntur
787 1616 892 1643 tribula-

111 1658 197 1686 Iloaes
211 1660 221 1675 ¹
237 1668 244 1686 :
258 1660 416 1686 conscientia
442 1661 500 1688 illos
525 1669 576 1687 non
600 1662 763 1694 consolatur;
784 1670 836 1689 non
852 1668 893 1689 est

110 1703 178 1731 bene
189 1704 241 1731 illis
255 1703 344 1731 sec‘um
356 1726 363 1736 ,
379 1706 439 1740 quia
453 1706 520 1733 bene
539 1713 598 1733 esse
617 1714 675 1733 cum
691 1708 760 1733 malo
776 1715 826 1734 non
843 1715 890 1742 pu-

109 1753 170 1776 test.
195 1749 319 1784 Quisquis
340 1755 427 1777 autem
452 1751 536 1777 malus
561 1756 618 1783 est,
635 1752 702 1778 male
729 1760 818 1779 secum
832 1757 889 1779 est:

108 1784 261 1828 torqueatur
273 1802 381 1822 necesse
391 1800 430 1822 cst
443 1796 492 1822 sibi
507 1796 595 1830 seipse
616 1801 757 1824 tormento.
779 1797 836 1831 Ipse
849 1803 890 1824 cst

108 1841 178 1867 enim
191 1849 267 1874 pretia
281 1849 325 1868 sua
338 1862 344 1871 ,
357 1849 434 1876 quem
451 1847 554 1876 torquet
567 1843 726 1870 conscientia
741 1851 796 1871 sua.
814 1844 892 1878 Fugit.

108 1886 258 1913 abiuimico
274 1895 325 1921 quo
340 1888 462 1921 lotuerit,
475 1897 489 1913 τι
506 1896 534 1915 se
553 1896 604 1922 quo
619 1889 714 1923 fugiet?

103 1931 108 1935 ”
141 1931 185 1958 Η.
201 1931 237 1957 Ita
252 1931 356 1966 quidam
379 1941 409 1959 cx
432 1938 505 1966 parte
527 1933 618 1960 Donati
639 1939 745 1961 venerat
767 1935 799 1961 ad
823 1943 887 1967 nos,

107 1981 242 2003 accuratus
263 1981 290 2003 et
310 1979 551 2005 excommunicatus
570 1987 584 2005 a
607 1979 678 2011 suis,
702 1980 745 2007 hic
767 1988 888 2015 qumrcus

105 2021 174 2055 quod
188 2021 224 2048 ibi
240 2022 397 2056 perdiderat.
411 2023 462 2049 Sed
475 2024 534 2057 quia
547 2024 642 2058 suscipi
657 2032 708 2051 non
722 2025 821 2058 potuit,
838 2026 886 2052 nisi

104 2067 209 2094 cnloco
223 2075 276 2102 quo
289 2068 378 2095 debuit
392 2078 398 2095 :
414 2077 465 2095 non
481 2069 551 2096 enim
566 2069 682 2096 deseruit
702 2070 772 2097 illam
784 2076 886 2105 partem

103 2113 177 2147 quasi
198 2114 300 2147 integer
313 2114 380 2147 apud
396 2115 481 2148 ipsos,
498 2119 526 2141 ιιι
539 2120 677 2149 appareret
697 2123 756 2142 eum
775 2124 826 2143 n0n
842 2125 887 2144 ne-

103 2159 235 2189 cesitate,
251 2158 297 2185 sed
311 2159 439 2186 electione
455 2160 547 2187 fecisse
559 2160 569 2175 ³
584 2169 589 2186 :
602 2161 704 2195 quiaibi
716 2169 778 2196 ergo
789 2162 885 2190 habere

103 2211 156 2232 non
173 2206 258 2240 potuit
270 2207 340 2240 quod
358 2208 506 2241 quasrchat,
526 2208 660 2242 quaerebat
681 2214 768 2237 autem
789 2219 883 2237 vanam

101 2243 242 2278 elationem
255 2255 282 2278 et
298 2251 390 2278 falsum
406 2252 543 2287 honorem,
559 2258 583 2280 et
599 2254 658 2288 quia
670 2254 712 2281 hic
724 2263 774 2282 non
787 2256 885 2283 invenit

99 2296 174 2330 quod
184 2297 219 2325 ibi
231 2298 354 2332 perdidit,
367 2303 392 2324 ct
407 2299 461 2333 ipse
477 2299 563 2334 periit.
578 2299 706 2328 Gemebat
720 2303 824 2329 saucius
834 2324 841 2335 ,
857 2308 884 2329 et

99 2349 151 2368 non
174 2342 362 2369 consolabatur
378 2353 384 2370 :
401 2349 477 2371 erant
498 2345 567 2372 enim
592 2345 617 2372 in
639 2347 800 2374 conscientia
826 2347 882 2381 ejus

96 2386 181 2414 salici
198 2386 338 2414 horribiles
352 2389 432 2415 taciti.
444 2389 613 2417 Tentavimus
627 2392 756 2418 consolari
769 2400 829 2419 eum
849 2392 882 2420 de

95 2431 178 2458 verbo
191 2431 237 2459 Dei
250 2441 257 2458 :
272 2433 318 2458 soil
335 2433 378 2460 ille
395 2442 445 2461 non
459 2440 516 2462 erat
529 2435 562 2462 de
575 2436 735 2470 sapientibus
752 2436 878 2470 formicis,

94 2483 154 2511 qua!
169 2476 224 2504 sibi
233 2481 326 2504 :I‘SL‘llc
341 2478 503 2512 collegerunt
520 2480 588 2507 unde
603 2480 688 2508 hieme
703 2482 799 2509 vivant.
814 2484 878 2509 Cum

92 2521 166 2548 enim
187 2529 231 2549 res
251 2527 311 2549 sunt
325 2524 490 2558 tranquillas,
510 2529 571 2553 tunc
584 2526 664 2553 homo
686 2527 734 2553 sibi
755 2528 879 2562 colligere

90 2565 173 2593 debet
185 2566 296 2594 verbum
312 2567 372 2601 Dei,
386 2574 411 2595 et
426 2570 569 2597 recondere
582 2571 607 2597 in
619 2571 717 2599 intimis
727 2573 814 2599 cordis
825 2574 875 2604 sui,

89 2611 316 2645 quemadmodum
326 2611 434 2641 formica
447 2615 583 2642 abscondit
596 2616 621 2642 in
635 2618 784 2644 cavernosis
798 2625 877 2652 petie-

119 2698 129 2713 ι
145 2700 210 2736 _'n~_es
221 2699 285 2722 Mssz‘
298 2699 408 2736 Pecunia.
421 2700 536 2731 (inicitur,
547 2702 631 2733 gloria,
643 2703 767 2734 facultates
782 2707 875 2736 mrmrtl,

84 2726 152 2760 serti
163 2731 186 2754 ct
197 2734 351 2760 quacumque
361 2730 427 2757 bona.
442 2735 489 2756 ett‘.

116 2759 214 2796 '_Apud
232 2762 297 2790 wv.,
310 2759 349 2785 ubi
365 2762 515 2786 cuttscicttlia.
533 2763 605 2788 Abest
616 2771 671 2795 vox,
683 2765 735 2796 ubi,
754 2773 767 2790 a
785 2770 836 2792 Mss.
851 2773 876 2793 et,

82 2789 300 2860 .bifgie‘met‘iorls
311 2825 373 2860 noue
383 2826 434 2846 Mss.
448 2826 474 2847 Αι
485 2826 530 2849 ιιι..
544 2831 598 2860 eum
603 2831 651 2860 non
662 2826 821 2860 delectationr,
833 2830 875 2855 sed

81 2850 224 2905 manu
234 2851 327 2883 litasse.
338 2856 402 2883 tot,
415 2860 468 2878 eum
480 2860 526 2878 non
537 2854 670 2887 dilectione,
682 2850 874 2905 seditiosos-itth

657 185 854 217 εΝΑιιιιΑτιο
873 182 904 211 IN
925 183 1083 215 PSALMUM
1103 188 1221 217 xxxvi.

1695 190 1747 228 sit

964 243 1070 270 [ratibus
1081 244 1184 273 labores
1193 247 1291 274 aestatis
1303 247 1393 284 (Prov.
1408 246 1449 282 v't,
1466 249 1492 281 6.
1509 256 1533 278 et
1546 258 1607 284 xxx.
1623 253 1680 289 25);
1696 255 1746 283 Per

960 295 1077 318 mstalem
1092 292 1161 319 enim
1176 298 1251 320 vacat
1265 294 1315 322 hoc
1334 302 1432 330 agere:
1447 297 1519 325 venit
1535 303 1623 327 autem
1644 301 1728 328 hiems
1738 323 1745 333 ,

961 336 986 363 id
1001 341 1057 368 est,
1072 339 1224 372 supervenit
1239 341 1390 374 tribulatio;
1410 347 1437 369 et
1452 343 1502 370 nisi
1523 344 1593 372 intus
1614 347 1746 375 invenerit

960 382 1028 415 quod
1045 383 1120 415 edat,
1138 392 1247 412 necesse
1262 391 1302 412 est
1322 391 1349 413 ut
1366 387 1436 415 fame
1459 388 1602 424 dispereat.
1618 390 1670 419 Iste
1683 400 1746 428 ergo

959 428 1008 453 sibi
1030 435 1081 455 non
1104 426 1246 464 collegerat
1269 432 1378 459 verbum
1399 434 1462 466 Dei,
1484 437 1634 470 supervenit
1648 437 1743 470 hiems,

960 480 1012 500 non
1027 473 1069 500 hic
1086 475 1184 502 invenit
1198 477 1266 511 quod
1281 479 1432 512 qumrebat,
1455 482 1584 510 consolari
1611 484 1660 511 nisi
1683 484 1745 513 inde

959 525 1011 545 non
1028 525 1144 553 poterat,
1158 521 1191 549 de
1207 523 1287 549 verbo
1303 529 1390 551 autem
1410 524 1456 552 Dei
1478 526 1552 554 nullo
1567 528 1656 556 modo.
1671 529 1744 558 Intus

959 565 1027 598 apud
1042 572 1071 592 se
1086 567 1150 593 nihil
1164 567 1288 601 habebat,
1303 570 1366 597 foris
1379 572 1451 605 quod
1460 574 1595 607 qttmrebat
1606 583 1656 603 non
1668 576 1742 605 inve<

960 610 1046 637 nicbat
1062 619 1068 637 :
1082 612 1191 640 ardebat
1213 614 1421 650 indignationum
1438 623 1464 644 et
1483 618 1605 647 dolorum
1627 621 1741 655 facibus,

958 655 1106 689 agitabatur
1120 666 1194 686 mens
1215 660 1272 694 ejus
1293 661 1431 696 violenter,
1453 667 1483 690 et
1503 665 1602 693 tamdiu
1624 667 1741 701 occulte,

958 699 1045 728 donec
1056 702 1135 729 etiam
1151 711 1304 739 erumperet
1325 706 1351 734 in
1375 708 1502 742 quosdam
1522 711 1635 745 gemitus
1645 733 1653 745 ,
1667 713 1701 740 ita
1715 719 1742 741 ut

958 746 1027 773 inter
1040 746 1135 775 fratres
1147 755 1271 784 sonaret,
1293 757 1319 779 et
1339 760 1368 779 se
1389 754 1474 782 audiri
1490 757 1613 784 nesciret.
1627 758 1738 786 Videba-

957 798 1031 825 mus,
1046 797 1073 820 et
1088 793 1242 822 dolebamus
1263 799 1442 830 vehementer.
1464 800 1532 828 Deus
1551 803 1618 834 scit,
1643 807 1740 831 tantam

957 844 1061 870 pinnam
1075 839 1179 871 animat,
1194 846 1278 869 tantas
1290 850 1391 878 cruces,
1409 849 1494 873 tantas
1508 848 1653 881 gehennas,
1670 853 1739 876 tanta

957 886 1098 911 tormenta.
1110 885 1177 919 Quid
1194 887 1330 921 pluribus?
1344 889 1484 924 Impatiens
1497 893 1546 920 loci
1563 893 1681 928 humilis,
1688 896 1738 923 .cui

940 922 977 954 ἐἰ
991 934 1096 962 Sapere!
1106 951 1113 962 ,
1130 936 1220 965 posset
1231 940 1291 960 esse
1306 933 1378 961 locus
1392 936 1521 969 salubris,
1534 938 1592 966 talis
1606 941 1737 975 apparuit,

956 978 983 1000 ut
1006 974 1084 1001 etiam
1109 976 1290 1011 projiceretur.
1305 979 1396 1014 Neque
1417 981 1478 1009 hinc
1497 974 1645 1018 desperare
1659 986 1736 1014 debe~

955 1027 1028 1052 mus,
1045 1021 1139 1049 fratres
1148 1043 1155 1054 ,
1169 1023 1203 1050 de
1215 1024 1274 1051 aliis
1283 1046 1290 1056 ,
1304 1027 1347 1060 qui
1362 1026 1429 1054 forte
1441 1030 1571 1063 elegerint
1581 1031 1716 1060 veritatem
1729 1054 1735 1062 .

955 1072 1005 1092 nou
1021 1067 1103 1094 secuti
1118 1067 1217 1095 fuerint
1230 1071 1424 1099 necessitatem.
1438 1073 1526 1109 lisque
1539 1076 1607 1103 adeo
1620 1077 1690 1104 enim
1702 1078 1736 1106 de

953 1111 1056 1138 caneris
1069 1112 1263 1147 desperandum
1278 1123 1328 1142 non
1343 1121 1400 1149 est,
1416 1122 1442 1144 nt
1456 1126 1505 1146 ιιι-ο
1524 1120 1557 1147 de
1577 1121 1626 1148 isto
1640 1119 1735 1157 despe-

953 1163 1020 1188 rem,
1036 1158 1162 1191 quamdiu
1177 1159 1249 1186 vivit.
1271 1160 1308 1187 De
1329 1161 1403 1188 mtllo
1423 1164 1492 1190 enim
1515 1164 1619 1193 vivente
1640 1167 1735 1201 despe-

952 1200 1061 1227 modum
1077 1207 1126 1229 est.
1139 1203 1193 1230 Hoc
1207 1212 1279 1239 ergo,
1292 1206 1395 1239 fratres,
1407 1216 1440 1234 ex
1455 1209 1594 1237 occasione
1608 1211 1656 1239 bac
1666 1213 1735 1240 scire

951 1242 1041 1272 debuit
1054 1246 1173 1274 Charitas
1185 1248 1293 1281 Vestra,
1310 1259 1343 1278 ne
1363 1252 1425 1286 quis
1443 1253 1512 1280 forte
1524 1254 1594 1282 aliud
1608 1257 1682 1284 vobis
1696 1258 1734 1284 di-

950 1294 1001 1316 cat.
1024 1290 1088 1318 Nam
1113 1293 1289 1322 subdiacmms
1311 1304 1419 1329 eorum,
1441 1299 1505 1332 qui,
1529 1308 1588 1327 cum
1614 1302 1637 1328 ei
1663 1303 1732 1331 nulla

949 1337 1060 1369 quatstio
1083 1337 1117 1363 ibi
1137 1346 1358 1373 commoveretur,
1379 1343 1459 1377 elegit
1469 1345 1625 1374 catholicam
1643 1355 1731 1381 pacem

949 1386 976 1407 et
989 1382 1124 1415 unitatem,
1140 1390 1166 1410 et
1182 1385 1232 1411 illis
1246 1385 1362 1414 dimissis
1377 1389 1458 1421 venit,
1471 1390 1651 1419 venirrevera
1664 1393 1733 1421 sicut

948 1426 1048 1461 eligens
1059 1429 1128 1462 quod
1139 1430 1235 1457 bonum
1247 1435 1296 1465 est,
1311 1440 1362 1459 non
1373 1434 1441 1461 sicut
1451 1435 1603 1470 repudiatus
1613 1445 1627 1464 a
1638 1439 1730 1468 malis:

948 1472 986 1498 sic
1001 1478 1124 1508 acceptus
1139 1480 1188 1508 est,
1204 1480 1235 1503 ut
1244 1477 1278 1504 de
1291 1478 1347 1512 eius
1361 1481 1535 1509 conversione
1549 1483 1709 1517 gaudeamus
1720 1506 1729 1518 ,

947 1522 971 1543 ot
994 1525 1054 1544 cum
1080 1521 1176 1547 vestris
1200 1523 1364 1551 orationibus
1385 1527 1612 1557 commendemus.
1634 1530 1729 1559 Potens

947 1567 987 1589 est
1000 1564 1069 1590 enim
1085 1565 1161 1598 Deus,
1179 1567 1221 1602 qui
1235 1575 1295 1595 eum
1309 1566 1386 1597 faciat
1398 1571 1477 1598 etiam
1492 1576 1571 1607 atque
1582 1575 1660 1602 etiam
1672 1584 1728 1604 ute-

947 1607 1049 1636 liorem.
1061 1611 1189 1639 Craterum
1203 1613 1237 1641 de
1254 1615 1327 1642 nullo
1347 1618 1568 1651 pronuntiandum
1583 1626 1624 1647 est
1638 1621 1663 1648 in
1678 1622 1728 1649 ali-

944 1661 1022 1688 quam
1033 1661 1145 1691 partcm,
1157 1659 1214 1686 sive
1227 1660 1252 1686 in
1265 1660 1370 1695 bonam,
1382 1663 1437 1690 sive
1446 1664 1472 1690 in
1482 1666 1586 1692 malam.
1598 1662 1727 1699 Quamdiu

944 1700 1013 1727 enim
1039 1702 1081 1729 hic
1103 1704 1207 1737 vivitur,
1230 1708 1359 1734 crastinus
1381 1708 1436 1735 dies
1456 1717 1562 1744 semper
1582 1712 1738 1746 ignoratur!

946 1746 1004 1774 Non
1016 1749 1200 1782 con/nudentur
1212 1752 1236 1778 in
1251 1757 1361 1788 tempore
1372 1756 1438 1782 malo
1448 1776 1455 1787 ,
1470 1761 1496 1782 ct
1510 1757 1536 1784 in
1556 1757 1641 1785 diebus
1652 1759 1727 1792 {antis

942 1793 1121 1821 saturabuntur
1133 1803 1143 1821 :
1157 1798 1274 1835 quoniam
1288 1804 1428 1833 peccatores
1440 1801 1564 1835 peribunt.

979 1838 1021 1864 12.
1037 1838 1139 1867 Inimici
1151 1847 1235 1869 autem
1248 1843 1349 1871 Domini
1367 1847 1450 1872 statim
1470 1852 1496 1873 ut
1517 1848 1689 1882 gloriabuntur
1702 1856 1724 1877 ct

940 1884 1125 1918 exn/labuntur,
1141 1887 1281 1921 deficientes
1294 1891 1356 1916 sicut
1376 1894 1459 1926 fumus
1478 1894 1600 1926 deﬁcient.
1619 1896 1654 1923 Ex
1669 1895 1723 1930 ipsa

941 1929 1111 1958 similitudine
1131 1941 1186 1959 rem
1201 1942 1279 1968 quant
1297 1936 1453 1971 insinuavit,
1469 1940 1612 1972 agnoscite.
1626 1941 1724 1970 Fumus

940 1984 953 2001 a
979 1976 1037 2004 loco
1061 1978 1126 2013 ignis
1149 1988 1290 2016 erumpens
1313 1983 1338 2009 in
1359 1984 1441 2011 altum
1463 1986 1605 2017 extollitur,
1621 1992 1648 2015 et
1667 1989 1722 2023 ipsa

940 2023 1054 2051 elatione
1071 2024 1096 2052 in
1111 2026 1216 2060 globum
1232 2035 1353 2062 magnum
1376 2030 1524 2059 intumescit
1539 2040 1545 2060 :
1560 2034 1605 2061 sed
1624 2040 1730 2070 quanto.

940 2068 1016 2095 fuerit
1038 2070 1131 2104 globus
1147 2072 1190 2099 ille
1210 2074 1344 2107 grandior,
1368 2080 1439 2103 lauto
1460 2077 1490 2104 Iit
1507 2079 1615 2112 vanior;
1630 2068 1663 2107 ab
1678 2080 1720 2107 illa

939 2115 1008 2141 enim
1024 2117 1201 2151 magnitudine
1217 2126 1268 2145 non
1291 2120 1396 2147 fundata
1410 2126 1437 2149 et
1450 2123 1559 2151 solidata
1571 2146 1577 2156 ,
1593 2125 1638 2152 sed
1654 2133 1719 2160 peu-

938 2161 1016 2188 deute
1029 2166 1056 2188 et
1071 2162 1169 2195 inliata,
1185 2164 1204 2190 it
1217 2164 1242 2191 in
1257 2173 1335 2192 auras
1347 2170 1426 2201 atque
1439 2168 1572 2203 dilabitur,
1588 2175 1615 2196 ul
1630 2171 1718 2199 videas

938 2207 1019 2240 ipsam
1034 2207 1057 2233 ei
1073 2208 1187 2235 obfuisse
1207 2211 1422 2244 magnitudinem.
1446 2213 1548 2247 Quanto
1567 2215 1636 2242 enim
1660 2216 1718 2250 plus

936 2257 1040 2278 erectus
1051 2257 1100 2284 est,
1114 2259 1213 2288 quanto
1227 2260 1361 2289 extentus,
1377 2263 1475 2292 quanto
1485 2259 1594 2288 diffusus
1605 2261 1717 2297 undique

936 2297 961 2323 in
977 2298 1103 2331 majorem
1115 2300 1253 2333 ambitum,
1268 2306 1341 2329 tanto
1353 2302 1381 2329 fit
1391 2304 1494 2337 exilior,
1506 2310 1533 2332 ct
1546 2306 1679 2339 deficiens,
1691 2313 1717 2335 et

935 2351 986 2370 non
1000 2352 1140 2378 apparens.
1156 2345 1256 2373 Inimici
1271 2353 1352 2374 autem
1367 2348 1470 2376 Domini
1483 2352 1566 2377 statim
1585 2357 1611 2378 ut
1623 2353 1716 2388 gloria-

933 2388 1024 2414 buntur
1037 2394 1058 2415 ct
1071 2391 1257 2423 exaltabnnlur,
1273 2393 1414 2427 deﬁcientes
1427 2395 1488 2421 sicut
1498 2395 1581 2430 fumus
1591 2397 1715 2431 deﬁcient.

935 2434 970 2460 De
982 2434 1075 2462 talibus
1090 2436 1188 2463 dictum
1205 2443 1244 2464 est
1260 2447 1266 2464 :
1282 2439 1353 2465 Sicut
1365 2439 1462 2467 Jannes
1473 2446 1495 2467 et
1510 2441 1635 2470 Mambres
1649 2446 1716 2472 resti-

932 2484 1013 2505 terunt
1025 2479 1116 2515 Moysi,
1128 2482 1163 2507 sic
1173 2487 1195 2508 et
1208 2482 1249 2509 isti
1261 2484 1378 2510 resistunt
1390 2485 1485 2512 ueritati
1492 2494 1502 2513 :
1513 2486 1623 2516 homines
1634 2493 1715 2517 ruente

931 2526 1056 2559 corrupti,
1079 2527 1177 2559 reprobi
1198 2527 1265 2553 circa
1286 2528 1371 2562 fidem.
1387 2529 1461 2558 Unde
1479 2536 1566 2559 autem
1589 2535 1714 2562 resistunt

930 2570 1044 2602 veritati,
1059 2571 1108 2597 nisi
1123 2572 1257 2600 inﬂatione
1269 2574 1379 2601 tumoris
1393 2576 1444 2608 sui,
1459 2582 1551 2605 euntes
1566 2578 1590 2605 in
1602 2585 1694 2607 ventos
1704 2601 1712 2614 ,

929 2615 1087 2642 extollentes
1107 2623 1136 2643 se
1156 2617 1230 2651 quasi
1242 2617 1327 2652 justos
1351 2623 1378 2646 et
1399 2622 1525 2656 magnos?
1539 2622 1605 2656 Quid
1624 2625 1711 2652 autem

929 2660 961 2687 de
974 2660 1027 2687 illis
1040 2661 1096 2687 ait?
1109 2661 1245 2696 Tanquam
1259 2663 1292 2691 de
1306 2663 1376 2691 fumo
1389 2674 1395 2692 :
1413 2662 1465 2693 Séd
1481 2667 1547 2694 ultra
1564 2677 1613 2695 non
1633 2670 1712 2704 pro/i-

928 2705 1009 2737 cient;
1020 2706 1143 2734 dementia
1151 2708 1216 2734 enim
1229 2716 1314 2735 eorum
1323 2710 1453 2745 manifesta
1465 2712 1511 2738 erit
1524 2714 1646 2746 omnibus,
1660 2714 1708 2740 sic-

929 2756 954 2776 ut
974 2757 996 2777 ει
1016 2752 1117 2779 illorum
1139 2753 1185 2788 fuit
1200 2753 1240 2788 (ΙΙ
1255 2754 1319 2781 Tim.
1337 2763 1363 2782 Ill
1374 2777 1381 2789 ,
1397 2756 1429 2787 8,
1444 2757 1490 2792 9
1507 2757 1607 2785 Inimici
1627 2764 1709 2786 amem

928 2797 1029 2823 Domini
1042 2799 1125 2824 statim
1137 2804 1162 2825 ut
1174 2799 1348 2834 gloriabuntur
1360 2806 1383 2828 et
1395 2801 1578 2835 excitabuntur,
1592 2804 1708 2836 deﬁcian-

928 2848 962 2870 [εδ
977 2844 1039 2869 sicut
1054 2845 1137 2878 [mnus
1149 2844 1272 2878 deﬁcient.

965 2889 1007 2916 15.
1029 2888 1108 2926 [tum
1122 2889 1184 2926 21.]
1200 2889 1338 2917 Fcncratur
1357 2895 1480 2924 peccator,
1500 2897 1533 2918 ιιι·
1548 2900 1596 2918 non
1618 2893 1702 2920 soluet.
