3972 6198
496 357 598 415 391

503 472 738 542 Accipit,
768 480 820 525 et
843 484 961 524 non
983 466 1183 523 reddet.
1207 464 1341 533 Quid
1379 483 1483 521 non
1523 465 1736 521 reddet?
1761 465 2059 523 Gratiarum

502 567 780 623 actionem.
807 560 942 627 Quid
971 561 1110 614 enim
1137 575 1169 615 a
1196 569 1248 614 te
1287 560 1397 614 vult
1432 559 1569 615 Deus
1591 602 1609 627 ,
1635 570 1724 614 aut
1753 559 1877 627 quid
1903 560 2063 627 exigit

504 656 673 718 Deus,
702 653 799 707 nisi
825 651 965 720 quod
993 651 1083 706 libi
1114 652 1280 720 prosit
1300 652 1357 706 “.3
1390 651 1456 706 Et
1479 661 1670 721 quanta
1706 651 1909 721 accepit
1938 666 2061 720 pec-

500 753 674 808 cator,
703 757 796 810 pro
818 741 1006 808 quibus
1033 758 1136 801 non
1163 741 1366 796 solvet?
1387 740 1601 810 Accepit
1638 752 1696 796 ut
1724 741 1793 801 sit
1811 781 1828 806 ,
1860 741 2063 810 accepit

501 843 558 886 nt
585 833 742 886 homo
759 834 847 898 sit,
872 832 1199 901 multumque
1225 832 1430 886 intersit
1453 832 1591 886 inter
1610 831 1780 901 ipsum
1803 841 1854 886 et
1879 846 2057 900 prcus;

498 923 703 991 accepit
729 922 970 993 corporis
1012 922 1230 999 formam
1256 962 1273 988 ,
1303 921 1505 991 accepit
1535 922 1587 976 in
1617 937 1841 999 corpore
1878 923 2063 977 distin-

499 1013 729 1067 ctionem
773 1028 1021 1068 sensuum
1046 1012 1158 1077 ,‘ad
1184 1012 1465 1071 videndum
1492 994 1674 1068 oculos
1698 1055 1711 1076 ,
1746 1011 1813 1068 ad
1838 1011 2062 1068 audien-

499 1105 623 1160 dum
672 1120 865 1169 aures,
912 1103 980 1159 ad
1024 1104 1349 1159 odorandum
1398 1120 1591 1170 nares,
1637 1106 1702 1159 ad
1749 1106 2062 1175 gustandum

504 1196 757 1264 palatum,
788 1196 854 1250 ad
883 1195 1317 1257 contrectandum
1347 1212 1533 1253 manus
1553 1238 1569 1261 ,
1597 1197 1662 1251 ad
1691 1196 2062 1250 ambulandum

508 1286 690 1355 pedes,
717 1286 1045 1359 salutemque
1073 1288 1238 1355 ipsam
1266 1287 1525 1354 corporis.
1558 1286 1662 1343 Sed
1688 1286 1858 1341 adhuc
1888 1288 1982 1341 ista
2012 1295 2067 1341 et

503 1392 624 1437 cum
653 1393 844 1445 pecore
870 1377 1124 1436 habemus
1149 1376 1445 1434 communia
1471 1394 1484 1428 :
1510 1377 1710 1446 accepit
1749 1377 1906 1431 etiam
1948 1392 2065 1430 am-

507 1466 661 1535 plius,
694 1466 745 1519 id
776 1475 857 1520 est
884 1474 1114 1527 mentem
1139 1482 1255 1536 qua:
1280 1467 1443 1535 possit
1470 1466 1781 1537 intelligere,
1806 1483 1922 1536 qua:
1945 1482 2067 1535 pos-

504 1558 573 1613 sit
610 1572 799 1626 capere
829 1558 1129 1621 veritatem,
1157 1574 1274 1628 qua:
1316 1558 1479 1628 possit
1519 1557 1717 1627 justum
1759 1559 1826 1613 ab
1874 1559 2069 1629 injuste

505 1645 836 1709 discernere,
867 1663 982 1715 qua:
1011 1647 1174 1715 possit
1216 1647 1494 1717 indagare,
1524 1647 1828 1703 desiderare
1852 1648 2069 1704 Creato-

509 1751 619 1793 rem
641 1777 657 1802 ,
684 1734 897 1791 laudare
925 1746 979 1790 et
1007 1737 1262 1800 inbwrere
1295 1737 1388 1791 illi.
1432 1738 1554 1792 llaac
1587 1738 1760 1793 omnia
1788 1739 1990 1807 accepit
2015 1747 2070 1794 et

510 1816 774 1896 peccator,
805 1826 898 1887 sed
930 1844 1034 1888 non
1063 1828 1196 1882 bene
1223 1828 1445 1884 vivendo
1477 1844 1580 1884 non
1615 1828 1786 1883 reddit
1814 1829 1952 1897 quod
1975 1830 2068 1885 de-

508 1916 615 1974 bet.
643 1917 781 1990 Ergo
806 1921 1062 1989 [erraretur
1089 1930 1333 1984 peccator,
1361 1930 1406 1972 et
1434 1935 1533 1976 non
1557 1921 1730 1985 solvet,
1754 1935 1857 1974 non
1883 1921 2069 1977 reddet

508 2008 557 2063 ei
585 2024 614 2066 a
639 2024 743 2079 quo
770 2009 1011 2078 accepit,
1041 2025 1144 2063 non
1173 2019 1293 2080 aget
1316 2011 1511 2080 gratias
1539 2027 1552 2062 :
1583 2010 1689 2065 imo
1716 2026 1846 2065 vero
1875 2027 2069 2080 repen-

508 2100 600 2156 det
625 2100 759 2168 mala
790 2116 885 2169 pro
913 2101 1099 2164 bonis,
1134 2101 1516 2170 blaSpbemias,
1550 2119 1789 2159 murmur
1816 2103 2070 2159 adversus

508 2190 694 2255 Deum,
725 2191 1152 2261 indignationem.
1182 2192 1321 2262 Ergo
1349 2194 1435 2247 ille
1464 2198 1740 2264 feueratur,
1770 2204 1815 2247 et
1842 2211 1940 2248 non
1969 2195 2073 2248 δοίη

506 2291 586 2339 νει
613 2282 820 2357 :justus
861 2293 1025 2336 autem
1073 2283 1346 2345 miseretur,
1389 2294 1436 2336 et
1478 2284 1781 2343 commodat.
1821 2283 1912 2339 Ille
1940 2300 2071 2354 ergo

512 2370 639 2437 nihil
670 2371 862 2436 habet,
893 2371 988 2431 iste
1019 2370 1195 2436 habet.
1227 2371 1408 2429 Videte
1436 2383 1723 2442 egestatem
1744 2414 1760 2438 ,
1791 2374 1965 2429 videte
1989 2374 2071 2429 die

513 2463 682 2521 vitias.
719 2461 807 2517 Ille
829 2462 1055 2533 accipit,
1092 2473 1146 2518 et
1175 2479 1277 2520 non
1306 2464 1476 2519 solvet
1503 2481 1516 2518 :
1548 2465 1645 2540 iste
1687 2465 1988 2528 miseretur,
2017 2474 2073 2521 et

509 2553 847 2620 commodat;
877 2552 1108 2619 abundat
1145 2556 1240 2608 illi.
1266 2554 1399 2627 Quid
1429 2556 1471 2610 si
1520 2571 1717 2625 pauper
1752 2557 1869 2613 est?
1902 2557 2069 2612 Etiam

509 2644 585 2700 sic
607 2644 753 2705 dive»-
775 2656 875 2699 est.
899 2643 979 2708 Tu
1008 2655 1206 2710 tantum
1232 2646 1299 2700 ad
1327 2645 1540 2704 divitias
1578 2645 1693 2716 ejus
1740 2647 1852 2715 pios
1890 2647 2072 2704 oculos

512 2735 743 2801 intende.
773 2735 1010 2804 Respicis
1035 2735 1177 2793 enim
1215 2751 1390 2791 aream
1420 2738 1627 2805 ipanem
1649 2776 1665 2800 ,
1697 2737 2070 2792 conscientiam

515 2823 622 2887 Deo
650 2824 860 2895 plenam
900 2842 1009 2891 non
1045 2825 1282 2895 respicis.
1307 2824 1424 2885 Non
1455 2826 1613 2881 habet
1632 2827 1961 2887 extrinsecus
1995 2825 2073 2880 fa-

510 2915 780 2987 cultatem,
814 2916 907 2974 sed
937 2916 1094 2978 habet
1122 2916 1438 2981 intrinsecus
1473 2916 1806 2976 charitatem.
1837 2919 1911 2972 De
1949 2915 2074 2974 cha-

514 3010 669 3075 ritate
695 3017 888 3077 quanta
914 3017 1114 3078 erogat.
1143 3017 1197 3063 et
1225 3024 1328 3062 non
1356 3008 1566 3071 linitur!
1598 3007 1808 3071 Etenim
1838 3009 1883 3062 si
1914 3010 2073 3062 habet

513 3098 640 3153 foris
667 3099 985 3164 facultatem,
1007 3098 1096 3154 dat
1120 3098 1231 3168 ipsa
1256 3097 1505 3165 citaritas,
1525 3097 1618 3153 sed
1642 3113 1709 3153 ex
1733 3114 1797 3154 eo
1818 3098 1955 3168 quod
1982 3102 2074 3152 ba-

515 3194 602 3255 bet
627 3207 640 3244 :
672 3190 914 3257 siautem
940 3206 1043 3253 non
1066 3190 1262 3245 invenit
1288 3188 1415 3245 foris
1437 3188 1577 3259 quod
1599 3189 1706 3253 det,
1727 3188 1818 3243 dat
1844 3190 2071 3253 benevoo

518 3281 749 3349 lentiam,
770 3290 981 3351 praestat
994 3280 1291 3346 consilium,
1304 3280 1347 3333 si
1367 3289 1554 3349 potest;
1576 3287 1787 3346 praestat
1800 3279 2072 3353 auxilium,

509 3373 560 3459 si
591 3372 887 3443 potest:ad
910 3382 1204 3435 extremum
1246 3371 1290 3425 si
1335 3385 1433 3425 nec
1474 3370 1698 3425 consilio
1742 3386 1840 3423 nec
1879 3370 2073 3425 auxilio

516 3463 765 3536 adjuvare
796 3472 1001 3532 potest,
1030 3463 1109 3518 vel
1142 3470 1263 3523 voto
1286 3460 1536 3530 adjuvat,
1566 3460 1648 3514 vel
1674 3469 1791 3517 orat
1818 3476 1911 3529 pro
1948 3475 2075 3514 con.

511 3540 790 3615 tribulato.
830 3565 883 3608 et
928 3554 1063 3608 forte
1103 3553 1269 3622 magis
1309 3551 1422 3620 ipse
1464 3549 1745 3605 exauditur
1789 3566 1944 3619 quam
1984 3551 2072 3619 qui

512 3649 730 3719 ptirrigit
757 3662 963 3717 panem.
990 3645 1157 3699 liabet
1182 3658 1392 3712 semper
1420 3642 1558 3696 unde
1595 3640 1719 3703 det,
1747 3639 1832 3694 cui
1863 3639 2071 3708 plenum

511 3751 692 3809 peetus
719 3748 803 3794 est
825 3737 1115 3802 claaritatis.
1144 3734 1255 3805 Ipsa
1282 3743 1362 3790 est
1386 3732 1638 3797 Charitas,
1667 3746 1783 3801 qua:
1809 3730 1998 3785 dicitur
2021 3739 2075 3785 et

511 3832 749 3893 voluntas
777 3830 931 3883 bona.
958 3827 1085 3891 Plus
1111 3842 1141 3880 a
1172 3836 1222 3879 te
1252 3825 1391 3879 Deus
1422 3840 1524 3876 non
1549 3823 1733 3892 exigit,
1756 3836 1910 3891 quam
1932 3820 2072 3891 quod

511 3921 601 3979 tibi
650 3922 790 3983 intus
832 3919 995 3983 dedit.
1023 3917 1222 3975 Vacare
1269 3917 1410 3981 enim
1460 3931 1564 3969 non
1616 3923 1788 3982 potest
1832 3913 2073 3969 voluntas

511 4013 666 4091 bona.
696 4010 809 4077 Non
838 4012 975 4075 enim
998 4009 1199 4073 habens
1226 4010 1544 4063 voluntatem
1573 4007 1784 4067 bonam.
1806 4004 1904 4061 etsi
1929 4020 2075 4059 nunt.

512 4116 629 4162 mus
658 4101 747 4154 tibi
777 4100 1028 4167 supersit,
1062 4116 1163 4153 non
1190 4099 1417 4169 porrigis
1451 4096 1664 4167 pauperi
1691 4114 1703 4148 :
1731 4095 1828 4164 ipsi
1858 4096 1992 4155 inter
2014 4110 2073 4150 se

512 4207 768 4269 pauperes
803 4202 1052 4260 przestant
1090 4191 1190 4245 sibi
1233 4191 1301 4245 de
1334 4190 1603 4253 voluntate
1632 4188 1785 4251 bona,
1819 4203 1921 4242 non
1952 4196 2073 4241 sunt

511 4287 649 4356 inter
685 4299 744 4337 se
791 4282 1116 4336 infructuosi.
1157 4279 1319 4343 Vides
1362 4295 1558 4341 caecum
1599 4277 1717 4335 duci
1761 4292 1790 4329 a
1821 4275 2070 4339 vidente:

509 4378 628 4446 quia
656 4388 901 4443 nutrimus
929 4388 1032 4425 non
1058 4370 1237 4433 habuit
1257 4385 1387 4439 quos
1408 4370 1557 4424 daret
1580 4382 1744 4440 egens
1762 4369 1805 4433 ²,
1833 4380 2071 4421 commo—

508 4468 651 4537 davit
677 4466 859 4522 oculos
889 4479 992 4518 non
1035 4462 1265 4517 babenti.
1307 4460 1457 4522 Unde
1500 4460 1602 4523 hoc
1641 4460 1832 4521 factum
1868 4466 1985 4520 est,
2016 4463 2074 4521 ut

510 4560 742 4627 ructabra
767 4572 862 4620 sua
887 4552 1246 4620 commodaret
1272 4551 1320 4606 ei
1345 4550 1433 4620 qui
1478 4564 1580 4613 non
1620 4549 1795 4608 habet.
1828 4547 1926 4602 nisi
1952 4549 2072 4616 quia

511 4652 651 4718 intus
694 4650 862 4713 inerat
904 4646 1143 4706 voluntas
1178 4643 1341 4704 bona,
1374 4639 1649 4693 thesaurus
1671 4637 1991 4707 pauperum?
2016 4636 2071 4699 ln

511 4756 615 4808 quo
643 4740 889 4802 thesauro
914 4733 1217 4799 dulcissima
1257 4732 1468 4802 requies
1491 4772 1505 4793 ,
1552 4738 1606 4793 et
1646 4744 1767 4784 vera
1797 4728 2067 4791 securitas.

512 4829 589 4883 Ad
617 4829 785 4900 ipsum
813 4825 1158 4893 amittendum
1190 4839 1287 4879 nec
1312 4810 1447 4876 latro
1474 4821 1788 4884 admittitur,
1818 4834 1915 4881 nec
1942 4834 2072 4878 nau-

512 4918 737 4988 fragium
774 4919 1043 4984 metuitur.
1085 4916 1273 4971 Servat
1317 4928 1494 4977 secum
1537 4910 1676 4980 quod
1714 4910 1854 4965 intus
1893 4909 2067 4974 habet,

511 5009 679 5076 nudus
701 5008 908 5071 evadit.
951 5018 1005 5062 et
1031 5008 1216 5078 plenus
1236 5016 1335 5060 est.
1365 5003 1543 5069 Justus
1569 5017 1696 5071 ergo
1722 5002 1994 5066 miseretur,
2025 5011 2072 5069 et

508 5097 811 5165 commodat.

577 5190 663 5257 id.
694 5184 853 5260 [vera
883 5185 1007 5259 ’ξ’-2.]
1044 5185 1289 5252 Quoniam
1326 5183 1660 5247 benedicentes
1687 5197 1831 5245 eum,
1861 5181 2071 5245 [neredi-

508 5288 606 5348 (αις
635 5275 951 5348 possidebunt
981 5286 1203 5339 terram:
1230 5275 1364 5329 sicut
1403 5274 1475 5344 (α)
1509 5274 1651 5340 illum
1694 5273 1916 5341 justum,
1949 5287 2073 5325 vere

517 5371 684 5426 Solum
707 5369 904 5436 justum
926 5377 980 5421 et
998 5366 1393 5436 justilicantem,
1418 5364 1506 5432 qui
1534 5373 1587 5417 et
1611 5378 1811 5433 pauper
1835 5363 1919 5417 hic
1947 5363 2068 5431 fuit,

514 5471 564 5519 et
593 5459 803 5515 divitias
841 5473 1055 5530 magnas
1078 5456 1295 5520 .attulit,
1326 5456 1515 5525 quibus
1542 5454 1736 5523 faceret
1764 5455 1954 5521 divites
1979 5469 2071 5523 eos

566 5616 585 5647 ί
621 5612 755 5673 Md,
778 5612 1027 5675 pronum;
1053 5612 1215 5662 verius
1233 5608 1412 5674 aliqum
1433 5614 1559 5667 uss,
1584 5603 1752 5673 prosit.

567 5679 599 5740 "
619 5682 745 5740 ηδε..
766 5675 961 5740 egenti.“
1205 5726 1208 5730 λ
1592 5678 1595 5681 ’

579 5736 655 5805 (α)
676 5735 833 5800 Forte,
854 5735 1050 5800 δι’ἰιίᾳκ.

1750 353 1807 410 S.
1848 352 2179 410 AUCUSTIN
2186 354 2203 407 ι
2242 351 2538 411 El’lSCOPl

3620 356 3722 410 37‘!

2167 482 2298 534 quos
2324 468 2524 523 invenit
2551 483 2822 538 pauperes.
2850 468 2965 540 ipse
2990 477 3069 526 est
3091 469 3232 526 enim
3261 470 3345 538 qui
3374 469 3569 537 Spiritu
3596 485 3718 521 san-
3750 447 3759 466 ⁸

2166 568 2250 611 ctn
2278 559 2484 617 ditavit
2528 560 2685 615 corda
2732 576 3054 630 pauperum,
3098 569 3152 614 ct
3189 560 3478 620 exinanitas
3516 559 3725 613 animas

2165 648 2465 702 confitendo
2493 660 2740 718 peccata,
2773 650 3007 721 implevit
3034 651 3303 720 opulentia
3339 650 3591 719 justitim;
3630 648 3724 716 qni

2167 740 2334 809 potuit
2375 740 2586 796 divitem
2633 742 2804 797 facere
2851 743 3200 812 piscatorem,
3231 740 3543 799 dimittenda
3589 741 3724 795 retia

2165 843 2280 892 sua,
2306 829 2445 899 quod
2473 830 2696 884 habebat
2722 839 3174 896 contemnentem,
3197 830 3336 900 quod
3360 846 3463 889 non
3494 829 3726 883 habebat

2167 920 2490 977 haurientem
2523 920 2744 992 (Matth.
2769 938 2838 986 IV,
2870 922 2977 989 l9).
3004 921 3214 977 lntirma
3240 921 3380 982 enim
3411 920 3589 977 mundi
3615 919 3728 973 ele-

2166 1013 2240 1081 git
2270 1012 2407 1067 Deus
2426 1054 2441 1076 ,
2475 1024 2529 1066 ut
2556 1012 2902 1071 confunderet
2930 1014 3080 1067 fortia
3108 1013 3147 1084 (I
3170 1012 3287 1068 Car.
3310 1028 3346 1076 ι,
3375 1011 3488 1083 ΞἸ).
3524 1011 3588 1067 Et
3616 1026 3724 1064 non

2165 1101 2233 1155 de
2257 1114 2466 1156 oratore
2496 1103 2809 1171 piscatorem
2833 1144 2851 1169 ,
2886 1104 2977 1157 sed
3006 1103 3070 1159 de
3096 1105 3353 1171 piscatore
3382 1104 3612 1158 lucratus
3641 1112 3728 1156 est

2165 1202 2451 1257 oratorem,
2500 1193 2567 1247 de
2611 1194 2874 1262 piscatore
2920 1194 3151 1251 lucratus
3193 1203 3274 1248 est
3309 1191 3729 1256 senatorem,de

2169 1283 2426 1352 piscatore
2457 1285 2685 1339 lucratus
2706 1296 2787 1341 est
2811 1287 3201 1355 imperatorem.
3237 1285 3484 1352 Quoniam
3523 1283 3731 1351 ὺεηεάξς

2166 1383 2325 1441 centes
2361 1391 2493 1441 eum,
2526 1376 2841 1445 possidebunt
2878 1387 3058 1430 terram
3087 1376 3371 1433 Iucreditate
3389 1392 3409 1430 :
3428 1383 3583 1428 erunt
3609 1373 3732 1443 ejus

2167 1465 2471 1522 cohmredes
2488 1506 2505 1533 ,
2532 1467 2583 1521 in
2614 1475 2751 1521 terra
2781 1468 2867 1521 illa
2894 1468 3177 1522 viventium
3203 1508 3218 1533 ,
3246 1466 3311 1521 de
3332 1481 3433 1534 qua
3453 1465 3646 1521 dicitur
3673 1465 3732 1519 in

2167 1556 2272 1611 alio
2298 1558 2500 1627 psalmo
2528 1577 2543 1614 :
2570 1558 2699 1629 Spes
2719 1576 2828 1612 mea
2847 1575 2897 1615 et
2922 1569 2998 1626 tu,
3024 1559 3185 1628 portio
3211 1575 3319 1612 mea
3334 1559 3388 1612 in
3406 1568 3537 1618 terra
3558 1557 3735 1613 viven-

2167 1648 2290 1699 tium
2316 1647 2495 1718 (Psal.
2517 1664 2654 1711 cm,
2679 1647 2769 1721 6).
2800 1649 2876 1703 Tu
2918 1665 2978 1705 es
3019 1649 3130 1719 ipsa
3169 1648 3339 1719 portio
3386 1663 3524 1712 mea,
3555 1647 3737 1716 inquit

2171 1740 2311 1802 Deo.
2339 1749 2393 1794 et
2417 1756 2521 1795 non
2559 1741 2812 1811 dubitavit
2847 1742 3012 1795 Deum
3043 1740 3142 1794 sibi
3190 1740 3361 1794 facere
3408 1739 3736 1809 portionem.

2174 1830 2477 1886 Hmaditate
2490 1832 2807 1903 possidebunt
2826 1843 3026 1886 terram.
3043 1831 3094 1884 Μ
3101 1832 3398 1885 aledicentes
3408 1840 3574 1884 autem
3589 1845 3704 1882 eum
3716 1869 3732 1889 .

2170 1923 2461 1991 disperient.
2501 1923 2569 1979 Ut
2610 1935 2786 1978 autem
2838 1922 3150 1978 benedicant
3178 1923 3194 1954 ³
3244 1922 3332 1988 qui
3376 1919 3733 1979 benedicunt.

2173 2014 2459 2082 praestitum
2485 2021 2567 2068 est
2591 2015 2689 2068 eis.
2715 2012 2845 2067 Nam
2876 2024 3086 2068 ventum
3111 2021 3192 2067 est
3219 2010 3282 2065 ad
3311 2010 3691 2064 maledicentes
3715 2050 3734 2072 .

2170 2113 2225 2159 et
2260 2104 2381 2159 facti
2422 2114 2546 2165 sunt
2573 2104 2945 2160 benedicentcs
2973 2122 2987 2156 :
3019 2111 3074 2159 et
3103 2103 3212 2170 jam
3259 2102 3336 2155 sic
3375 2099 3741 2170 disperierunt

2171 2192 2547 2249 maledicentes
2568 2208 2711 2255 eum,
2738 2208 2857 2247 cum
2881 2192 2998 2261 ejus
3022 2205 3241 2245 munere
3271 2190 3394 2245 facti
3417 2199 3538 2244 sunt
3568 2189 3743 2244 bene-

2171 2282 2408 2339 dicentes
2428 2325 2441 2347 ,
2464 2298 2622 2354 quem
2647 2283 2784 2343 man
2808 2297 2907 2338 suo
2929 2281 3312 2342 male-dicebant
3329 2322 3345 2348 ,
3374 2282 3511 2339 bono
3548 2288 3744 2341 autem

2177 2372 2343 2442 ipsius
2370 2372 2705 2429 benedicunt.

2190 2532 2197 2539 ο
2242 2464 2328 2518 15.
2363 2461 2522 2536 [πη.
2548 2461 2680 2535 25.]
2712 2462 2895 2518 Videte
2938 2460 3064 2533 quid
3103 2461 3338 2531 sequitur
3378 2478 3394 2514 :
3432 2459 3477 2512 Α
3509 2458 3744 2523 Doun’no

2172 2571 2370 2624 gressus
2396 2554 2611 2618 [taurinis
2639 2554 2934 2624 dirigentur,
2964 2563 3013 2607 et
3035 2554 3167 2606 uiam
3193 2553 3297 2622 ejus
3321 2552 3467 2606 volet.
3494 2551 3610 2619 Ipse
3636 2551 3744 2606 bos

2175 2660 2261 2701 mo
2289 2654 2347 2700 ut
2369 2646 2495 2701 velit
2519 2645 2656 2699 viam
2680 2644 2884 2699 Domini
2905 2686 2919 2707 .
2951 2644 3019 2696 ab
3046 2644 3160 2714 ipso
3185 2643 3405 2696 Domino
3437 2641 3747 2708 diriguntur

2171 2751 2384 2807 gressus
2418 2736 2550 2805 ejus.
2582 2735 2713 2800 Nam
2751 2736 2797 2796 si
2836 2735 3087 2797 Dominus
3108 2750 3210 2787 non
3244 2733 3493 2802 dirigeret
3514 2745 3746 2801 gressus

2121 2881 2127 2887 .
2175 2830 2422 2899 hominis,
2457 2840 2561 2883 tam
2593 2829 2737 2899 pravi
2758 2835 2932 2894 erant,
2961 2836 3019 2880 ut
3043 2841 3253 2895 semper
3276 2840 3370 2894 per
3392 2838 3548 2893 prava
3569 2823 3745 2891 irent,

2173 2935 2226 2979 et
2253 2924 2471 2981 semitas
2493 2936 2680 2976 curvas
2704 2918 2972 2988 sequendo
2993 2918 3168 2972 redire
3189 2933 3292 2977 non
3316 2922 3552 2986 possent.
3574 2912 3748 2970 Venit

2172 3025 2347 3074 autem
2377 3014 2483 3076 ille,
2512 3021 2567 3067 et
2593 3010 2818 3074 vocavit,
2848 3019 2902 3064 et
2930 3008 3188 3072 redemit,
3225 3016 3278 3063 et
3312 3006 3617 3076 sanguinem
3646 3005 3746 3059 fu-

2172 3107 2250 3160 dit
2278 3124 2291 3158 :
2325 3106 2425 3161 huc
2447 3103 2668 3173 pretium
2707 3101 2872 3166 dedit,
2911 3101 3023 3155 haec
3046 3100 3181 3154 bona
3207 3098 3348 3161 fecit,
3371 3108 3426 3152 et
3448 3096 3583 3150 mala
3613 3110 3747 3164 pas--~

2173 3213 2263 3257 sus
2288 3206 2386 3252 est.
2412 3197 2640 3253 Attende
2673 3212 2791 3265 qua:
2817 3195 3036 3265 fecerit;
3067 3194 3205 3251 Deus
3226 3201 3310 3247 est
3334 3209 3347 3245 :
3374 3188 3590 3247 attende
3611 3204 3748 3258 qua:
3777 3209 3781 3213 ·

2174 3303 2361 3359 passus
2397 3290 2494 3352 sit;
2522 3287 2679 3340 homo
2706 3296 2806 3341 est.
2838 3286 2966 3354 Quis
2994 3286 3094 3339 iste
3126 3284 3264 3346 Deus
3292 3282 3484 3341 homo?
3509 3280 3565 3335 Si
3593 3289 3678 3344 tu,
3710 3296 3746 3334 ο

2174 3379 2334 3433 homo
2357 3419 2373 3441 ,
2402 3392 2505 3433 non
2531 3377 2828 3437 dimitteres
2856 3376 3020 3433 Deum
3040 3414 3054 3439 τ
3086 3389 3189 3426 non
3218 3372 3369 3429 fieret
3399 3387 3491 3440 pro
3515 3379 3567 3424 te
3593 3369 3753 3431 Deus

2174 3470 2352 3525 homo.
2378 3471 2567 3524 Parum
2595 3469 2738 3524 enim
2768 3468 2859 3528 tibi
2895 3476 3010 3522 erat
3038 3465 3104 3520 ad
3130 3464 3610 3521 remunerationem
3651 3462 3747 3517 vel

2172 3561 2237 3623 ad
2257 3560 2451 3614 donum
2473 3559 2608 3629 ejus,
2631 3560 2749 3627 quia
2770 3568 2824 3613 et
2844 3558 3110 3613 hominem
3138 3566 3190 3611 te
3215 3556 3355 3616 fecit,
3380 3554 3482 3608 nisi
3499 3563 3552 3608 et
3574 3553 3751 3611 homo

2173 3666 2269 3720 pro
2297 3661 2347 3705 te
2375 3650 2560 3705 fieret?
2586 3650 2700 3719 Ipse
2724 3661 2807 3703 est
2832 3648 2973 3703 enim
3012 3647 3099 3717 qui
3146 3646 3342 3700 direxit
3387 3658 3600 3713 gressus
3640 3658 3752 3696 no-

2174 3753 2333 3807 stros,
2358 3749 2415 3794 ut
2439 3740 2574 3794 viam
2600 3739 2714 3807 ejus
2740 3738 3015 3795 vellemus.
3040 3736 3083 3795 Α
3112 3735 3325 3795 Domino
3350 3749 3546 3805 gressus
3573 3733 3750 3789 homi-

2172 3835 2251 3889 nis
2271 3834 2566 3904 dirigentur,
2591 3841 2636 3885 et
2660 3832 2788 3884 viam
2811 3832 2922 3900 ejus
2948 3829 3097 3887 volet.

2244 3929 2329 3982 l6.
2359 3926 2474 3981 Jam
2499 3941 2620 3980 cum
2663 3924 2898 3993 sequeris
2938 3923 3075 3977 viam
3113 3920 3304 3976 Christi
3327 3962 3342 3985 ,
3367 3934 3473 3977 non
3501 3918 3592 3972 tibi
3622 3932 3747 3975 sze-e

2171 4019 2273 4081 culi
2302 4018 2677 4088 prosperitates
2705 4013 2999 4083 promittas.
3022 4012 3122 4067 Per
3147 4012 3277 4067 dura
3298 4008 3602 4073 ambulavit,
3632 4010 3749 4064 sed

2173 4126 2361 4180 magna
2389 4108 2647 4180 promisit.
2684 4108 2938 4176 Sequere.
2962 4105 3079 4159 Noli
3109 4112 3310 4157 tantum
3334 4102 3608 4157 attendere
3630 4118 3750 4171 qua

2173 4204 2360 4266 iturus,
2383 4200 2475 4255 sed
2503 4208 2558 4253 et
2592 4212 2696 4267 quo
2724 4206 2975 4251 venturus
3009 4196 3103 4249 sis.
3133 4192 3404 4247 Tolerabis
3437 4192 3567 4246 dura
3598 4200 3749 4245 tern-

2174 4294 2389 4363 poralia.
2419 4291 2511 4345 sed
2533 4290 2599 4344 ad
2619 4290 2736 4343 lreta
2763 4288 3040 4358 pervenies
3082 4286 3419 4353 sempiterna.
3441 4283 3496 4338 Si
3539 4282 3621 4336 vis
3648 4299 3750 4337 su-

2172 4385 2369 4443 stinere
2409 4382 2672 4446 laborem,
2700 4378 2916 4434 attende
2960 4376 3276 4431 mercedem.
3306 4373 3438 4428 Nam
3464 4381 3519 4427 ct
3545 4388 3752 4440 Opera-

2173 4476 2282 4531 rius
2308 4466 2357 4528 in
2384 4475 2532 4527 vinea
2556 4470 2809 4533 deﬁceret
2832 4510 2848 4536 ,
2876 4468 2974 4521 nisi
3014 4467 3310 4522 attenderet
3332 4464 3458 4534 quid
3483 4475 3748 4531 acceptu-

2173 4582 2264 4622 rus
2290 4572 2449 4620 esset.
2471 4562 2605 4624 Cum
2633 4569 2806 4619 autem
2831 4558 3118 4613 attenderis
3144 4556 3266 4625 quid
3297 4556 3371 4610 sis
3399 4562 3745 4623 accepturus,

2172 4656 2346 4712 omnia
2376 4655 2467 4709 tibi
2492 4662 2645 4709 erunt
2672 4652 2790 4709 vilia
2813 4665 2928 4720 quae
2960 4648 3171 4718 pateris,
3204 4660 3300 4701 nec
3320 4646 3478 4715 digna
3499 4644 3749 4697 {estima-

2172 4748 2255 4818 bis
2293 4762 2388 4816 pro
2418 4745 2607 4814 quibus
2638 4741 2766 4800 illud
2794 4740 3042 4808 accipias.
3086 4735 3358 4791 Miraberis
3390 4744 3587 4787 tantum
3618 4733 3747 4787 dari

2174 4853 2268 4909 pro
2299 4836 2500 4891 mutillo
2544 4834 2741 4888 labore.
2771 4830 2899 4896 Nam
2928 4829 3125 4897 utique,
3154 4828 3342 4881 fratres
3365 4866 3381 4891 ,
3407 4840 3503 4893 pro
3528 4832 3746 4878 teter-na

2172 4928 2354 4999 requie
2396 4926 2545 4983 labor
2584 4933 2815 4978 :eternus
2856 4919 3161 4979 subeundus
3196 4924 3355 4980 erat;
3385 4924 3439 4969 et
3478 4925 3746 4972 retentam

2173 5021 2474 5087 felicitatem
2517 5026 2864 5087 accepturus,
2892 5023 3118 5083 aeternas
3149 5009 3420 5080 passiones
3468 5007 3750 5062 sustinere

2171 5114 2393 5169 deberes
2420 5129 2435 5165 :
2465 5110 2559 5167 sed
2583 5109 2627 5164 si
2651 5117 2904 5167 aeternum
2933 5101 3497 5162 sustinereslaborem.
3516 5100 3749 5169 quando

2172 5202 2381 5261 venires
2406 5200 2470 5253 ad
2496 5207 2745 5253 mtcrnam
2774 5192 3115 5259 felicitatem?
3151 5192 3226 5254 Ita
3248 5191 3328 5256 fit,
3354 5200 3411 5242 ut
3432 5191 3749 5243 necessario

2173 5291 2476 5362 temporalis
2521 5290 2590 5340 sit
2615 5285 2886 5339 tribulatio
2912 5294 3000 5338 tua
3020 5324 3036 5348 ,
3067 5297 3169 5353 qua
3195 5280 3338 5333 finita
3367 5278 3545 5332 venias
3563 5276 3627 5330 ad
3653 5276 3744 5329 fe-

2174 5384 2422 5439 licitatem
2450 5378 2725 5435 infinitam.
2763 5374 2865 5431 Sed
2910 5383 3117 5436 tamen,
3147 5372 3338 5437 fratres
3364 5411 3380 5433 ,
3412 5376 3589 5437 posset
3611 5381 3748 5421 esse

2173 5476 2328 5545 longa
2374 5471 2640 5541 tribulatio
2678 5484 2772 5549 pro
2813 5478 3009 5538 aeterna
3055 5464 3322 5529 felicitate.
3359 5459 3512 5514 Verbi
3539 5460 3747 5532 gratia,l
3812 5484 3819 5491 -

2174 5580 2230 5625 ut
2257 5566 2502 5639 quoniam
2532 5563 2752 5618 felicitas
2790 5571 2967 5616 nostra
2995 5560 3152 5612 linem
3201 5573 3304 5623 non
3355 5551 3585 5614 habebit.
3615 5550 3745 5611 mi-

2244 5729 2260 5761 ι
2288 5725 2357 5777 sic
2378 5727 2452 5769 Er.
2473 5727 2522 5769 et
2540 5725 2643 5771 uss.
2669 5724 2722 5766 Αι
2742 5723 2872 5776 troia,
2895 5712 3250 5775 benedicatur,
3273 5710 3428 5771 anuus
3448 5705 3593 5754 bene.
