1986 3099
111 183 147 211 73
508 185 522 192 ·
658 178 854 208 ENARBATIO
874 178 905 206 IN
921 178 1080 210 PSALMUM
1095 183 1210 211 XXXVI.

91 239 163 266 seria
178 244 270 266 nostra
284 244 310 266 et
331 239 404 266 labor
418 243 507 266 noster
527 243 553 265 et
577 237 761 265 triliulationes
786 242 883 264 nostrae

91 285 227 312 diutttrmc
239 291 339 312 essent.
354 285 418 311 Nam
437 290 464 312 et
481 285 502 311 si
526 285 597 312 mille
621 291 751 310 annorum
774 288 863 310 essent
875 303 883 316 ,

92 330 215 365 appende
228 330 300 357 mille
311 338 395 357 annos
405 321 495 358 contra
508 330 682 357 :cternitatem
695 338 702 358 :
713 329 774 364 quid
785 337 885 364 appen.

91 376 134 402 dis
155 383 217 402 cum
241 375 346 403 inﬁnito
371 380 612 410 quantumcmnque
640 375 761 402 ﬁnitum?
786 376 881 403 Decem

91 421 176 448 millia
190 428 321 448 annorum
332 442 339 452 ,
356 421 444 448 decies
457 425 569 448 centena
587 421 669 448 millia
684 442 691 454 ,
709 422 729 448 si
743 421 881 448 dicendum

90 472 144 500 est,
157 472 185 494 et
196 466 278 494 millia
292 467 402 494 millium
415 488 424 501 ,
438 476 497 502 qua:
512 467 591 494 ﬁnem
604 468 711 499 habent,
728 475 787 495 cum
802 471 882 494 mter-

91 515 175 542 nitate
188 514 340 549 comparari
355 522 406 542 nou
420 520 540 549 possunt.
558 514 614 541 lluc
628 514 739 546 accedit,
754 514 814 549 qttia
829 521 881 540 non

91 561 179 591 solum
201 561 373 595 temporalem
398 561 481 588 voluit
501 561 618 588 laborem
638 565 709 587 tuum
736 560 819 593 Deus,
834 561 880 588 sed

91 607 172 633 etiam
194 606 312 634 brevem.
329 607 475 634 Paucorum
495 607 596 634 dierum
609 612 649 634 est
662 612 714 634 tota
730 607 780 633 vita
797 607 882 634 homi-

93 652 143 682 nis.
156 652 262 680 etiamsi
279 653 338 680 lzeta
361 653 434 680 duris
457 661 510 680 non
525 654 702 680 miscerentur
714 674 721 683 ,
736 661 794 687 qua:
807 653 880 687 plura

92 703 118 726 et
131 698 250 734 longiora
265 703 327 725 sunt
347 704 437 732 certe,
453 707 532 734 quam
548 699 630 730 dura;
645 703 672 726 et
685 698 744 726 ideo
759 699 879 726 breviora

92 750 119 772 et
131 745 256 780 pauciora
272 750 334 772 sunt
353 745 432 778 dura,
449 751 475 772 ut
494 745 590 773 durare
613 745 753 780 possimus.
774 745 801 772 Si
817 753 879 780 ergo

93 800 141 826 per
158 796 240 819 totam
260 792 340 818 vitam
354 800 428 819 suam
444 792 525 819 homo
547 792 571 818 in
586 792 719 818 laboribus
730 796 757 819 et
771 791 795 818 in
810 799 879 818 mru-

94 837 161 864 mnis
171 841 252 869 esset,
268 837 294 864 in
308 837 454 870 doloribus,
466 838 492 864 in
506 838 655 869 tormentis,
670 838 695 864 in
710 845 817 864 carcere
827 858 835 871 ,
850 838 877 865 in

95 883 182 919 plagis,
198 883 223 912 in
235 883 305 912 fame
316 888 342 912 et
352 884 396 911 siti
408 884 531 911 omnibus
541 884 644 917 diebus
658 884 729 911 boris
742 884 876 917 omnibus,

93 938 138 965 per
149 934 231 958 totam
251 930 332 958 vitam
350 938 425 958 suam
444 938 527 966 usque
545 930 578 957 ad
597 935 700 958 aetatem
721 930 876 963 senectutis,

92 976 163 1010 pauci
174 976 232 1004 dies
246 981 310 1004 sunt
323 981 376 1004 tota
390 976 441 1003 vita
456 976 571 1003 hominis
590 984 597 1002 :
616 983 668 1011 quo
684 976 773 1003 labore
791 980 876 1002 trans-

89 1028 157 1056 acto,
171 1023 262 1051 veniet
275 1030 385 1058 regnum
398 1027 537 1053 aeternum,
554 1022 641 1050 veniet
654 1022 712 1050 sine
724 1023 775 1049 line
791 1021 874 1049 felici-

89 1074 126 1096 tas
137 1090 144 1100 ,
156 1068 246 1096 veniet
267 1069 403 1103 aequalitas
427 1068 587 1103 Angelorum
600 1089 608 1100 ,
629 1068 717 1095 veniet
734 1067 875 1094 Inereditas

87 1115 194 1148 Christi,
211 1115 299 1143 veniet
310 1115 428 1143 cohaeres
442 1115 572 1142 Christus.
599 1115 651 1142 Pro
663 1119 761 1149 quanto
784 1114 874 1141 labore

87 1165 211 1196 quantam
222 1160 372 1188 mercedem
384 1155 542 1195 accipitrum!
560 1160 681 1187 Veterani
695 1159 816 1187 homines
828 1159 873 1194 qui

88 1206 208 1234 liborant
228 1206 255 1234 in
274 1207 365 1233 militia
378 1227 385 1239 ,
402 1211 428 1233 ct
442 1211 581 1233 versantur
606 1207 675 1234 inter
697 1206 807 1233 vulnera
835 1210 872 1232 tot

84 1260 178 1285 annos.
196 1252 326 1287 incipiunt
346 1252 484 1279 militarea
496 1252 645 1287 juventute,
661 1257 758 1279 exeunt
774 1260 871 1284 senes;

85 1304 110 1326 et
131 1303 160 1325 nt
180 1295 299 1326 habeant
320 1306 417 1333 paucos
437 1298 494 1326 dies
511 1299 615 1333 quietos
640 1299 784 1325 senectutis
805 1307 870 1331 sine,

84 1344 190 1378 quando
202 1351 248 1371 eos
261 1344 314 1378 jam
330 1345 385 1379 ipsa
401 1348 465 1371 mtas
481 1344 571 1378 incipit
589 1351 699 1379 gravare
716 1352 782 1379 quos
803 1345 871 1372 bella

85 1398 134 1417 non
144 1395 267 1426 gravant,
283 1395 379 1426 quanta
395 1390 458 1417 dura
473 1390 601 1422 tolerant;
614 1398 673 1425 qua:
688 1391 780 1417 itinera
790 1411 797 1423 ,
812 1399 871 1425 quae

85 1435 179 1472 frigora
190 1457 198 1470 ,
212 1444 281 1472 quos
300 1437 369 1463 soles
380 1457 388 1468 ,
400 1441 511 1471 quantas
528 1436 699 1464 necessitates
709 1457 716 1467 .
732 1444 791 1470 qua:
812 1435 871 1463 vul-

85 1489 161 1514 nera,
171 1489 233 1517 qute
244 1481 377 1516 pericula!
391 1481 423 1508 Et
439 1489 490 1508 non
507 1481 647 1509 attendunt
669 1482 799 1517 patientes
814 1481 871 1509 lucc

84 1527 170 1554 omnia
187 1547 193 1559 ,
205 1526 256 1554 nisi
279 1534 377 1561 paucos
390 1527 446 1554 dies
459 1527 562 1561 quietos
579 1527 638 1563 illos
662 1528 804 1554 senectutis
815 1547 823 1559 ,
838 1527 870 1554 ad

83 1580 148 1607 quos
158 1577 247 1599 utrum
264 1573 418 1607 perveniant
429 1573 560 1600 nesciunt.
577 1573 644 1607 Ergo
656 1582 671 1598 α
683 1572 791 1599 Domino
801 1581 871 1608 gres-

83 1626 123 1646 uu
134 1617 246 1645 hominis
259 1618 398 1653 dirigentur
412 1639 418 1650 ,
431 1623 454 1644 et
468 1619 532 1644 viam
546 1618 600 1653 ejus
613 1618 686 1645 volet.
703 1618 768 1645 Ilinc
782 1618 871 1646 dicere

84 1671 215 1699 ceperam
229 1672 237 1690 :
250 1663 319 1691 viam
330 1663 427 1690 Christi
440 1664 461 1690 si
477 1665 525 1695 vis,
541 1667 568 1691 et
582 1671 642 1691 vere
654 1659 812 1691 cliristiaiuts
825 1671 868 1696 es,

84 1709 138 1744 ipse
155 1713 199 1737 est
218 1709 290 1737 enim
310 1708 471 1740 eltristianus
487 1709 530 1743 qui
554 1717 605 1736 non
626 1714 783 1743 aspernatur
800 1710 869 1736 viam

83 1753 198 1787 Christi,
218 1753 265 1781 sed
289 1753 345 1780 vult
367 1753 434 1780 viam
461 1753 559 1781 Christi
579 1751 654 1789 séqni
667 1762 713 1789 per
734 1754 870 1789 passiones

84 1799 174 1833 ipsius,
190 1799 245 1826 noli
262 1807 309 1834 per
324 1799 401 1825 aliam
417 1799 484 1826 viam
499 1799 566 1827 velle
580 1799 618 1827 ire
637 1808 717 1835 quam
737 1808 784 1835 per
799 1800 868 1827 illam

83 1852 130 1879 qua
142 1844 201 1880 ipse
222 1845 278 1872 ivit.
302 1845 370 1871 Dura
392 1844 514 1878 videtur,
529 1845 576 1873 sed
600 1846 655 1881 ipsa
671 1850 713 1873 est
727 1851 781 1872 tuta
803 1846 843 1872 via
860 1854 867 1872 τ

83 1890 129 1917 alia
143 1890 215 1918 forte
229 1890 338 1918 delicias
348 1890 438 1925 habet,
452 1891 499 1919 sed
511 1892 657 1919 latronibus
671 1893 749 1927 plena
769 1899 818 1919 est.
836 1892 869 1919 Et

84 1936 144 1962 riam
158 1936 215 1972 ejus
227 1935 304 1963 volet;

115 1981 158 2010 l7.
179 1981 189 2018 [
204 1989 269 2008 vers.
282 1981 327 2009 24.
341 1981 425 2018 ]Cum
446 1982 577 2014 ceciderit,
594 1990 643 2009 non
664 1983 868 2014 conturbabilur,

81 2028 194 2061 ciconiam
218 2027 343 2054 Dominus
362 2028 493 2062 conﬁrmat
512 2036 613 2054 manum
633 2029 697 2064 ejus.
724 2029 791 2057 Ecce
807 2030 869 2065 quid

81 2073 218 2106 cst,velle
232 2074 302 2100 viam
316 2073 424 2101 Christi.
441 2074 582 2109 Contingat
600 2075 635 2102 illi
652 2080 679 2102 ut
692 2075 805 2110 aliquam
822 2076 869 2103 tri-

82 2118 242 2148 bulationem
251 2120 374 2155 patiatur,
381 2120 495 2155 aliquam
503 2121 748 2154 exhonorationem,
755 2123 869 2158 aliquam

79 2165 278 2198 contumeliam,
293 2166 407 2200 aliquam
422 2166 602 2197 afﬂictionem,
616 2167 702 2202 aliqua
715 2168 810 2194 damtta
821 2188 828 2200 ,
843 2173 870 2195 et

80 2216 174 2240 cetera
192 2219 367 2247 qnzcctnnqne
384 2211 519 2238 abundant
533 2212 559 2239 in
574 2212 625 2239 vita
640 2213 688 2239 ista
706 2213 795 2248 generi
819 2214 868 2241 hu-

80 2264 159 2284 mano
173 2265 182 2285 :
197 2256 321 2292 proponit
337 2256 385 2284 sibi
400 2256 540 2284 Dominnnt
556 2266 631 2285 suum
643 2279 650 2288 ,
662 2264 758 2292 quanta
771 2267 873 2295 genera

79 2303 255 2330 teutationum
268 2311 360 2338 passus
372 2308 412 2330 est
423 2312 429 2330 :
441 2308 525 2331 etnon
538 2305 724 2333 conturbabimr
737 2315 793 2332 cum
806 2307 869 2334 ceci-

77 2349 157 2379 derit.
170 2349 231 2384 quia
247 2348 371 2376 Dominus
386 2350 516 2383 con/imm
530 2359 632 2377 manum
644 2351 710 2385 ejus;
723 2353 783 2387 quia
798 2353 870 2387 prior

78 2402 174 2429 passus
185 2399 237 2423 est.
253 2395 320 2435 Quid
335 2396 404 2422 enim
422 2396 535 2429 timebis,
551 2404 567 2423 ο
580 2396 675 2427 bonto.
689 2398 764 2431 cujus
775 2398 867 2426 directi

76 2446 141 2468 ειιιιι
161 2448 285 2477 gressus,
298 2446 327 2468 ut
341 2442 422 2469 velles
437 2443 504 2469 viam
525 2443 647 2470 Domini?
661 2443 727 2476 Quid
747 2445 869 2473 timebis?

76 2486 381 2522 Dolores?Flag-~llatus
398 2493 438 2515 est
457 2488 577 2516 Christus
593 2488 697 2525 (Matt/1.
714 2499 796 2523 xxvu,
811 2492 868 2526 26).

76 2530 262 2568 Contumelias
274 2532 399 2560 timebis?
413 2534 520 2561 Audivit
529 2554 536 2566 ,
554 2534 711 2562 Dwntanium
722 2536 797 2563 habes
807 2558 813 2569 ,
825 2539 869 2572 qui

75 2577 214 2605 dmonia
233 2578 389 2606 excludebat
411 2579 498 2615 (Jonn.
511 2588 576 2613 vni,
592 2581 649 2616 48).
674 2582 754 2610 Forte
779 2583 870 2611 factio-

75 2633 141 2653 nem
153 2630 181 2652 ct
189 2625 411 2660 conspirationem
423 2627 571 2654 malorum?
581 2628 764 2663 Conspiratum
775 2635 815 2657 est
825 2631 871 2657 ad-

76 2678 177 2699 versus
193 2671 267 2698 illum
280 2670 342 2707 (Id.
358 2679 398 2702 tx.
412 2672 469 2706 23).
486 2672 543 2699 Non
561 2678 634 2708 potes
646 2676 787 2702 ostendere
803 2675 870 2704 forte

74 2715 272 2743 conscientiam
286 2721 357 2744 tuam
378 2716 470 2744 bonam
487 2717 511 2744 in
531 2718 617 2753 aliqua
637 2721 804 2748 accusatione
819 2741 827 2752 ,
843 2726 871 2748 et

74 2763 131 2789 vim
151 2762 250 2796 pateris
263 2762 333 2798 quod
354 2763 481 2790 adversus
501 2768 526 2791 te
542 2763 595 2792 falsi
618 2769 698 2793 testes
718 2767 869 2795 audiuntur.

74 2809 181 2836 Contra
197 2809 282 2843 ipsunt
297 2809 410 2844 primunt
426 2810 519 2837 falsum
536 2804 869 2845 testimonium.dixerunt,

76 2863 133 2882 non
146 2854 234 2882 solum
247 2859 308 2883 ante
322 2861 433 2883 niortctu
445 2876 452 2888 .
468 2856 515 2884 sed
530 2857 608 2884 etiam
623 2864 680 2892 post
698 2862 869 2888 rcsurrectio~

77 2910 154 2929 nem.
172 2900 274 2929 inducti
287 2907 347 2929 sunt
363 2901 419 2929 ﬁtlsi
435 2907 524 2936 testes,
540 2908 566 2930 ut
580 2912 592 2930 a
608 2904 738 2938 iudicibus
760 2906 854 2934 damna

1674 193 1726 222 5'”

939 242 1012 265 retur
1025 238 1128 274 (ΜιλιιΙι.
1143 249 1222 275 xxvi,
1237 242 1281 278 60)
1298 252 1303 269 :
1320 251 1488 273 accesserunt
1511 247 1566 275 falsi
1586 252 1667 276 testes
1679 259 1723 277 cu-

936 283 1025 310 stodes
1050 285 1081 311 ad
1108 286 1270 320 sepulcrum.
1297 289 1450 318 Rcsurrexit
1483 292 1526 320 ille
1561 302 1621 322 cum
1652 301 1723 323 tanta

936 330 1079 361 miraculo;
1095 338 1226 360 commota
1251 338 1320 361 terra
1341 336 1455 370 prodidit
1477 338 1614 367 Dominum
1637 349 1723 369 resur-

936 381 1052 410 gentem.
1067 377 1128 404 Erat
1147 378 1200 405 illic
1222 384 1247 406 et
1272 385 1341 407 terra
1368 383 1520 411 custodiens
1544 389 1659 419 terram;
1675 387 1727 416 sed:

936 426 1005 450 terra
1020 423 1111 451 durior
1130 426 1227 453 mutari
1250 434 1301 454 non
1325 429 1418 462 potuit.
1432 429 1567 458 Nuntiavit
1580 441 1639 460 vera
1653 455 1660 466 ,
1674 434 1722 461 scd

934 468 1041 496 seducta
1054 474 1096 497 est
1108 478 1123 497 a
1135 471 1207 499 falsa.
1222 472 1349 501 Dixerunt
1359 475 1428 502 ettim
1441 475 1476 502 illi
1487 478 1609 505 custodes
1622 479 1722 507 .lud:ris

934 522 993 561 qua:
1008 516 1121 544 viderint
1134 539 1141 551 ,
1154 523 1181 546 et
1195 519 1260 553 quid
1277 520 1374 548 factum
1389 522 1424 549 sit
1439 531 1447 549 :
1461 530 1621 559 acceperunt
1642 534 1723 561 pecu-

934 560 1014 591 niam.
1028 565 1056 589 et
1067 562 1165 590 dictum
1178 569 1218 591 est
1230 565 1284 593 eis:
1298 566 1378 594 Dicite
1389 568 1457 602 quod
1466 569 1532 597 vobis
1543 560 1721 599 dormientibus

933 613 1050 636 venerunt
1062 609 1181 645 discipuli
1194 612 1249 647 ejus
1259 633 1266 645 ,
1281 618 1304 639 et
1316 614 1469 642 abstulerunt
1480 625 1535 643 eum
1546 617 1600 653 (Id.
1617 627 1696 646 xxvut
1712 641 1719 650 ,

934 653 989 687 F2).
1006 654 1072 682 Ecce
1086 654 1145 683 falsi
1157 660 1252 690 testes,
1266 665 1292 685 et
1304 665 1396 687 contra
1410 667 1600 697 resurgentem.
1617 665 1718 698 Quanta

932 704 1018 727 autem
1031 702 1135 729 caecitas
1150 702 1175 729 in
1189 702 1262 731 falsis
1276 705 1385 734 testibus
1395 727 1402 739 ,
1416 714 1514 742 quanta
1529 709 1651 744 ctecilas,
1667 710 1720 738 fra-

932 746 1000 780 tres!
1015 745 1107 773 Solent
1125 747 1175 775 ltoc
1194 749 1264 776 enim
1279 750 1332 784 pati
1352 750 1409 779 falsi
1430 756 1524 786 testes,
1542 759 1569 781 ut
1582 762 1719 784 cxcmceu-

931 795 981 822 tur,
997 796 1023 819 et
1036 798 1126 820 c0ntra
1138 801 1167 821 se
1178 794 1264 822 dicant
1277 797 1424 825 nescientes
1438 799 1506 826 unde
1518 805 1643 834 appareat
1656 802 1716 836 quia

932 838 986 865 falsi
1006 844 1067 866 snttt
1089 845 1180 868 testes.
1194 841 1261 876 Quid
1283 843 1354 870 enim
1369 843 1406 871 illi
1420 849 1511 872 contra
1529 853 1558 873 se
1571 846 1691 875 dixerunt
1706 849 1718 876 ?

928 883 994 911 Cum
1016 884 1207 918 dormiretnus,
1223 893 1341 915 venerunt
1353 889 1470 925 discipuli
1490 891 1560 926 ejus,
1572 897 1596 918 et
1609 893 1717 922 abstule-

928 935 987 957 runt
1009 939 1074 958 eum.
1090 932 1157 966 Quid
1172 938 1211 960 est
1226 933 1373 967 hoc?Quis
1391 941 1432 963 est
1450 937 1493 972 qui
1513 937 1578 968 dicit
1596 940 1715 967 testimo-

928 976 1083 1011 nium?Qui
1098 978 1256 1007 dormiebat.
1273 981 1379 1009 Talibus
1399 990 1448 1018 ego
1474 985 1643 1013 narrantibus
1663 995 1715 1014 not:

927 1023 1063 1051 crederent
1076 1046 1083 1056 γ
1100 1032 1148 1052 nec
1160 1025 1181 1052 si
1195 1027 1297 1054 somnia
1312 1035 1358 1055 sua
1374 1028 1438 1055 mihi
1452 1029 1609 1058 indicarent.
1629 1032 1714 1060 Stulta

926 1068 1026 1096 insania
1038 1071 1045 1097 !
1059 1070 1080 1097 si
1096 1071 1230 1106 vigilahas,
1243 1080 1326 1107 quare
1340 1074 1504 1108 permisisti?
1516 1075 1538 1104 si
1552 1076 1713 1110 dormiebas,

926 1115 996 1143 unde
1009 1116 1102 1144 scisti?

962 1162 1004 1190 18.
1026 1163 1069 1190 Sic
1080 1167 1107 1191 ct
1123 1163 1164 1190 isti
1179 1164 1216 1199 (α)
1233 1164 1278 1192 ﬁlii
1291 1166 1412 1199 eorum‘,
1427 1167 1495 1195 sicut
1509 1168 1676 1202 meministis,
1688 1175 1721 1198 et.

926 1209 1177 1242 przctermittendum
1191 1218 1223 1237 ex
1239 1211 1379 1239 occasione
1392 1220 1443 1239 non
1459 1217 1510 1240 est.
1524 1213 1610 1242 Tanto
1631 1216 1721 1251 magis.

924 1254 994 1280 enitn
1003 1253 1129 1282 debemus
1137 1262 1346 1284 commemorare
1354 1257 1493 1285 vanitatem
1505 1266 1608 1291 eorum,
1615 1266 1713 1294 quanto

923 1299 1007 1334 magis
1018 1300 1161 1334 qua-.rimns
1177 1301 1288 1329 salutem
1305 1309 1408 1330 eorutn.
1425 1303 1493 1333 Ecce
1505 1311 1601 1339 corpus
1614 1304 1711 1334 Christi

925 1345 1021 1380 patitur
1041 1345 1121 1373 falsos
1135 1351 1232 1379 testes.
1244 1348 1357 1376 sustinet
1375 1356 1471 1383 corpus
1489 1350 1558 1385 quod
1577 1352 1720 1386 praecessit.

923 1391 949 1417 in
964 1391 1060 1425 capite.
1070 1391 1127 1419 Non
1137 1392 1232 1420 mirum
1247 1397 1297 1426 est,
1309 1394 1486 1423 etmodonon
1496 1395 1592 1424 desunt
1606 1399 1710 1432 corpori

922 1435 1019 1463 Christi
1032 1436 1126 1464 dill'uso
1137 1444 1184 1471 per
1200 1442 1281 1466 totum
1295 1439 1389 1467 orbem
1402 1445 1532 1468 terrarum
1546 1442 1589 1476 qui
1604 1442 1708 1470 dicant:

922 1482 1066 1518 Progenies
1086 1483 1253 1512 traditurum.
1265 1485 1370 1512 Falsum
1387 1486 1566 1515 testimonium
1582 1487 1658 1515 dicis.
1675 1488 1720 1515 lhi.

925 1533 949 1555 te
961 1529 1091 1556 convinco
1105 1529 1197 1557 falsum
1212 1534 1307 1558 testem
1322 1551 1330 1562 ,
1346 1536 1454 1559 secutus
1468 1539 1550 1567 pauca
1566 1534 1656 1562 verba.
1671 1534 1719 1561 Tn.

922 1574 986 1601 mihi
1001 1574 1086 1602 dicis:
1101 1575 1225 1602 Traditor
1243 1584 1282 1604 es.
1303 1577 1358 1612 Ego
1380 1577 1425 1605 tibi
1446 1577 1649 1606 dico:deax
1669 1587 1709 1607 es.

921 1620 972 1648 Sed
988 1624 1015 1647 tu
1029 1620 1295 1650 traditionemmeam
1311 1630 1441 1658 nusquam
1454 1628 1627 1659 etnuuquam
1648 1633 1710 1660 pro-

923 1667 969 1694 has
982 1677 988 1694 :
1000 1675 1048 1701 ego
1057 1667 1221 1695 mendacium
1235 1673 1307 1695 ttutm
1318 1668 1361 1697 hic
1373 1669 1399 1696 in
1413 1670 1470 1697 istis
1481 1670 1549 1706 ipsis
1558 1671 1646 1699 verbis
1659 1672 1718 1700 tttis.

921 1713 1000 1740 modo
1016 1713 1110 1747 probo.
1121 1711 1201 1741 Certe
1219 1714 1253 1741 ibi
1266 1714 1354 1744 dixisti
1365 1735 1373 1746 ,
1389 1715 1511 1750 quiaan
1524 1717 1642 1745 acuimus
1655 1717 1710 1752 gla-

921 1758 979 1785 dios
995 1763 1100 1786 nostros
1115 1768 1121 1785 :
1136 1759 1221 1786 recito
1235 1765 1308 1794 gesta
1330 1765 1433 1788 tuorum
1449 1760 1707 1791 (Iircnmcellionnm.

921 1804 998 1831 Certe
1016 1803 1052 1840 (li)
1066 1804 1101 1832 ibi
1116 1804 1222 1837 dixisti,
1234 1805 1294 1839 quia
1310 1806 1490 1839 prmtermittis
1501 1806 1587 1834 ablata
1603 1816 1610 1834 :
1627 1808 1709 1835 recito

921 1850 1000 1877 Gesta
1011 1870 1018 1880 ,
1034 1849 1077 1876 ubi
1098 1849 1308 1884 procurationettt
1324 1849 1356 1877 ad
1372 1850 1498 1885 exigenda
1520 1851 1613 1878 fecisti.
1631 1851 1709 1880 Certe

922 1895 959 1922 ibi
974 1895 1063 1922 dixisti
1079 1904 1085 1922 ε
1100 1894 1154 1922 Nos
1169 1895 1224 1921 sola
1247 1895 1382 1922 offerimus
1397 1896 1538 1931 Evangelia
1552 1903 1560 1923 :
1575 1897 1656 1924 recito
1671 1902 1708 1925 tot
1742 1901 1748 1909 ‘

919 1940 1053 1975 jussiones
1063 1940 1192 1975 judicnm,
1207 1940 1302 1975 quibus
1315 1949 1329 1967 a
1344 1946 1368 1968 te
1379 1941 1480 1968 divisos
1493 1947 1645 1976 persecutus
1658 1951 1688 1971 es
1700 1953 1707 1972 :

921 1986 1002 2014 recito
1009 1986 1104 2013 Preces
1111 1986 1144 2013 ad
1153 1986 1304 2021 Apostatam
1312 1986 1558 2021 impcratorem,cui
1566 1987 1653 2016 dixisti
1662 1989 1707 2024 (ε),

921 2032 982 2067 quia
997 2032 1052 2059 sola
1069 2031 1170 2066 jnstitia
1191 2025 1259 2066 apud
1281 2039 1341 2059 eum
1364 2032 1443 2059 habet
1459 2032 1557 2060 locum.
1573 2034 1614 2060 An
1638 2033 1707 2061 forte

921 2078 1052 2112 apostasia
1072 2077 1168 2105 Juliani
1181 2098 1189 2110 ,
1208 2085 1268 2112 pars
1289 2077 1422 2113 Evangelii
1446 2078 1492 2105 tibi
1507 2078 1628 2106 videtur?
1641 2079 1708 2107 Ecce

921 2125 1075 2154 mendacem
1091 2130 1116 2153 te
1138 2130 1226 2152 teneo.
1241 2124 1309 2158 Quid
1330 2124 1364 2152 de
1387 2133 1430 2152 me
1440 2125 1529 2153 dixisti
1549 2126 1619 2160 quod
1636 2126 1708 2154 credi

921 2172 1036 2200 debeat?
1049 2172 1159 2200 Etiamsi
1173 2181 1224 2199 non
1238 2172 1385 2200 invenirem
1400 2173 1469 2201 ttnde
1483 2173 1650 2201 ostenderem
1659 2173 1709 2201 fal—

921 2226 978 2246 sum
993 2223 1018 2246 te
1027 2219 1125 2251 dicere,
1136 2219 1233 2246 sufficit
1244 2224 1272 2246 ut
1282 2220 1420 2247 ostendam
1435 2224 1460 2247 te
1471 2220 1626 2248 mendacem
1637 2228 1706 2248 esse.

921 2264 988 2298 Quid
1002 2265 1086 2291 dicis?
1098 2264 1189 2298 Qualis
1203 2269 1229 2291 tu
1239 2286 1247 2298 ,
1263 2265 1329 2293 tales
1342 2269 1369 2292 et
1387 2265 1476 2293 ctcteri
1489 2266 1510 2291 '.
1526 2265 1591 2292 Nam
1615 2266 1709 2292 tnerito

923 2310 983 2336 talia
1000 2310 1078 2338 verba
1093 2310 1216 2338 omnibus
1229 2310 1343 2338 misisti:
1359 2310 1494 2338 abundare
1507 2310 1611 2337 voluisti
1624 2311 1709 2339 socie-

954 2378 962 2409 ξ
980 2377 1021 2401 Hic
1032 2377 1055 2401 iit
1069 2376 1123 2402 ΕΜ.
1135 2377 1238 2409 additur,
1250 2384 1324 2409 usque
1335 2377 1381 2402 huc
1392 2383 1401 2402 :
1412 2378 1477 2408 quod
1487 2384 1501 2402 a
1510 2378 1652 2409 Mssabest.

954 2408 964 2422 '
980 2411 1037 2432 (tcto
1046 2412 1107 2439 Mss;
1117 2408 1161 2439 Qui
1169 2408 1240 2438 dicis,
1249 2408 1328 2439 Qualis
1340 2412 1374 2437 tu,
1386 2408 1445 2433 mles
1456 2412 1478 2433 el
1487 2408 1577 2434 εωρενί.
1585 2412 1655 2435 Forte
1666 2417 1709 2434 ve-

921 2438 981 2474 rius,
988 2439 1059 2473 juxta
1072 2438 1129 2474 illud
1140 2439 1204 2474 quod
1216 2438 1386 2474 [ticaliquanbo
1397 2443 1450 2474 post
1459 2438 1558 2474 legitur,
1568 2447 1592 2467 τι,
1603 2439 1649 2465 20:
1662 2445 1708 2474 {Ioc

921 2472 973 2494 erat
984 2469 1010 2494 in
1021 2469 1114 2501 regula,
1124 2469 1208 2500 Quales
1218 2469 1369 2501 [iterint’cum
1378 2469 1463 2501 quibus
1472 2469 1711 2501 fitert't-commmica-

922 2505 980 2529 tum,
993 2499 1055 2525 tales
1061 2499 1115 2531 fieri
1126 2507 1206 2526 crimes
1216 2499 1239 2526 et
1250 2499 1505 2526 wiiuersmn‘mnssa‘m.

952 2541 989 2571 (ll)
1003 2541 1137 2565 Donatistae.

956 2572 991 2602 (b)
1005 2572 1063 2596 Hinc
1075 2572 1151 2602 liquet
1173 2572 1329 2603 Augus-tinum
1347 2571 1393 2596 hoc
1411 2578 1526 2597 sermone
1547 2572 1710 2598 refelicndum

923 2603 1060 2634 suscepisse
1073 2602 1328 2627 Primianimandatum
1339 2603 1406 2634 illud,
1417 2603 1487 2634 cujus
1498 2604 1607 2629 meminit
1617 2604 1641 2629 in
1653 2607 1711 2629 Itre-

925 2633 1002 2666 γευμῙο
1011 2633 1146 2666 Collationis
1156 2641 1210 2658 cum
1220 2634 1346 2666 Donatistis
1353 2633 1426 2666 dici,
1439 2633 1503 2666 c178;
1514 2635 1558 2660 sed
1571 2636 1712 2666 expressius

925 2664 948 2688 in
961 2663 1002 2688 lib.
1016 2663 1031 2687 4
1042 2668 1124 2688 contra
1135 2665 1295 2693 Cresconium,
1308 2671 1361 2695 cap.
1372 2665 1410 2693 47,
1430 2665 1454 2689 in
1465 2663 1518 2690 inec
1534 2663 1612 2690 verba
1621 2673 1627 2690 :
1645 2674 1656 2688 α
1666 2669 1711 2690 Cur

927 2703 938 2717 α
950 2701 1011 2727 ergo
1016 2695 1145 2727 Primianns
1153 2695 1215 2727 apud
1226 2699 1278 2719 Acta
1289 2696 1443 2727 magistratus
1448 2695 1641 2727 Carthaginiensis
1648 2697 1711 2720 inter

927 2735 938 2747 ι
950 2725 996 2751 alia
1015 2732 1070 2757 qua:
1085 2726 1117 2750 de
1140 2725 1209 2752 nobis
1226 2725 1404 2757 (contumeliose
1427 2725 1595 2757 prosequenda
1614 2726 1710 2751 manda-

927 2735 938 2747 ι
950 2733 996 2751 ana
1015 2733 1070 2750 tua:
1085 2733 1117 2750 ue
1140 2733 1209 2752 nonis
1229 2733 1404 2751 contumeliose
1427 2733 1595 2757 prosequenda
1614 2733 1709 2751 matula-

927 2766 938 2778 ι
1018 2733 1067 2808 (Illi,
1085 2757 1175 2788 inquit,
1189 2756 1302 2781 auferunt
1312 2757 1391 2781 aliena
1400 2774 1408 2787 ,
1422 2764 1465 2782 nos
1477 2758 1655 2782 intermittimus
1666 2758 1709 2781 ati-

928 2797 938 2809 ι
959 2794 971 2810 ει
1000 2806 1005 2810 .

928 2797 938 2809 ι
951 2791 1005 2812 [illi].
1018 2795 1028 2808 ³

956 2819 991 2848 (c)
1005 2818 1026 2842 td
1038 2824 1106 2848 porro
1116 2819 1139 2850 ia
1151 2819 1263 2843 Precibus
1273 2818 1366 2843 Juliano
1385 2822 1501 2849 Apostatte
1512 2818 1597 2842 oblatis
1610 2818 1707 2850 nomine

925 2850 1098 2882 Donatistarum
1116 2849 1243 2882 dixerunt,
1253 2850 1394 2882 Rogatianlts
1412 2854 1438 2873 et
1456 2849 1566 2882 Pontias.
1589 2855 1618 2872 ex
1638 2851 1707 2878 Epist.

927 2881 985 2908 105,
998 2880 1026 2904 ad
1039 2881 1181 2910 Doualistas,
1194 2888 1217 2905 n.
1231 2881 1246 2904 9
1256 2897 1262 2909 ,
1276 2885 1299 2905 ct
1312 2880 1354 2904 lib.
1367 2879 1382 2903 *2
1392 2883 1473 2904 contra
1486 2878 1636 2907 t‘ctilianuut,
1647 2889 1667 2905 υ,
1680 2882 1709 2906 93

927 2916 951 2936 et
967 2912 1005 2935 97.
