3972 6198
473 329 576 386 375

475 455 580 499 tate
618 439 946 496 mendacium
972 478 985 501 ,
1015 452 1080 491 ne
1129 445 1181 489 tu
1226 433 1369 489 solus
1410 434 1750 488 erubesceres
1794 431 1859 490 de
1891 448 2039 486 incn-

472 537 639 587 daein.

546 626 629 677 19.
670 621 770 674 Sed
827 619 1032 680 valeat,
1065 617 1267 687 inquit,
1302 618 1353 670 in
1405 615 1739 670 Caecilianum
1781 615 2036 686 judicium

473 724 675 781 pati-nni
718 722 1038 762 nostrorum.
1067 709 1240 775 Quare
1272 707 1504 764 valebit?
1529 706 1660 772 Quia
1690 707 1922 774 episcoiii
1951 707 2037 774 ju-

467 809 793 860 diravernnt.
819 803 998 857 Valeat
1025 811 1077 855 et
1103 803 1151 854 iu
1181 811 1253 866 te,
1279 801 1418 870 quod
1451 800 1843 862 Maximianich
1865 801 1877 828 ‘
1902 799 2040 866 judi-

467 907 742 951 t-averunt.
775 896 946 956 Prius,
976 893 1115 947 enim
1147 892 1282 960 quod
1307 890 1573 957 credovos
1596 907 1772 954 nosse,
1805 891 2036 958 θνίςςορί

463 990 857 1054 consentientes
890 1003 1007 1039 cuin
1039 985 1353 1038 Maximiano
1381 983 1554 1036 adhuc
1589 983 1812 1048 diacono
1841 982 2036 1052 ipsius,

467 1092 724 1136 venerunt
747 1081 811 1134 ad
829 1078 1223 1147 Carthaginem,
1250 1078 1456 1144 sicut-se
1483 1075 1972 1140 habet'l‘raetatoria
1992 1076 2035 1138 ’,

461 1191 619 1245 quam
656 1173 813 1228 etiam
846 1172 1021 1226 Gestis
1045 1171 1410 1240 alligavm'uut,
1437 1185 1556 1224 cum
1587 1170 1850 1237 litigarent
1874 1168 1946 1235 (α)
1971 1166 2039 1220 de

465 1267 622 1340 domo
651 1281 771 1320 cum
798 1273 1138 1336 procuratore
1168 1262 1307 1315 illius
1329 1259 1400 1332 (ὁ)
1425 1261 1512 1330 qui
1534 1261 1883 1338 pra:teripittit
1903 1259 2041 1312 abla-

467 1367 541 1412 ta.
568 1358 710 1426 Ergo
757 1357 927 1425 primo
967 1356 1350 1428 Tractatoriam
1373 1354 1437 1424 de
1462 1355 1554 1416 illo,
1580 1353 1836 1404 miserunt
1859 1393 1873 1410 ,
1905 1367 2036 1406 con-

465 1457 752 1517 querentes
781 1429 901 1515 quia
933 1445 1098 1497 noluit
1121 1444 1338 1498 ad‘illos
1365 1446 1511 1497 exire
1540 1462 1551 1494 :
1580 1444 1676 1496 hoc
1704 1443 1842 1496 enini
1872 1440 2037 1493 niaxi-

471 1554 553 1589 me
577 1519 847 1608 conquesti
880 1544 1020 1588 sunt.
1055 1533 1185 1588 Vide
1212 1534 1475 1602 quomodo
1500 1532 1602 1599 illis
1642 1533 1775 1584 Deus
1812 1532 2038 1605 reddidit

466 1627 604 1694 quod
633 1627 699 1680 de
741 1626 1022 1682 Caeciliano
1049 1625 1312 1681 dixerunt.
1347 1624 1472 1677 Mira
1505 1623 1794 1676 similitudo
1828 1640 1838 1675 :
1876 1622 2038 1678 voluit

470 1720 606 1772 Deus
635 1727 750 1787 post
773 1727 846 1769 tot
869 1732 1035 1776 annos
1065 1716 1334 1769 revolvere
1362 1714 1466 1767 illis
1495 1715 1542 1766 iu
1571 1713 1753 1766 faciem
1780 1711 1916 1781 quod
1947 1727 2038 1781 ge-

464 1821 603 1862 stum
633 1819 732 1871 est,
763 1817 816 1880 ut
834 1810 1048 1861 omnino
1067 1807 1203 1861 unde
1226 1806 1555 1860 dissimulent
1581 1815 1634 1872 et
1662 1820 1760 1874 qua
1786 1803 2035 1874 effugiant

467 1918 569 1954 non
618 1900 905 1954 inveniant.
934 1898 1136 1953 Oblitos
1183 1913 1240 1950 se
1289 1897 1526 1950 dicerent
1575 1910 1691 1964 quae
1729 1903 1870 1963 gesta
1915 1901 2036 1947 sunt

462 2001 620 2060 ante;
652 2006 752 2042 non
780 2006 870 2044 eos
898 1989 1035 2042 Dcus
1061 1989 1186 2042 sinit
1211 1987 1446 2041 oblivisci
1479 2003 1491 2037 :
1524 1995 1681 2053 atque
1718 1984 1914 2036 utinam
1946 1999 2037 2048 va-

465 2085 568 2136 leat
609 2084 687 2138 eis
715 2081 781 2135 ad
810 2081 1064 2134 salutem!
1100 2079 1226 2132 Nam
1257 2076 1614 2131 misericordia
1656 2091 1747 2128 sua
1781 2074 1900 2129 fecit
1939 2074 2037 2128 hoc

465 2175 600 2228 Deus
625 2216 639 2234 ,
667 2175 708 2226 si
761 2173 1101 2227 cons‘dercnt
1148 2169 1272 2240 quid
1325 2170 1394 2222 sit
1441 2168 1653 2221 fitetiuu.
1687 2167 1870 2221 Ponite
1908 2179 2035 2235 ergo

383 2321 391 2330 ,
459 2262 609 2316 vobis
638 2272 760 2330 ante
787 2263 990 2317 oculos.
1021 2261 1232 2332 fratres,
1263 2259 1515 2322 unitatem
1547 2271 1669 2309 tunc
1691 2257 1833 2308 orbis
1866 2266 2030 2308 terra-

462 2370 611 2417 rum,
642 2337 777 2406 unde
819 2368 888 2406 se~
920 2336 1002 2404 isti
1035 2350 1323 2403 diviserunt
1364 2348 1620 2402 adversus
1648 2346 1984 2399 Ca'cilianum
2016 2361 2030 2398 :

462 2443 637 2510 ponite
669 2441 824 2495 modo
848 2449 900 2495 et
924 2448 1121 2508 partem
1156 2438 1364 2502 Donati,
1386 2439 1524 2490 unde
1553 2452 1609 2490 sc
1636 2434 2032 2488 Maximianistai

459 2533 749 2588 diviserunt
772 2531 1024 2585 adversus
1053 2529 1392 2583 l‘riinianum.
1425 2526 1576 2594 Quod
1622 2535 1744 2579 tunc
1774 2525 1843 2578 illi
1871 2525 2033 2579 Circi-

462 2626 625 2686 liano,
659 2625 759 2679 hoc
790 2639 926 2696 nunc
953 2623 1037 2677 isti
1068 2621 1304 2676 fecerunt
1329 2620 1613 2676 Primiano.
1665 2619 1945 2686 Propterea
1973 2633 2031 2672 se

457 2727 510 2772 ct
536 2717 771 2772 veriores
805 2715 1088 2790 Donatistis
1129 2713 1309 2768 dicunt
1334 2711 1765 2772 Maximianistar,
1793 2709 1911 2779 quia
1944 2726 2032 2762 re-

457 2824 579 2862 vera
611 2809 741 2861 tacta
764 2792 1024 2875 majorum
1048 2819 1261 2857 suorum
1293 2803 1393 2872 ipsi
1419 2801 1601 2855 imitati
1622 2808 1761 2854 sunt.
1784 2799 1870 2854 Sic
1888 2800 2030 2868 enim

457 2907 744 2952 erexerinit
797 2897 1167 2950 Maximianum
1215 2894 1467 2947 adversus
1513 2891 1830 2960 Priniianum
1860 2932 1875 2955 ,
1902 2905 2033 2960 quo-

459 2989 614 3042 modo
645 2987 716 3041 illi
743 2995 1022 3042 erexerunt
1047 2984 1356 3052 Majorinum
1385 2982 1636 3036 adversus
1662 2979 2023 3044 Cteciliauum;

455 3091 508 3136 et
543 3083 619 3135 sic
648 3080 820 3149 questi
861 3088 984 3131 sunt
1023 3077 1104 3129 isti
1143 3076 1208 3129 de
1238 3075 1536 3137 Priiuiauo,
1567 3072 1832 3142 quomodo
1859 3070 1931 3125 illi
1962 3070 2028 3125 de

454 3160 752 3226 Caeciliano.
771 3168 900 3222 Nam
927 3167 972 3220 si
1001 3166 1312 3220 meministis
1339 3205 1352 3222 ,
1376 3165 1471 3217 hoc
1489 3163 1736 3216 dixerunt
1764 3161 1868 3222 illi,
1890 3159 2029 3230 quod

455 3263 518 3316 ad
550 3277 642 3315 eos
668 3261 815 3313 exire
841 3259 1067 3312 noluerit
1097 3255 1424 3315 (lucilianiu,
1457 3267 1660 3307 memor
1684 3252 2024 3305 conscientia:

453 3369 596 3418 siue;
622 3352 708 3405 ille
737 3358 911 3404 autem
942 3356 1158 3402 noverat
1186 3348 1464 3400 factionem
1495 3359 1677 3398 eorum
1715 3360 1727 3394 :
1761 3343 1837 3396 sic
1863 3350 1916 3394 ct
1943 3343 2024 3394 isti

453 3451 847 3514 conquerantur
868 3482 881 3505 ,
913 3441 1034 3510 quia
1068 3438 1231 3492 noluit
1277 3437 1340 3490 ad
1374 3437 1489 3488 illos
1525 3434 1671 3488 exire
1711 3432 2025 3486 Primianus.

453 3534 626 3602 thre
671 3531 939 3587 Primiano
968 3528 1308 3591 conceditur,
1342 3540 1497 3579 nosse
1545 3521 2026 3588 factioueniMaxi-

456 3624 861 3685 mianistarum,
917 3630 970 3675 et
1020 3618 1298 3674 Caeciliano
1357 3631 1456 3668 non
1509 3613 1814 3668 conceditur
1874 3626 2029 3665 nosse

455 3716 732 3771 factionem
795 3713 1227 3769 Donatistarum?
1284 3709 1522 3763 Nondum
1579 3717 1695 3760 erat
1756 3704 2028 3757 ordinatus

453 3799 820 3870 Maximianus,
843 3782 1061 3860 crimina
1091 3803 1401 3856 dicebantur
1429 3800 1493 3852 de
1526 3798 1790 3852 Priiiiiauo
1822 3813 1834 3848 :
1869 3811 2029 3849 vene-

455 3909 571 3952 runt
621 3897 890 3966 episcopi,
919 3896 1199 3949 voluerunt
1229 3902 1284 3945 ut
1326 3891 1391 3945 ad
1419 3905 1512 3945 eos
1554 3890 1720 3942 exiret
1750 3906 1763 3940 :
1794 3902 1896 3940 non
1947 3895 2028 3940 est

452 3965 696 4056 egressus
721 4027 736 4048 ,
764 3965 899 4038 sicut
941 3999 1124 4039 eorum
1169 3981 1364 4036 indicat
1395 3979 1718 4045 Tractatoria
1765 3977 1911 4031 Actis
1943 3978 2025 4029 iii-

453 4089 612 4133 serta.
640 4077 754 4131 Non
775 4088 856 4132 est
880 4091 1124 4144 egressus
1156 4092 1169 4128 :
1201 4091 1303 4128 non
1335 4072 1596 4142 improbo,
1630 4071 1736 4122 imo
1765 4079 1817 4122 et
1844 4069 2020 4121 laudo.

535 4169 764 4239 aliquam
797 4167 1075 4221 factionem
1107 4166 1276 4218 vidisti
1303 4207 1316 4222 .
1350 4179 1450 4218 non
1476 4161 1700 4217 debuisti
1743 4160 1807 4213 ad
1838 4160 2026 4213 factio-

453 4275 544 4316 sos
589 4258 915 4328 procedere,
961 4257 1052 4310 sed
1104 4240 1316 4308 servare
1362 4267 1576 4306 causam
1625 4261 1764 4304 tuam
1819 4249 2022 4302 meliori

449 4337 650 4422 judicio
677 4351 837 4420 partis
863 4359 987 4403 tum.
1017 4348 1266 4402 Restabat
1292 4346 1430 4399 enim
1460 4359 1644 4414 magna
1672 4358 1794 4412 pars
1817 4342 2022 4405 Donati,

455 4445 545 4498 ubi.
569 4460 626 4498 se
657 4425 833 4513 posset
872 4455 1098 4511 purgare
1131 4439 1427 4492 Primiauus
1457 4455 1468 4490 :
1500 4447 1774 4506 propterea
1815 4433 1879 4487 ad
1911 4434 2025 4485 illos

451 4538 538 4605 qui
563 4538 669 4606 jam
714 4537 938 4590 factione
967 4533 1432 4601 eonspiravcrant,
1459 4531 1610 4582 exire
1652 4528 1835 4582 noluit.
1866 4525 2025 4578 Vides

452 4628 718 4696 quomodo
763 4625 1035 4680 laudamus
1072 4623 1348 4677 Consilium
1390 4631 1533 4674 tiiuui
1565 4612 1816 4672 adversus
1861 4617 2026 4670 Maxi-

455 4717 726 4770 iniauistas
755 4758 770 4780 ,
800 4718 933 4780 bene
973 4714 1186 4780 attende
1231 4722 1283 4772 et
1329 4726 1540 4764 causam
1582 4708 1843 4762 Cicciliaai
1878 4725 1889 4760 :
1923 4725 2023 4762 nou

453 4807 536 4859 \‘is
574 4815 631 4858 nt
682 4806 882 4868 frater;
911 4804 1174 4874 quomodo
1213 4813 1496 4857 extraneos
1522 4841 1535 4860 ,
1563 4799 1638 4849 sic
1676 4797 1873 4870 judiea.
1921 4796 2026 4850 Νο-

455 4896 595 4948 luisti
622 4883 786 4962 exire,
818 4897 940 4965 quid
973 4897 1062 4948 tibi
1090 4895 1268 4970 dicens
1293 4893 1354 4944 3'.’
1386 4891 1468 4944 lsti
1503 4889 1726 4952 factione
1753 4887 2026 4952 conspira-

457 4993 643 5040 verunt
666 4997 845 5040 contra
869 4986 1088 5039 salutem
1117 4967 1288 5038 ineant
1307 5023 1319 5044 ,
1348 4979 1580 5048 corrupti
1608 4986 1728 5030 sunt
1749 4976 2026 5029 :ttl\’t:l‘Si;m

522 5142 536 5171 ¹
576 5139 708 5196 πω,
735 5137 1150 5189 Maa‘iminiimistw
1170 5149 1188 5185 :
1212 5136 1447 5200 sieqtte_in
1473 5132 1582 5180 aliis
1596 5136 1760 5200 postea
1785 5126 2028 5200 lociscos-

453 5203 564 5250 dem
588 5193 818 5249 sectarios
839 5201 978 5247 isthic
1001 5201 1244 5246 nominant
1264 5232 1276 5253 ,
1302 5193 1355 5243 et.
1377 5197 1547 5242 horum
1573 5193 1832 5254 principem
1874 5193 2027 5236 illuxi-

453 5263 731 5317 minimmm,
756 5261 1064 5323 superaddita
1086 5259 1262 5323 nomini
1278 5257 1472 5319 syllaba.
1490 5263 1543 5302 Αι
1561 5265 1732 5322 (mines
1755 5263 1909 5323 prepo
1925 5257 2025 5295 uss.

454 5330 730 5374 constanter
751 5317 994 5383 appellant
1029 5317 1371 5383 Maximianum
1409 5325 1461 5383 et
1485 5317 1866 5383 _.tta:rintiaiit-.tas
1898 5322 1912 5358 :
1933 5323 2030 5383 nec

454 5338 728 5374 constanter
751 5338 811 5383 ap
834 5338 994 5368 leuant
1029 5338 1371 5369 nummularium
1409 5338 1461 5364 ci.
1492 5338 1866 5381 ,ιιιιιςμιιιιυιη-ιιιι.)
1898 5347 1908 5358 .
1939 5338 2030 5358 um,

453 5383 616 5438 scient
639 5384 754 5432 editi
797 5338 1057 5432 dissentire
1097 5383 1144 5428 in
1167 5380 1375 5436 caeteris,
1417 5379 1497 5424 ubi
1537 5377 1681 5424 iidem
1707 5380 2030 5426 nominantur,

459 5445 718 5496 omiseulis.

493 5463 839 5564 Ms.,
885 5501 1125 5552 Tractoria
1165 5498 1610 5550 :dissenticntihus
1645 5495 1836 5545 czcter'ts
1879 5493 2031 5551 libris,

455 5571 566 5619 Edtl.
594 5578 645 5618 et
664 5577 766 5617 Mss.

519 5631 540 5663 ³
602 5632 674 5680 sic
697 5638 802 5678 Mss.
829 5635 884 5678 Αι
908 5625 1037 5683 mil,
1064 5625 1236 5673 (liccat.

517 5714 589 5831 ἕο)
616 5711 980 5762 Maxiinlanistte.

542 5775 588 5831 θ)
614 5775 844 5823 Primiani.

542 5775 588 5835 θ)
614 5775 844 5823 Primiani.

1733 319 1788 371 S.
1831 313 2191 371 AUGUSTiNl
2232 315 2526 372 EPISCOl‘l
2903 363 2922 371 -
3613 323 3716 375 576

2157 448 2240 486 me
2271 451 2283 484 :
2312 433 2354 486 si
2386 449 2469 487 mc
2495 433 2594 487 illis
2624 435 2957 496 commisero,
2995 435 3126 489 facio
3155 435 3512 502 praijudicium
3542 451 3724 490 Causa?

2149 539 2282 576 meae
2312 543 2326 577 :
2355 541 2456 576 non
2485 525 2547 578 ad
2579 540 2668 580 eos
2695 525 2867 583 exibo.
2899 536 3134 580 servetur
3161 543 3314 580 causa
3345 543 3457 580 mea
3481 528 3723 581 meliori-

2147 615 2246 668 lius
2295 625 2348 668 et
2398 616 2708 670 auctoritate
2761 618 3107 686 gravioribus.
3159 617 3357 670 Boniiin
3412 619 3722 680 consilium.

2147 707 2280 773 Quid
2332 709 2372 762 si
2416 712 2516 766 hoc
2559 709 2689 762 dixit
2731 708 3076 764 Careiliaatis?
3103 712 3408 779 Quanquam
3453 711 3725 764 lahoraliis

2149 810 2238 864 tu,
2268 812 2324 854 ut
2365 801 2610 855 ostendas
2653 818 2768 871 qua:
2807 803 3056 860 adversus
3107 815 3155 858 te
3205 803 3331 866 istos
3369 805 3466 856 alia
3515 805 3720 857 Lucilfa

2145 895 2472 961 corruperit,
2502 903 2554 947 ct
2597 893 2732 948 forte
2778 910 2880 948 non
2927 896 3234 958 inventurus
3260 913 3272 956 ;
3301 895 3438 960 quod
3478 896 3562 948 ille
3592 905 3723 950 tunc

2145 999 2313 1052 usque
2355 985 2486 1038 adeo
2513 996 2729 1039 noverat
2754 1028 2768 1049 ,
2793 995 2849 1039 ut
2875 995 3053 1054 postea
3084 985 3156 1057 (a)
3181 985 3354 1042 Gestis
3398 988 3715 1052 aperiretur.

2144 1075 2245 1130 Sed
2277 1076 2450 1130 vidisti
2479 1078 2655 1130 nescio
2681 1077 2804 1146 quid
2826 1077 3109 1141 occultum,
3139 1080 3490 1132 renuntiatum
3514 1088 3596 1138 est
3619 1080 3717 1130 tibi

2143 1164 2336 1232 aliquid
2393 1166 2748 1220 metuendum.
2800 1166 3044 1220 Concedo
3100 1167 3279 1220 timori.
3325 1178 3413 1232 tuo
3453 1170 3716 1222 cautelam

2145 1253 2294 1306 istam
2325 1271 2338 1305 :
2368 1267 2508 1309 recte
2557 1257 2718 1309 feciin
2741 1299 2754 1318 ,
2787 1256 2850 1309 ad
2899 1258 3026 1309 tales
3065 1273 3167 1310 non
3210 1259 3526 1326 procedere;
3561 1271 3718 1314 erant

2144 1344 2283 1396 enim
2331 1345 2418 1397 alii
2464 1347 2548 1414 qui
2580 1345 2646 1400 de
2690 1355 2739 1399 te
2766 1355 3007 1414 poterant
3030 1347 3290 1414 judicare.
3324 1349 3535 1401 Attcute
3575 1365 3718 1402 nunc

2143 1433 2479 1487 C:i!t°ili:iiiiiiii
2515 1455 2526 1488 :
2561 1447 2612 1487 ιιι
2658 1436 2747 1488 tibi
2790 1439 3012 1491 servasti
3050 1437 3341 1490 Numidiam
3370 1481 3383 1499 ,
3418 1439 3500 1492 ille
3525 1439 3724 1509 orbem

2146 1533 2423 1578 terrarum.
2455 1525 2557 1579 Sed
2587 1529 2626 1579 si
2657 1528 2828 1580 valere
2857 1528 2931 1581 vis
2953 1528 3382 1586 adversus‘illniu
3421 1533 3722 1584 sententias

2145 1627 2267 1670 tunc
2297 1619 2704 1679 Donatistarum,
2738 1620 2942 1672 valeant
2971 1637 3109 1673 nunc
3137 1621 3391 1674 adversus
3417 1631 3465 1674 te
3491 1631 3720 1676 senten-

2144 1710 2227 1761 tize
2258 1709 2751 1763 Maximianistaruni
2787 1729 2797 1762 :
2830 1711 3063 1780 episcopi
3105 1712 3246 1764 illuni
3292 1711 3721 1780 damnaverunt;

2143 1802 2372 1869 episcopi
2414 1812 2465 1855 et
2493 1811 2561 1855 te.
2590 1800 2763 1868 Quare
2804 1813 2981 1870 postea
3027 1803 3180 1870 egisti
3207 1820 3417 1860 causam
3450 1813 3586 1872 tuam
3612 1846 3630 1866 ,
3662 1814 3724 1856 et

2141 1892 2407 1944 obtinuisti
2459 1893 2525 1946 ibi
2573 1892 3016 1967 Maximianistas;
3060 1895 3194 1948 sicut
3243 1895 3334 1967 ille
3378 1906 3562 1962 postea,
3604 1896 3722 1964 egit

2141 2000 2350 2038 causmn
2380 2001 2526 2039 suam
2553 2027 2568 2050 ,
2601 1996 2651 2039 ct
2679 1986 2905 2039 obtinuit
2945 1986 3012 2039 ibi
3047 1987 3378 2040 Donatistas?
3405 1987 3552 2058 Quod
3582 2003 3724 2057 ergo

2144 2087 2266 2146 tunc
2295 2078 2485 2131 factum
2517 2089 2617 2141 est,
2652 2079 2860 2132 videtur
2889 2090 3011 2132 ante
3040 2079 3222 2132 oculos
3250 2081 3382 2132 miro
3409 2064 3462 2150 et
3491 2080 3728 2132 manife-

2144 2177 2195 2219 ιο
2237 2169 2480 2236 exemplo
2511 2169 2837 2228 revolutum,
2871 2169 2988 2221 talia
3020 2169 3430 2222 Maximiauistas
3456 2173 3723 2239 conqueri

2138 2259 2203 2312 de
2231 2260 2512 2322 Primiano,
2538 2262 2706 2329 qualia
2736 2277 2920 2324 omnes
2949 2261 3031 2314 isti
3059 2262 3332 2329 conquesti
3356 2273 3475 2314 sunt
3501 2263 3565 2315 de
3588 2263 3724 2315 (la--

2137 2351 2350 2405 ciliano.
2383 2351 2565 2404 Mirum
2597 2363 2669 2404 est
2700 2394 2712 2406 .
2746 2351 2933 2405 fratres
2958 2393 2973 2413 ,
3002 2337 3268 2420 quomodo
3298 2368 3512 2415 moveor
3531 2394 3545 2412 ,
3575 2369 3725 2420 quo-

2140 2443 2296 2497 modo
2325 2444 2431 2498 Deo
2457 2445 2648 2513 gratias
2675 2459 2772 2513 ago
2807 2458 2818 2496 ;
2847 2444 2965 2513 quia
2992 2459 3117 2497 vere
3143 2444 3498 2518 misericordia
3532 2444 3624 2497 Dei
3650 2445 3723 2497 ad

2139 2535 2286 2600 istos,
2309 2536 2351 2589 si
2405 2537 2641 2604 sapiant,
2677 2535 3047 2589 illuminandos
3096 2535 3336 2588 formavit
3388 2538 3722 2604 exemplum.

2137 2626 2366 2682 Proinde
2389 2627 2430 2680 si
2462 2627 2629 2695 placet
2656 2627 2918 2694 paululum
2943 2669 2954 2688 ,
2990 2626 3180 2681 fratres
3202 2669 3216 2690 ,
3246 2628 3365 2696 quia
3394 2637 3444 2680 et
3477 2627 3576 2680 hoc
3608 2644 3724 2681 nos

2138 2719 2217 2772 bis
2247 2719 2383 2772 Deus
2409 2718 2462 2771 in
2491 2735 2673 2771 manus
2711 2718 2853 2771 dedit
2884 2760 2897 2783 ,
2927 2717 3103 2772 audite
3128 2719 3407 2771 concilium
3436 2717 3726 2771 Maximiac

2137 2810 2389 2862 uislarum
2419 2806 2514 2880 (b).

2205 2901 2295 2955 20.
2338 2901 2678 2955 Sanctissimis
2708 2901 2947 2973 fratribus
2982 2911 3128 2972 atque
3158 2901 3362 2969 collegis
3390 2919 3477 2967 per
3501 2902 3719 2953 univer-

2134 2993 2710 3064 samAfricanu—Tota
2743 2993 2914 3045 unitas
2942 2993 3174 3061 ipsorum
3206 3009 3296 3061 per
3325 2991 3572 3045 Africam.
3598 2991 3719 3046 Sed

2138 3087 2220 3141 hic
2245 3101 2360 3139 cum
2389 3086 2488 3139 illis
2517 3093 2597 3138 est
2633 3084 2900 3138 Catholica
2925 3101 2938 3138 :
2971 3085 3020 3136 in
3049 3084 3164 3136 aliis
3189 3094 3363 3137 autem
3387 3084 3530 3137 orbis
3553 3085 3719 3151 parti-

2136 3179 2232 3230 bus
2275 3179 2368 3247 ipsi
2399 3193 2499 3232 non
2529 3187 2649 3234 sunt
2675 3193 2792 3231 cum
2813 3176 3100 3230 Catholica.
3125 3208 3193 3215 —
3221 3176 3562 3236 Sanctissimis
3593 3176 3718 3244 [ra-

2136 3272 2288 3324 tribus
2313 3282 2458 3337 atque
2477 3271 2680 3340 collegis
2706 3287 2792 3339 per
2813 3271 3094 3323 universam
3117 3269 3189 3338 Af
3188 3271 3362 3332 ricam,
3387 3272 3480 3321 ItOt'
3499 3279 3588 3329 est,
3623 3287 3724 3339 per

2135 3361 2438 3428 provinciam
2471 3358 2908 3421 Proconsularem,
2941 3359 3234 3412 Numidiam
3257 3401 3270 3418 ,
3303 3357 3677 3411 Mauritaniam
3700 3399 3717 3422 ,

2133 3450 2447 3520 Byzacrnam
2468 3493 2480 3512 ,
2520 3459 2564 3503 et
2603 3449 2845 3519 Tripolim
2879 3451 3193 3512 constitutis;
3219 3451 3308 3504 scd
3330 3462 3376 3502 et
3405 3451 3721 3519 presbyteris

2131 3553 2177 3595 et
2197 3545 2440 3600 diaconis,
2474 3543 2714 3594 universis
2741 3542 2980 3611 plebibus,
3019 3543 3069 3595 in
3095 3544 3298 3596 veritate
3322 3543 3581 3614 Evangelii
3612 3563 3722 3598 no-

2135 3637 2320 3688 biscum
2349 3635 2693 3698 militantibus,
2741 3633 3048 3699 Victorinus,
3084 3633 3406 3697 Fortunatus,
3452 3635 3718 3689 Victoria—

2131 3742 2246 3786 nus,
2288 3725 2542 3795 Migginus
2580 3725 2618 3789 ¹,
2661 3723 2990 3785 Saturninus,
3019 3723 3358 3788 Constantius,
3399 3725 3718 3791 Candorius,

2134 3815 2456 3869 Innocentius
2477 3856 2491 3878 ,
2525 3813 2848 3874 Cresconius,
2894 3812 3182 3868 Florentius
3217 3816 3260 3880 ¹,
3305 3814 3541 3877 Salvius,
3567 3819 3718 3871 alius

2133 3906 2354 3968 Salvius,
2388 3905 2636 3967 Donatus,
2668 3903 2942 3969 Geminius,
2981 3903 3334 3958 Prwtextatus.
3380 3935 3445 3945 ——
3481 3905 3596 3976 Ipse
3625 3921 3718 3970 est

2132 3997 2492 4058 Assur-nanus,
2521 4011 2676 4063 quem
2708 4005 2887 4063 postea
2922 4005 3236 4064 receperunt
3261 4013 3275 4049 :
3299 4010 3418 4048 eum
3445 3997 3531 4064 qui
3565 3997 3619 4050 in
3653 4015 3721 4054 se

2130 4089 2262 4142 dixit
2304 4089 2618 4142 sententiam
2644 4130 2658 4153 ,
2710 4088 2908 4156 recepit
2957 4099 3158 4156 postea.
3199 4117 3270 4126 —-
3313 4068 3670 4144 Maximianus
3697 4135 3712 4152 .

2130 4181 2440 4240 Theodorus,
2472 4180 2783 4243 Anastasius,
2814 4178 3142 4240 Donatianus,
3167 4176 3416 4241 Donatus,
3443 4180 3573 4234 alius
3607 4181 3720 4236 no.

2129 4283 2298 4333 natus,
2335 4270 2668 4339 Pomponius,
2705 4268 3007 4322 Pancratius
3028 4270 3069 4329 ⁸.
3101 4270 3378 4324 Januarius
3401 4312 3413 4327 .
3449 4270 3716 4325 Secundi-

2129 4363 2241 4423 nus,
2288 4359 2576 4421 Pascasius,
2619 4358 2935 4422 Cresconius,
2982 4359 3314 4427 Rogatianus,
3355 4361 3483 4412 alius
3531 4361 3718 4416 Mazi-

2129 4455 2343 4514 mianus,
2391 4450 2690 4510 Benenatus,
2740 4449 2988 4511 Gaianas.
3046 4449 3348 4515 Victorinus,
3399 4452 3714 4519 Guntasius,

2134 4545 2443 4618 Quintasius,
2487 4543 2795 4597 Fclicianns.
2832 4574 2902 4582 ——
2934 4543 3036 4596 Iste
3074 4555 3154 4596 est
3197 4544 3512 4598 Mustitanus
3553 4547 3568 4575 "
3616 4550 3715 4617 qui

2195 4656 2208 4681 ι
2249 4650 2432 4712 Aliquot
2457 4657 2555 4697 yitss.
2584 4657 2860 4712 constanter
2879 4648 2956 4696 hic
2980 4655 3030 4696 et
3055 4655 3239 4708 postea,
3264 4647 3456 4710 Miggin.

2193 4714 2211 4742 ²
2246 4710 2374 4767 Ειίιιζ,
2401 4710 2711 4760 1⁵1οιηιι1ἰιιιιδ.
2739 4720 2786 4759 .-'-l
2809 4724 2978 4757 omnes
3003 4725 3150 4770 prope
3175 4717 3299 4767 Mss,
3326 4710 3610 4760 Florentius.

2195 4774 2462 4838 {Quinque
2485 4779 2574 4821 Mss
2598 4807 2611 4829 ,
2639 4771 2918 4820 Prancat'ias
2934 4783 2950 4819 :
2967 4785 3056 4819 nec
3076 4771 3218 4819 aliter
3237 4773 3421 4821 habent
3443 4774 3488 4831 in
3507 4771 3608 4822 ﬁne
3628 4785 3724 4838 5y-

2131 4835 2327 4884 nodicie.

2192 4898 2212 4926 ⁸
2246 4898 2315 4943 sic
2337 4901 2442 4944 Mss.
2467 4902 2517 4942 At
2546 4893 2675 4949 Edd.,
2701 4892 3001 4942 Musticmms.

2195 4958 2266 5019 (η)
2290 4963 2430 5019 Gesta
2455 4955 2768 5019 iudieatppud
2807 4954 3114 5019 Zenophilum
3145 4955 3449 5004 Consularem
3482 4956 3717 5010 confecta

2130 5014 2256 5068 anno
2275 5018 2384 5074 3:20,
2403 5029 2605 5078 quorum
2630 5014 2894 5077 fragmenta
2930 5014 3147 5077 qua-dam
3168 5019 3216 5066 in
3251 5019 3282 5064 5
3316 5023 3478 5064 contra
3500 5025 3704 5070 Cresce-

2132 5084 2260 5129 nium
2285 5079 2385 5136 lib.,
2405 5077 2448 5126 (ἑ.
2474 5078 2552 5134 ‘29,
2578 5081 2728 5125 retert
2758 5091 2768 5123 :
2810 5078 2890 5125 tibi
2928 5077 3156 5127 vidi-licet
3190 5079 3496 5126 nuudinarius
3531 5077 3726 5130 Silvani

2131 5143 2361 5209 tzirteusis
2383 5140 2590 5209 episcopi
2613 5138 2840 5209 diaconus
2866 5139 3087 5209 prodidit,
3113 5142 3364 5209 episcopos
3385 5138 3605 5208 aliosque.
3632 5149 3728 5190 tu.

2131 5203 2255 5252 cillir
2280 5198 2591 5264 pra‘ii'itentis
2614 5198 2806 5264 l'eiiiina:
2853 5201 3050 5264 pecunia
3075 5198 3325 5264 corruptus
3349 5198 3591 5264 inissa—ut
3617 5209 3725 5251 Ma-

2128 5260 2317 5325 j'orimis
2359 5260 2520 5311 contra
2564 5260 2860 5325 (z'rciliauum
2903 5260 3046 5325 ticrct
3089 5260 3473 5325 (:artliagincnsis
3517 5262 3726 5323 cpiSno.

2132 5322 2240 5434 L115.
2283 5325 2396 5433 itide
2435 5323 2681 5384 augustiui
2715 5322 2772 5382 ad
2808 5322 3046 5381 Gloriam,
3085 5323 3358 5380 Eleusium,
3393 5331 3488 5371 etc.
3510 5359 3524 5382 ,
3551 5322 3726 5386 epist.

2171 5403 2220 5434 δ.
2249 5401 2298 5434 ιι.
2361 5405 2400 5433 ι.

2171 5403 2220 5441 ἵ),
2249 5401 2298 5434 ιι.
2326 5401 2400 5433 'll.

2196 5449 2265 5508 (1))
2292 5449 2370 5494 llic
2395 5447 2685 5508 Augustinus
2715 5445 2966 5506 epistolam
2992 5445 3434 5508 Maximiauistarum
3450 5445 3726 5508 Cabarsus-

2131 5504 2291 5559 scrisis
2313 5507 2496 5569 concilii
2522 5508 2693 5569 recitat
2721 5504 2954 5569 brevique
2980 5506 3190 5567 explicat.
3211 5504 3618 5569 couimenuiriolo.
3649 5512 3728 5557 Ad

2133 5579 2312 5619 rectam
2340 5583 2385 5615 n.
2414 5565 2472 5615 20
2491 5565 2888 5629 intelligentiam,
2917 5565 3115 5618 multum
3140 5569 3343 5616 interest
3367 5576 3417 5616 ut
3443 5568 3590 5615 verba
3621 5579 3725 5614 Αιι-

2133 5631 2313 5693 gustiui
2348 5630 2408 5693 al)
2445 5629 2666 5693 epistolae
2705 5631 2877 5693 verbis
2909 5634 3122 5692 apprime
3156 5631 3540 5693 distinguantur;
3579 5633 3728 5689 quor!

2138 5689 2351 5754 irol'ccto
2370 5689 2508 5738 facile
2533 5692 2772 5738 obtinebit.
2806 5689 2980 5742 lector.
2999 5694 3037 5740 si
3064 5691 3280 5750 :ittendat
3333 5692 3453 5738 riora
3482 5693 3732 5751 "manus,

2138 5763 2184 5798 ut
2216 5754 2364 5798 aiunt.
2387 5751 2768 5798 t'ltaracterihus.
2798 5755 3059 5798 [Klslt'l‘ltll'ﬂ
3085 5766 3199 5798 vero
3231 5705 3401 5798 itaiiris
3426 5750 3617 5798 referri.
3659 5761 3700 5798 λι

2138 5749 2184 5800 iit
2216 5754 2364 5809 aiunt,
2387 5751 2768 5811 t'ltaracterihus,
2798 5755 3059 5814 posteriora
3085 5766 3199 5802 \‘ero
3231 5749 3401 5799 italiris
3426 5750 3617 5800 referri.
3659 5761 3700 5800 At
