3972 6198
496 395 602 449 5⁸19

463 506 689 575 ‘Quales
741 498 931 556 fuerint
973 510 1093 549 cum
1136 490 1332 564 quibus
1377 488 1539 544 fuerit
1574 483 2060 565 communicatum,

501 598 637 652 tales
664 592 775 646 ﬁeri
805 601 988 653 omnes
1014 594 1067 639 et
1095 585 1392 638 universam
1419 580 1670 632 massa‘rn.
1699 575 1879 645 Itaque
1903 572 1949 626 si
1978 586 2065 625 ve-

501 702 618 743 rum
658 681 743 737 isti
783 679 986 742 dicunt,
1035 677 1234 730 incesta
1267 681 1349 727 est
1386 669 1497 740 jam
1535 682 1660 739 pars
1701 674 1810 721 tota
1841 661 2063 718 'Donati.

503 778 706 834 Exeant
737 774 891 844 plane
915 767 1185 833 Numidaa,
1217 773 1271 819 et
1298 763 1502 823 dicant,
1534 759 1612 815 Ad
1644 773 1741 813 nos
1767 770 1872 812 non
1905 754 2067 824 perti-
2098 764 2101 767 '

504 880 597 926 net
620 869 664 922 si
696 866 815 920 illos
841 863 1077 932 incestos.
1095 866 1137 923 ι,
1169 855 1349 911 nescio
1371 866 1525 923 quos,
1552 850 1616 905 ad
1644 846 2067 904 communionem

505 965 649 1010 tuam
674 948 936 1007 admisisti
975 962 991 1003 :
1034 928 1222 1000 obesse
1250 941 1416 1012 potuit
1444 948 1548 993 tam
1580 937 1736 1004 longe
1762 930 1985 1004 positis?
2013 928 2068 983 Si

503 1059 633 1116 ergo
648 1041 800 1097 vobis
819 1039 1007 1093 obesse
1025 1050 1128 1090 non
1147 1033 1301 1087 vultis
1317 1029 1404 1098 qui
1431 1028 1482 1083 in
1504 1025 1742 1082 Numidia
1763 1021 1915 1084 estis,
1933 1017 2071 1091 quod

506 1111 813 1204 Carthagini
834 1132 909 1195 lit;
926 1127 1064 1199 quod
1085 1127 1135 1180 in
1153 1120 1222 1178 Al
1221 1125 1325 1177 rica
1346 1122 1420 1182 lit,
1436 1117 1604 1190 potuit
1619 1117 1808 1171 obesse
1824 1111 2074 1167 universo

506 1228 621 1282 orbi
651 1203 954 1281 terrarum?
990 1220 1215 1287 Semper
1258 1214 1396 1268 unde
1421 1228 1480 1267 se
1506 1208 1827 1272 defendunt,
1857 1203 1979 1258 inde
2015 1216 2076 1256 se

506 1324 795 1381 accusant,
843 1323 899 1370 et
940 1327 1040 1367 nos
1078 1316 1333 1366 excusant
1368 1306 1409 1358 ³.
1438 1333 1509 1344 -
1536 1301 1814 1356 Adventum
1853 1305 2078 1350 nostrum

516 1412 712 1485 penitus
741 1406 1027 1462 declinavit.
1063 1432 1135 1442 —
1170 1399 1321 1469 Quod
1350 1397 1422 1452 illi
1449 1394 1624 1466 questi
1654 1399 1778 1446 sunt
1817 1388 1885 1443 de
1910 1385 2078 1442 Caeci-

513 1476 672 1561 liano.
696 1530 769 1543 —-
794 1500 892 1565 Qui
918 1508 1268 1567 usquequaque
1296 1487 1467 1544 rebelli
1489 1485 1659 1540 animo
1688 1481 1981 1544 calcitrans,
2023 1476 2079 1529 in

513 1593 647 1649 malo
676 1590 967 1665 permansit,
1010 1595 1065 1639 ut
1101 1584 1350 1639 conducta
1389 1575 1710 1632 multitudine
1748 1572 2076 1645 perditorum,

512 1715 584 1728 -—
604 1662 720 1741 iam
744 1682 848 1737 boc
876 1680 993 1750 plus
1021 1685 1121 1731 est.
1145 1674 1271 1729 Haec
1296 1671 1363 1727 de
1385 1667 1670 1726 Caeciliano
1698 1679 1805 1720 non
1832 1662 2082 1718 dixerunt

514 1777 588 1832 illi
617 1793 630 1827 :
659 1773 831 1828 videte
858 1765 1251 1841 quaen—Atque
1273 1760 1549 1831 impetratis
1575 1755 1888 1828 oﬂicialibus,
1909 1750 2081 1806 basili-

510 1886 685 1925 carum
701 1868 890 1939 januas
910 1860 1234 1918 obsedissent.
1254 1886 1326 1897 -—
1343 1853 1422 1909 Ne
1447 1853 1706 1907 intrarent
1730 1845 1984 1918 episcopi.
2010 1873 2081 1883 ——

512 1961 598 2031 qui
634 1935 947 2030 ingrediendi
980 1951 1120 2006 nobis
1154 1959 1301 2019 atque
1331 1944 1512 2016 agendi
1545 1941 1786 1997 solemnia
1818 1935 2081 1991 interdice-

512 2061 621 2103 rent
651 2048 961 2118 facultatem.
992 2041 1117 2095 Haec
1148 2039 1192 2093 si
1235 2037 1526 2106 episcopum
1558 2030 1784 2085 convenit
1816 2028 1999 2098 facere,
2037 2024 2082 2078 si

514 2141 812 2199 Christianis
833 2140 944 2193 licet
960 2135 1239 2196 admittere,
1257 2132 1300 2185 si
1316 2128 1409 2183 hoc
1424 2125 1702 2197 Evangelia
1724 2128 2079 2193 protestantur,

514 2234 684 2306 probet
705 2241 788 2285 aut
801 2230 996 2301 judicct
1014 2225 1237 2297 quisquis
1256 2231 1454 2275 amator
1472 2228 1558 2272 aut
1577 2225 1797 2271 assertor
1816 2222 1889 2267 est
1908 2210 2084 2265 verita-

513 2305 596 2380 tis.
626 2323 738 2378 lloc
785 2321 917 2375 enim
946 2317 1088 2372 nobis
1121 2315 1306 2386 inﬂixit
1339 2317 1497 2385 frater
1525 2309 1799 2381 aliquando
1822 2305 2081 2375 proprius,

513 2415 648 2487 quod
668 2427 924 2483 nunquam
940 2412 1124 2482 faceret
1143 2406 1433 2460 alienus.—
1448 2401 1585 2471 Quid
1606 2397 1843 2470 pluribus
1865 2394 1966 2466 (a)?
1990 2393 2080 2447 Di-

513 2516 642 2564 cunt
667 2506 827 2561 multa
855 2510 911 2558 et
933 2503 1187 2557 damnant
1219 2496 1488 2550 hominem
1523 2511 1536 2546 :
1568 2490 1661 2547 sed
1690 2487 2081 2544 damnationem

508 2601 616 2672 jam
658 2599 823 2669 ipsam
862 2596 1117 2666 legamus.
1142 2619 1216 2632 —--
1248 2587 1563 2643 Decreuimus
1597 2600 1766 2639 omnes
1798 2578 2085 2637 sacerdotes

517 2692 632 2758 Dei,
655 2696 899 2760 praesente
913 2685 1110 2756 Spiritu
1129 2689 1321 2744 sancto,
1346 2683 1477 2733 hunc
1495 2676 1719 2731 eurrrdern
1743 2672 2080 2734 Primianum,

489 2783 677 2854 .primo
702 2778 835 2847 quod
857 2794 1009 2848 super
1034 2776 1167 2829 vivos
1192 2771 1449 2844 episcOpos
1465 2768 1593 2822 alios
1616 2764 1928 2836 subrogarit;
1949 2760 2085 2832 quod

424 2904 427 2915 ι
513 2878 726 2929 incestos
766 2886 879 2926 cum
917 2876 1204 2923 sanctorum
1242 2861 1592 2919 communione
1630 2858 1911 2921 miscuerit;
1951 2855 2085 2926 quod

514 2966 820 3039 presbyteros
835 2963 902 3017 ad
924 2959 1321 3032 conjurationem
1339 2955 1606 3010 ineundum
1621 2951 1955 3021 constringere
1974 2964 2089 3018 per-

514 3059 747 3121 tentarit;
772 3052 905 3125 quod
932 3051 1268 3108 Fortunatam
1298 3046 1637 3118 presbyterum
1659 3044 1713 3097 in
1747 3043 1972 3097 cloacam
1999 3042 2079 3112 fe-

514 3149 637 3202 cerit
677 3145 840 3211 mitti,
887 3159 1002 3197 cum
1045 3137 1396 3212 argrotantlbus
1430 3136 1676 3205 baptismo
1723 3131 2086 3194 succurrisset;

516 3241 652 3311 quod
676 3235 1072 3292 communionem
1094 3230 1350 3285 Demetrio
1378 3226 1666 3299 presbytero
1690 3223 1970 3296 pernegarit
1985 3265 2002 3290 ,
2029 3229 2088 3277 ut

516 3339 711 3402 cogeret
745 3327 907 3397 filium
934 3324 1200 3380 abdicare:
1239 3320 1374 3392 quod
1401 3319 1533 3373 idem
1571 3316 1821 3387 presbyter
1847 3315 2087 3385 objurga-

517 3433 599 3477 tus
626 3421 709 3488 sit,
729 3417 863 3490 quod
886 3416 1145 3488 episcopos
1166 3411 1384 3481 hospitio
1407 3408 1731 3479 suscepisset;
1747 3406 1883 3477 quod
1930 3420 2086 3473 supra

518 3516 681 3569 dictus
717 3510 1010 3566 Prirnianus
1034 3503 1404 3560 multitudinem
1431 3500 1654 3565 miserit,
1694 3513 1807 3565 qua:
1832 3494 2084 3552 Christia-

517 3591 696 3662 norum
723 3603 896 3657 domos
921 3604 1184 3663 everteret;
1205 3594 1339 3669 quod
1363 3592 1547 3648 obsessi
1573 3591 1672 3647 sint
1696 3587 1919 3659 episcOpi
1937 3586 2088 3641 simul

517 3708 565 3752 et
601 3695 796 3758 clerici,
833 3702 880 3747 et
908 3702 1080 3764 postea
1102 3690 1164 3743 ab
1201 3688 1308 3758 ejus
1336 3683 1631 3741 satellitibus
1667 3680 1878 3750 lapidati
1895 3697 1915 3745 ;
1952 3678 2087 3747 quod

520 3791 573 3843 in
597 3774 802 3843 basilica
836 3783 953 3840 cwsi
984 3783 1085 3839 sint
1127 3779 1378 3843 seniores,
1406 3775 1540 3846 quod
1564 3773 1770 3844 indigne
1811 3774 1995 3842 ferrent
2020 3768 2088 3823 ad

519 3879 915 3935 communionem
954 3872 1326 3930 Claudianistas
1362 3867 1592 3932 admitti;
1628 3864 1765 3937 quod
1804 3864 2088 3919 innocentes

521 3970 726 4023 clericos
751 3966 998 4038 putaverit
1020 3980 1125 4019 esse
1144 3959 1581 4023 condemnandos;
1604 3957 1739 4027 quod
1765 3973 1818 4011 se
1837 3955 1978 4011 nobis
1998 3971 2091 4008 au-

523 4058 759 4112 diendum
804 4054 1017 4108 noluerit
1045 4053 1308 4119 exhibere,
1340 4067 1455 4104 cum
1491 4048 1810 4103 basilicarum
1854 4047 1988 4116 fores
2027 4061 2091 4100 ne

523 4146 898 4219 ingrederemur
922 4143 1239 4198 multitudine
1260 4151 1306 4196 et
1333 4140 1506 4213 Officio
1527 4139 1548 4171 ³
1569 4139 1897 4194 intercluserit
1910 4155 1931 4204 ;
1956 4137 2091 4208 quod

527 4243 716 4312 legatos
742 4256 774 4291 a
806 4236 948 4291 nobis
974 4236 1042 4289 ad
1076 4252 1128 4290 se
1151 4235 1329 4289 missos
1368 4232 1612 4304 injuriose
1657 4230 1924 4303 rejecerit;
1957 4230 2093 4298 quod

526 4337 639 4389 loca
665 4331 844 4397 multa,
872 4329 918 4383 vi
945 4326 1321 4401 primo,dehinc
1344 4324 1638 4379 auctoritate
1662 4321 1932 4392 iudiciaria
1950 4336 2095 4375 usur-

527 4425 734 4499 paverit.
750 4418 1228 4477 --Pr:etertnissnr
1251 4416 1539 4471 ablaturum
1570 4430 1727 4471 :cum
1751 4412 1947 4468 Paulus
1966 4425 2091 4480 apo-

526 4519 696 4576 stolus
724 4516 898 4572 dicat:
931 4510 1093 4567 Audet
1117 4509 1228 4580 quis
1254 4516 1471 4561 uestrum
1496 4507 1729 4559 adversus
1755 4503 1912 4557 alium
1937 4519 2091 4572 nego-

528 4614 651 4667 tium
680 4610 866 4666 habens
886 4604 1112 4679 judicari
1138 4601 1279 4673 apud
1302 4601 1533 4671 injustas,
1549 4608 1594 4651 et
1616 4613 1715 4649 non
1742 4595 1879 4665 apud
1897 4602 2093 4648 sanctos

530 4706 573 4779 (Ι
598 4705 714 4760 Cor.
734 4720 809 4771 vr,
830 4704 905 4775 l).
935 4698 1122 4754 Videte
1149 4694 1304 4766 quale
1332 4692 1401 4746 illi
1422 4691 1619 4746 crimen
1642 4687 1950 4757 objecerint,
1971 4686 2092 4755 quia

534 4776 639 4851 non
665 4794 802 4865 apud
833 4793 1112 4865 episcopos
1146 4784 1304 4857 agere
1345 4781 1509 4837 voluit
1536 4779 1602 4833 de
1628 4778 1759 4832 locis
1779 4818 1794 4843 ,
1823 4776 1915 4831 sed
1953 4776 2093 4847 apud

530 4889 782 4961 iudicem.
799 4917 870 4927 —
891 4884 1082 4940 Prwter
1106 4880 1208 4935 alia
1229 4877 1409 4948 illicita
1424 4873 1444 4904 ⁸
1465 4874 1572 4944 ejus
1595 4869 1833 4933 admissa,
1856 4885 1967 4940 qua:
1991 4884 2098 4939 pra:

535 4960 791 5036 honestate
824 4977 924 5032 stili
953 4974 1111 5029 nostri
1135 4971 1361 5027 siluimus
1379 5010 1392 5031 ,
1418 4986 1449 5020 a
1466 4961 1767 5020 sacerdotali
1794 4960 1947 5014 choro
1976 4976 2094 5029 per-

537 5082 686 5144 petuo
710 5084 815 5124 esse
848 5068 1138 5122 damnatum
1166 5077 1184 5117 :
1212 5077 1273 5116 ne
1293 5078 1350 5115 eo
1381 5058 1613 5130 palpata,
1640 5053 1733 5107 Dei
1761 5050 1985 5106 Ecclesia
2012 5058 2098 5104 aut

533 5142 865 5234 contagione,
906 5167 992 5210 aut
1035 5157 1219 5239 aliqua.
1247 5152 1451 5206 crimine
1493 5148 1786 5202 maculetur.
1833 5142 1980 5209 Quod
2017 5142 2101 5195 id-

599 5341 615 5372 ³
653 5336 763 5388 ωας
792 5332 973 5407 write
992 5334 1205 5407 uses:
1220 5317 2098 5407 etef§9eﬂ3€2i23£°;.3‘?.litﬁﬂii

533 5382 807 5475 qaut-big”:
883 5382 991 5475 illqs
1008 5394 1224 5453 incestos,
1235 5389 1418 5439 scilicet
1435 5387 1499 5437 de
1513 5382 1691 5449 quibus
1708 5392 1821 5433 ante
1845 5384 1894 5432 in
1916 5382 2004 5431 hac
2025 5390 2100 5445 5y-

534 5462 701 5517 u'adica
720 5462 897 5511 dictum
917 5464 1011 5508 est.

600 5528 621 5559 ι
653 5530 704 5572 tn
725 5523 857 5573 edd:
880 5530 1071 5583 semmr
1220 5526 1271 5588 se
1288 5507 2028 5588 defendmu1ind‘eseAeicpsant,
2056 5509 2099 5554 et

601 5670 622 5684 '
655 5670 784 5707 num,
809 5670 856 5696 α
878 5670 1181 5709 υηιυιμισυιιο.
1207 5670 1263 5687 ru.
1282 5670 1406 5694 -ωοη
1429 5670 1475 5683 ν.
1496 5670 1675 5697 νην-..η

598 5713 623 5745 δ
656 5709 875 5772 Plerique
898 5715 1026 5765 Mss,
1046 5699 1267 5755 illecebra
1288 5698 1411 5763 ejus.
1429 5692 1646 5746 Nonnulli
1668 5701 1803 5751 vero,
1824 5687 2099 5741 illecebrosa

555 5789 582 5826 ε
600 5787 677 5896 εἰ)
696 5834 933 5913 εειιικιιιιίηὁ
944 5843 1057 5895 opus
1079 5834 1164 5880 est.

1682 372 1743 430 S.
1783 365 2147 428 AUGUSTINI
2186 359 2486 419 EPISCOPI

2170 474 2336 545 ipsum
2365 472 2559 528 Paulus
2583 472 2839 542 apostolus
2866 470 3177 535 exhortatur,
3202 477 3250 525 et
3262 469 3529 525 admonet:
3556 489 3574 519 ε
3606 467 3743 524 Prae-

2170 568 2383 636 cipimus
2409 575 2573 618 autem
2601 563 2768 631 vobis,
2796 563 2978 635 fratres
2999 603 3014 625 ,
3036 562 3088 615 in
3127 562 3325 615 nomine
3351 560 3555 621 Domini
3582 561 3744 614 nostri

2168 658 2295 712 Iesu
2323 656 2538 722 Christi,
2574 666 2630 709 ut
2672 654 2939 709 discedatis
2976 653 3038 707 ab
3077 652 3215 707 omni
3242 652 3395 722 fratre
3423 651 3748 705 linordinate

2172 748 2460 803 ambulante
2490 766 2509 800 r
2547 745 2617 817 (Il
2643 744 2821 801 Thess.
2854 761 2907 800 ut
2928 785 2948 814 ,
2970 743 3048 818 ϐ).
3095 745 3257 812 Atque
3281 744 3405 798 adeo
3436 761 3535 797 non
3562 744 3743 796 innue-

2174 856 2336 896 mores
2372 838 2606 911 puritatis
2644 836 2913 902 Ecclesite,
2954 836 3270 890 conducibile
3317 833 3744 894 existimavimus,

2174 950 2344 989 omnes
2371 943 2569 988 sanctos
2595 929 2999 995 consacerdotes,
3031 939 3078 982 et
3102 944 3273 982 omnes
3297 926 3522 988 clericos,
3545 935 3592 979 et
3630 942 3745 978 orn-

2175 1044 2263 1082 nes
2293 1027 2505 1096 populos
2530 1024 2618 1097 qui
2649 1041 2703 1078 se
2729 1022 3028 1087 christianos
3053 1020 3409 1084 meminerunt,
3441 1018 3539 1073 Irae
3572 1027 3747 1072 nostra

2176 1119 2488 1176 Tractatoria
2515 1131 2828 1172 commonere
2845 1155 2860 1179 ,
2887 1125 2941 1168 ut
2967 1129 3137 1168 omnes
3168 1114 3279 1184 ejus
3308 1110 3740 1165 communionem.

2178 1223 2347 1285 utpote
2372 1211 2597 1267 damnati
2613 1249 2632 1278 ,
2661 1209 2889 1281 diligenti
2916 1223 3043 1261 cura
3081 1207 3335 1261 horreant.
3365 1203 3489 1274 Ipse
3525 1203 3661 1257 enim
3683 1203 3747 1256 de

2178 1327 2270 1365 suo
2296 1309 2495 1364 interitu
2520 1308 2764 1371 rationem
2784 1303 2989 1369 reddet,
3010 1303 3099 1372 qui
3121 1303 3215 1356 hoc
3240 1310 3463 1355 nostrum
3491 1299 3748 1353 decretum

2181 1421 2281 1459 non
2322 1400 2574 1457 audiendo
2603 1397 2859 1454 tentaverit
2884 1395 3091 1450 uiolare.
3135 1392 3334 1447 Placuit
3374 1407 3497 1445 sane
3532 1390 3674 1443 nobis
3701 1398 3751 1441 et

2183 1494 2402 1566 Spiritui
2439 1502 2614 1547 sancto
2633 1532 2648 1556 ,
2680 1488 2814 1560 quod
2847 1496 3042 1557 tempus
3070 1484 3228 1539 tardis
3266 1482 3335 1536 ad
3362 1480 3755 1535 convertendum

2179 1594 2455 1640 reservetur
2476 1583 2567 1638 sub
2591 1597 2669 1645 eo,
2700 1590 2753 1633 ut
2781 1580 3075 1650 quicumque
3104 1571 3514 1630 consacerdotum
3538 1573 3616 1627 vel
3647 1571 3756 1626 cie-

2182 1681 2402 1735 ricorum
2425 1691 2534 1730 sua:
2558 1673 2735 1729 salutis
2760 1672 3072 1738 immemores
3089 1709 3105 1733 ,
3137 1684 3169 1720 a
3193 1665 3276 1720 die
3296 1664 3636 1719 damnationis
3664 1680 3760 1717 su-

2183 1787 2275 1843 pra
2304 1768 2424 1822 dicti
2463 1762 2729 1828 Primiani,
2766 1761 2820 1814 id
2848 1770 2918 1814 est
2937 1800 2953 1821 ,
2983 1775 3015 1813 a
3056 1757 3137 1811 die
3158 1765 3331 1810 octavo
3355 1757 3375 1786 ³
3399 1752 3783 1827 Kalendarum

2183 1860 2439 1916 Juliarurn
2467 1871 2622 1929 usque
2647 1854 2713 1907 ad
2739 1853 2871 1905 diem
2896 1859 3125 1905 octavum
3162 1844 3511 1901 Kalendarum
3550 1843 3761 1897 Ianua.

2182 1952 2396 2016 riarum,
2414 1948 2579 2001 minus
2596 1962 2628 1998 a
2650 1942 2900 1997 Primiani
2927 1940 3152 1994 damnati
3174 1937 3520 1992 communione
3538 1951 3760 1989 recesse-

2182 2045 2313 2110 rint,
2352 2041 2442 2095 tali
2467 2037 2708 2093 sententia
2746 2033 3169 2103 constringuntur.
3195 2029 3337 2083 Laici
3358 2044 3553 2099 quoque
3577 2026 3677 2080 nisi
3705 2043 3762 2080 se

2183 2154 2214 2190 a
2249 2150 2402 2205 supra
2428 2131 2561 2185 dicto
2588 2130 2669 2183 die
2686 2125 3022 2180 damnationis
3050 2124 3208 2188 illius,
3225 2122 3359 2176 intra
3381 2121 3512 2174 diem
3538 2119 3766 2173 Pascha

2186 2231 2369 2300 futura:
2386 2226 2448 2277 ab
2468 2223 2578 2295 ejus
2605 2218 2855 2274 consortio
2878 2216 3212 2287 separaverint
3228 2256 3242 2280 ,
3272 2230 3370 2267 non
3409 2208 3551 2283 posse
3579 2229 3762 2283 queru-

2184 2332 2335 2389 quam
2362 2314 2456 2368 nisi
2491 2327 2581 2382 per
2605 2307 2975 2381 paenitentiam,
3004 2304 3249 2370 siquidem
3279 2301 3621 2362 meminerint,
3652 2302 3765 2354 Ee-

2184 2407 2349 2463 clesite
2390 2402 2677 2475 reformari.
2721 2398 3009 2454 Victorinus
3055 2394 3453 2450 Munatianensis
3492 2395 3768 2464 episcopus

2184 2496 2473 2567 subscripsi.
2508 2492 2820 2548 Fortunatus
2852 2486 3267 2559 Dionysianensis
3295 2485 3316 2516 ³
3342 2485 3606 2555 episcopus
3634 2485 3771 2538 sub-

2183 2590 2383 2663 scripsi.
2418 2588 2734 2644 Victorianus
2754 2581 3167 2639 Carcabianensis
3185 2578 3208 2609 δ
3246 2579 3507 2650 episcopus
3534 2579 3768 2632 subscri-

2188 2684 2285 2755 psi.
2315 2680 2608 2736 Florentius
2641 2675 2704 2730 ab
2730 2675 3004 2729 Adrumeto
3028 2672 3288 2743 episcopus
3312 2668 3601 2738 subscripsi.
3627 2667 3773 2739 Ilig-

2185 2776 2335 2849 ginus
2350 2772 2410 2827 ab
2428 2767 2791 2842 Eleplrantaria
2813 2765 2836 2798 ⁸
2849 2765 3111 2835 episcopus
3125 2760 3415 2832 subscripsi.
3432 2756 3774 2814 Innocentius

2189 2862 2533 2922 Tltebaltensis
2572 2860 2595 2893 ⁸
2624 2859 2888 2929 episcopus
2912 2853 3202 2923 subscripsi.
3231 2852 3431 2923 Miggin
3455 2860 3548 2920 pro
3570 2851 3773 2922 collega

2187 2976 2297 3015 meo
2319 2956 2493 3013 Salvio
2510 2951 2919 3008 Membressitano
2933 2949 2953 2981 ⁷
2980 2948 3213 3019 episc0po
3239 2946 3529 3015 subscripsi.
3554 2943 3775 3000 Salvius

2186 3052 2479 3125 Ausafensis
2498 3052 2520 3084 ⁸
2548 3050 2810 3120 episcopus
2858 3043 3152 3113 subscripsi.
3186 3040 3414 3095 Donatus
3440 3039 3786 3095 Sabratensis

2189 3146 2455 3215 episcopus
2474 3138 2770 3209 subscripsi.
2795 3135 3047 3192 Gemelias
3065 3137 3086 3168 θ
3106 3151 3137 3186 a
3155 3133 3197 3186 Τ
3198 3131 3419 3186 anabais
3440 3130 3774 3200 “.episcOpus

2188 3234 2480 3317 subscripsi.
2509 3233 2680 3317 -—l§x
2717 3230 2845 3301 ipsis
2883 3225 3386 3283 condernnatoribus
3444 3223 3775 3295 subscripsit

2188 3312 2243 3384 et
2266 3312 2619 3383 Prtetextatué'
2636 3321 3002 3385 Assuritanus,
3028 3327 3083 3374 et
3101 3316 3403 3373 Felicianus
3424 3315 3772 3371 Mustitanus.

2186 3417 2608 3473 —-Pra:textatus
2630 3414 2957 3469 Assuritanus
2981 3411 3243 3483 episcopus
3266 3407 3559 3477 subscripsi.
3589 3406 3776 3461 Maxi-

2188 3511 2386 3565 mianus
2432 3504 2743 3562 Stabatensis
2772 3503 2813 3535 “
2870 3500 3132 3573 episcopus
3175 3498 3463 3567 subscripsi.
3512 3495 3777 3551 Datianus

2190 3600 2537 3659 Camicetensis
2557 3599 2600 3630 ¹²
2613 3596 2874 3668 episcopus
2900 3591 3191 3661 subscripsi.
3217 3588 3444 3644 Donatus
3468 3587 3777 3645 Fiscianen-

2188 3694 2259 3750 sis
2284 3692 2551 3762 episcopus
2574 3686 2865 3755 subscripsi.
2893 3682 3187 3739 Theodorus
3214 3680 3476 3737 Usulensis
3503 3681 3779 3752 episcOpus

2189 3782 2482 3853 subscripsi.
2514 3770 3249 3842 Victorianusjubentecollega
3267 3771 3488 3842 Agnosio
3507 3770 3551 3802 ¹³
3574 3772 3780 3842 ορίεεο.

2191 3894 2275 3950 po,
2304 3873 2596 3945 subscripsi.
2638 3868 2869 3923 Donatus
2902 3863 3266 3921 Cebresutanus
3287 3860 3330 3894 “
3353 3865 3616 3932 episcopus
3643 3864 3778 3918 sub-

2191 3971 2387 4039 scripsi.
2416 3964 2684 4020 Natalicus
2706 3957 2961 4015 Thelensis
2980 3956 3242 4026 episcopus
3270 3953 3567 4023 subscripsi.
3602 3951 3780 4009 Rom-

2255 4084 2272 4116 ι
2308 4088 2358 4131 tn
2380 4088 2484 4130 Mss.
2509 4070 2670 4136 deest,
2692 4074 2846 4139 fratre
2867 4083 2886 4123 :
2906 4082 3050 4135 quam
3070 4081 3243 4132 vocem
3262 4080 3359 4117 non
3378 4065 3627 4117 illibenter
3645 4070 3789 4119 οηιίο

2189 4145 2347 4197 serint
2365 4146 2639 4192 Donatistae.

2256 4188 2395 4254 ἶῙᾶιῖ
2408 4188 2635 4266 iiii?th
2666 4198 2772 4249 loco
2810 4193 3045 4266 pgteterit,
3065 4195 3242 4242 octavo.
3267 4197 3340 4266 Fls.
3365 4202 3486 4266 xero
3613 4198 3786 4266 totum

2193 4249 2386 4325 omit—ti,
2410 4249 2738 4325 celandam
3234 4252 3301 4325 ad
3343 4249 3475 4325 die."
3501 4258 3785 4325 0W;

2192 4313 2480 4395 qui-omnia
2503 4313 2650 4395 rurba
2667 4323 2722 4395 in
2743 4319 2989 4395 plerisque
3006 4313 3479 4395 reperiamus;
3508 4313 3598 4361 sed
3621 4327 3697 4385 ex
3724 4318 3789 4366 iis

2194 4374 2409 4441 ὖόἶῖυῦἰιὶ
2440 4374 2562 4450 post
2954 4374 3213 4450 Juliarwn',
3249 4377 3320 4426 sic
3558 4374 3664 4450 :__si
3707 4378 3791 4428 uel

2193 4435 2437 4511 Romae
2455 4435 2588 4499 'diem
2607 4452 2823 4511 octautnn
2842 4439 3166 4511 Calendarrgu
3183 4435 3555 4511 {art-trama;
3575 4443 3683 4510 Non
3707 4452 3789 4490 δ-

2193 4499 2412 4578 uehitur
2432 4522 2602 4578 anatis
2625 4508 2709 4578 qui
2729 4506 2852 4578 ῖοειθ
2873 4499 3785 4578 βφεφτῇξξδέδιρυὲνρὲίθετιίωρί

2387 4560 2838 4639 concilii'séntentia
2858 4560 3266 4639 prOfljimjanj“
3286 4560 3615 4639 ξίέῖίωῖξέηυω
3641 4563 3788 4639 eisi."

2194 4620 2621 4687 abarsussitanain
2663 4620 2895 4694 Synodut'n
2922 4624 3057 4694 dicta
3078 4621 3168 4673 fuit
3182 4622 3266 4672 die
3286 4620 3348 4670 25
3367 4621 3530 4684 aprilis
3550 4633 3631 4670 an.
3660 4623 3786 4684 ὅθι,

2198 4713 2259 4750 ex
2283 4697 2367 4747 lib.
2393 4698 2426 4747 3
2446 4702 2573 4745 cont.
2595 4686 2836 4757 crescam,
2857 4701 2900 4738 c.
2916 4686 3001 4757 56.

2260 4762 2282 4794 ³
2313 4767 2413 4810 Duo
2427 4765 2553 4816 Mss,
2576 4750 2968 4816 Dionysiacensis.

2260 4825 2283 4854 δ
2313 4803 2821 4883 Eri-imitandae:
2839 4816 2926 4883 Ξτ-
2943 4814 3003 4883 9t
3024 4819 3212 4883 “orsu
3236 4803 3789 4883 ωδε-ορατεαοὺξεητςξει

2197 4891 2296 4934 Duo
2314 4868 2908 4940 uss.,'Carcabensis.Aslii,
2929 4868 3332 4922 Carcabianensis.
3353 4869 3427 4918 sic
3447 4868 3594 4917 etiam
3610 4869 3667 4917 in
3695 4869 3788 4919 lib.

2198 4947 2230 4996 ὃ
2258 4952 2386 4995 cont.
2410 4935 2650 4996 Crescon.,
2673 4949 2717 4985 c.
2743 4935 2817 4984 19.

2260 4989 2385 5055 ἱ
2406 4989 2457 5052 i'n'
2471 4989 2576 5050 ms;
2602 4989 2658 5049 si
2675 4999 2720 5046 in
2745 4994 2875 5057 me,
2896 4989 3295 5057 paelephantarite.

2263 5068 2285 5099 ⁸
2314 5053 2531 5128 Quinque
2559 5069 2686 5120 3155.,
2714 5053 3084 5128 Thesbdlitensis;

2262 5130 2283 5162 ⁷
2318 5113 2655 5189 t‘tavin'aliquot
2806 5126 2857 5168 et
2869 5119 2927 5189 in
2949 5115 3031 5166 lib.
3049 5117 3089 5189 β
3108 5123 3234 5189 cont.
3268 5121 3512 5189 crescam,
3533 5127 3577 5163 c.
3615 5113 3701 5165 l9.
3735 5125 3797 5168 At

2201 5194 2251 5243 in
2273 5175 2382 5239 Fdd.
2408 5175 2780 5249 legebaturhic,
2802 5178 3016 5229 Salviano
3040 5175 3318 5249 Pressitano.

2261 5252 2284 5285 ο
2307 5237 2402 5310 ἐτη,
2427 5237 2719 5310 aiisavensis.
2739 5237 2869 5300 tJov.,
2888 5237 3179 5310 4asapensis.
3205 5237 3391 5301 Aliquot
3410 5242 3516 5285 Mss.
3540 5244 3596 5286 ut
3614 5237 3667 5287 in
3696 5237 3795 5289 lib.

2201 5316 2234 5367 5
2251 5299 2642 5366 cont.'cresc.,c.
2667 5306 2744 5363 {9,
2768 5299 3052 5366 AuSafensis.

2262 5357 2802 5487 5$one,aeniudus,'ut
2819 5357 2963 5428 supra
2980 5398 2996 5426 ,
3013 5363 3106 5413 col.
3128 5360 3238 5421 576,
3256 5360 3347 5409 sub
3366 5357 3504 5408 initio
3520 5364 3807 5422 pressantis

2202 5453 2253 5490 ιι.
2276 5436 2353 5487 9.0.
3329 5481 3341 5490 .
3386 5480 3397 5490 .
3591 5436 3607 5449 '

2266 5480 2425 5556 ἦνέκ,
2449 5485 2981 5556 Ληαυιαῡεὲδηιςοωιυζιί
3000 5494 3127 5556 Mss,
3147 5498 3180 5535 a

2265 5565 2307 5594 ιι
2331 5542 3222 5619 iliacae'sabbarensisouidam,
3243 5542 3525 5595 sabatensis.

2268 5624 2311 5655 ι’
2331 5610 3052 5680 ρυειιιοτύεδζ,ςωῃαεειεηδὶδο

2268 5675 2449 5731 ι³σὶτθε
2468 5687 2592 5739 Mss,
2616 5675 2832 5743 Agnasio,

2268 5745 2312 5776 ,ι
2334 5725 3147 5808 ﬁnemﬁnem.
3195 5726 3448 5787 αοιιηιιιιίι
3485 5725 3817 5781 σεδετεδέπ
