3972 6198
202 341 299 396 581

201 461 384 532 panius
429 460 788 521 Ilacrianensis
831 471 1089 540 episcopus
1135 471 1420 543 subscripsi.
1460 474 1757 532 Pancratius

200 551 521 606 Balianensis
542 553 557 584 ¹
581 556 842 628 episcopus
869 562 1153 631 subscripsi.
1185 563 1464 617 Januarius
1494 568 1756 637 Aquenen-

197 643 264 696 sis
301 645 323 674 ¹
363 645 626 715 episcopus
666 650 960 720 subscripsi.
1004 653 1270 710 Secundus
1297 655 1712 714 Jacondianensis
1736 662 1758 693 ³

196 736 464 804 episcopus
482 737 768 806 subscripsi.
794 741 1059 798 Pascasius
1074 762 1105 798 a
1134 745 1248 800 Vico
1271 751 1480 818 Augusti
1499 753 1758 822 episcopus

193 825 487 914 subscripsi.
511 827 661 882 Cresa
697 830 1114 901 Conjustiacensis
1129 837 1150 866 ⁸
1171 841 1432 906 episcopus
1465 844 1752 914 subscripsi.

198 913 510 985 Rogatianus
533 919 795 990 episcopus
823 924 1110 994 subscripsi.
1135 925 1474 982 Maximianus
1501 913 1753 985 Erumnti-

191 1006 357 1059 nensis
371 1005 396 1038 ⁸
416 1008 679 1076 episcopus
718 1011 1006 1082 subscripsi.
1026 1014 1304 1071 Benenatus
1333 1018 1715 1088 Tugutianensis
1735 1024 1756 1054 ⁸

189 1096 460 1166 cpiscopus
524 1099 813 1171 subscripsi.
871 1102 1088 1158 Ritauus
1149 1108 1414 1178 episcopus
1461 1112 1750 1180 subscripsi.

192 1187 419 1244 Gaianas
462 1189 778 1264 Tigualensis
825 1199 1082 1264 episcopus
1132 1199 1418 1265 subscripsi.
1475 1201 1755 1259 Victorinus

193 1277 620 1350 Leptimagneusis
645 1285 664 1314 ⁷
693 1285 951 1355 episcopus
994 1289 1282 1356 subscripsi.
1308 1289 1576 1346 Guntasius
1597 1293 1755 1346 Bene-

193 1370 340 1437 [ensis
374 1371 687 1440 I'episcopus
747 1375 1035 1442 subscripsi.
1093 1377 1382 1442 Quintasius
1440 1381 1700 1451 Capsensis
1732 1387 1752 1418 ⁰

192 1459 450 1528 episcopus
497 1463 783 1528 subscripsi.
825 1463 1113 1519 Felicianus
1154 1466 1460 1522 Mustitanus
1497 1473 1752 1541 cpiscOpus

195 1548 474 1619 subscripsi.
505 1549 818 1607 Victorianus
837 1571 896 1607 ea:
921 1555 1226 1626 delegatione
1245 1557 1457 1629 Miggini
1476 1561 1515 1591 ¹⁰
1535 1563 1753 1632 episcopi

197 1640 472 1711 subscripsi.
516 1642 736 1714 Miggius
771 1646 1029 1716 episcopus
1055 1647 1344 1717 subscripsi.
1388 1650 1594 1705 Latinus
1629 1653 1750 1706 Mu-

199 1730 372 1800 gicnsis
397 1733 660 1802 episcopus
681 1735 972 1802 subscripsi.
999 1735 1244 1792 Proculus
1273 1739 1563 1793 Girbitanus
1590 1745 1631 1775 ¹⁸
1653 1744 1750 1813 cpi-

199 1838 367 1890 scopus
393 1823 686 1892 subscripsi.
737 1825 961 1879 Donatus
1004 1827 1318 1881 Sabratensis
1356 1831 1616 1900 episcopus
1659 1850 1750 1901 pro

198 1913 344 1978 fratre
369 1921 416 1966 et
439 1913 630 1983 collega
659 1931 765 1967 meo
784 1915 1030 1969 Marratio
1057 1917 1345 1987 subscripsi.
1367 1918 1611 1975 Proculus
1636 1921 1752 1976 Cir-

194 2001 381 2062 bitanus
409 2019 501 2071 pro
528 2004 718 2073 collega
746 2023 850 2058 meo
881 2005 1115 2063 Gallieno
1152 2011 1193 2040 "
1233 2011 1519 2080 subscripsi.
1553 2013 1748 2067 Secun-

193 2090 368 2144 dianus
399 2090 737 2151 Prisianensis
774 2095 815 2125 ¹³
844 2098 1102 2164 episcopus
1141 2098 1434 2170 subscripsi.
1480 2101 1748 2170 Helpidius

193 2180 519 2244 Tusdritanus
569 2180 832 2255 episcopus.
872 2188 1161 2258 subscripsi.
1203 2188 1433 2246 Donatus
1471 2192 1751 2248 Samurda-

187 2273 330 2327 tensis
353 2275 618 2342 episcopus
641 2277 931 2344 subscripsi.
948 2277 1200 2333 Getulicus
1229 2279 1617 2338 Victorianensis
1644 2287 1751 2354 epi-

187 2378 333 2429 copus
368 2364 660 2433 subscripsi.
693 2367 996 2421 Anuibonius
1036 2369 1364 2425 Robautensis
1394 2372 1435 2404 ¹⁵
1475 2375 1744 2445 episcopus

186 2452 471 2524 subscripsi.
510 2453 640 2509 Item
670 2456 978 2511 Anaibouius
1005 2459 1184 2528 petitus
1214 2477 1244 2512 a
1284 2463 1473 2532 collega
1504 2481 1609 2516 meo
1638 2465 1748 2518 Au-

185 2545 497 2616 gendiarensi
531 2549 761 2617 episcopo
797 2549 841 2580 ¹⁵
880 2550 1167 2620 subscripsi.
1208 2552 1464 2608 Tertullus
1502 2555 1748 2611 Abitensis

184 2636 437 2706 epistolaris
462 2637 728 2706 subscripsi
736 2636 1100 2692 .Primulianus
1117 2642 1157 2671 ’⁸
1177 2643 1438 2712 episcopus
1461 2645 1746 2715 subscripsi.

187 2725 497 2780 Secundinus
521 2729 868 2782 Arusianensis
896 2732 934 2761 ”
964 2731 1224 2801 episcopus
1249 2733 1543 2802 subscripsi.
1580 2737 1748 2790 Maxi-

185 2835 282 2870 mus
309 2816 623 2874 Pittanensis
656 2821 698 2852 “‘
744 2823 1004 2888 episcopus
1042 2823 1327 2891 subscripsi.
1374 2825 1747 2880 Crescentianus

187 2907 456 2964 "mensis
479 2912 519 2944 ¹⁹
546 2911 806 2980 episcopus
829 2913 1114 2982 subscripsi.
1150 2913 1379 2967 Donatus
1408 2915 1680 2972 Beltnensis
1700 2919 1745 2951 ¹⁰

183 3001 433 3070 cpiscopus
453 3002 741 3070 subscripsi.
761 3002 1160 3057 I’erscverantius
1177 3004 1468 3060 Tebertinus
1488 3009 1529 3039 ἰ
1553 3010 1744 3079 episco-

183 3108 264 3159 pus
284 3093 580 3165 subscripsi.
605 3093 884 3149 Faustinus
909 3095 1137 3152 Bincnsis
1163 3099 1422 3169 episcOpus
1449 3100 1740 3171 subscripsi.

235 3311 248 3342 ³
273 3309 466 3372 aliquot.
481 3317 604 3370 uss,
632 3308 978 3362 Basilianensis.

231 3372 250 3435 ξ
272 3371 443 3420 Plures
459 3378 585 3435 stiss.,
614 3372 850 3435 ,tqnensis.

233 3433 253 3463 ³
272 3439 384 3481 Mss.
439 3429 670 3494 aliquotr.'
699 3429 990 3483 Secundinus
1031 3445 1067 3494 :4
1089 3429 1302 3494 nonnulli
1324 3467 1340 3492 ,
1398 3434 1737 3486 Secundianus.

179 3494 349 3563 Deinde
372 3496 422 3542 in
438 3492 722 3556 quibusdam
745 3501 848 3553 est,
871 3492 1271 3554 Jocoudianensis,
1300 3501 1351 3543 et
1365 3529 1380 3555 ,
1401 3496 1743 3548 Jaconniancn-

179 3567 247 3604 Su.

230 3617 246 3646 δ
267 3623 480 3686 quatuor
496 3613 935 3688 Mss.,_Cresoconith
944 3614 1502 3688 ATitiartensisLNonnulli,’
1523 3627 1741 3688 (‘resoco-

178 3675 432 3744 niusJustic
443 3675 663 3744 iaaensis.
692 3675 772 3744 alii
796 3677 907 3737 duo,
931 3677 1205 3728 Cresconius
1232 3678 1540 3729 Tacianensis.
1569 3683 1742 3744 Regius

179 3739 341 3810 cuius,
367 3736 644 3788 (‘resconius
668 3736 900 3808 Ὶὶιιιητῖιδιν
955 3799 966 3810 ,
1031 3807 1048 3810 _
1093 3799 1135 3810 ..
1256 3806 1286 3810 _
1403 3797 1414 3807 .
1536 3800 1547 3810 .

227 3800 246 3831 ³
269 3799 600 3864 Aliquotalss.,
639 3799 1006 3849 Erunutincnsis.
1023 3799 1230 3858 Quidam,
1251 3799 1586 3851 Eruminensis.
1605 3808 1738 3864 Item,

179 3860 564 3910 mtmniacensis.

226 3922 249 3990 ξ
269 3923 414 3970 tatic.
439 3930 488 3970 et
506 3930 619 3984 Heg.
644 3930 766 3990 uss,
787 3928 1042 3990 uenenatas
1068 3919 1388 3990 ﬁgam-uanus
1415 3934 1432 3970 :
1455 3923 1536 3984 qui
1553 3925 1750 3976 codices

174 3985 386 4032 mittunt
409 3981 594 4041 postea:
623 3983 808 4033 Itiumus
828 3981 1072 4043 episcopus
1093 3981 1364 4042 subscripsi.

204 4045 242 4111 _'
267 4043 487 4115 aopnulli
508 4044 698 4094 codices
715 4081 732 4105 ,
762 4043 1069 4094 Victorianus.
1097 4043 1316 4094 Undecitu
1341 4050 1464 4104 Mss,
1509 4045 1738 4109 Leptima-

169 4117 458 4236 φιὲἭῇοι
480 4174 606 4224 Mss.,
637 4165 1072 4236 aenesensis._lt_e_m,
1103 4162 1381 4236 perterenda

223 4228 241 4258 ⁹
266 4227 529 4289 tuumnes
553 4242 700 4289 prore
725 4236 827 4289 Mss.
853 4235 907 4289 A_l
925 4227 1056 4289 Edd.,
1080 4227 1334 4289 Comensis.

224 4289 265 4351 τ’
289 4288 406 4336 ωδ.
432 4287 673 4351 omittunt,
699 4287 1313 4351 ptiggini._ld_vero_habent
1337 4287 1554 4351 plerique
1577 4298 1682 4340 Mss.
1709 4307 1738 4343 e

168 4349 332 4418 quibus
361 4348 576 4418 nonnulli
597 4357 700 4418 post.
724 4348 827 4398 loco
855 4348 1082 4418 Miggius,
1109 4348 1296 4418 fet-uiti,
1321 4348 1571 4418 ιξιὶῃίιίιὶωςἶ
1590 4354 1738 4403 Εόίιὶο

167 4414 250 4480 ΕΓΖ.
285 4408 554 4480 upggiaus.
577 4408 966 4480 Quidatnrauteuf
1111 4409 1254 4466 istud,
1278 4408 1475 4473 biit/gius
1494 4413 1739 4478 episcopus

164 4470 436 4541 subscripsi,
465 4485 660 4541 prorsus
682 4471 921 4541 omittunt.
999 4538 1024 4541 __
1173 4539 1188 4541 _
1261 4529 1272 4541 .
1291 4529 1303 4541 θ

221 4535 259 4562 ¹¹
287 4529 398 4581 MSS.
421 4529 656 4589 nonnulli,
681 4533 974 4584 Gurbitanus.
996 4538 1131 4589 Item,
1157 4529 1454 4583 Curbitanus.

220 4596 260 4664 ξς
285 4600 386 4664 εἰς..
402 4593 615 4664 cottona.
636 4601 750 4664 Octo
772 4602 895 4664 uss,
913 4593 1196 4664 collatio.
1228 4651 1239 4662 .
1389 4652 1400 4664 .

217 4655 260 4724 ff
288 4654 514 4724 Plerique
538 4661 664 4724 Mss,
689 4653 1010 4724 bissianensis,
1035 4661 1117 4702 aut
1135 4653 1439 4724 bimulus.

215 4717 257 4746 “
283 4725 393 4763 uss.
422 4712 601 4775 plures,
628 4713 941 4765 Itabauteusis.
965 4724 1097 4768 Item,
1121 4712 1430 4775 Sabmttensis.

215 4778 255 4807 ³⁸
280 4787 311 4822 Α
321 4773 475 4839 liquot
485 4783 610 4834 Mss,
623 4775 798 4839 collega
810 4789 912 4839 meo
929 4773 1293 4839 .iugendiareusi
1311 4775 1584 4839 subscripsi,
1596 4785 1736 4832 omis-

156 4850 200 4881 sa
227 4852 352 4899 voce
375 4837 608 4899 episcopo.
628 4850 691 4885 an
715 4837 838 4887 forte
863 4837 1139 4899 legendum,
1169 4837 1398 4897 algendo,
1426 4840 1501 4887 vel
1525 4847 1736 4892 Secundo

158 4898 318 4970 triensi
344 4897 561 4970 episcopo
580 4897 604 4947 ?
623 4901 802 4970 Quippe
820 4897 1042 4970 incestis
1061 4899 1220 4969 Collat.
1238 4899 1474 4960 (‘arthagq
1489 4907 1664 4970 cognit.
1689 4907 1732 4965 l,

152 4972 190 5004 c.
213 4959 324 5024 φῖ,
352 4961 540 5022 quidam
564 4959 830 5024 nominatur
853 4963 1091 5024 secundus
1113 4959 1358 5024 episcopus
1381 4959 1586 5013 καὶ-ιξωῦ.

211 5022 254 5051 ³⁸
277 5023 360 5069 sic
373 5020 478 5070 Mss.
507 5029 560 5070 At
582 5021 715 5080 Fdd.,
744 5020 1063 5071 Primilimtus.

211 5084 251 5113 '7
278 5081 501 5148 Nonnulli
519 5089 645 5148 Mss,
667 5080 1002 5132 Secundiauus.
1029 5090 1145 5132 Item
1166 5081 1327 5145 aliqui,
1354 5082 1728 5148 Arusilianensis,

151 5141 672 5214 "am'isﬂiaueesisx
903 5205 914 5214 .
1048 5203 1132 5214 ί
1245 5141 1296 5214 ⁷.

206 5205 249 5235 ⁸³
274 5203 501 5253 Nonnulli
525 5211 626 5253 Mss.
659 5203 762 5254 loco
781 5205 1017 5255 Maximus
1039 5203 1354 5265 Pittanensis,
1373 5205 1552 5256 habent
1574 5208 1731 5259 Maxi-

149 5264 344 5314 mianus
370 5265 665 5315 aitumettsis.

206 5328 248 5359 ι’
274 5335 392 5375 uss.
419 5334 530 5387 neg.
556 5333 609 5374 et
629 5333 727 5377 \‘at.
755 5335 807 5389 et
827 5326 905 5376 alii
926 5326 1117 5389 quidam
1140 5326 1532 5389 :‘Crescentimtus
1549 5339 1728 5382 Naren-

145 5385 512 5459 scapus-tuor}
545 5385 958 5459 Crescentianus,'
978 5385 1216 5459 ii'alensis:
1241 5396 1331 5436 Sex
1371 5389 1447 5459 alii
1488 5392 1729 5443 vocabulis

143 5450 339 5498 ﬂllObllS
363 5450 408 5496 in
433 5461 580 5496 unum
603 5448 814 5498 contusis
836 5449 1032 5503 habent,
1057 5448 1446 5498 crescinarensis.

205 5513 250 5540 ὀ
275 5511 478 5568 Quidam
518 5517 647 5570 Mss,
677 5509 947 5570 aclinensis.
984 5516 1099 5557 Item
1134 5523 1252 5570 sex,
1288 5509 1576 5562 Vclimeusis.
1602 5521 1724 5562 Non-

146 5570 277 5629 nulli,
309 5569 604 5626 netimensis,
629 5577 680 5617 et
709 5569 998 5620 Balmiensis.

199 5635 241 5662 ’ί
272 5641 379 5681 stss.
396 5631 617 5692 plerique
634 5630 756 5689 loco,
774 5630 1162 5689 t'erseveranlius,
1177 5631 1370 5686 habent.
1390 5635 1720 5684 Persercntins.

148 5692 223 5740 Alii
249 5708 360 5742 tres
384 5690 406 5741 :'
432 5690 730 5756 ῖΙιειιςιξιηιδ.
765 5709 848 5755 pro
886 5693 1168 5744 ’I‘ebertinus.
1195 5700 1243 5742 Et
1276 5693 1472 5756 plures:
1503 5695 1725 5748 tiu-besti-

147 5765 248 5812 nns,
272 5757 386 5810 sive
414 5753 722 5804 'Iltet'estittas.

1211 355 1596 414 ENARRATIO
1635 361 1700 414 IN
1739 361 2050 422 PSAUIUM
2093 369 2325 426 XXXVI.

3313 387 3418 440 382

1878 479 2045 533 Victor
2073 484 2433 540 Altiburttanus
2459 488 2477 518 ‘
2502 489 2763 562 cpiscopus
2792 491 3076 563 subscripsi.
3111 494 3293 551 Omnes
3319 515 3415 552 nu-

1864 588 1998 624 mero
2023 575 2383 646 quinquaginta
2413 587 2533 632 tres.

1929 661 2018 718 2i.
2053 665 2322 720 Paululum
2367 668 2652 738 dignamini
2701 671 2998 727 advertere.
3042 673 3165 728 Haec
3201 686 3283 729 est
3311 676 3408 730 da-

1860 755 2058 809 nmatio
2085 766 2192 810 tua.
2225 759 2452 815 Dicimus
2490 761 2564 814 illi
2608 779 2621 815 :
2667 763 2801 830 Quid
2833 765 2944 818 vis?
2983 766 3172 820 habeat
3212 768 3415 836 pondus

1859 861 1925 899 an
1973 862 2076 900 non
2120 848 2344 903 habeat?
2377 851 2485 920 Ego
2515 853 2662 906 faveo
2692 871 2706 907 :
2736 869 2950 922 prorsus
2975 849 3094 910 dico
3119 897 3133 920 ,
3165 857 3283 926 quia
3326 859 3412 913 isti

1859 951 2043 991 omnes
2069 937 2197 992 falsa
2237 940 2287 994 in
2327 949 2378 994 te
2404 941 2678 1006 dixerunt;
2725 952 2776 998 et
2816 945 2948 998 audi.
2983 946 3121 1000 unde
3146 948 3356 1001 credam
3393 967 3408 1001 :

1857 1026 1985 1094 Quia
2013 1029 2149 1097 apud
2176 1032 2520 1102 aliosjudices
2540 1035 2808 1090 obtinuisti
2831 1053 3042 1092 causam
3066 1049 3296 1104 tuam,et
3318 1041 3404 1094 isti

1857 1117 2088 1172 damnati
2111 1131 2251 1175 sunt.
2271 1122 2324 1176 Si
2347 1138 2473 1192 ergo
2499 1134 2548 1178 te
2571 1115 2842 1194 propterea
2873 1127 3031 1180 credo
3058 1129 3412 1194 innocentem,

1855 1208 1974 1276 quia
2001 1224 2102 1262 non
2129 1211 2309 1265 exiens
2325 1211 2389 1266 ad
2420 1213 2680 1280 factiosos,
2703 1215 2823 1270 alibi
2853 1217 3124 1271 ostendisti
3153 1220 3405 1273 innocen-

1858 1299 1981 1352 tiam
2015 1309 2173 1364 luam,
2209 1312 2264 1354 ut
2293 1304 2362 1356 illi
2393 1306 2478 1374 qui
2508 1315 2558 1359 te
2583 1306 2988 1374 damnaverunt,
3021 1309 3416 1365 damnationem

1855 1401 2183 1445 mererentur
2201 1393 2462 1463 ;'dignare
2490 1408 2764 1466 acceptare
2797 1396 3134 1453 (Lucilianum
3163 1401 3414 1454 innocen-

1855 1489 1983 1546 tem,
2013 1484 2099 1551 qui
2129 1484 2293 1538 noluit
2325 1486 2468 1539 exire
2493 1486 2556 1539 ad
2585 1489 2813 1556 majores
2844 1500 2980 1555 tuos,
3004 1500 3056 1544 et
3081 1491 3157 1543 sic
3182 1490 3417 1544 servavit.

1853 1590 2066 1628 causam
2106 1591 2252 1630 suam
2292 1579 2403 1630 orbi
2437 1590 2692 1632 terrarum
2717 1620 2733 1645 ,
2777 1581 3042 1650 quomodo
3089 1591 3144 1634 tu
3189 1581 3410 1634 servasti

1854 1667 2075 1720 concilio
2101 1666 2464 1722 Numidarum.
2489 1669 2542 1723 Si
2567 1670 2897 1724 innocentem
2928 1681 2977 1724 te
3007 1671 3231 1725 reddidit
3258 1670 3414 1724 sedes

1851 1756 2209 1826 Bagaitana‘,
2238 1769 2434 1827 quanto
2474 1761 2645 1828 p0tius
2691 1761 2836 1815 illuni
2875 1762 3030 1816 sedes
3071 1761 3412 1831 Apostolica?

1851 1850 1956 1902 Aut
1981 1851 2058 1902 vis
2085 1859 2140 1903 ut
2183 1851 2392 1904 valeant
2416 1851 2501 1920 qui
2543 1853 2715 1921 primo
2756 1853 3176 1908 damnaverunt?
3217 1854 3273 1907 Si
3312 1868 3408 1905 va-

1851 1939 1994 2004 lent;
2025 1951 2206 1995 contra
2249 1953 2302 1997 te
2345 1943 2538 1996 valent.
2569 1944 2699 1998 Nam
2742 1945 2818 1998 illi
2861 1955 3039 2000 contra
3070 1946 3407 2000 Caecilianum

1852 2044 1948 2083 nee
1978 2029 2289 2097 valuerunt,
2321 2047 2418 2087 nec
2446 2033 2692 2087 valebunt
2723 2051 2736 2088 :
2766 2044 2939 2088 tamen
2981 2033 3104 2104 quid
3135 2042 3318 2088 contra
3361 2043 3416 2087 te

1845 2116 2051 2187 judices
2070 2160 2084 2184 ,
2116 2122 2353 2175 attende.

1919 2210 2011 2264 22.
2051 2212 2164 2266 Jam
2195 2213 2282 2268 hic
2312 2214 2507 2268 audent
2550 2214 2772 2271 dicere:
2804 2215 2907 2270 Sed
2951 2231 3050 2270 nos
3092 2215 3180 2286 qui
3229 2223 3414 2284 postea

1849 2300 2211 2356 damnavimus
2251 2303 2654 2359 Maximianistas
2676 2347 2692 2373 ,
2736 2306 2910 2376 plures
2947 2321 3175 2360 eramus.
3209 2303 3394 2358 Valeat

1851 2406 1976 2462 ergo
2002 2396 2260 2448 sententia
2286 2407 2463 2451 vestra
2493 2397 2544 2450 in
2577 2396 2900 2451 Felicianum
2927 2436 2942 2458 ,
2972 2407 3026 2451 et
3051 2395 3243 2450 valebit
3285 2395 3411 2447 illo.

1853 2500 1971 2538 rum
2003 2486 2053 2538 in
2093 2486 2450 2542 Czl'eiliattutn.
2482 2489 2578 2544 Ubi
2613 2490 2766 2560 Bagai
2810 2489 3090 2544 concilium
3135 2487 3407 2551 fecerunt,

1851 2578 2008 2631 etiam
2040 2577 2359 2634 Fclieianum
2389 2581 2770 2636 damnaverunt
2803 2599 2816 2634 :
2847 2581 3004 2635 modo
3034 2581 3172 2633 intus
3196 2588 3275 2634 est
3301 2577 3401 2631 Fe-

1852 2667 2074 2723 licianus
2111 2688 2126 2724 :
2166 2680 2257 2724 aut
2285 2686 2482 2726 nocens
2507 2683 2746 2741 receptus
2775 2682 2856 2727 est
2875 2714 2890 2737 ,
2921 2682 3010 2725 aut
3038 2673 3290 2725 innocens
3315 2668 3409 2722 da-

1852 2769 2060 2813 mnatus
2086 2770 2187 2814 est.
2211 2761 2268 2814 Si
2291 2777 2416 2831 ergo
2449 2773 2725 2816 nocentem
2758 2762 2947 2830 recipis
2973 2777 3066 2829 pro
3089 2775 3216 2829 pace
3241 2759 3410 2812 Dona-

1852 2850 1886 2902 ti
1907 2867 1923 2909 ;
1946 2850 2073 2905 cede
2099 2851 2342 2905 omnibus
2361 2854 2603 2922 gentibus
2628 2868 2724 2922 pro
2753 2869 2880 2922 pace
2903 2854 3095 2906 Christi
3118 2869 3134 2905 :
3161 2852 3204 2904 si
3227 2860 3406 2905 autem

1848 2955 1944 3009 per
1978 2956 2213 2995 errorem
2245 2950 2474 2996 vestrum
2506 2943 2759 2997 innocens
2783 2942 3060 2996 damnatus
3099 2956 3190 3007 es;
3228 2956 3408 2995 errare

1849 3041 2130 3102 potuerunt
2155 3035 2371 3088 trecenti
2399 3034 2582 3089 decem
2627 3034 2938 3089 damnantes
2967 3034 3322 3098 Felicionem,
3352 3042 3408 3086 et.

1847 3138 1951 3176 non
1980 3131 2261 3191 potuerunt
2285 3139 2465 3180 errare
2491 3125 2817 3194 septuaginta
2842 3124 3152 3178 damnantes
3172 3123 3407 3177 Cecilia-

1847 3216 2013 3268 num?
2042 3215 2174 3282 Quid
2211 3231 2336 3285 ergo
2365 3216 2578 3271 dicitis?
2617 3217 2748 3270 Cum
2779 3216 3052 3270 audieritis
3089 3215 3240 3270 vobis
3264 3215 3366 3269 dici
3389 3256 3404 3274 .

1846 3306 2059 3361 Priores
2103 3323 2196 3361 vos
2233 3306 2618 3364 damnaverunt
2643 3307 3072 3370 Maximianistaa,
3099 3306 3404 3371 recurritis,

1845 3407 1896 3450 et
1919 3398 2092 3451 dicitis
2124 3415 2138 3451 :
2183 3397 2285 3452 Sed
2327 3415 2422 3453 nos
2463 3401 2638 3469 plures
2666 3414 2878 3453 eramus
2914 3397 3003 3466 qui
3043 3397 3408 3451 damnavimus

1853 3489 2283 3545 Maximianistas.
2314 3491 2392 3544 Ad
2423 3500 2703 3561 utrumque
2730 3490 2878 3544 vobis
2907 3491 3012 3544 cito
3041 3487 3404 3557 respondetur,

1841 3580 1961 3648 quia
1992 3589 2044 3634 ct
2082 3581 2154 3634 illi
2187 3581 2344 3634 vestri
2394 3581 2594 3650 priores
2631 3580 3015 3634 damnaverunt
3041 3577 3401 3633 Cteeilianum.

1842 3669 1894 3724 Si
1924 3670 2125 3736 priores
2155 3671 2362 3735 valent,
2393 3671 2582 3725 cedant
2623 3671 2968 3724 Primianista‘
2991 3668 3214 3723 concilio
3241 3667 3406 3720 Masi-

1845 3758 2206 3812 mianistarum
2237 3776 2250 3812 :
2279 3759 2323 3813 si
2354 3760 2530 3828 plures
2555 3759 2751 3823 valent,
2769 3759 2960 3813 cedant
2987 3757 3269 3811 Donatistae
3288 3755 3402 3809 Otbi

1845 3859 2101 3904 terrarum
2143 3868 2158 3904 :
2208 3850 2338 3904 nihil
2380 3847 2511 3906 ess!
2545 3851 2780 3904 arbitror
2818 3850 3032 3919 jnstius.
3080 3849 3236 3902 Pauci
3281 3856 3405 3901 sunt

1844 3942 2239 3998 Maximianista:
2270 3962 2283 3998 :
2310 3944 2402 3998 sed
2432 3944 2638 4014 priores
2666 3953 2807 3998 sunt.
2837 3943 2978 3998 Reus
3010 3959 3156 3997 reum
3183 3959 3286 3996 non
3319 3940 3404 3994 l'a-

1842 4035 1932 4090 cit.
1964 4036 2017 4091 Si
2063 4036 2162 4091 hoc
2189 4045 2340 4106 putas
2362 4078 2374 4100 ,
2416 4036 2682 4106 quomodo
2707 4036 2986 4091 damnatus
3026 4033 3279 4089 damnare
3305 4049 3402 4103 po-

1845 4127 1985 4181 tuisti
2005 4127 2029 4180 ‘2
2052 4129 2171 4197 quia
2195 4129 2333 4183 inter
2352 4128 2689 4182 damnatores
2714 4138 2766 4182 et
2792 4128 2903 4197 ipse
2924 4128 3149 4195 scriptus
3173 4136 3275 4191 est,
3305 4140 3404 4181 nec

1841 4230 2184 4274 servaverunt
2226 4221 2298 4274 illi
2331 4221 2502 4275 locum
2533 4236 2743 4274 causam
2775 4220 3002 4274 dicentis
3027 4219 3069 4274 ³.
3111 4219 3280 4272 Aliter
3307 4233 3402 4272 au-

1837 4285 1948 4366 iem
1978 4309 2288 4366 Caecilianus
2315 4330 2328 4364 :
2361 4321 2598 4366 servatus
2625 4321 2708 4366 est
2737 4312 2811 4365 illi
2843 4314 2989 4366 locus
3017 4311 3242 4364 hominis
3271 4324 3394 4363 cau-

1843 4418 1956 4458 sam
1985 4403 2232 4470 dicentis,
2261 4405 2394 4458 sicut
2425 4403 2584 4458 habet
2612 4404 2720 4473 ipsa
2750 4405 3043 4469 sententia;
3075 4403 3193 4471 quia
3224 4416 3322 4454 nec
3347 4401 3397 4454 in

1841 4495 2263 4548 communionem
2295 4503 2540 4564 receptus
2568 4505 2650 4549 est
2681 4495 2779 4549 nisi
2811 4503 3076 4562 purgatus.
3101 4491 3203 4545 Iste
3223 4500 3396 4544 autem

1841 4584 2102 4638 invenitur
2131 4585 2215 4638 hie
2245 4600 2270 4636 a
2295 4583 2560 4654 judicibus
2584 4584 2883 4648 danmatus,
2915 4582 3018 4636 illic
3042 4583 3176 4635 inter
3193 4579 3401 4649 judices

1838 4673 2114 4728 damnans.
2148 4674 2252 4728 Sed
2284 4676 2440 4730 fuerit
2467 4675 2562 4728 ista
2593 4675 2814 4742 aequitas
2845 4671 3110 4742 Bagaitani
3138 4670 3345 4725 concilii
3384 4689 3396 4723 :

1841 4778 2056 4830 prorsus
2108 4773 2273 4818 totum
2331 4763 2691 4819 concedimus.
2736 4763 2870 4817 Male
2919 4772 2968 4816 te
3016 4761 3399 4817 damnaverunt

1838 4855 2235 4912 Maximianista:
2276 4872 2290 4910 :
2331 4855 2466 4910 male
2489 4853 2870 4908 damnaverunt
2896 4854 3048 4905 cLilli
3081 4853 3279 4921 priores
3308 4869 3400 4905 ve-

1836 4946 1929 4997 stri
1957 4943 2315 4999 Cit-cilianum.
2339 4945 2415 4998 'l‘u
2436 4945 2662 5013 purgasti
2697 4953 2745 4998 te
2772 4944 2908 5012 apud
2937 4944 3090 5013 Bagai
3123 4961 3135 4997 :
3160 4945 3400 5012 purgavit

1836 5052 1894 5091 se
1919 5037 2004 5096 ille
2029 5038 2080 5091 in
2114 5039 2463 5092 transmarino
2487 5035 2708 5104 judicio.
2738 5035 3019 5090 Conseusit
3046 5035 3168 5089 huic
3191 5035 3394 5103 judicio

1837 5130 2114 5184 universus
2166 5131 2310 5185 orbis
2341 5138 2634 5185 terrarum.
2667 5131 2800 5198 Quid
2827 5131 3060 5184 dicturus
3085 5132 3186 5184 es?
3215 5131 3399 5186 Plures

1833 5236 1930 5277 nos
1973 5237 2157 5276 sumus
2201 5238 2358 5291 quam
2397 5222 2811 5277 Maximianistm.
2858 5224 3036 5276 Estote
3067 5223 3285 5292 plures:
3330 5223 3398 5276 de

1835 5331 2056 5376 numero
2082 5331 2208 5386 ergo
2234 5332 2450 5386 agamus
2477 5335 2489 5368 :
2515 5317 2631 5372 vide
2655 5326 2908 5386 quantum
2941 5317 3166 5371 intersit.
3192 5317 3396 5370 Absen-

1832 5414 1935 5464 tem
1971 5417 2020 5461 te
2048 5407 2431 5461 damnaverunt
2457 5408 2873 5468 Maxitniauistte.
2903 5423 3018 5463 cum
3039 5407 3102 5462 ad
3123 5422 3219 5462 eos
3246 5405 3394 5460 exire

1893 5585 1908 5614 ¹
1936 5583 2065 5645 alii,
2099 5583 2456 5634 altiburinauus.
2485 5593 2536 5635 At
2562 5594 2684 5645 Mss,
2708 5585 3062 5635 .-llliburitanus.

1887 5646 1906 5711 ξ
1932 5644 2096 5711 Plures
2119 5655 2240 5702 Mss,
2273 5645 2529 5709 Vaguitana
2552 5660 2569 5696 :
2592 5660 2648 5696 ac
2670 5644 2810 5711 paulo
2856 5656 2960 5708 post
2990 5645 3148 5708 ragai,
3176 5645 3276 5694 loco
3309 5649 3372 5697 Ba

1822 5709 1907 5774 σας
1929 5719 1944 5752 :
1969 5715 2020 5774 et
2033 5709 2100 5756 sic
2120 5716 2392 5774 constanter
2417 5717 2656 5774 ututato__lt
2677 5709 2726 5757 in
2750 5719 2799 5756 νε
2879 5767 2906 5774 __
3002 5765 3030 5774 __

1889 5768 1908 5798 ³
1932 5768 2059 5827 ΕιΙιΙ..
2082 5783 2272 5824 causam
2296 5768 2501 5820 dicendi.
2529 5769 2694 5820 Melius
2715 5779 2835 5827 uss...
2855 5768 3067 5817 dicentis.
