3978 6194
512 365 616 420 383'

515 474 792 532 noluisses.
825 469 936 524 iloc
959 466 1170 538 quidem
1212 464 1420 522 simile.
1451 462 1528 516 sic
1575 468 1629 514 et
1675 459 1746 512 illi
1791 457 2075 512 damnave-

516 576 637 622 runt
674 563 945 617 absentem
989 557 1365 621 Caecilianum,
1394 569 1514 612 cum
1562 551 1844 605 factionem
1892 561 2077 602 eorum

513 659 796 714 devitassct
822 671 835 704 :
866 651 958 708 sed
987 660 1041 708 ιιι
1067 664 1249 704 rursus
1277 647 1330 701 in
1358 646 1606 703 absentes
1631 641 1750 696 illos
1782 639 1951 695 fecisti
1974 637 2078 708 dici

477 795 486 802 .
512 748 800 804 sententias
829 746 880 799 in
908 743 1130 800 concilio
1171 739 1454 810 Bagaitano
1487 754 1500 788 :
1531 743 1584 788 at
1611 747 1736 788 vero
1763 729 2076 786 Czecilianus.

515 854 754 910 praesens
799 833 1102 891 adversario
1149 839 1409 900 praesente
1451 834 1704 896 purgatus
1745 830 1843 877 est.
1880 817 2078 874 Deinde

512 931 612 984 alia
653 943 844 999 magna
869 924 1165 981 differentia
1205 940 1216 974 :
1262 920 1466 990 judices
1495 914 1746 970 Numidas
1776 910 1914 981 apud
1943 922 2080 980 quos

513 1032 564 1077 te
588 1006 873 1091 purgarcs,‘
891 1028 944 1073 tu
973 1018 1086 1086 ipse
1111 1014 1288 1075 adisti.
1325 1024 1381 1067 tu
1407 1009 1730 1066 constituisti
1756 1048 1770 1070 ,
1805 1004 2080 1060 Maximia-

514 1114 666 1170 nistae
692 1112 808 1166 illos
835 1126 938 1164 non
969 1102 1234 1177 petierunt
1259 1121 1272 1157 :
1300 1103 1438 1172 apud
1468 1116 1560 1156 eos
1585 1110 1761 1154 autem
1787 1114 1817 1152 a
1842 1095 2083 1152 Czecilia~

514 1220 586 1258 no
615 1204 848 1258 Donatus
869 1193 1047 1254 victus
1073 1208 1162 1254 est
1181 1237 1197 1261 ,
1223 1211 1356 1266 quos
1385 1209 1504 1263 pars
1533 1191 1722 1248 Donati
1747 1189 1956 1260 judices
1988 1201 2082 1255 po-

511 1295 818 1348 stulaverat.
862 1289 1209 1360 Respondent
1250 1287 1342 1342 tibi
1375 1285 1533 1341 modo
1573 1283 2000 1343 Maximianistte,
2025 1287 2082 1333 et

511 1387 630 1454 jure
654 1384 835 1438 dicunt
864 1401 876 1434 :
907 1381 1015 1436 Nos
1053 1381 1225 1450 primo
1265 1378 1507 1433 venimus
1533 1373 1598 1428 ad
1631 1383 1680 1428 te
1719 1373 1784 1426 de
1813 1369 2080 1440 provincia

516 1488 600 1533 tua
623 1519 638 1541 ,
679 1477 745 1531 de
773 1475 988 1530 dimcesi
1019 1473 1084 1527 ad
1126 1483 1178 1527 te
1207 1471 1503 1541 pertinente
1530 1469 1546 1498 ί
1589 1464 1852 1536 episcopi;
1894 1473 1948 1518 et
1989 1478 2082 1515 vo-

515 1569 710 1622 luimus
744 1567 928 1621 audire
953 1579 1164 1618 causam
1203 1573 1356 1618 tuam
1381 1579 1392 1614 :
1421 1557 1786 1625 contempsisti
1814 1569 1911 1608 nos
1932 1594 1945 1616 ,
1972 1567 2080 1611 non

511 1657 578 1712 ad
609 1672 704 1711 nos
731 1656 910 1711 existi.
937 1655 992 1709 Si
1019 1654 1234 1708 timuisti
1264 1660 1500 1706 nostrum
1521 1648 1798 1718 judicium,
1817 1646 1904 1700 vel
1926 1645 2080 1702 simul

507 1750 716 1820 judices
737 1749 1072 1818 eligeremus,
1104 1760 1208 1800 non
1235 1744 1339 1798 ires
1367 1742 1432 1796 ad
1455 1755 1587 1810 quos
1619 1749 1672 1792 tu
1701 1739 1884 1791 velles.
1903 1734 2083 1801 Quan-

513 1851 623 1898 tum
652 1843 891 1907 intersit,
921 1841 1117 1894 videte.
1149 1837 1299 1892 Tunc
1326 1843 1502 1889 autem
1541 1833 1639 1901 ipsi
1671 1829 1954 1885 Donatistae
1991 1828 2078 1882 lit—

511 1937 641 1991 teris
660 1936 772 1990 suis
801 1935 1177 2004 Imperatorem
1206 1929 1500 2000 petierunt,
1529 1933 1588 1979 ut
1613 1923 1923 1978 decerneret
1941 1918 2082 1989 judi-

508 2044 600 2083 ces
630 2046 642 2081 :
676 2026 1104 2096 improbaverunt
1129 2036 1222 2077 eos
1255 2019 1394 2092 apud
1435 2032 1569 2088 quos
1605 2015 1730 2070 victi
1765 2022 1918 2078 sunt,
1945 2025 2082 2081 quos

511 2129 794 2189 antequam
841 2118 1179 2171 vincerentur
1215 2111 1651 2182 postulaverunt:
1692 2107 1798 2161 dati
1830 2113 1953 2158 sunt
1990 2101 2084 2155 alii

509 2211 575 2265 ad
603 2225 784 2266 eorum
819 2209 1058 2278 petitum,
1083 2215 1136 2260 et
1166 2205 1234 2259 ibi
1262 2203 1382 2256 victi
1403 2209 1526 2254 sunt
1553 2218 1564 2254 :
1593 2197 1990 2267 appellaverunt
2013 2191 2079 2246 ad

509 2300 884 2369 Imperatorem
912 2342 926 2362 ,
955 2305 1010 2352 et
1036 2296 1105 2350 ibi
1136 2294 1260 2347 victi
1288 2300 1431 2346 sunt.
1469 2289 1644 2345 Semel
1684 2287 1855 2341 victus
1881 2291 1964 2338 est
1987 2283 2080 2335 ab.

510 2406 634 2448 sens
671 2389 1053 2444 Maximianista
1075 2428 1090 2452 ,
1121 2394 1175 2440 et
1212 2394 1350 2438 tacet
1380 2399 1392 2434 :
1435 2391 1490 2436 et
1528 2389 1608 2436 ter
1645 2381 1814 2433 victus
1843 2387 2086 2445 praesens

511 2482 780 2536 DonatiSIa
812 2495 916 2532 non
944 2476 1118 2532 tacet?

545 2573 666 2630 εδ.
706 2571 812 2628 Sed
838 2571 904 2626 de
943 2583 1164 2624 numero
1191 2565 1466 2621 contendis
1504 2578 1622 2619 cum
1663 2557 2078 2615 Maximianistis.

513 2666 582 2722 Ut
609 2665 717 2720 dixi
744 2707 758 2726 .
789 2663 940 2718 faveo
963 2663 1076 2717 tibi.
1101 2660 1342 2716 Trecenti
1372 2659 1556 2713 decem
1581 2657 1758 2725 plures
1783 2661 2088 2722 suntquam

507 2769 720 2813 centum
751 2797 765 2818 ,
811 2755 893 2809 vel
931 2763 1060 2824 quot
1101 2751 1314 2808 fuéruut
1353 2751 1443 2820 qui
1467 2749 1853 2803 damnaverunt
1883 2754 2084 2812 aperte

506 2849 803 2904 Maximiani
821 2849 904 2903 Pri
914 2848 1144 2901 mianum
1173 2863 1187 2900 :
1212 2845 1373 2899 millia
1394 2843 1763 2913 episcoporum
1783 2853 1876 2908 per
1898 2836 2086 2890 orbem

509 2954 766 2998 terrarum
793 2942 879 3010 qui
902 2941 1286 2994 damnaverunt
1306 2953 1335 2989 a
1364 2944 1513 3006 parte
1538 2932 1800 2988 Caeciliani
1823 2930 2086 2984 Donatum

508 3034 640 3087 nihil
668 3031 915 3101 ponderis
941 3030 1078 3099 apud
1110 3040 1160 3084 te
1189 3029 1386 3082 habere
1415 3024 1565 3096 putas
1584 3026 1607 3076 ἰ
1633 3022 1738 3078 Sed
1766 3021 2000 3076 dicturus
2024 3033 2086 3073 es

509 3124 637 3177 mihi
664 3141 676 3176 :
699 3121 963 3191 Numquid
978 3120 1275 3176 Donatistas
1301 3117 1463 3172 millia
1481 3117 1844 3186 episcoporum
1861 3111 2084 3170 damna-

508 3222 698 3269 verunt
733 3213 802 3267 de
832 3221 942 3267 toto
971 3211 1102 3266 orbe
1131 3209 1426 3264 terrarum?
1454 3206 1664 3276 Optime
1683 3247 1697 3271 ,
1727 3219 1831 3258 non
1861 3204 2083 3257 damna-

507 3315 651 3360 runt.
681 3306 856 3371 Quare
883 3319 986 3357 non
1015 3302 1334 3357 damnarunt
1360 3301 1383 3352 ‘t
1409 3298 1539 3367 Quia
1565 3296 1766 3366 judicio
1788 3310 1890 3349 non
1918 3295 2082 3348 inter-

510 3397 743 3451 fuerunt.
770 3395 824 3450 Si
865 3394 1066 3465 judicio
1105 3409 1210 3447 non
1250 3391 1640 3454 interfuerunt,
1671 3397 1946 3456 propterea
1975 3399 2085 3438 non

507 3486 896 3541 damnaverunt
915 3527 929 3549 ,
956 3484 1077 3555 quia
1105 3497 1318 3537 causam
1357 3479 1734 3548 illampenitus
1762 3477 2081 3531 nescierunt.

513 3578 597 3632 Ab
624 3577 992 3633 innocentibus
1017 3589 1180 3646 quare
1201 3582 1252 3628 te
1280 3572 1580 3643 separasti?
1606 3569 1765 3624 Venit
1785 3569 1888 3622 huc
1941 3567 2007 3621 ad
2034 3577 2086 3622 te

510 3668 578 3724 de
606 3670 736 3724 orbe
761 3677 1019 3722 ter-rarum
1049 3666 1342 3734 baptizatus
1361 3703 1376 3729 ,
1404 3677 1561 3732 quem
1605 3661 1684 3714 vis
1711 3658 2036 3728 rebaptizare
2067 3675 2082 3712 :

509 3770 564 3816 ct
585 3769 647 3816 te
658 3761 767 3831 jam
795 3759 990 3816 lethale
1021 3756 1369 3813 ministerium
1390 3757 1410 3784 ¹
1441 3761 1800 3815 exercentem,
1827 3759 1884 3806 et
1905 3749 2096 3804 volen-

513 3861 618 3907 tem
645 3851 840 3905 iterare
886 3847 1028 3921 quod
1072 3847 1237 3902 semel
1275 3838 1510 3900 datur‘bt
1539 3857 1644 3897 non
1672 3841 1949 3904 amittitur,
1977 3838 2094 3893 adit

511 3956 632 3996 cum
660 3955 844 4010 magna
871 3953 1001 3994 voce
1042 3948 1098 3994 et
1133 3937 1329 4008 gemitu
1353 3975 1369 3996 .
1417 3945 1472 3990 et
1513 3933 1642 3988 dicit
1679 3932 1772 3986 tibi
1805 3950 1817 3984 :
1845 3930 1980 3997 Quid
2006 3939 2090 3984 est

509 4034 649 4105 quod
697 4035 776 4087 vis
818 4032 1028 4088 facere?
1079 4031 1407 4100 rebaptizare
1437 4026 1563 4082 me?
1603 4027 1697 4092 ait,
1748 4025 1926 4080 nescio
1970 4023 2088 4092 quis

511 4127 986 4194 Mesopotamenus,
1015 4123 1193 4177 nescio
1231 4122 1348 4191 quis
1385 4118 1571 4190 Syrus,
1601 4118 1780 4171 nescio
1800 4116 1918 4186 quis
1943 4114 2086 4168 Pon-

513 4218 671 4281 ticus,
695 4214 778 4268 vel
805 4214 1012 4283 loogius
1052 4212 1388 4266 constitutus.
1417 4206 1728 4277 Respondes
1760 4223 1772 4258 :
1815 4204 1946 4270 Quia
1981 4219 2106 4288 non.

515 4309 678 4364 habes
705 4306 1041 4376 baptismum.
1067 4303 1280 4371 Quare?
1300 4302 1440 4372 Lege
1478 4299 1746 4369 Epistolas.
1763 4297 2000 4367 Apostoli
2020 4295 2087 4350 ad

514 4415 600 4454 me
640 4399 811 4452 datas.
845 4397 998 4451 V’enit
1047 4396 1226 4448 nescio
1267 4395 1385 4462 quis
1422 4393 1492 4448 de
1513 4391 1716 4448 Galatia
1739 4432 1753 4456 ,
1786 4390 1852 4444 de
1876 4389 2046 4444 Ponto
2069 4431 2084 4455 ,

514 4491 656 4544 venit
707 4486 884 4541 nescio
925 4487 1044 4556 quis
1071 4485 1138 4539 de
1163 4483 1546 4552 Philadelphia,
1569 4482 1636 4536 ad
1665 4497 1795 4552 quas
1822 4481 2088 4554 Ecclesias

511 4580 744 4636 Joannes
781 4576 991 4646 scripsit
1019 4577 1036 4646 (
1061 4576 1216 4646 Apoc.
1249 4591 1286 4641 ι,
1315 4575 1352 4629 4
1377 4575 1432 4643 );
1465 4574 1652 4628 venita
1672 4573 1923 4638 Colossis,
1947 4573 2092 4626 venit

511 4669 837 4749 aPhilippis,
859 4684 887 4722 a
903 4666 1277 4749 Thessalonica
1302 4683 1315 4720 :
1339 4665 1451 4735 Ego
1465 4679 1566 4718 non
1585 4664 2100 4733 habeoabaptismum.

515 4761 580 4816 ad
607 4745 761 4831 quem
787 4761 998 4831 scripsit
1024 4745 1308 4830 Apostolus
1328 4799 1342 4823 ,
1374 4773 1469 4829 per
1497 4773 1652 4826 quem
1683 4766 1736 4810 tu
1761 4757 1960 4812 habes?
1982 4761 2089 4811 Au-

513 4854 609 4909 des
637 4854 813 4923 legere
858 4853 1135 4924 epistolam
1191 4867 1384 4916 meam,
1436 4849 1522 4920 qui
1581 4849 1862 4905 detestaris
1906 4865 2086 4919 pacem

515 4945 728 5000 mmm?

1148 5070 1316 5111 SERIO
1353 5071 1428 5109 Ill.

973 5190 1053 5244 De
1075 5192 1218 5244 tertia
1245 5200 1386 5260 parte
1415 5189 1627 5243 Paulini.

591 5351 640 5403 l.
681 5346 852 5420 [νει-δ.
883 5344 1020 5417 25.]
1060 5345 1190 5398 Pars
1241 5342 1524 5397 novissima
1575 5343 1758 5412 psalmi
1806 5343 1962 5410 hujus
2007 5344 2086 5397 in-

517 5441 754 5496 discussa
781 5437 1050 5492 vobiscum
1083 5443 1137 5488 et
1179 5435 1455 5488 intractata
1494 5445 1834 5488 remanserat.
1864 5435 2089 5488 Proinde

517 5533 655 5599 sicut
681 5531 851 5596 video,
877 5545 980 5584 non
1013 5527 1224 5598 quidem
1255 5525 1543 5582 secundum
1572 5527 1968 5596 diSpositionem
1993 5542 2088 5582 no-

581 5684 598 5716 λ
623 5685 792 5754 Sict-1r.
829 5689 879 5732 et
922 5680 1103 5743 aliquot
1141 5685 1245 5728 Mss.
1287 5684 1341 5727 At
1379 5681 1507 5737 Lov.,
1540 5675 1828 5739 pertinentis.
1871 5678 2090 5728 Nonnulli

520 5751 645 5804 uss,
671 5751 978 5809 pertinemcs.
1000 5805 1010 5809 _
1261 5800 1271 5809 Ι

581 5809 600 5832 ⁹
621 5805 693 5858 sic
716 5815 818 5857 Mss.
846 5813 897 5856 Αι
921 5805 1052 5863 add,
1076 5805 1369 5863 mysterium.

1743 345 1799 400 S.
1843 339 2205 400 AUGUSTI?“
2243 339 2540 397 EPISCOPi

3651 337 3772 393 385

2188 461 2373 520 stram,
2405 452 2497 507 sed
2523 461 2695 508 tamen
2728 466 2831 507 non
2857 459 3047 521 praeter
3069 449 3468 520 dispositionem
3491 466 3666 512 suam,
3694 455 3768 505 ad

2187 543 2512 600 reddendum
2551 544 2781 599 debitum
2825 558 2923 599 nos
2953 543 3207 598 Dominus
3235 543 3521 597 revocavit.
3563 543 3766 598 Intenti

2186 649 2314 704 ergo
2359 644 2564 698 estote,
2595 636 2780 690 fratres
2802 675 2816 700 ,
2851 643 2907 689 ut
2935 634 2979 688 si
3010 649 3288 704 possumus
3317 635 3421 688 Deo
3441 635 3730 702 adjuvante
3749 679 3767 700 ,

2186 725 2268 780 vel
2313 725 2471 780 modo
2509 727 2773 781 solvamus
2817 725 2956 795 quo‘d
3002 741 3100 780 nos
3141 725 3338 779 debere
3365 727 3767 802 cognoscimus.

2187 815 2316 883 Quis
2345 826 2426 871 est
2455 818 2546 886 qui
2571 817 2722 878 dicit,
2773 816 2910 886 quod
2951 816 3109 870 modo
3155 816 3517 870 enatavimus?
3545 814 3768 869 Iuvenis

2186 907 2292 976 fui,
2321 917 2368 960 et
2397 924 2505 961 ecce
2531 909 2671 961 senui
2694 949 2707 972 ,
2735 916 2781 961 et
2807 924 2906 961 non
2935 907 3039 962 vidi
3072 909 3280 977 justum
3310 907 3596 960 derelictum
3621 947 3638 971 ,
3665 923 3766 962 nec

2185 1019 2351 1056 semen
2381 1003 2489 1072 ejus
2506 1019 2730 1072 quaerens
2759 1018 2957 1072 panem.
2986 1002 3039 1056 Si
3071 1005 3216 1072 quasi
3246 1017 3380 1054 unus
3404 1000 3562 1055 homo
3584 1003 3760 1071 loqui-

2187 1100 2292 1156 tur,
2324 1107 2478 1161 quam
2504 1092 2723 1146 multum
2753 1102 2961 1162 tempus
2987 1101 3069 1146 est
3093 1101 3222 1146 aetas
3250 1093 3403 1145 unius
3424 1092 3676 1156 hominis;
3707 1103 3763 1146 ει

2186 1181 2311 1252 quid
2339 1198 2582 1252 magnum
2603 1194 2704 1246 est,
2730 1191 2786 1236 ut
2815 1183 2972 1237 homo
2992 1183 3194 1251 positus
3215 1180 3267 1235 in
3291 1198 3390 1235 una
3412 1181 3586 1252 aliqua
3613 1195 3762 1250 parte

2189 1282 2444 1328 terrarum
2482 1289 2578 1344 per
2621 1285 2782 1330 totam
2820 1275 2977 1330 vitam
3019 1290 3163 1330 suam
3190 1284 3293 1329 tam
3321 1277 3565 1340 brevem,
3599 1293 3762 1346 quam

2188 1363 2418 1418 humana
2447 1368 2546 1419 vita
2573 1367 2746 1421 brevis
2775 1376 2876 1432 est,
2905 1368 3144 1437 quamvis
3175 1367 3238 1419 ad
3265 1376 3590 1423 senectutem
3620 1385 3650 1420 a
3670 1368 3761 1438 ju-

2189 1465 2400 1512 ventute
2419 1459 2732 1526 pervenerit,
2758 1476 2863 1513 non
2881 1461 3070 1514 viderit
3087 1460 3282 1530 justum
3301 1461 3633 1527 derelictum,
3659 1478 3768 1516 nec

2186 1562 2369 1605 semen
2399 1549 2514 1620 ejus
2541 1567 2784 1621 quaerens
2808 1552 3035 1632 panem?
3057 1552 3170 1606 Non
3197 1563 3276 1608 est
3305 1554 3624 1609 mirandum.
3651 1555 3756 1609 Po-

2188 1642 2284 1695 tuit
2321 1643 2460 1696 enim
2501 1643 2612 1697 fieri
2658 1639 2720 1697 ‘ut
2764 1652 2886 1698 ante
2937 1645 3095 1698 vitam
3127 1643 3291 1715 ipsius
3333 1643 3518 1700 fuisset
3566 1647 3770 1716 aliquis

2181 1736 2356 1804 justus
2383 1719 2626 1804 quzerens
2657 1752 2844 1805 panem
2869 1778 2884 1803 ,
2917 1738 3087 1806 potuit
3130 1738 3241 1791 ﬁeri
3290 1748 3346 1792 ιιι
3379 1738 3429 1792 in
3477 1741 3577 1793 alia
3608 1749 3770 1808 parte

2187 1837 2446 1882 terrarum
2477 1842 2582 1882 non
2614 1828 2700 1881 ubi
2743 1829 2854 1896 ipse
2883 1838 3042 1884 esset.
3077 1829 3274 1884 Deinde
3299 1830 3437 1883 aliud
3464 1831 3602 1900 quod
3643 1848 3770 1885 mo-
3859 1889 3870 1903 ,

2187 1928 2292 1976 vet.
2322 1919 2498 1972 audite
2527 1937 2538 1972 :
2566 1919 2701 1974 Ecce
2726 1920 3084 1990 unusquisque
3110 1923 3161 1974 in
3189 1922 3356 1985 vobis,
3385 1922 3474 1990 qui
3497 1921 3630 1977 forte
3648 1923 3769 1992 jam

2185 2012 2396 2076 senuit,
2448 2013 2737 2081 respiciens
2781 2029 2969 2068 cursus
3011 2015 3182 2068 aetatis
3210 2030 3318 2068 sua:
3357 2015 3465 2084 jam
3518 2028 3772 2086 peractos

2185 2103 2306 2168 sibi,
2333 2105 2416 2158 ubi
2445 2105 2763 2171 cegitatione
2789 2114 3028 2160 versatus
3055 2105 3210 2160 fuerit
3241 2107 3290 2160 in
3319 2107 3402 2162 bis
3428 2123 3559 2177 quos
3589 2111 3769 2176 novit,

2187 2197 2322 2254 forte
2351 2213 2452 2252 non
2477 2199 2525 2251 ei
2552 2199 2968 2270 occurritjustus
3001 2215 3242 2270 quaerens
3269 2216 3478 2270 panem,
3507 2213 3598 2257 aut
3621 2205 3776 2258 filius

2181 2290 2308 2360 justi
2351 2306 2597 2360 qumrens
2644 2307 2833 2361 panem
2867 2311 2880 2345 :
2912 2293 3004 2347 sed
3049 2303 3221 2348 tamen
3271 2296 3482 2365 respicit
3520 2297 3585 2350 ad
3612 2297 3772 2352 Scri-

2189 2390 2366 2449 pturas
2395 2379 2604 2435 divinas
2628 2423 2642 2446 ,
2675 2392 2728 2436 et
2773 2383 2971 2437 invenit
2998 2393 3332 2454 angustatum
3357 2386 3620 2442 Abraham
3669 2389 3732 2458 ju
3751 2420 3772 2430 ο

2187 2482 2347 2538 stum,
2376 2483 2429 2527 et
2458 2472 2628 2528 famen
2651 2489 2862 2543 passum
2894 2477 2944 2530 in
2969 2477 3181 2546 regione
3207 2494 3322 2546 sua,
3345 2491 3576 2536 mutasse
3599 2483 3774 2538 aliam

2187 2567 2458 2638 regionem
2501 2568 2517 2635 (
2554 2567 2680 2621 Gen.
2726 2584 2834 2633 ιιιι,
2870 2568 3010 2638 10);
3062 2571 3259 2626 invenit
3298 2581 3351 2626 et
3380 2573 3544 2628 ﬁlium
3595 2577 3776 2644 ipsius

2188 2657 2334 2714 isaac
2362 2658 2598 2728 ejusdem
2629 2658 2780 2712 famis
2803 2675 2958 2715 causa
2986 2661 3035 2715 in
3064 2661 3196 2715 alias
3217 2662 3320 2717 isse
3347 2665 3586 2732 regiones
3613 2682 3776 2736 qua:-

2188 2758 2392 2804 rentem
2439 2765 2625 2818 panem
2673 2749 2799 2821 (Id.
2827 2767 2989 2818 nvr,
3017 2753 3043 2806 1
3076 2751 3116 2822 ).
3149 2753 3214 2806 Ει
3254 2755 3518 2824 quomodo
3542 2758 3643 2811 erit
3676 2774 3782 2812 ve—

2190 2855 2328 2903 rum,
2359 2838 2634 2909 Nunquam
2655 2841 2758 2895 vidi
2774 2843 2972 2912 justum
3000 2842 3315 2910 derelictum,
3347 2863 3438 2900 nec
3465 2865 3627 2902 semen
3650 2850 3778 2919 ejus

2187 2948 2412 3000 quarens
2444 2933 2667 3002 panem?
2695 2933 2759 2986 Et
2792 2933 2838 2988 si
2882 2949 3064 2989 verum
3109 2934 3211 2989 hoc
3249 2937 3445 2992 invenit
3492 2939 3542 2992 in
3587 2942 3780 3010 spatio

2190 3025 2312 3079 vitae
2333 3040 2442 3078 suae
2464 3041 2477 3090 ;
2498 3024 2652 3079 aliter
2675 3031 2848 3079 tamen
2871 3025 3070 3080 invenit
3097 3027 3148 3081 in
3169 3026 3398 3085 lectione
3416 3029 3612 3096 divina,
3640 3049 3776 3102 qua:

2187 3115 2394 3172 fidelior
2418 3125 2499 3171 est
2521 3131 2675 3185 quam
2702 3117 2806 3170 vita
2833 3116 3125 3172 hominum.

2259 3211 2314 3264 2.
2345 3209 2482 3278 Quid
2513 3225 2640 3280 ergo
2667 3209 2928 3265 facimus?
2947 3211 3212 3282 Adjuvent
3239 3229 3334 3268 nos
3360 3215 3444 3285 pia
3471 3216 3643 3270 studia
3673 3234 3778 3273 ve-

2189 3310 2320 3367 stra,
2351 3313 2410 3355 ut
2438 3301 2778 3370 inspiciamus
2821 3301 2873 3355 in
2913 3301 2994 3357 his
3023 3303 3264 3359 versibus
3298 3305 3491 3360 Psalmi
3521 3308 3778 3362 volunta-

2191 3403 2296 3450 tem
2330 3395 2420 3449 Dei
2449 3436 2465 3461 ,
2492 3393 2616 3464 quid
2648 3410 2745 3449 nos
2773 3394 3068 3466 intelligere
3112 3397 3256 3452 velit.
3300 3398 3470 3454 Metus
3496 3410 3580 3454 est
3617 3403 3778 3456 enim

2190 3501 2258 3542 ne
2305 3486 2664 3556 unusquisque
2695 3486 2936 3541 infirmus
2960 3528 2976 3553 ,
3005 3503 3109 3541 non
3157 3490 3373 3559 capiens
3419 3491 3782 3561 spiritualiter

2191 3579 2488 3649 intelligere
2539 3578 2880 3648 Scripturas,
2921 3589 3007 3634 eat
3055 3581 3106 3634 in
3155 3582 3400 3653 exempla
3427 3583 3656 3639 humana
3693 3593 3780 3642 vi-

2190 3671 2416 3740 deatque
2454 3670 2736 3740 aliquando
2761 3671 2930 3726 bonos
2950 3687 3133 3727 ser-vos
3161 3674 3252 3728 Dei
3283 3689 3400 3730 esse
3430 3677 3480 3729 in
3525 3681 3776 3732 necessi-

2192 3771 2299 3819 tate
2326 3763 2497 3833 aliqua
2524 3774 2577 3818 et
2603 3757 2778 3832 inopia
2801 3763 3069 3832 quaerendi
3097 3765 3282 3833 panis;
3306 3749 3536 3822 maxime
3558 3779 3612 3822 et
3636 3769 3781 3823 Pau-

2191 3856 2298 3910 lum
2323 3855 2618 3925 apostolum
2661 3854 2890 3924 cogitet,
2934 3855 3022 3924 qui
3050 3854 3208 3921 dicit,
3241 3854 3306 3910 In
3335 3858 3470 3924 fame
3493 3871 3538 3911 et
3579 3861 3689 3927 siti,
3721 3863 3780 3914 in

2192 3947 2379 4018 frigore
2404 3957 2447 3999 et
2472 3946 2697 3999 nuditate
2723 3947 2740 4014 (
2768 3945 2810 4000 ll
2839 3944 2956 4000 Cor.
2989 3962 3044 4000 ιιι
3071 3989 3083 4010 ,
3111 3946 3181 4001 27
3205 3948 3224 4018 )
3257 3965 3271 4000 :
3303 3958 3356 4004 et
3380 3949 3780 4007 scandalizatur

2191 4039 2332 4110 apud
2359 4039 2592 4110 seipsutn
2637 4039 2820 4094 dicens
2848 4079 2862 4103 ,
2892 4037 3116 4095 Certene
3143 4056 3326 4095 verum
3364 4052 3443 4096 est
3471 4044 3608 4112 quod
3639 4060 3782 4098 can-

2193 4130 2335 4184 tavi?
2361 4138 2506 4185 certe
2533 4145 2715 4185 verum
2741 4138 2823 4184 est
2847 4129 2989 4200 quod
3020 4129 3071 4183 in
3099 4131 3320 4186 ecclesia
3349 4141 3498 4186 stans
3535 4143 3636 4186 tam
3670 4134 3746 4190 de
3765 4167 3779 4176 -

2192 4233 2314 4277 vota
2341 4239 2472 4278 voce
2501 4222 2770 4291 personui,
2804 4221 3079 4293 Nunquam
3108 4222 3208 4275 vidi
3227 4225 3424 4294 justum
3445 4224 3776 4289 derelictum,

2194 4331 2282 4368 nec
2311 4331 2474 4368 semen
2499 4316 2609 4383 ejus
2624 4331 2850 4384 qua'rens
2871 4330 3050 4384 panem
3068 4315 3093 4367 ?
3110 4313 3322 4370 Fallunt
3345 4330 3444 4370 nos
3456 4315 3780 4386 Scripturzc,

2191 4406 2334 4461 dicat
2369 4404 2506 4476 apud
2546 4419 2635 4470 se;
2685 4415 2740 4460 et
2774 4405 3131 4460 dissolvantur
3169 4407 3347 4460 omnia
3385 4407 3500 4476 ejus
3527 4409 3778 4463 membra

2194 4499 2262 4554 ab
2290 4513 2452 4566 opere
2474 4497 2648 4562 bono;
2679 4497 2868 4566 quibus
2892 4497 3144 4551 membris
3170 4497 3508 4560 intrinsecus,
3527 4497 3670 4568 quod
3689 4511 3783 4554 est

2191 4592 2422 4662 gravius,
2453 4599 2507 4645 et
2539 4589 2591 4644 in
2615 4589 2866 4645 interiore
2888 4589 3100 4644 homine
3123 4590 3388 4656 resolutis,
3415 4591 3522 4659 jam
3543 4591 3782 4648 desistat

2193 4682 2262 4736 ab
2290 4697 2450 4753 opere
2489 4681 2627 4736 bono
2653 4721 2668 4744 ,
2700 4689 2754 4735 et
2781 4680 2921 4734 dicat
2947 4680 3047 4735 sibi
3088 4699 3104 4735 :
3148 4680 3342 4751 thuid
3367 4667 3502 4736 bene
3528 4697 3733 4752 operor
3753 4687 3780 4740 ἲ

2196 4776 2388 4846 thnid
2419 4791 2607 4845 panem
2638 4789 2811 4827 meum
2841 4773 3023 4842 frango
3060 4775 3335 4838 esurienti,
3363 4785 3417 4829 et
3451 4773 3648 4829 nudum
3680 4792 3781 4832 vc-

2193 4873 2315 4933 stio,
2347 4882 2401 4926 et
2429 4871 2544 4926 sine
2571 4879 2706 4925 tecto
2736 4869 2926 4924 induco
2954 4869 3006 4923 in
3032 4869 3249 4924 domum
3274 4887 3466 4938 meam,
3488 4871 3782 4928 attendens

2193 4965 2259 5018 ad
2292 4964 2341 5017 id
2369 4963 2506 5033 quod
2535 4963 2789 5040 scriptum
2817 4969 2929 5022 est,
2963 4960 3242 5033 Nunquam
3265 4962 3370 5016 vidi
3387 4964 3582 5033 justum
3620 4964 3780 5018 dere-

2197 5056 2387 5118 lictum,
2420 5070 2508 5106 nec
2545 5069 2708 5106 semen
2746 5053 2856 5120 ejus
2885 5067 3114 5122 quwrens
3157 5069 3334 5122 panem
3366 5070 3385 5106 :
3412 5068 3534 5108 cum
3561 5053 3782 5110 videant

2199 5155 2274 5200 tot
2302 5145 2544 5199 homines
2574 5143 2708 5197 bene
2741 5143 2998 5209 viventes,
3023 5143 3334 5213 plerumque
3356 5135 3500 5199 fame.
3518 5144 3780 5199 laboran-

2197 5237 2308 5292 tes?
2335 5235 2438 5290 Sed
2487 5235 2533 5288 si
2579 5234 2710 5288 forte
2737 5249 2858 5287 erro
2899 5248 3036 5303 ego,
3070 5243 3126 5285 ut
3164 5243 3268 5286 tam
3321 5234 3463 5288 illtnn
3503 5236 3590 5303 qui
3634 5235 3784 5292 bene

2196 5331 2496 5398 vivitqttatn
2531 5327 2677 5382 illum
2700 5326 2788 5398 qui
2819 5326 2954 5381 male
2982 5327 3148 5392 vivit,
3179 5339 3356 5396 putem
3387 5327 3523 5382 bene
3554 5327 3742 5383 vivere
3807 5367 3820 5390 ι

2194 5433 2246 5478 ει
2274 5423 2425 5476 aliter
2455 5421 2600 5475 illum
2633 5421 2778 5474 novit
2808 5420 2965 5482 Deus,
2992 5419 3040 5473 id
3067 5433 3149 5475 est
3172 5420 3408 5488 iniququ
3437 5434 3577 5484 esse,
3610 5436 3778 5488 quem

2194 5532 2292 5586 ego
2327 5515 2526 5583 justum
2559 5523 2719 5583 puto;
2747 5512 2870 5581 quid
2913 5513 3045 5566 facio
3073 5513 3139 5567 de
3169 5513 3432 5567 Abraham
3458 5555 3472 5577 ,
3503 5529 3659 5582 quem
3689 5515 3782 5582 jnv

2195 5617 2333 5660 stum
2366 5607 2475 5674 ipsa
2507 5604 2776 5673 Scriptura
2825 5603 3198 5658 commendat?
3226 5603 3360 5672 Quid
3393 5604 3526 5659 facio
3555 5605 3622 5659 de
3655 5606 3781 5673 ipso

2195 5701 2434 5764 apostolo
2463 5697 2639 5760 Paulo,
2667 5696 2752 5764 qui
2785 5695 2916 5749 dicit
2941 5711 2954 5746 :
2983 5693 3274 5749 lmitatores
3306 5697 3403 5748 mei
3429 5705 3581 5749 estote
3599 5737 3613 5760 ,
3642 5697 3706 5748 εἰ(
3725 5707 3772 5746 nt

2199 5800 2244 5843 et
2274 5806 2363 5860 ego
2402 5790 2584 5842 Christi
2615 5790 2631 5858 (
2657 5788 2672 5842 l
2699 5787 2814 5844 Cor.
2850 5804 2918 5852 tv,
2955 5787 3014 5843 lii
3036 5783 3100 5856 )?
3150 5790 3228 5842 Au
3261 5799 3315 5842 ut
3355 5792 3510 5843 etiatn
3538 5805 3637 5857 ego
3669 5791 3770 5841 sint
