3972 6198
227 314 338 374 585

204 423 256 475 in
287 423 441 476 malis
466 423 640 491 qualia
671 422 756 476 ille
783 421 997 491 pertulit
1019 465 1035 488 ,
1062 425 1112 475 in
1132 426 1264 492 [ante
1290 433 1335 475 et
1359 424 1441 477 siti
1467 465 1481 488 ,
1514 425 1563 475 in
1590 423 1779 494 [rigore

204 523 249 562 et
279 511 507 563 nuditate
529 511 555 563 9

271 601 326 654 5.
350 600 424 654 ιω
442 601 781 670 Cogitantem,
801 612 872 662 et.
892 611 948 655 ut
963 601 1094 664 dixi,
1113 602 1378 656 dissolutis
1401 603 1777 657 membrisom-

199 690 360 746 nibus
387 691 728 746 interioribus
743 707 770 745 a
791 692 1034 746 facultate
1054 694 1231 760 aperis
1247 693 1391 758 boni,
1408 709 1772 762 possumusne,

196 779 414 844 fratres,
437 792 682 850 tanquam
702 783 1041 853 paralyticum
1058 784 1259 847 tollere,
1280 792 1333 837 et
1353 785 1558 851 aperire
1579 793 1770 838 tectum

195 874 496 941 Seripho-te
528 874 680 942 hujus
709 915 722 936 ,
755 883 808 928 et
854 889 975 926 eum
1018 874 1328 944 submittere
1355 874 1417 927 ad
1449 874 1723 928 Dominum
1750 875 1773 929 ?

198 968 404 1022 Videtis
429 969 570 1022 enim
616 954 733 1038 quia
760 967 1042 1022 obscurum
1071 977 1168 1021 est.
1211 967 1376 1021 Porro
1406 969 1448 1020 si
1487 967 1769 1021 obscurum

192 1070 292 1122 est,
329 1068 526 1111 tectqu
558 1067 637 1112 est
668 1075 680 1108 :
714 1068 767 1111 et
794 1058 1135 1128 paralytieuni
1185 1059 1361 1110 animo
1387 1057 1664 1126 quemdam
1693 1058 1769 1112 in-

193 1163 364 1206 tueor.
423 1152 487 1204 Et
533 1151 633 1205 hoc
680 1161 874 1206 tectum
907 1151 1057 1204 video
1087 1193 1100 1216 ,
1132 1160 1183 1203 et
1205 1150 1303 1203 sub
1329 1149 1429 1204 huc
1458 1161 1593 1202 tecto
1617 1148 1768 1204 Chri-

195 1256 328 1298 stum
360 1246 529 1298 latere
551 1259 799 1312 agnosco.
828 1243 1060 1304 Faciam,
1088 1251 1341 1312 quantum
1373 1257 1606 1311 possum,
1627 1243 1765 1312 quod

195 1337 458 1390 laudatum
483 1345 566 1390 est
597 1337 646 1390 in
671 1335 772 1389 illis
796 1336 883 1405 qui
910 1327 1093 1404 aperto
1123 1343 1258 1388 lecto
1291 1334 1355 1386 ad
1377 1333 1641 1386 Christum
1671 1349 1764 1400 pa-

194 1429 466 1502 ralyticum
536 1428 937 1490 submiserunt,
989 1437 1044 1480 ut
1089 1427 1291 1480 diceret
1339 1427 1411 1480 illi
1459 1444 1471 1478 :
1519 1424 1764 1479 Constans

194 1531 311 1586 esto,
342 1522 435 1588 ﬁli,
464 1523 672 1574 remissa
700 1531 817 1574 sunt
843 1523 974 1574 enim
1001 1520 1089 1573 tibi
1118 1531 1318 1586 peccata
1356 1529 1460 1572 tua.
1506 1520 1593 1573 Sic
1619 1521 1759 1573 enim

198 1615 313 1666 fecit
354 1613 659 1667 interiorem
691 1612 957 1666 hominem
989 1612 1189 1666 salvum
1219 1626 1249 1665 a
1279 1611 1543 1682 paralysi,
1577 1612 1759 1664 remit-

200 1704 344 1758 tendo
391 1715 644 1774 peccata,
680 1713 734 1758 et
784 1702 1196 1769 constringendo
1247 1701 1424 1755 ﬁdem.
1459 1701 1563 1755 Sed
1609 1711 1761 1756 erant

197 1797 254 1847 ibi
279 1795 525 1849 homines
551 1837 565 1858 ,
600 1796 686 1865 qui
730 1810 831 1848 non
861 1793 1126 1848 habebant
1153 1793 1333 1846 oculos
1380 1793 1445 1846 ad
1476 1792 1755 1847 videndum

193 1886 484 1938 interiorem
513 1885 858 1955 paralyticum
882 1884 990 1953 jam
1017 1899 1137 1937 esse
1185 1893 1427 1936 sanatum
1454 1923 1467 1944 ,
1500 1893 1552 1936 et
1583 1883 1753 1937 medi-

187 1993 294 2028 ‹·ιιιιι
333 1986 616 2032 curantem
663 1985 979 2046 putaverunt
1025 1973 1499 2043 blasphemantem.
1531 1973 1656 2039 Quis
1685 1985 1756 2028 est

183 2070 272 2133 hic,
308 2071 594 2139 inquiunt,
636 2071 720 2138 qui
761 2079 965 2138 peccata
1007 2068 1255 2120 dimittit?
1280 2067 1605 2136 Blasphemat
1640 2070 1750 2122 iste.

185 2163 300 2224 (luis
328 2173 495 2229 potest
522 2161 772 2216 dimittere
798 2172 1020 2232 peccata,
1054 2161 1152 2214 nisi
1169 2162 1306 2215 solus
1337 2161 1472 2215 Deus
1492 2163 1517 2215 ?
1546 2161 1613 2216 Et
1632 2163 1751 2231 quia

182 2254 260 2306 ille
304 2265 419 2308 erat
477 2255 650 2318 Dens,
699 2255 818 2307 talia
868 2254 1162 2322 cogitantes
1206 2251 1454 2306 audiebat.
1482 2255 1498 2323 (
1526 2252 1650 2307 Luc.
1682 2270 1747 2319 v,

182 2344 241 2398 l8
267 2343 338 2397 22
359 2344 403 2414 ).
441 2344 550 2398 l-loe
591 2360 768 2397 verum
802 2345 816 2374 ¹
857 2343 924 2397 de
953 2343 1058 2396 Deo
1087 2342 1387 2409 cogitabant
1415 2383 1430 2407 ,
1461 2344 1552 2397 sed
1586 2345 1746 2398 Deum

181 2449 508 2501 praesentem
527 2451 629 2488 non
661 2434 923 2487 videbant.
950 2433 1096 2488 Fecit
1115 2447 1244 2502 ergo
1273 2432 1359 2486 ille
1386 2434 1621 2488 medicus
1648 2435 1743 2487 ali-

176 2526 292 2585 quid
323 2535 378 2579 et
410 2528 461 2578 in
493 2539 716 2594 corpore
748 2523 1014 2596 paralytici
1037 2565 1052 2586 ,
1088 2534 1143 2575 ιιι
1179 2532 1235 2577 et
1264 2525 1469 2578 illormn
1506 2527 1592 2594 qui
1626 2527 1745 2580 talia

177 2617 452 2681 dixerunt,
506 2609 808 2670 interiorem
856 2614 1138 2683 paralysim
1169 2624 1400 2668 sanaret.
1433 2615 1576 2670 Fecit
1603 2619 1742 2671 enim

146 2711 303 2780 quod
360 2710 646 2773 viderent,
677 2719 728 2763 et
775 2709 920 2762 dedit
963 2706 1108 2776 quad
1159 2706 1457 2761 crederent.
1502 2709 1590 2762 Eia
1618 2726 1744 2778 ergo

174 2803 404 2870 quisquis
433 2818 491 2854 es
522 2810 626 2854 tant
657 2799 892 2853 infirmus
921 2808 973 2853 et
1003 2800 1259 2868 languens
1286 2801 1464 2858 corde,
1491 2811 1545 2852 ut
1570 2810 1743 2854 atten—

174 2893 292 2946 deus
341 2892 572 2946 humana
603 2891 838 2959 exempla
865 2932 879 2956 ,
907 2891 1038 2944 velis
1077 2906 1104 2942 a
1139 2890 1288 2943 bonis
1316 2892 1564 2959 cperibus
1586 2893 1732 2945 desi-

174 2995 325 3046 stere,
354 2991 406 3036 et
433 2982 658 3052 paralysi
683 2981 1183 3054 qnadaminteriore
1203 2980 1490 3033 dissolutus
1511 2998 1588 3043 es,
1615 2995 1732 3051 age,

174 3073 210 3125 si
254 3088 540 3143 possumus
568 3113 582 3138 ,
614 3082 798 3142 aperto
828 3071 930 3124 isto
961 3079 1098 3125 tecto
1127 3071 1438 3126 submittere
1462 3071 1527 3126 ad
1564 3073 1740 3126 Domi-

173 3182 308 3218 num.

234 3260 286 3312 ι.
330 3256 590 3313 Dominus
639 3258 780 3310 enim
813 3256 924 3324 ipse
956 3256 1004 3308 in
1052 3269 1274 3323 corpore
1306 3269 1402 3308 suo
1425 3295 1438 3317 ,
1485 3255 1625 3324 quod
1658 3265 1740 3309 est

172 3352 422 3411 Ecclesia,
456 3350 635 3418 junior
677 3348 774 3402 fuit
800 3349 981 3418 primis
1013 3348 1364 3416 temporibus,
1405 3358 1456 3400 et
1484 3363 1607 3400 ecce
1629 3347 1736 3416 jam

170 3446 355 3497 senuit.
387 3442 584 3505 Nostis,
609 3451 660 3495 et
687 3441 993 3510 agnoscitis,
1017 3451 1068 3493 et
1091 3441 1398 3509 intelligitis,
1421 3443 1541 3509 quia
1565 3440 1613 3494 in
1637 3439 1736 3494 hoc

173 3537 313 3604 positi
347 3535 512 3596 estis,
559 3544 609 3588 et
659 3534 726 3586 ita
782 3533 1080 3586 credidistis
1106 3576 1118 3598 ,
1150 3534 1269 3602 quia
1301 3542 1453 3601 caput
1498 3541 1735 3587 nostrum

172 3629 402 3682 Christus
429 3635 545 3688 est;
575 3641 767 3694 corpus
805 3625 991 3694 rapitis
1024 3625 1164 3678 illius
1191 3640 1288 3678 nos
1314 3639 1496 3678 sumus
1525 3625 1541 3692 (
1570 3623 1588 3676 l
1616 3623 1732 3678 Cor.

173 3735 248 3782 su,
277 3719 382 3780 εἷς
420 3717 606 3787 Ι-ῘρΙιρδ.
659 3732 728 3771 tv.
769 3717 893 3784 1'5).
940 3716 1198 3784 Numquid
1243 3717 1338 3768 soli
1370 3733 1498 3778 nos,
1531 3725 1583 3770 ct
1629 3730 1733 3769 non

173 3814 316 3865 etiam
350 3814 422 3865 illi
457 3811 545 3880 qui
588 3811 795 3863 fuerunt
835 3820 956 3863 ante
987 3809 1126 3862 nos?
1153 3806 1347 3862 Omnes
1376 3809 1462 3876 qui
1494 3807 1560 3861 ab
1591 3808 1736 3862 initio

171 3903 335 3957 seculi
365 3902 580 3954 fuerunt
618 3899 780 3968 justi,
823 3906 982 3966 caput
1025 3897 1288 3954 Christum
1324 3896 1536 3950 habent.
1585 3895 1732 3948 Illum

171 3994 299 4046 enim
328 4001 616 4046 venturum
657 4004 776 4044 esse
819 3988 1192 4049 crediderunt,
1224 4003 1380 4054 quem
1411 4002 1505 4038 nos
1526 3986 1734 4040 venisse

166 4084 263 4151 jam
294 4081 598 4144 credimus;
634 4090 683 4133 et
708 4081 756 4132 in
789 4082 902 4148 ejus
934 4078 1034 4130 fide
1059 4084 1113 4129 et
1161 4077 1255 4145 ipsi
1289 4076 1456 4128 sanati
1485 4085 1606 4127 sunt
1634 4117 1648 4140 ,
1683 4075 1733 4128 in

167 4173 309 4243 cujus
335 4186 389 4228 et
418 4188 515 4226 nos
547 4184 637 4225 :ut
658 4181 797 4225 esset
818 4182 865 4222 et
901 4171 1010 4237 ipse
1033 4169 1193 4221 totius
1208 4175 1378 4235 ‘eaput
1401 4166 1628 4220 civitatis
1648 4166 1736 4220 Je-

170 4270 388 4321 rusalem
419 4309 432 4330 ,
465 4267 714 4319 omnibus
762 4263 1154 4318 connumeratis
1201 4261 1440 4314 lidelibus
1486 4259 1552 4312 ab
1587 4261 1735 4313 initio

175 4374 331 4427 usque
358 4359 413 4412 in
443 4358 623 4419 linem,
648 4356 907 4425 adjunctis
936 4354 1090 4408 etiam
1137 4351 1428 4419 legionibus
1449 4359 1500 4404 et
1528 4353 1734 4405 exerci-

169 4448 297 4502 tibus
313 4449 660 4518 Angclorum,
676 4456 732 4498 ut
755 4450 840 4498 liat
866 4447 947 4498 illa
963 4459 1062 4497 una
1082 4443 1265 4496 civitas
1280 4445 1377 4495 sub
1400 4459 1504 4495 uno
1524 4458 1665 4511 large,
1683 4452 1736 4496 et

171 4559 264 4594 una
278 4541 520 4610 quzedam
537 4539 804 4609 provincia
827 4539 924 4591 sub
939 4553 1042 4590 uno
1065 4538 1398 4604 imperatore,
1417 4535 1534 4587 felix
1551 4536 1600 4587 in
1617 4551 1735 4603 per-

166 4644 314 4697 petua
338 4647 467 4702 pace
480 4639 535 4684 et
554 4630 980 4708 salutehlaudaus
997 4629 1156 4681 Deum
1181 4630 1292 4680 sine
1308 4626 1428 4686 line,
1448 4628 1594 4680 beata
1623 4626 1736 4680 sine

165 4730 283 4778 line.
303 4726 515 4793 Corpus
540 4734 713 4776 autem
728 4722 943 4786 Christi,
969 4722 1106 4789 quod
1123 4729 1202 4774 est
1218 4719 1448 4772 Ecclesia
1463 4718 1676 4786 (Coloss.
1696 4734 1732 4783 ι,

163 4821 245 4880 l8,
273 4819 392 4887 2i).
429 4827 676 4885 tanquam
716 4831 850 4868 unus
880 4815 1089 4884 quidam
1118 4812 1278 4865 homo
1300 4853 1316 4875 ,
1370 4811 1537 4878 primo
1560 4811 1736 4877 junior

161 4911 275 4972 fuit,
307 4921 360 4962 ct
387 4923 515 4963 ecce
541 4911 651 4976 jam
683 4908 732 4959 iu
765 4908 867 4960 line
898 4905 1075 4960 saeculi
1104 4913 1186 4958 est
1212 4904 1263 4955 in
1285 4912 1494 4955 senecta
1520 4901 1694 4970 pingui
1717 4918 1733 4964 ;

159 5002 410 5065 quoniam
442 5000 507 5052 de
547 5000 632 5052 illa
659 4998 855 5052 dictum
884 5008 964 5051 est
994 5016 1006 5049 :
1037 4997 1212 5048 Adhuc
1238 4995 1649 5064 multiplicabitur
1682 4995 1736 5047 in

159 5102 358 5144 senecta
406 5091 581 5160 pingui
610 5091 626 5156 (
661 5088 805 5142 Psal.
841 5105 950 5152 xei,
986 5088 1051 5141 15
1082 5088 1119 5156 ).
1147 5085 1486 5153 Multiplicata
1538 5094 1617 5138 est
1643 5099 1756 5153 per.

158 5199 351 5237 omnes
400 5192 583 5252 gentes
614 5223 628 5246 ,
663 5192 711 5234 et
770 5182 930 5248 ipsius
960 5197 1059 5232 vox
1114 5189 1193 5233 est
1237 5179 1561 5232 attendentis
1586 5179 1734 5248 quasi

159 5283 318 5334 unius
349 5281 578 5332 hominis
606 5280 826 5347 primum
865 5286 1072 5329 tetatem
1099 5291 1268 5336 suam,
1292 5285 1343 5328 et
1374 5276 1529 5327 istam
1556 5275 1733 5328 novis-

157 5375 350 5426 simam
382 5413 392 5422 .
424 5372 654 5440 respexit
679 5387 771 5438 per
796 5370 994 5433 omnia,
1024 5369 1141 5436 quia
1165 5383 1352 5422 omnes
1379 5378 1561 5421 anates
1587 5380 1736 5421 notas

160 5463 326 5516 taliet
375 5478 469 5531 per
520 5461 936 5530 Scripturas;et
967 5460 1038 5510 ait
1080 5459 1347 5511 exsultans
1375 5469 1426 5511 et
1469 5472 1733 5511 monens:

159 5551 346 5607 Iunior
406 5556 500 5625 fui,
535 5553 714 5621 primis
748 5549 1070 5617 temporibus
1099 5549 1305 5611 Suculi;
1335 5559 1380 5602 et
1404 5565 1516 5603 ecce
1557 5549 1698 5602 senui
1721 5591 1733 5611 ,

158 5660 275 5699 sum
307 5647 468 5700 etiam
499 5643 798 5698 novissimis
829 5641 1152 5709 temporibus
1173 5642 1381 5708 saeculi;
1410 5653 1454 5695 et
1484 5658 1737 5712 nunquam

218 5759 238 5787 ⁸
265 5758 338 5803 sic
361 5769 373 5815 ι
395 5756 580 5816 lerique
605 5763 711 5804 Mss.
737 5762 789 5802 At
808 5753 939 5815 Edd.,
963 5752 1170 5804 verbum.

1258 311 1651 368 ENAERATIO
1689 313 1754 368 IN
1796 312 2114 371 l‘SALMU‘ll
2155 313 2390 372 XXXVI.

3346 323 3449 386 3376

1885 425 1983 477 vidi
2021 428 2215 496 justum
2267 428 2555 483 derelictui):
2586 472 2597 495 ,
2630 448 2717 485 nec
2760 450 2923 490 semen
2963 440 3070 508 ejus
3103 451 3326 510 qua'rens
3356 462 3447 514 pa-

1881 532 2013 569 nem.

1951 609 2004 663 5.
2047 612 2370 680 Agnovitnus
2418 613 2683 671 hominem
2729 619 2991 688 juniorem
3046 631 3340 695 et‘senem,
3393 641 3444 685 et

1879 707 2126 768 tanquam
2157 713 2344 770 aperto
2371 714 2508 760 tecto
2538 711 2872 776 pervenimus
2914 715 2979 766 ad
3009 715 3294 772 Christum.
3339 721 3442 776 Sed

1875 789 1992 857 quis
2018 792 2304 860 estjustus,
2321 797 2408 863 qui
2431 812 2534 850 non
2552 807 2633 852 est
2650 801 2790 854 visus
2809 803 3111 871 derelictus,
3136 823 3231 862 nec
3261 827 3442 866 semen

1873 879 1986 974 ejus
2037 898 2277 951 qua-rens
2323 891 2551 956 panem?
2580 891 2634 946 Si
2668 895 2912 965 intelligis
2942 915 3127 965 panem
3148 941 3161 964 ,
3193 902 3442 974 intelligis

1873 970 2041 1024 illum.
2077 974 2230 1028 Panis
2259 987 2339 1030 est
2366 981 2504 1033 enim
2529 984 2744 1037 verbum
2776 986 2887 1050 Dei,
2917 990 3052 1056 quod
3085 970 3439 1062 nunquamab

1871 1076 1963 1116 ore
1980 1063 2104 1131 justi
2131 1065 2372 1121 discedit.
2388 1069 2516 1123 Nam
2549 1082 2601 1125 et
2631 1075 2680 1127 in
2703 1078 2874 1144 capite
2894 1087 3176 1147 suojnstus
3197 1089 3294 1140 iste
3317 1096 3436 1141 ten-

1871 1162 2028 1218 tatus,
2059 1155 2157 1210 hoc
2189 1161 2478 1228 reSpondit.
2503 1161 2721 1230 Quando
2750 1168 2888 1221 enim
2935 1170 3030 1236 ipsi
3066 1173 3284 1229 Domino
3311 1192 3435 1231 esu-

1867 1246 2022 1299 rienti
2052 1257 2104 1300 et
2133 1247 2320 1304 famem
2364 1255 2580 1320 patienti
2619 1255 2860 1312 diabolus
2903 1260 2974 1314 ait
3008 1280 3019 1315 :
3053 1262 3148 1316 Dic
3184 1266 3437 1334 lapidibus

1865 1339 1973 1392 istis
2020 1350 2071 1392 ut
2109 1359 2260 1407 panes
2307 1346 2468 1412 ﬁant;
2524 1337 2796 1417 re5p0ttdit
2849 1369 2862 1404 :
2919 1351 3035 1405 Non
3079 1355 3128 1408 in
3159 1359 3264 1411 solo
3305 1377 3435 1425 pane

1865 1429 1978 1482 vivit
2005 1430 2172 1494 homo,
2226 1435 2313 1487 sed
2357 1436 2408 1488 in
2459 1439 2594 1489 omni
2635 1440 2899 1506 terboﬂei
2927 1444 2942 1510 (
2977 1443 3156 1497 Matth.
3181 1463 3252 1514 tv,
3284 1451 3430 1516 3,4).

1867 1522 2082 1588 Deinde,
2116 1525 2304 1581 fratres
2335 1529 2458 1592 mei,
2486 1531 2761 1595 attendite,
2796 1535 3002 1602 quando
3035 1553 3135 1589 non
3177 1519 3434 1610 faciatju-

1860 1621 1975 1666 stus
2001 1615 2320 1669 voluntatem
2353 1620 2462 1673 Dei.
2488 1619 2706 1689 Semper
2731 1625 2870 1676 enim
2896 1627 3036 1692 facit,
3061 1637 3112 1681 et
3139 1632 3428 1688 secundum

1859 1705 2180 1761 voluntatem
2211 1709 2325 1778 ejus
2353 1711 2756 1768 vivit.Voluntas
2785 1715 2874 1768 Dei
2903 1717 2966 1770 de
2993 1721 3153 1774 eordc
3181 1723 3426 1789 ejns‘non

1859 1795 2060 1849 recedit
2100 1815 2113 1849 :
2141 1799 2260 1866 quia
2289 1800 2530 1854 voluntas
2554 1803 2642 1855 Dei
2669 1845 2680 1865 ,
2708 1804 2815 1872 ipsa
2846 1815 2926 1858 est
2955 1808 3035 1860 lex
3063 1809 3172 1863 Dei.
3211 1812 3275 1866 Et
3300 1816 3430 1882 quid

1857 1884 2054 1940 dictum
2083 1899 2163 1942 est
2191 1890 2257 1943 de
2287 1892 2414 1945 tali?
2440 1890 2505 1944 Et
2531 1893 2583 1945 in
2628 1894 2732 1963 lrge
2755 1898 2860 1964 ejus
2889 1899 3202 1953 meditabitur
3245 1904 3326 1956 die
3366 1922 3427 1959 ac

1856 1988 1999 2030 nocte
2025 1979 2044 2050 (
2075 1978 2215 2033 Psul.
2242 1997 2277 2046 ι,
2307 1982 2341 2034 2
2360 1984 2399 2053 ).
2432 1984 2624 2037 Panem
2655 1986 2806 2038 istum
2836 1990 3117 2044 manducas
3145 2006 3244 2045 una
3275 1995 3420 2060 hora,

1855 2078 1908 2122 et
1927 2069 2148 2125 dimittis
2173 2091 2186 2137 ;
2219 2088 2409 2142 pinem
2438 2077 2580 2129 illum
2609 2079 2750 2130 verhi
2785 2078 2869 2133 die
2897 2097 2958 2133 ac
3009 2095 3179 2139 nocte.
3205 2089 3429 2152 Quando

1854 2153 1994 2214 enim
2022 2163 2193 2229 audis,
2224 2175 2313 2219 aut
2363 2168 2571 2236 quando
2623 2169 2750 2237 legis
2774 2211 2788 2233 ,
2836 2169 3164 2239 manducas;
3215 2179 3423 2247 quando

1854 2251 1975 2306 inde
2003 2255 2201 2322 cogitas
2231 2298 2246 2322 ,
2279 2258 2511 2312 ruminas
2535 2300 2549 2325 ,
2579 2269 2634 2313 ut
2659 2260 2730 2313 sis
2760 2263 2953 2315 animal
2996 2268 3281 2333 mundum,
3317 2287 3424 2326 non

1853 2343 2179 2400 immundum
2232 2349 2250 2416 (
2293 2350 2492 2404 Levit.t
2539 2349 2578 2419 ).
2624 2351 2773 2419 Quod
2827 2354 3089 2422 signiﬁcat
3125 2359 3282 2413 etiam
3332 2377 3420 2416 sa-

1853 2435 2044 2502 pientia
2075 2451 2170 2506 per
2216 2439 2550 2496 Salomoncm
2587 2442 2766 2498 dicens
2798 2461 2810 2499 :
2847 2444 3129 2502 Tltesaurus
3163 2450 3422 2505 desidera-

1849 2525 1960 2579 bilis
1986 2528 2242 2598 requiescit
2267 2531 2318 2584 iu
2359 2547 2445 2585 ore
2467 2534 2704 2603 sapientis
2730 2551 2748 2596 ;
2773 2535 2846 2588 vir
2871 2547 3035 2590 autem
3063 2540 3242 2594 stultus
3267 2543 3416 2611 glutit

1847 2617 1991 2671 illum
2039 2620 2056 2690 (
2083 2619 2230 2674 Prov.
2268 2639 2359 2676 xxx
2380 2665 2394 2682 ,
2424 2623 2492 2677 9.0
2515 2624 2558 2696 ).
2608 2624 2707 2689 Qui
2761 2629 2900 2680 enim
2933 2630 3119 2697 glutit',
3150 2641 3206 2685 ut
3230 2649 3336 2689 non
3365 2636 3422 2690 in

1848 2710 1937 2764 illo
1963 2723 2210 2781 appareat
2258 2715 2396 2782 quod
2419 2715 2639 2782 voravit,
2670 2717 2864 2771 oblitus
2893 2729 2976 2772 est
3005 2721 3145 2789 quod
3189 2699 3412 2780 audivit.

1845 2798 1942 2864 Qui
1969 2814 2143 2854 autem
2175 2818 2277 2856 non
2310 2816 2389 2858 cst
2413 2805 2626 2870 oblitus,
2659 2809 2848 2876 cogitat
2881 2851 2894 2872 ,
2927 2822 2979 2863 et
3024 2813 3302 2882 cogitando
3327 2831 3418 2869 ru-

1845 2891 2048 2955 minat,
2090 2893 2401 2948 ruminando
2447 2894 2755 2950 delectatur.
2801 2897 2952 2953 Unde
3002 2901 3193 2955 dicitur
3222 2920 3235 2956 :
3269 2902 3416 2975 Cogi-

1843 2985 1962 3036 tatio
1991 2996 2162 3038 sancta
2187 2987 2396 3040 servabit
2423 2997 2468 3040 te
2497 2988 2515 3059 (
2550 2987 2702 3043 Pror.
2737 3006 2790 3054 ιι,
2827 2991 2883 3044 ll
2911 2992 2948 3060 ).
2985 2993 3048 3046 Et
3073 3001 3195 3048 'eece
3220 2995 3264 3048 si
3294 3011 3410 3050 ser-

1844 3086 1929 3128 vat
1959 3086 2009 3130 te
2039 3078 2090 3130 in
2131 3078 2480 3132 ruminatione
2521 3081 2667 3148 panis
2706 3079 2860 3150 hujus
2902 3093 3082 3137 Sancta
3124 3085 3409 3154 cogitatio,

1842 3185 2094 3236 nunquam
2123 3169 2288 3223 vidisti
2304 3171 2498 3240 justum
2515 3171 2825 3239 derelictum,
2851 3189 2940 3226 nec
2965 3191 3130 3228 semen
3149 3178 3258 3247 ejus
3276 3193 3413 3247 quie-

1840 3277 1955 3313 rens
1986 3278 2185 3330 panem.

1911 3353 1960 3407 6.
2005 3352 2150 3425 [vers.
2181 3351 2293 3426 ‘26.]
2336 3353 2457 3408 Tota
2481 3357 2560 3409 die
2596 3357 2871 3423 miseretur,
2913 3368 2959 3412 et
2996 3360 3269 3426 reuertitur.
3302 3361 3410 3418 Fe-

1839 3458 2042 3498 neratur
2071 3446 2280 3515 quidem
2314 3447 2472 3500 latine
2501 3447 2724 3511 dicitur,
2756 3459 2806 3503 et
2835 3452 2919 3518 qui
2951 3451 3038 3504 dat
3068 3462 3326 3518 multmm,
3357 3465 3414 3510 et

1838 3539 1925 3607 qui
1973 3539 2160 3607 accipit
2204 3555 2217 3592 :
2261 3538 2460 3607 planius
2491 3537 2588 3592 hoc
2620 3551 2795 3594 autem
2818 3541 3045 3606 .dicitur,
3091 3544 3134 3596 si
3173 3543 3412 3600 dicamus

1839 3630 2048 3697 fenerat.
2078 3630 2210 3695 Quid
2246 3631 2308 3683 ad
2354 3646 2449 3682 nos
2477 3630 2599 3699 quid
2630 3633 2956 3699 grammatici
2990 3633 3190 3687 vi-lint?
3226 3634 3411 3690 Melius

1839 3721 1889 3774 in
1934 3721 2258 3774 barbarismo
2285 3731 2465 3774 nostro
2496 3737 2588 3774 vos
2613 3722 2923 3791 intelligitis,
2958 3738 3112 3791 quam
3148 3725 3196 3776 in
3229 3732 3406 3778 nostra

1837 3813 2202 3867 disertitudine
2244 3829 2334 3868 vos
2373 3813 2567 3868 deserti
2597 3814 2761 3868 eritis.
2807 3815 2946 3884 Ergo
2981 3814 3156 3884 jusms
3184 3818 3279 3870 iste
3308 3827 3409 3870 tota

1838 3906 1918 3956 die
1941 3904 2199 3956 miseretur
2222 3945 2238 3968 ,
2266 3913 2309 3958 et
2336 3908 2544 3974 fenerat.
2593 3903 2696 3958 Sed
2727 3920 2828 3957 non
2857 3905 3116 3975 gaudeant
3147 3909 3410 3962 fenerato-

1838 4011 1942 4049 res.
1976 3993 2269 4050 lnveninms
2295 3996 2432 4049 enim
2461 3995 2739 4065 quemdam
2773 3996 3139 4062 frnt-ratorem,
3169 4002 3304 4056 sicut
3327 4002 3410 4054 in—

1838 4087 2076 4141 venimus
2124 4087 2400 4156 quemdam
2452 4102 2635 4154 panem
2677 4105 2689 4138 :
2726 4099 2778 4140 ut
2810 4089 3003 4158 ultique
3047 4101 3229 4160 aperto
3271 4099 3411 4146 lecto

1838 4179 2208 4246 perveniamus
2236 4178 2298 4231 ad
2330 4176 2613 4232 Christum.
2649 4176 2781 4230 Nolo
2821 4177 2935 4230 sitis
2979 4178 3326 4246 feneratores,
3357 4191 3410 4235 et

1839 4267 1956 4322 ideo
1998 4269 2141 4334 nolo,
2169 4269 2307 4337 quia
2331 4268 2467 4321 Deus
2498 4283 2600 4320 non
2644 4270 2772 4322 vult.
2816 4267 2944 4322 Nam
2979 4271 3021 4324 si
3063 4287 3158 4340 ego
3186 4272 3328 4338 nolo,
3357 4281 3415 4326 ct‘

1839 4362 1978 4416 Deus
2005 4363 2130 4425 vult,
2165 4363 2337 4432 agite:
2367 4362 2409 4415 si
2432 4372 2604 4415 autem
2631 4362 2766 4416 Deus
2790 4378 2890 4416 non
2920 4364 3047 4426 vult,
3078 4364 3282 4418 etiamsi
3307 4379 3409 4433 ego

1837 4453 2049 4515 vellem,
2084 4453 2222 4504 malo
2265 4467 2361 4506 suo
2401 4461 2579 4521 ageret
2611 4455 2708 4530 .qui
2755 4462 2952 4523 ageret.
3000 4452 3149 4507 Unde
3193 4466 3410 4522 app:~.rel

1838 4546 2000 4600 Dcuan
2032 4546 2132 4599 huc
2161 4545 2341 4599 nolle?
2373 4545 2572 4599 Dictum
2603 4555 2684 4599 est
2707 4545 2808 4598 alio
2841 4545 2954 4600 loco
2980 4564 2992 4599 :
3022 4545 3120 4609 Qui
3148 4548 3414 4617 pecuniam

1837 4654 1978 4690 suam
2004 4652 2099 4689 non
2126 4636 2259 4688 dedit
2281 4637 2346 4689 ad
2375 4653 2574 4689 usurum
2605 4635 2770 4704 (Psal.
2801 4652 2904 4698 xxv,
2929 4637 3006 4706 5).
3042 4635 3107 4690 Et
3132 4654 3287 4706 quam
3315 4638 3408 4690 de-

1841 4731 2079 4784 testabile
2123 4733 2222 4796 sit,
2274 4746 2428 4800 quam
2476 4730 2740 4792 odiosum,
2789 4744 2944 4798 quam
2998 4729 3411 4794 exsecrandum,

1841 4835 1965 4894 puto
1989 4824 2108 4893 quia
2135 4835 2186 4877 et
2215 4823 2310 4892 ipsi
2340 4822 2661 4876 feneratores
2695 4828 2972 4873 noverunt.
3007 4820 3205 4875 Rursus
3232 4830 3412 4878 autem

1839 4931 1935 4984 ego
1959 4917 2090 4984 ipse,
2123 4916 2228 4968 imo
2257 4915 2391 4968 Deus
2421 4923 2618 4977 noster,
2648 4913 2734 4981 qui
2761 4921 2812 4966 te
2844 4912 3084 4981 prohibet
3110 4929 3226 4968 esse
3257 4915 3405 4971 foue-

1838 5018 2086 5070 ratorem,
2128 5005 2275 5074 jubet
2321 5013 2369 5057 te
2397 5018 2516 5057 esse
2547 5002 2931 5066 feneratorem;
2973 5013 3026 5057 et
3063 5003 3254 5058 dicitur
3293 5008 3413 5071 tibi,

1839 5101 2037 5154 Fenera
2063 5099 2186 5152 Deo.
2218 5097 2272 5150 Si
2300 5096 2506 5149 feneras
2532 5095 2749 5158 homini,
2784 5095 2948 5151 habes
2976 5113 3156 5166 spem;
3190 5107 3244 5152 et
3266 5100 3309 5152 si
3334 5100 3411 5154 lea

1841 5208 1995 5245 ueras
2023 5192 2150 5254 Deo,
2179 5204 2325 5259 Spem
2352 5203 2454 5241 non
2486 5187 2736 5241 habebis?
2762 5188 2814 5241 Si
2840 5189 3157 5244 lcucravcris
3184 5189 3412 5258 homini,

1842 5283 1890 5336 id
1937 5291 2036 5346 est,
2081 5291 2314 5333 mutuam
2355 5281 2630 5349 pecuniam
2664 5289 2801 5332 tuam
2832 5281 3040 5334 dederis
3061 5325 3074 5345 ,
3125 5296 3155 5335 a
3186 5294 3288 5352 quo
3317 5282 3399 5335 ali-

1839 5374 1961 5443 quid
1996 5373 2109 5441 plus
2137 5388 2291 5439 quam
2322 5371 2508 5424 dedisti
2550 5381 2824 5438 exspectes
2855 5375 3128 5439 accipere:
3175 5387 3279 5426 non
3322 5387 3400 5439 pe-

1840 5464 2050 5520 cuniam
2093 5464 2281 5524 solam,
2332 5461 2420 5516 sed
2465 5461 2662 5530 aliquid
2694 5463 2807 5531 plus
2837 5476 2993 5531 quam
3037 5463 3248 5527 dedisti,
3303 5464 3409 5517 sive

1842 5555 1968 5610 illud
2001 5553 2225 5609 triticum
2255 5553 2342 5618 sit,
2371 5555 2480 5607 sive
2507 5555 2705 5615 vinum,
2738 5556 2848 5607 sive
2877 5556 3069 5616 oleum,
3102 5555 3213 5608 sive
3241 5553 3405 5623 quod”

1832 5649 1968 5704 libet
1997 5647 2133 5701 aliud
2158 5663 2173 5712 ;
2208 5646 2249 5699 si
2291 5647 2403 5714 plus
2429 5663 2584 5715 quam
2611 5645 2803 5699 dedisti
2849 5659 3123 5714 exspectas
3149 5659 3391 5710 acetpere

1842 5744 2108 5799 fenerator
2134 5757 2212 5806 es,
2240 5747 2294 5794 et
2320 5739 2371 5794 in
2402 5738 2502 5794 hoc
2534 5736 2931 5808 improbandus,
2964 5751 3067 5789 non
3099 5733 3402 5791 laudandus
