3972 6198
546 297 647 355 587

547 415 677 482 Quid
717 430 860 484 ergo,
894 413 1084 486 inquis,
1120 410 1279 477 facio,
1306 421 1361 466 ut
1388 410 1488 466 siin
1525 411 1718 466 utiliter
1747 413 1761 443 ¹
1793 410 2096 466 fenerator?

546 505 772 559 Attende
811 501 934 571 quid
970 501 1092 555 facit
1120 501 1401 555 fenerator.
1433 501 1605 554 Minus
1630 501 1903 556 vnlt.dare
1935 512 2095 564 certe,

542 609 597 652 et
635 597 748 664 plus
787 596 1025 662 accipere
1058 611 1070 646 :
1101 593 1201 648 hoc
1229 593 1309 648 fac
1343 602 1396 647 et
1432 602 1518 657 tu;
1555 591 1619 646 da
1651 593 1884 655 modica,
1921 594 2099 662 accipe

540 702 746 754 magna.
791 683 920 739 Vide
953 700 1106 754 quam
1134 685 1236 738 late
1263 695 1466 739 crescat
1495 684 1644 738 lenus
1676 694 1838 737 tuum.
1872 684 1942 737 Da
1968 693 2098 738 tem-

539 776 756 846 poralia,
789 777 967 844 accipe
995 785 1189 829 aeterna
1215 793 1230 830 ηε
1258 774 1323 828 da
1353 784 1564 837 terram,
1596 774 1773 843 accipe
1792 774 2002 829 caalum.
2032 774 2098 828 Et

535 869 617 920 cui
662 867 818 932 dabo,
866 868 997 920 forte
1023 865 1192 920 dicis?
1231 864 1344 934 Ipse
1388 863 1637 917 Dominus
1681 866 1914 934 procedit
1938 881 2093 934 quem

538 961 760 1023 teneres,
795 960 882 1028 qui
916 959 1004 1012 tibi
1031 958 1246 1027 jubebat
1274 973 1339 1010 ne
1367 957 1652 1010 fenerares.
1694 956 1826 1009 Audi
1856 957 2093 1026 Scriptu-

537 1068 646 1103 ram
669 1093 683 1114 ,
716 1051 980 1120 quatnodo
1021 1051 1228 1104 feneres
1258 1049 1533 1102 Dominum
1564 1065 1577 1101 :
1626 1048 1835 1101 Fenerat
1856 1088 1871 1113 ,
1905 1049 2089 1118 inquit,

539 1143 825 1207 Dominum,
850 1145 932 1212 qui
954 1144 1210 1196 miseretur
1239 1143 1471 1210 pauperis
1494 1139 1670 1210 (Prov.
1696 1157 1807 1204 XIX,
1842 1143 1951 1209 l7).
1979 1141 2088 1194 Non

533 1240 671 1289 enim
702 1246 820 1305 eget
856 1250 883 1287 a
926 1245 976 1289 te
1006 1234 1276 1298 Dominus,
1319 1232 1409 1286 sed
1443 1231 1602 1285 habes
1640 1231 1798 1285 alium
1839 1234 1925 1300 qui
1965 1248 1992 1284 a
2041 1241 2091 1286 te

535 1338 684 1396 egeat
709 1348 722 1381 :
754 1329 824 1381 illi
854 1328 1092 1397 porrigis,
1118 1327 1203 1379 ille
1229 1325 1436 1392 accipit.
1468 1324 1581 1378 Non
1610 1325 1748 1379 enim
1780 1324 1938 1379 habet
1964 1340 2091 1394 pau-

536 1436 626 1488 pt‘l‘
651 1420 786 1488 quod
813 1419 904 1473 tibi
933 1419 1184 1493 retribuat
1207 1434 1218 1469 :
1247 1424 1298 1471 et
1318 1425 1490 1471 tamen
1515 1417 1624 1484 ipse
1645 1419 1753 1470 vult
1774 1418 2084 1482 retribuere,

535 1523 585 1564 et
613 1528 713 1564 non
745 1511 942 1565 invenit
967 1511 1124 1580 quid;
1155 1511 1264 1563 sola
1305 1511 1357 1563 in
1387 1511 1474 1563 illo
1505 1520 1742 1564 remanet
1768 1501 2087 1564 benevolen-

535 1604 600 1654 tia
641 1603 823 1656 orandi
862 1617 956 1671 pro
1003 1612 1073 1655 te.
1118 1601 1248 1656 Cum
1289 1612 1462 1656 autem
1508 1617 1702 1671 pauper
1734 1611 1851 1657 orat
1889 1620 1984 1672 pro
2013 1614 2083 1670 te,

535 1705 777 1762 tanquam
808 1694 912 1747 Deo
949 1692 1074 1746 dicit
1100 1710 1112 1746 :
1149 1693 1384 1758 Domine,
1413 1703 1646 1748 mutuum
1675 1693 1871 1762 accepi,
1901 1694 2087 1749 fidedic

533 1802 615 1838 me
643 1787 686 1837 ².
717 1786 942 1839 Proinde
970 1795 1022 1840 et
1043 1786 1088 1840 si
1117 1801 1218 1838 non
1251 1795 1397 1839 tenes
1427 1800 1707 1854 pauperem
1741 1786 2082 1852 redditorem,

531 1880 620 1932 Sed
661 1879 902 1932 idoneum
949 1889 1095 1933 tenes
1126 1879 1508 1947 fideiussorem.
1557 1879 1691 1932 Ecce
1737 1880 1872 1933 Deus
1900 1880 1990 1932 tibi
2019 1880 2085 1934 de

529 1969 794 2038 Scriptura
815 1985 907 2022 sua
935 1970 1057 2023 dicit
1091 1987 1103 2023 :
1136 1969 1205 2020 Da
1233 1983 1468 2031 securus,
1488 1982 1585 2038 ego
1607 1968 1789 2022 reddo.
1812 1970 2084 2036 Quomodo

531 2063 699 2114 solent
731 2062 907 2116 dicere
937 2060 1304 2129 lidejnssorcs?
1326 2060 1448 2129 quid
1481 2061 1660 2114 dicunt
1680 2061 1738 2114 ’ἲ
1764 2060 1874 2130 Ego
1895 2061 2078 2125 reddo,

519 2157 626 2213 ~ego
652 2151 870 2219 accipio,
903 2151 1028 2204 mihi
1056 2149 1170 2204 das.
1201 2150 1516 2204 Pntamusne
1549 2161 1602 2204 et
1626 2149 1726 2204 hoc
1754 2149 1880 2204 dicit
1907 2150 2080 2206 Deus:

534 2241 640 2307 ligo
662 2241 881 2307 accipio,
908 2239 1030 2292 mihi
1062 2240 1193 2293 das?
1237 2241 1393 2293 Plane
1421 2242 1463 2294 si
1493 2241 1630 2296 Deus
1653 2241 1910 2301 Christus,
1943 2242 2079 2311 quod

530 2348 632 2384 ttntl
663 2330 961 2396 dubitatur,
1001 2331 1113 2399 ipse
1154 2331 1324 2384 dixit:
1359 2330 1586 2398 Esurivi,
1633 2342 1677 2385 et
1715 2333 1918 2386 dedistis
1959 2334 2084 2386 mihi

529 2421 846 2473 manducare.
888 2421 1096 2474 Etcum
1129 2419 1199 2474 illi
1229 2420 1494 2484 dicerent,
1529 2420 1742 2485 Quando
1783 2432 1829 2475 te
1870 2423 2081 2477 vidimus

527 2511 821 2564 esurientem
843 2511 868 2564 Ρ
893 2519 950 2564 ιιι
975 2510 1276 2565 ostenderet
1299 2526 1355 2566 se
1382 2526 1664 2580 pauperum
1693 2512 2076 2581 fidejussonem,

527 2600 759 2652 ninnium
799 2600 1150 2654 membromm
1195 2615 1407 2655 suorum
1451 2616 1793 2670 sponsorem;
1842 2604 1958 2673 quia
1991 2604 2080 2657 ille

492 2752 498 2756 ι
525 2683 699 2759 caput,
744 2691 814 2745 illi
841 2692 1096 2756 membra,
1127 2700 1320 2746 etcum
1347 2693 1605 2762 accipiunt
1641 2695 1891 2758 membra,
1923 2705 2080 2765 caput

524 2782 714 2848 accipit
760 2798 774 2834 :
835 2781 958 2835 Cum
1008 2783 1129 2842 uni,
1191 2783 1392 2850 inquit,
1445 2799 1507 2836 ea:
1559 2784 1636 2837 Itis
1693 2785 1910 2838 minimis
1958 2786 2080 2840 meis

525 2873 742 2938 fecistis,
801 2872 923 2924 mihi
973 2872 1176 2942 fecistis.
1232 2872 1364 2936 Eia,
1413 2889 1567 2928 avare
1610 2872 1906 2936 fenerator,
1958 2875 2078 2930 vide

525 2964 645 3032 quid
693 2963 904 3029 dedisti,
954 2964 1073 3018 vide
1114 2965 1236 3034 quid
1283 2975 1589 3034 accepturus
1626 2969 1716 3021 est
1755 2967 1810 3022 Si
1840 2967 2077 3024 dedisses

527 3069 741 3121 paucam
772 3055 1067 3123 pecuniam,
1109 3067 1160 3110 et
1206 3057 1294 3110 ille
1317 3057 1400 3109 cui
1435 3056 1664 3111 dederas
1679 3074 1774 3128 pro
1800 3060 2078 3128 parva'pe~

522 3147 674 3198 cunia
706 3154 787 3196 tua
819 3144 966 3198 daret
991 3145 1083 3199 tibi
1114 3161 1350 3214 magnam
1374 3147 1567 3212 villam,
1600 3148 2079 3216 incomparabiliter

523 3235 744 3302 amplius
771 3235 1032 3290 valentem
1063 3251 1217 3305 quam
1243 3234 1466 3291 dederas
1500 3246 1553 3289 tu
1580 3239 1877 3306 pecuniam;
1905 3254 2077 3309 quan-

525 3335 602 3378 tas
648 3325 840 3394 gratias
889 3341 1093 3394 ageres,
1139 3335 1334 3396 quanta
1378 3326 1556 3380 laititia
1598 3328 1886 3383 tollereris!
1938 3329 2073 3383 Audi

522 3433 675 3486 quam
705 3418 1092 3486 possessionem
1121 3419 1212 3472 det
1253 3434 1407 3488 quem
1439 3418 1681 3475 fenerasti
1715 3438 1728 3474 :
1771 3421 1962 3488 Venite,
1991 3423 2074 3477 be-

522 3511 701 3563 nedicti
753 3509 918 3563 Patris
957 3510 1072 3575 mei,
1121 3510 1372 3580 percipite.
1423 3509 1595 3577 Quid?
1641 3512 1776 3580 quod
1815 3511 2076 3566 dedistis?

521 3601 690 3655 Absit.
736 3600 966 3656 Terrena
1014 3600 1249 3663 dedistis,
1297 3617 1412 3669 qua:
1451 3600 1494 3654 si
1548 3617 1650 3654 non
1691 3599 2074 3664 dedissetis,-in

524 3701 662 3746 terra
691 3701 1074 3761 putrescercnt.
1102 3691 1234 3758 Quid
1261 3692 1400 3745 enim
1431 3691 1551 3746 inde
1578 3691 1807 3746 facturus
1833 3692 1998 3759 esses,
2030 3694 2074 3748 si

521 3799 623 3838 non
670 3783 942 3838 dedisses?
980 3783 1130 3850 Quod
1159 3784 1443 3852 periturum
1471 3791 1583 3838 erat
1621 3783 1671 3836 in
1701 3792 1858 3848 terra,
1894 3799 2073 3838 serva-

521 3885 628 3927 tum
653 3885 733 3927 est
762 3875 812 3927 in
842 3874 999 3927 coelo.
1034 3875 1169 3943 Ergo
1193 3873 1330 3943 quod
1359 3883 1622 3928 servatum
1650 3885 1726 3928 est
1749 3913 1765 3941 ,
1799 3875 1898 3929 hoc
1926 3891 2077 3931 accc-

523 3964 661 4031 pturi
691 3979 892 4018 smnus.
931 3965 1202 4019 Servatum
1230 3975 1313 4019 est
1342 3965 1582 4018 meritutn
1611 3981 1628 4018 :
1657 3966 1820 4020 factus
1849 3975 1932 4022 est
1961 3967 2076 4022 the-

522 4068 709 4106 saurus
746 4060 865 4107 tuus
890 4055 1132 4108 meritum
1164 4064 1330 4108 tuum.
1373 4055 1502 4109 Nam
1532 4055 1652 4110 vide
1675 4057 1800 4126 quid
1827 4059 1899 4110 sis
1925 4073 2076 4112 acce-

523 4154 708 4210 pturus
737 4163 751 4199 :
801 4141 1050 4211 Percipite
1077 4161 1280 4214 regnum
1297 4185 1311 4209 ,
1349 4145 1480 4214 quod
1505 4145 1636 4199 vobis
1663 4155 1895 4216 paratum
1918 4157 1990 4201 est
2013 4148 2074 4200 ab

521 4233 662 4285 initio
685 4232 879 4284 mundi.
902 4231 1114 4294 Contra.
1143 4233 1215 4286 illi
1245 4233 1333 4303 qui
1357 4233 1594 4290 fenerare
1621 4237 1918 4300 noluerunt,
1947 4237 2072 4307 quid

523 4323 768 4376 audient?
797 4319 875 4374 Ite
898 4322 950 4374 in
974 4322 1135 4391 ignem
1160 4333 1416 4386 aeternum,
1448 4326 1531 4394 qui
1560 4335 1762 4394 paratus
1783 4335 1853 4378 est
1879 4327 2074 4379 diabolo

522 4427 568 4468 et
590 4415 780 4486 angelis
805 4414 930 4483 ejus.
980 4413 1048 4466 Et
1073 4413 1196 4482 quid
1223 4423 1437 4468 vocatur
1475 4432 1690 4486 regnum
1721 4417 1858 4487 quod
1886 4419 2075 4487 accipi-

523 4505 674 4562 mus?
697 4507 967 4562 Attendite
993 4510 1262 4575 sequentia
1296 4524 1308 4559 :
1340 4505 1436 4560 Isti
1457 4509 1595 4562 ibunt
1619 4511 1670 4563 in
1691 4511 2075 4564 combttstionem

520 4613 772 4664 internum,
825 4600 946 4665 iusti
971 4608 1134 4652 autem
1172 4599 1222 4652 in
1249 4599 1396 4652 vitam
1436 4610 1669 4653 (sternam
1709 4602 1916 4674 (Matth.
1945 4619 2072 4666 xxv,

522 4692 731 4759 55-36).
777 4691 856 4745 Ad
884 4691 983 4746 hoc
1002 4691 1218 4755 ambite,
1253 4690 1350 4744 hoc
1374 4692 1553 4751 emite,
1585 4691 1648 4744 ad
1681 4692 1779 4745 hoc
1821 4691 2071 4747 feneratc.

525 4783 734 4836 llabetis
760 4781 1026 4836 Christum
1055 4782 1106 4835 in
1148 4781 1283 4836 caelo
1307 4781 1574 4836 sedentem
1599 4821 1612 4844 ,
1645 4782 1695 4835 in
1735 4789 1870 4835 terra
1898 4795 2078 4850 peten-

519 4884 645 4927 tem.
673 4874 967 4929 Invenimus
989 4875 1250 4944 quomodo
1280 4874 1476 4930 feneret
1499 4874 1693 4945 justus.
1726 4874 1849 4930 Tota
1878 4879 1956 4930 die
1985 4880 2075 4930 mi-

517 4974 721 5025 seretur,
751 4975 795 5033 et
821 4969 1027 5034 fenerat.

589 5057 638 5106 7.
679 5053 748 5108 Et
772 5071 934 5108 semen
960 5058 1067 5126 ejus
1091 5057 1142 5110 in
1169 5057 1500 5111 benedictione
1517 5059 1626 5111 erit.
1656 5058 1720 5112 Et
1745 5059 1828 5114 hic
1859 5073 1959 5113 non
1983 5074 2074 5112 oc-

517 5154 694 5222 currat
716 5146 940 5199 carnalis
967 5147 1233 5216 cogitatio.
1259 5147 1507 5202 Videmus
1533 5149 1724 5203 multos
1750 5151 1884 5204 filios
1909 5150 2077 5220 justo-

517 5252 632 5291 t'um
677 5236 812 5290 fame
860 5238 1143 5292 morientes
1175 5256 1188 5290 :
1233 5241 1498 5307 quomodo
1533 5257 1657 5311 ergo
1683 5259 1846 5296 semen
1881 5245 1988 5312 ejus
2025 5244 2078 5295 in

519 5329 856 5384 benedictione
879 5329 1012 5382 erit?
1041 5328 1231 5384 Semen
1259 5331 1369 5399 ejus
1399 5333 1628 5402 reliquia:
1651 5333 1784 5403 ejus,
1819 5335 1955 5389 unde
1993 5334 2078 5390 ltic

578 5467 593 5495 ³
620 5464 689 5511 sic
705 5469 809 5510 Mss.
835 5467 890 5509 At
911 5459 1042 5516 ald,
1067 5457 1211 5509 utilis.

579 5529 598 5558 υ
622 5533 720 5574 ι)ηο
741 5530 867 5582 ωδεη
885 5520 1213 5582 ﬁdejussorem
1231 5520 1293 5569 do
1307 5528 1366 5570 te.
1385 5529 1518 5582 tres,
1537 5521 1634 5581 ﬁde
1655 5536 1774 5582 mea,
1791 5527 1965 5576 omisso
1979 5529 2077 5579 dic.

511 5585 647 5637 Curti.
668 5596 774 5654 με..
799 5581 894 5644 ﬁde
917 5581 1012 5654 duc
1033 5595 1108 5632 me
1131 5593 1148 5631 :
1173 5583 1363 5643 melius,
1387 5581 1603 5646 ﬁdedic;
1626 5593 1679 5636 ut
1701 5585 1839 5648 infra,
1863 5589 2078 5654 001.599,

515 5665 637 5698 ειη-ξι
664 5647 805 5696 linem
841 5660 886 5693 n.
913 5645 989 5693 ‘25.

576 5712 594 5742 ³
619 5713 836 5776 t'lertquc
862 5717 982 5769 3155.,
1009 5705 1184 5757 dicunt.

1762 297 1818 354 ὃ.
1852 295 2211 355 AUGUSTINI
2242 302 2540 362 EPISCOPI

3657 318 3758 374 338

2204 417 2444 480 seminat,
2483 428 2536 472 et
2564 428 2742 486 postea
2775 429 2954 476 metet.
3003 417 3239 492 Namque
3281 424 3566 494 Apostolus
3589 427 3756 480 dicit:

2201 505 2396 560 Bonum
2421 519 2584 562 autem
2620 511 2853 578 facientes
2878 528 2974 566 non
3016 513 3308 579 deﬁciamus
3332 531 3351 568 :
3388 525 3605 584 tempore
3630 518 3767 570 enim

2198 613 2290 650 suo
2316 609 2546 652 metemus
2565 601 2914 670 infatigabiles.
2943 601 3120 670 Itaque
3139 603 3256 657 dum
3281 614 3470 675 tempus
3496 606 3756 673 habemus,

2199 692 2289 754 ait,
2331 707 2592 760 operemur
2627 695 2807 746 bonum
2853 695 2919 746 ad
2947 711 3116 748 omnes
3146 693 3285 764 (Gal.
3318 713 3390 761 VI,
3419 697 3498 766 9).
3545 698 3654 752 Hoc
3678 710 3768 754 est

2198 797 2377 836 semen
2411 794 2574 847 tuum,
2599 787 2739 856 quod
2779 787 2879 840 erit
2905 787 2955 840 in
2984 788 3370 843 benedictione.
3395 791 3572 847 Terrae
3609 809 3763 847 com-

2200 875 2382 938 mittis,
2411 884 2464 930 et
2504 885 2649 931 tanto
2674 878 2899 947 amplius
2927 879 3129 948 colligis
3159 897 3172 931 :
3209 879 3422 934 Christo
3450 884 3758 948 committis,-

2196 973 2250 1017 et
2275 965 2486 1034 perdis?
2513 966 2644 1020 Vide
2680 967 2848 1035 ipsum
2888 983 3064 1022 semen
3094 970 3398 1038 expressius
3435 972 3759 1026 nominatum

2194 1055 2260 1107 ab
2288 1056 2560 1124 Apostolo,
2599 1071 2716 1110 cum
2752 1056 2819 1110 de
2846 1057 3199 1130 eleemosynis
3228 1059 3450 1115 diceret.
3480 1061 3588 1115 lloc
3614 1063 3755 1116 enim

2193 1147 2264 1200 ait
2291 1166 2304 1202 :
2333 1149 2428 1212 Qui
2455 1165 2601 1218 parce
2624 1149 2857 1214 seminat,
2897 1167 3050 1217 parce
3079 1161 3124 1203 et
3150 1161 3330 1216 metet;
3359 1163 3404 1204 et
3440 1153 3524 1222 qui
3549 1155 3759 1207 seminat

2192 1236 2244 1289 in
2286 1237 2718 1303 benedictionibus,
2757 1242 2818 1292 de
2846 1239 3264 1295 benedictionibus
3291 1253 3337 1294 et
3367 1253 3510 1297 metet
3534 1243 3598 1316 (ll
3634 1243 3755 1297 Cor.

2193 1343 2265 1390 ιχ.
2297 1328 2374 1397 6).
2414 1328 2515 1382 Sed
2546 1330 2749 1383 laboras
2780 1331 2914 1385 torte
2934 1319 3053 1384 cuin
3085 1333 3315 1385 scminas
3339 1372 3353 1396 ,
3380 1343 3432 1387 et
3461 1334 3609 1387 doles
3635 1350 3759 1389 cum

2191 1419 2473 1482 misereris,
2504 1422 2623 1490 quia
2651 1421 2871 1474 miseros
2899 1421 3063 1476 vides.
3094 1423 3278 1476 Melius
3303 1425 3442 1478 enim
3470 1426 3760 1495 aliquando

2192 1527 2292 1564 non
2319 1509 2627 1566 habebimus
2655 1512 2842 1582 quibus
2867 1513 2964 1567 ista
2990 1513 3193 1568 demus.
3222 1514 3354 1568 Cum
3384 1531 3567 1571 omnes
3593 1517 3646 1570 in
3673 1517 3759 1573 sine

2189 1601 2577 1670 corruptionem
2599 1603 3079 1667 commntabuntur,
3104 1604 3276 1658 nullus
3297 1606 3492 1660 esuriet
3513 1607 3596 1660 cui
3621 1623 3753 1677 por-

2189 1691 2326 1760 rigas
2353 1707 2558 1760 panem,
2592 1691 2766 1746 nullus
2789 1693 2931 1747 sitiet
2956 1695 3041 1746 cui
3067 1693 3162 1747 des
3189 1705 3392 1764 potum,
3445 1697 3620 1750 nullus
3656 1714 3764 1752 nus

2187 1783 2285 1837 dus
2309 1785 2408 1838 erit
2428 1801 2580 1854 quem
2607 1785 2818 1850 vestias,
2859 1785 3033 1839 nullus
3063 1786 3368 1854 peregrinus
3397 1803 3555 1856 quem
3583 1790 3761 1843 susci-

2188 1875 2299 1944 pias
2327 1893 2340 1929 :
2372 1874 2455 1929 hic
2480 1883 2654 1929 autem
2679 1875 2815 1930 inter
2841 1890 3125 1940 aerumnas,
3150 1878 3486 1940 tentationes,
3518 1878 3756 1942 dolores,

2185 1951 2430 2037 gemitus,
2462 1969 2719 2023 mittimus
2748 1983 2950 2023 semen.
2993 1968 3096 2023 Sed
3143 1970 3349 2038 respice
3383 1970 3449 2023 ad
3493 1971 3760 2039 psalmum

2185 2059 2344 2112 alium
2375 2075 2388 2112 :
2422 2057 2608 2111 Euntes
2644 2059 2802 2119 ibant,
2831 2069 2878 2112 et
2905 2059 3111 2127 ﬂebant,
3158 2062 3403 2114 mittentes
3429 2062 3615 2113 semina
3641 2078 3760 2115 sua.

2185 2148 2428 2210 Attende.
2455 2150 2572 2218 quia
2600 2165 2766 2201 semen
2792 2150 2900 2217 ejus
2928 2149 2979 2200 in
3009 2148 3347 2202 benedictione
3371 2151 3460 2203 erit
3485 2165 3504 2203 :
3543 2149 3752 2204 Venien-

2187 2250 2256 2293 tes
2284 2250 2448 2293 autent
2471 2245 2662 2294 venient
2683 2258 2796 2295 cum
2815 2241 3162 2306 exsultatione,
3193 2251 3444 2310 portantes
3466 2244 3755 2312 manipulos

2182 2347 2298 2384 suos
2323 2329 2489 2400 (Psal.
2513 2346 2673 2396 cxxv,
2698 2330 2776 2400 6).

2251 2421 2304 2476 8.
2347 2419 2490 2494 [vers.
2521 2421 2633 2494 27.]
2675 2421 2804 2476 Vide
2827 2437 2954 2493 ergo
2974 2423 3114 2492 quod
3140 2423 3393 2492 sequitur.
3419 2432 3473 2477 et
3503 2424 3608 2477 noli
3634 2439 3760 2478 esse

2183 2512 2330 2581 piger
2359 2528 2372 2564 :
2407 2511 2614 2564 Declina
2639 2529 2670 2564 a
2695 2511 2849 2576 malo,
2877 2522 2922 2566 et
2948 2517 3031 2583 fac
3060 2513 3260 2566 bonum.
3303 2513 3416 2567 Noli
3445 2515 3536 2567 tibi
3566 2524 3756 2584 putare

2181 2602 2442 2666 sufficere,
2472 2600 2516 2654 si
2547 2616 2649 2655 non
2679 2601 2942 2670 cxspolias
2970 2603 3240 2656 vestitum.
3273 2602 3384 2657 Non
3409 2605 3756 2674 CXspnliatldo

2182 2693 2319 2746 enim
2341 2694 2583 2747 vestitum
2617 2735 2631 2758 ,
2656 2693 2926 2748 declinasti
2955 2709 2985 2747 a
3013 2695 3154 2748 malo
3184 2712 3197 2747 :
3230 2693 3320 2748 sed
3351 2695 3456 2748 noli
3485 2711 3752 2761 arescere,

2181 2793 2234 2838 et
2256 2785 2448 2838 sterilis
2471 2801 2606 2840 esse.
2643 2785 2729 2840 Sic
2766 2785 2870 2839 noli
2909 2786 3203 2853 exspoliare
3247 2787 3520 2849 vestitum,
3562 2799 3618 2840 ut
3660 2804 3757 2842 ve-

2181 2876 2309 2930 stias
2327 2875 2523 2929 nudum
2545 2894 2560 2928 :
2595 2876 2692 2930 hoc
2707 2887 2788 2930 est
2813 2877 2951 2930 enim
2981 2877 3247 2930 declinare
3263 2891 3289 2928 a
3317 2878 3474 2942 malo,
3501 2888 3551 2930 et
3576 2877 3755 2934 facere

2181 2965 2396 3021 bonum.
2440 2966 2507 3020 Et
2534 2967 2656 3035 quid
2705 2966 2825 3020 inde
2855 2966 3080 3029 habebo,
3125 2966 3360 3020 dicturus
3384 2969 3479 3022 es?
3507 2967 3622 3021 Jam
3657 2969 3750 3022 tibi

2179 3056 2567 3110 commendavit
2593 3057 2678 3110 ille
2705 3071 2861 3126 quem
2894 3055 3103 3109 feneras
3127 3097 3142 3119 ,
3173 3055 3298 3126 quid
3331 3057 3420 3108 tibi
3451 3055 3632 3110 dabit:
3667 3059 3749 3110 vi-

2180 3156 2284 3201 tam
2323 3156 2572 3201 aeternam
2603 3147 2745 3201 dabit
2791 3146 2916 3209 tibi;
2949 3146 3013 3200 da
3061 3147 3132 3200 illi
3178 3161 3414 3200 securus.
3451 3146 3588 3202 Audi
3615 3135 3669 3201 et
3697 3147 3751 3201 id

2179 3237 2317 3307 quod
2343 3238 2579 3306 sequitur
2607 3255 2620 3290 :
2653 3235 2861 3290 Declina
2885 3237 3091 3300 amulo,
3133 3246 3178 3289 et
3208 3237 3288 3306 fac
3331 3238 3544 3302 bonum;
3589 3248 3633 3290 et
3671 3239 3755 3290 iu-

2179 3330 2349 3382 habita
2375 3331 2426 3382 in
2452 3330 2637 3382 stecula
2673 3329 2990 3382 stet-alarum.
3035 3329 3097 3382 Et
3125 3331 3231 3382 noli
3261 3341 3445 3399 putare
3482 3345 3600 3383 cum
3631 3329 3748 3391 das,

2177 3420 2318 3490 quod
2369 3435 2524 3473 nemo
2573 3432 2622 3474 te
2676 3421 2881 3484 videat;
2923 3428 3013 3473 aut
3072 3421 3191 3488 quia
3246 3421 3443 3474 deserit
3490 3429 3541 3475 te
3587 3421 3751 3484 Dens,

2178 3510 2386 3576 quando
2417 3509 2550 3564 forte
2588 3509 2799 3563 dederis
2831 3509 3066 3578 pauperi,
3113 3519 3167 3563 et
3209 3521 3549 3564 consecutum
3592 3510 3753 3566 fuerit

2178 3602 2392 3671 aliquod
2435 3603 2705 3666 damnum,
2739 3613 2829 3654 aut
2870 3603 3044 3670 aliqua
3077 3602 3286 3656 tristitia
3316 3605 3391 3657 rei
3421 3605 3654 3667 amissar,
3695 3616 3755 3660 et

2179 3693 2321 3747 dicas
2379 3693 2465 3746 tibi
2515 3711 2528 3746 :
2581 3692 2715 3759 Quid
2760 3691 2953 3760 profuit
2996 3693 3128 3744 bona
3175 3707 3261 3746 me
3311 3693 3496 3748 fecisse
3548 3696 3753 3762 opera?

2180 3783 2313 3838 Puto
2372 3798 2476 3836 non
2544 3791 2684 3836 :unat
2743 3783 2880 3837 Deus
2947 3783 3185 3836 homines
3243 3785 3329 3852 qui
3391 3783 3749 3839 benefaciunt.

2179 3876 2329 3931 Unde
2356 3877 2452 3929 ista
2480 3886 2650 3929 vestra
2681 3874 3145 3944 subtnurnmratio,
3180 3875 3318 3927 unde
3349 3875 3446 3928 iste
3471 3877 3750 3944 strepitus,

2179 3969 2280 4022 nisi
2325 3969 2446 4036 quia
2494 3967 2760 4021 abundant
2803 3967 2917 4019 ista:
2962 3966 3147 4019 voces?
3194 3964 3562 4034 Unusquisque
3590 3965 3753 4020 modo

2178 4059 2447 4128 cognoscit
2475 4057 2569 4113 bas
2595 4071 2774 4121 voces,
2804 4063 2895 4108 aut
2921 4055 2970 4108 in
3002 4071 3094 4109 ore
3122 4071 3238 4120 suo,
3275 4068 3364 4108 aut
3392 4056 3443 4109 in
3469 4072 3564 4111 ore
3589 4057 3751 4112 vicini

2178 4151 2292 4215 sui,
2340 4160 2430 4202 aut
2469 4151 2519 4202 in
2572 4163 2666 4202 ore
2716 4146 2870 4200 amici
2915 4146 3018 4199 sui.
3077 4146 3252 4198 Deleat
3290 4146 3406 4198 illas
3454 4147 3631 4211 Dens,
3689 4156 3750 4200 et

2179 4241 2431 4308 exstirpet
2448 4238 2625 4306 spinas
2649 4237 2715 4290 de
2737 4251 2863 4303 agro
2891 4250 2986 4287 suo
3014 4253 3026 4288 :
3062 4235 3258 4304 plantet
3298 4233 3498 4303 frugem
3533 4236 3751 4301 bonam,
3771 4298 3785 4314 ο

2178 4341 2232 4385 et
2254 4331 2494 4384 arborem
2539 4327 2877 4382 ft'nctiteratn.
2909 4325 3044 4393 Quid
3071 4326 3210 4379 enim
3235 4328 3576 4379 centristatus
3605 4342 3685 4388 es.
3714 4345 3753 4379 ο

2179 4424 2359 4487 homo,
2386 4423 2506 4491 quia
2535 4420 2722 4474 dedisti
2754 4419 2988 4488 pauperi,
3011 4427 3064 4472 et
3087 4419 3184 4471 alia
3214 4418 3525 4487 perdidiSti?
3561 4418 3755 4474 Nonne

2180 4515 2326 4569 vides
2345 4513 2465 4583 quia
2497 4511 2768 4581 perdidisti
2797 4509 2933 4580 quod
2959 4527 3060 4562 non
3084 4508 3312 4562 dedisti?
3338 4508 3512 4575 Quare
3537 4525 3642 4562 non
3665 4524 3757 4563 ro-

2179 4608 2339 4678 spicis
2365 4605 2430 4658 ad
2459 4605 2622 4658 Deum
2655 4603 2839 4657 tuum?
2887 4601 2981 4655 libi
3013 4609 3094 4652 est
3130 4599 3260 4652 fides
3280 4600 3303 4652 ’ἔ
3327 4615 3490 4668 quare
3518 4600 3595 4652 sic
3620 4600 3753 4653 dur-

2180 4699 2312 4751 tnit?
2342 4697 2522 4750 Excita
2554 4696 2694 4749 illam
2726 4695 2775 4746 in
2813 4693 2970 4747 corde
3000 4700 3108 4744 tuo.
3142 4691 3368 4745 Attende
3389 4691 3513 4759 quiti
3543 4691 3637 4744 tibi
3665 4693 3753 4745 di-

2179 4790 2317 4844 xerit
2360 4790 2471 4856 ipse
2507 4789 2778 4848 Dominus,
2826 4785 3036 4853 quando
3067 4793 3119 4838 te
3145 4783 3209 4836 ad
3257 4783 3556 4851 huiusmodi
3584 4799 3753 4852 opera

2180 4883 2314 4935 bona
2343 4882 2722 4936 exhortabatur
2764 4897 2776 4929 :
2813 4877 2985 4930 Facite
3015 4877 3149 4929 vobis
3175 4877 3398 4928 sacculos
3425 4893 3524 4929 non
3559 4888 3758 4930 vetera—

2180 4983 2390 5031 scentes,
2424 4972 2705 5023 thesaurum
2731 4985 2826 5020 non
2849 4968 3157 5035 deﬁcientem
3181 4968 3230 5019 in
3252 4966 3406 5028 caelis,
3428 4984 3524 5034 quo
3547 4973 3632 5035 fur
3649 4985 3755 5022 non

2180 5065 2368 5116 accedit
2395 5063 2539 5130 (Luc.
2568 5077 2661 5123 xu,
2685 5057 2794 5127 55).
2846 5059 2955 5110 lloe
2981 5073 3106 5127 ergo
3133 5072 3506 5119 commemora,
3537 5060 3754 5126 quandc

2180 5153 2387 5226 plangis
2418 5154 2467 5205 in
2494 5151 2708 5204 damno.
2757 5148 2890 5215 Quid
2934 5147 3109 5215 ploras
3136 5145 3292 5198 stulte
3324 5145 3469 5213 parvi
3503 5145 3518 5175 ¹
3549 5147 3756 5206 cordis,

2181 5255 2273 5300 aut
2291 5261 2392 5298 non
2421 5244 2532 5296 sani
2563 5241 2768 5295 cordis?
2795 5241 2965 5305 Quare
3006 5236 3294 5306 perdidisti,
3330 5237 3425 5286 nisi
3456 5235 3576 5303 quia
3621 5236 3758 5290 mihi

2182 5353 2286 5391 non
2307 5332 2650 5390 commodasn
2672 5331 2730 5383 '?
2753 5330 2926 5396 Quare
2955 5325 3263 5396 perdidisti?
3287 5325 3414 5390 Quis
3443 5325 3531 5378 tibi
3562 5325 3760 5379 abstu-

2183 5430 2274 5483 lit?
2299 5422 2699 5496 ReSpondebis:
2730 5421 2856 5474 Fur.
2888 5419 3073 5474 Nonne.
3104 5419 3203 5470 hoc
3223 5427 3272 5469 te
3303 5429 3755 5484 pra-monuerant,

2185 5538 2251 5575 ne
2281 5520 2349 5574 ibi
2375 5532 2598 5587 poncrcs
2619 5529 2724 5583 quo
2748 5512 2830 5565 tur
2859 5521 3036 5578 posset
3053 5506 3304 5564 accedere
3324 5505 3347 5557 ?
3371 5505 3422 5560 Si
3449 5520 3575 5574 ergo
3603 5505 3764 5563 dolet

2246 5657 2262 5686 ²
2291 5653 2362 5701 Sic
2383 5657 2486 5700 Mss.
2515 5657 2565 5696 At
2587 5644 2718 5701 ΗΜ,
2742 5638 2896 5711 ργανῆ
2974 5702 2982 5711 ⁹

2250 5718 2270 5748 ²
2292 5722 2480 5775 Septem
2505 5718 2624 5767 Mss,
2652 5707 3001 5755 cmmnmdcstt.
