3972 6198
220 301 324 355 389

215 417 306 486 qui
341 417 594 486 perdidit,
627 417 727 474 hoc
749 417 943 480 doleat,
974 417 1090 489 quia
1121 435 1223 472 non
1249 419 1316 472 ibi
1342 420 1514 488 posuit
1541 418 1678 472 unde
1696 434 1786 489 pe-

217 509 326 559 rire
356 523 460 558 non
491 509 676 575 potuit.

286 597 336 651 9.
382 596 532 669 irem.
559 599 676 672 ‘28.]
719 602 965 668 Quoniam
1010 600 1253 655 Dominus
1279 614 1411 654 amat
1441 602 1710 673 judicium,
1741 611 1787 657 et

214 707 314 742 non
337 691 642 758 derclinquet
673 707 868 749 sanctos
888 713 1022 749 suos.
1046 695 1265 760 Quando
1291 697 1559 764 patiuntur
1580 697 1785 753 labores

210 781 404 839 sancti.
439 783 601 836 nolite
634 795 818 852 putare
847 787 964 854 quia
998 802 1100 839 non
1131 786 1327 854 jndicat
1365 788 1519 851 Deus,
1552 797 1644 841 aut
1669 803 1785 856 per-

213 886 366 925 verse
387 871 608 938 iudicat.
641 875 736 941 Qui
763 885 811 929 te
839 887 1016 931 monet
1040 879 1250 946 ntjuste
1269 877 1495 945 iudices,
1526 879 1637 948 ipse
1663 895 1783 946 per-

211 974 364 1014 verse
382 961 712 1029 judicatnrus
739 967 861 1020 est?
889 966 1033 1020 Amat
1056 968 1142 1022 ille
1161 969 1434 1038 judicium,
1457 981 1624 1023 etnon
1645 973 1785 1024 dere-

211 1051 402 1117 linquet
441 1065 639 1108 sanctos
672 1073 806 1110 suos.
849 1057 949 1112 Sed
982 1074 1086 1128 quo
1125 1060 1282 1114 modo
1320 1061 1388 1114 sit
1417 1062 1432 1092 ¹
1479 1062 1782 1115 abscondita

210 1143 348 1209 apud
398 1144 548 1197 illum
579 1147 679 1198 vita
710 1159 1036 1213 sanctorum,
1068 1159 1123 1203 ut
1165 1151 1253 1221 qui
1281 1152 1436 1205 modo
1459 1153 1704 1206 laborant
1733 1153 1782 1206 in

214 1245 371 1299 terra,
423 1237 574 1302 quasi
612 1249 848 1307 tempore
895 1241 1083 1295 hiemis
1120 1243 1336 1297 arbores
1382 1258 1484 1296 non
1530 1243 1784 1298 habentes

213 1323 436 1378 fructum
470 1336 524 1380 et
568 1328 684 1382 folia
707 1372 721 1392 ,
765 1331 855 1386 illo
891 1343 1177 1400 apparente
1223 1341 1468 1404 tanquam
1501 1347 1636 1388 novo
1673 1334 1783 1388 sole

215 1424 416 1480 exorto,
447 1417 572 1470 illud
591 1419 728 1486 quod
759 1421 808 1474 in
836 1423 1009 1478 radice
1027 1425 1252 1492 vivebat,
1280 1426 1329 1478 in
1353 1421 1606 1478 fructibus
1621 1439 1783 1494 appa-

215 1515 337 1558 reat.
360 1506 518 1558 Amat
540 1524 664 1577 ergo
692 1509 776 1564 ille
785 1511 1058 1578 judicium,
1083 1522 1127 1565 et
1146 1530 1243 1566 non
1266 1513 1568 1584 derelinquet
1588 1525 1782 1567 sanctos

217 1612 342 1648 suos.
362 1596 469 1650 Sed
501 1598 702 1652 laborat
727 1615 940 1655 sanctus
967 1603 1020 1656 in
1049 1604 1215 1658 latine?
1241 1604 1354 1658 Non
1379 1606 1522 1660 illum
1547 1607 1782 1660 derelin-

221 1698 333 1754 quet
353 1687 492 1747 Deus
518 1708 529 1741 :
557 1689 1004 1760 ﬂagellatomnem
1025 1695 1204 1760 lilium,
1223 1711 1376 1764 quem
1395 1697 1577 1766 recipit
1594 1699 1610 1765 (
1628 1696 1779 1750 Hebr.

220 1791 298 1838 xu,
321 1777 397 1849 6).
422 1780 730 1835 Contemnis
753 1783 896 1837 illum
923 1785 1130 1854 quando
1147 1784 1458 1856 ﬂagellatur,
1478 1788 1782 1855 expavescis

216 1871 412 1937 quando
439 1872 656 1925 ditatur.
691 1873 993 1931 Uudeeuint
1013 1878 1338 1948 ﬂagellatur?
1359 1879 1627 1933 Pressuris
1651 1889 1782 1932 tem-

215 1964 494 2030 poralibus.
510 1966 730 2031 Quando
743 1968 1028 2023 dilabitur?
1043 1970 1263 2036 Quando
1278 1971 1475 2036 audiet,
1505 1969 1692 2025 Venite.
1709 1971 1782 2022 bc-

212 2055 386 2108 uedicti
409 2056 580 2109 Patris
601 2061 712 2123 mei,
735 2062 973 2130 percipite
989 2079 1213 2132 regnum,
1235 2064 1370 2134 quod
1388 2064 1521 2117 vobis
1548 2075 1781 2132 paratum
1823 2056 1827 2058 ’

211 2157 274 2199 ρει
301 2148 363 2199 ab
393 2149 538 2202 initio
566 2152 758 2204 mundi.
803 2152 918 2207 Noli
949 2169 1075 2223 ergo
1104 2155 1248 2225 piger
1269 2170 1387 2210 esse
1413 2155 1698 2225 ﬂagellari,
1726 2165 1782 2210 ut

209 2238 276 2290 sis
298 2239 440 2294 inter
461 2255 554 2294 eos
574 2243 660 2310 qui
680 2252 950 2297 merentur
971 2245 1151 2314 recipi.
1176 2245 1350 2315 Usque
1377 2245 1510 2300 adeo
1532 2246 1619 2299 ille
1639 2256 1780 2300 amat

205 2331 480 2398 judicium,
506 2343 562 2386 ut
600 2351 702 2387 non
733 2335 1060 2406 derelinquat
1087 2340 1106 2368 '
1133 2347 1365 2398 sanctos,
1397 2353 1528 2406 quos
1553 2337 1781 2408 ﬂagellat

209 2420 268 2474 ad
295 2431 525 2490 tempus.
551 2424 612 2476 Et
640 2425 886 2494 quoniam
916 2427 1144 2496 ﬂagellat
1169 2444 1378 2482 onmem
1409 2429 1592 2492 lilium,
1624 2445 1777 2497 quem

207 2515 412 2584 recipit,
452 2531 550 2569 nec
593 2515 753 2571 llnieo
782 2519 1040 2587 pepercit,
1068 2520 1118 2573 in
1150 2527 1261 2588 quo
1281 2519 1532 2574 delictum
1561 2535 1664 2573 non
1695 2519 1776 2573 in-

207 2607 362 2658 venit.
400 2607 651 2672 Quoniam
678 2609 921 2664 Dominus
945 2624 1079 2664 amat
1099 2613 1370 2680 judicium,
1417 2624 1462 2666 et
1501 2631 1597 2667 non
1635 2613 1775 2667 dere-

207 2697 388 2766 linquet
437 2710 636 2752 sanctos
669 2716 804 2754 suos.
836 2701 968 2766 Quia
1009 2718 1134 2772 ergo
1171 2719 1393 2758 noneos
1431 2705 1775 2774 derelinquet,

209 2784 339 2840 forte
366 2785 470 2840 hoc
493 2789 572 2841 eis
601 2789 742 2843 dabit
771 2791 911 2860 quod
941 2791 1204 2861 hic_atnas
1229 2835 1245 2859 ,
1287 2793 1480 2848 multos
1508 2809 1676 2847 annos
1705 2794 1782 2846 vi-

208 2892 363 2944 vi-re,
395 2882 719 2935 senescere?
760 2881 874 2936 Non
919 2883 1148 2938 attendis
1190 2884 1312 2953 quia
1357 2884 1402 2938 si
1449 2894 1777 2938 senettntetu

207 2977 352 3034 optas
373 2971 580 3035 venire,
612 2971 746 3027 hanc
775 2983 930 3042 Optas
955 2975 1021 3029 de
1046 2990 1148 3044 qua
1177 2992 1298 3030 cum
1326 2976 1528 3030 venerit
1549 2991 1781 3045 conque-

208 3059 359 3113 raris.
384 3059 505 3114 Non
551 3060 640 3115 tibi
689 3078 814 3132 ergo
843 3063 981 3118 dicat
1011 3065 1207 3129 anima,
1257 3065 1341 3120 vel
1385 3065 1540 3129 mala,
1583 3066 1665 3118 vel
1703 3066 1781 3120 in-

210 3150 371 3215 lirtna,
401 3152 484 3204 vel
536 3153 745 3220 parvula
789 3172 804 3208 :
852 3155 1126 3220 Quomodo
1157 3173 1337 3211 verum
1386 3167 1488 3221 est,
1534 3156 1781 3213 Dominus

209 3253 338 3294 autat
353 3243 634 3310 judicium,
655 3255 701 3298 et
730 3264 828 3300 non
855 3249 1158 3319 derelinquet
1181 3261 1380 3304 sanctos
1399 3253 1555 3306 suos?
1576 3253 1780 3306 Revera

211 3349 308 3386 non
336 3333 623 3404 dereliquit
665 3345 770 3389 tres
801 3353 992 3406 pueros
1031 3340 1081 3392 in
1108 3341 1316 3395 camino
1346 3341 1638 3407 laudantes,
1675 3359 1780 3398 non

210 3440 299 3480 eos
326 3427 501 3497 tetigit
533 3428 664 3496 ignis
703 3429 863 3498 (Dan.
906 3447 984 3497 tu,
1024 3431 1114 3503 50)
1141 3451 1156 3488 τ
1189 3434 1442 3503 numquid
1469 3436 1636 3490 sancti
1665 3439 1780 3506 ejus

211 3516 486 3572 Dtachabmi
514 3535 616 3572 non
639 3530 808 3586 erant,
838 3523 922 3590 qui
954 3523 1004 3575 in
1035 3523 1242 3592 ignibus
1267 3524 1576 3580 defecerunt
1598 3541 1778 3591 carne,

212 3621 309 3660 non
339 3609 443 3662 lide
474 3605 538 3679 (ll
571 3607 744 3665 Maeli.
771 3628 860 3675 vn,
891 3613 986 3683 7)?
1012 3612 1115 3668 Sed
1157 3613 1278 3679 hoc,
1307 3615 1502 3685 inquis,
1527 3616 1780 3683 majorem

209 3699 551 3765 quaestionem
585 3699 776 3779 habet,
803 3702 922 3771 quia
950 3718 1067 3757 cum
1112 3704 1214 3759 lide
1240 3705 1308 3759 illi
1339 3721 1440 3758 non
1468 3706 1777 3770 defecerint,

212 3787 296 3842 ille
321 3788 438 3843 illos
463 3789 822 3858 dereliquerit.
847 3793 979 3848 Audi
1005 3795 1143 3864 quod
1175 3797 1443 3866 sequitur:
1466 3796 1528 3850 In
1545 3809 1781 3852 teternum

208 3882 644 3936 :ousaeabuntur.
668 3882 746 3938 Tu
773 3900 964 3954 paucos
989 3902 1157 3941 annos
1180 3889 1257 3943 eis
1286 3889 1524 3957 optabas,
1554 3873 1685 3958 quos
1705 3891 1783 3943 eis

213 3975 251 4024 si
288 3973 438 4028 daret
482 3975 758 4041 Dominus,
805 3993 908 4030 non
956 3976 1347 4048 derelinqueret
1387 3988 1595 4032 sanctos
1633 3996 1778 4034 suos.

215 4063 494 4121 Visibiliter
536 4083 642 4119 non
691 4065 971 4137 dereliquit
1009 4077 1116 4122 tres
1166 4084 1394 4138 pueros.
1435 4070 1638 4124 occulte
1677 4086 1782 4125 non

210 4156 491 4226 dereliquit
556 4157 881 4212 Machabams
942 4177 955 4212 :
1021 4159 1126 4213 illis
1183 4161 1340 4213 etiam
1406 4161 1553 4215 dedit
1623 4163 1781 4215 vitam

211 4249 552 4316 temporalem
598 4248 662 4302 ad
704 4249 1100 4305 conluudendos
1144 4252 1416 4319 inﬁdeles;
1451 4252 1569 4309 illos
1607 4265 1782 4310 autem

211 4337 409 4392 occulte
466 4339 738 4392 coronavit
781 4338 847 4393 ad
893 4340 1228 4409 judicandam
1290 4343 1612 4413 impietatem
1666 4361 1786 4414 pit-r-

209 4428 463 4481 serutoris
505 4446 518 4479 :
561 4445 658 4483 nec
723 4430 839 4485 illos
889 4441 1060 4486 tamen
1091 4474 1108 4500 ,
1152 4449 1248 4487 nec
1292 4434 1409 4490 illos
1465 4436 1780 4506 dereliquit,

209 4519 296 4587 qui
323 4537 420 4575 non
451 4522 757 4591 derelinquet
782 4536 980 4578 sanctos
1009 4542 1147 4580 suos.
1172 4526 1239 4580 Et
1267 4527 1392 4582 nihil
1421 4544 1664 4598 magnum
1695 4545 1786 4585 ac-

207 4626 459 4682 ceperunt
487 4625 596 4669 tres
623 4617 789 4684 pueri,
825 4617 868 4671 si
901 4634 1004 4672 non
1033 4619 1084 4672 in
1114 4629 1371 4674 aeternum
1400 4636 1786 4677 conservaren-

207 4717 315 4758 tur.
345 4706 406 4760 ln
434 4718 674 4760 internum
695 4710 1129 4762 conservabuntur.

281 4797 364 4852 10.
411 4796 594 4868 lnjusti
617 4808 782 4849 autent
811 4799 1093 4867 punientur,
1123 4809 1170 4852 et
1185 4816 1348 4853 semen
1374 4801 1639 4869 impiorum
1666 4819 1779 4869 per-

204 4887 320 4940 ibit.
347 4886 626 4954 Quomodo
665 4902 844 4942 semen
887 4889 1022 4943 illius
1056 4889 1105 4943 iu
1152 4890 1516 4944 benedictione
1543 4898 1675 4953 erit,
1706 4893 1783 4947 sic

204 4994 371 5032 semen
396 4980 665 5046 impiorum
687 4980 880 5048 peribit.
910 4979 1100 5035 Semen
1131 4983 1271 5035 enim
1295 4982 1594 5051 impiorum,
1623 4998 1779 5052 opera

205 5071 510 5138 impiorum.
534 5069 663 5124 Nam
684 5072 975 5126 invenimus
998 5089 1206 5128 rursum
1232 5075 1393 5128 lilium
1418 5075 1560 5144 impii
1585 5076 1775 5131 ﬂorere

203 5167 254 5217 iu
293 5162 520 5227 saeculo,
564 5173 617 5216 et
664 5163 944 5232 aliquando
988 5164 1100 5218 ﬁeri
1132 5165 1352 5233 justum,
1397 5177 1450 5220 et
1496 5166 1684 5241 ﬂorere
1728 5167 1778 5221 in

199 5253 440 5306 tihristo.
472 5253 605 5308 Vide
629 5270 757 5322 ergo
781 5254 1043 5324 quomodo
1071 5258 1316 5325 accipias,
1346 5267 1403 5310 ut
1431 5266 1622 5312 lectum
1655 5275 1780 5327 ape-

201 5348 332 5406 rias,
362 5357 417 5400 et
442 5344 507 5398 ad
538 5345 804 5400 Christum
836 5347 1108 5414 pervenias
1141 5364 1153 5400 :
1198 5349 1305 5402 noli
1335 5350 1636 5414 carnaliter,
1661 5366 1780 5403 nam

200 5435 510 5511 decipieris.
535 5436 635 5492 Sed
663 5451 844 5490 semen
876 5437 1175 5504 impiorum,
1204 5441 1376 5492 omnia
1400 5455 1557 5508 Opera
1591 5442 1780 5508 impio-

203 5542 323 5578 nnn
377 5527 641 5594 peribunt,
699 5527 921 5580 fructum
968 5544 1070 5580 non
1109 5527 1413 5584 habebunt:
1471 5531 1534 5585 ad
1577 5513 1780 5599 teman

273 5643 290 5668 ι
318 5641 388 5687 sic
411 5646 515 5688 MSS.
545 5646 597 5688 Αι
612 5638 741 5688 Edd.:
759 5639 849 5690 sed
872 5638 1106 5704 quomodo
1121 5639 1144 5691 ?
1158 5639 1232 5692 sic
1253 5640 1526 5694 abscondita
1547 5651 1616 5694 est
1630 5645 1776 5707 apud,

206 5709 309 5749 etc.

272 5763 294 5792 ι
312 5768 416 5811 Mss.
438 5760 740 5822 derelinquit.

1309 301 1700 359 ENARRATIO
1739 303 1802 358 IN
1842 301 2160 358 PSALMUM
2201 298 2437 359 XXXVI.

3357 323 3460 378 35m

1896 417 2036 471 enim
2063 418 2256 487 aliquid
2279 420 2482 484 valent;
2511 431 2689 490 postea
2715 437 2972 494 qumrent,
2997 441 3050 484 et
3069 411 3170 486 non
3190 435 3460 493 invenient
3520 493 3524 498 ,

1851 507 2030 580 .quod
2078 509 2274 577 operati
2325 521 2469 567 sunt.
2526 512 2654 566 Nam
2703 517 3029 583 perdentium
3071 524 3209 590 quod
3255 531 3456 595 operati
3515 503 3526 532 ³

1891 610 2034 665 sunt,
2082 614 2179 652 vox
2219 601 2320 655 erit
2348 601 2429 653 illa
2461 619 2473 655 :
2522 604 2654 668 Quid
2683 607 2819 660 nobis
2845 609 3031 677 profuit
3064 617 3317 682 superbia,
3369 632 3457 674 aut

1888 688 2010 756 quid
2058 687 2337 742 divitiarum
2389 693 2600 760 jactatio
2643 698 2850 750 contulit
2907 700 3087 755 nobis?
3136 703 3455 764 Transierunt

1891 782 2058 833 omnia
2085 781 2172 834 illa
2194 793 2425 852 tanquam
2452 787 2624 840 umbra
2645 788 2792 860 (Snp.
2823 807 2876 859 v,
2907 793 2985 864 8).
3016 795 3154 866 Ergo
3178 816 3341 855 semen
3360 805 3451 856 int-

1891 873 2086 940 piorum
2112 873 2304 940 peribit.
3492 949 3498 964 ‘

1961 965 2046 1019 ll.
2090 964 2236 1037 [vero
2263 967 2375 1040 29.]
2405 967 2540 1023 Justi
2569 972 2854 1028 hwreditate
2893 979 3208 1044 possidebunt
3250 993 3452 1041 terram.
3491 967 3496 974 ⁸

1889 1054 2091 1109 Rursus
2119 1058 2335 1111 avaritia
2366 1074 2467 1114 non
2497 1062 2766 1130 sobrepat,
2792 1081 2889 1120 nec
2913 1069 3000 1120 tibi
3021 1071 3242 1139 aliquam
3277 1077 3450 1130 villam

1891 1162 2128 1216 magna-it
2162 1151 2448 1216 promittat,
2491 1168 2557 1206 ne
2583 1155 2720 1223 quod
2759 1156 2842 1210 hic
2862 1157 3064 1225 juberis
3089 1175 3450 1233 contemnere,

1891 1237 1958 1290 ibi
1987 1254 2186 1306 speres.
2224 1241 2382 1295 Terra
2423 1253 2506 1296 est
2539 1247 2776 1312 qua-dam
2815 1249 2898 1302 illa
2940 1252 3200 1318 vivorum.
3235 1274 3449 1328 regnum

1888 1338 2208 1383 sanctorum.
2239 1330 2386 1386 Unde
2411 1333 2619 1398 dicitur,
2655 1337 2782 1403 Spes
2821 1357 2928 1392 mea
2955 1359 3005 1395 es
3042 1354 3115 1409 tu,
3161 1351 3323 1416 portio
3346 1369 3456 1405 mea

1887 1417 1938 1470 in
1968 1427 2098 1470 terra
2117 1420 2332 1473 vivorum
2361 1421 2694 1492 (P80LCXLI,
2725 1428 2800 1498 6).
2832 1429 2960 1484 Nam
2988 1444 3041 1486 et
3065 1436 3108 1487 si
3137 1438 3240 1490 vita
3263 1447 3346 1493 tua
3367 1441 3452 1494 illa

1887 1519 1987 1571 est,
2035 1509 2264 1580 intellige
2293 1513 2498 1580 qualem
2545 1525 2734 1571 terram
2779 1533 3088 1592 accepturus
3126 1526 3217 1580 sis.
3256 1527 3344 1581 llla
3374 1541 3456 1584 est

1888 1605 2025 1650 terra
2066 1599 2349 1654 viventium
2382 1620 2395 1654 :
2445 1603 2555 1658 brec
2584 1615 2664 1660 est
2693 1618 2864 1662 autem
2909 1620 3046 1667 terra
3094 1617 3450 1687 morientium,

1885 1696 2156 1756 receptura
2205 1701 2440 1746 mortuos
2483 1710 2614 1763 quos
2662 1700 2875 1753 nutrivit
2914 1703 3078 1759 vivos.
3117 1707 3294 1773 Qualis
3327 1726 3454 1780 ergo

1885 1776 1972 1830 illa
2017 1788 2176 1846 terra,
2217 1781 2335 1834 talis
2370 1793 2424 1836 et
2462 1785 2573 1853 ipsa
2604 1787 2744 1840 vita:
2789 1791 2832 1843 si
2867 1803 3060 1847 arterna
3097 1799 3222 1860 vita,
3255 1776 3452 1855 aeterna

1886 1876 2045 1922 terra.
2092 1871 2158 1925 Et
2184 1875 2446 1942 quomodo
2487 1886 2684 1944 .reterna
2725 1884 2902 1936 terra?
2934 1884 2998 1938 Et
3024 1888 3367 1946 inhabitabant
3400 1895 3451 1948 in

1882 1965 2122 2018 saeculum
2145 1969 2316 2022 δαναιιὶ
2338 1987 2488 2039 super
2505 1989 2636 2028 eam.
2665 1975 2776 2028 Alia
2804 1991 2929 2046 ergo
2957 1988 3091 2034 terra
3124 1983 3224 2036 erit
3247 1984 3340 2050 ubi
3371 1987 3453 2040 in-

1884 2055 2235 2117 habitabimus
2274 2064 2324 2117 in
2353 2067 2598 2120 sazcnlum
2635 2071 2834 2125 sreculi.
2873 2073 3000 2127 Nam
3031 2075 3097 2130 de
3129 2077 3221 2130 ista
3249 2078 3449 2136 dictum

1881 2156 1965 2202 est
1993 2165 2007 2202 τ
2037 2149 2224 2205 Caelum
2247 2164 2291 2206 et
2321 2165 2453 2208 terra
2484 2159 2760 2214 transibunt
2783 2161 2992 2231 (Matth.
3026 2181 3173 2233 xxw,
3201 2171 3313 2239 '55).

1956 2240 2040 2294 12.
2083 2241 2226 2314 [vers
2260 2245 2467 2319 50-52.]
2519 2249 2589 2302 Us
2607 2252 2739 2320 justi
2766 2254 3084 2309 meditabitur
3131 2260 3445 2327 sapientiam.

1885 2331 2018 2386 Ecce
2053 2333 2142 2387 ille
2171 2345 2252 2389 est
2289 2337 2436 2405 panis
2467 2357 2481 2393 :
2511 2339 2682 2394 videte
2716 2359 2870 2412 quam
2909 2345 3132 2402 libenter
3169 2351 3450 2422 manducet

1876 2423 2048 2491 jttslus
2071 2428 2186 2490 iste,
2216 2432 2480 2499 quomodo
2507 2437 2746 2488 versetin
2773 2453 2867 2492 ore
2892 2454 2988 2492 suo
3017 2443 3345 2509 sapientiam.
3375 2444 3445 2499 Et

1882 2515 2053 2587 lingua
2097 2520 2204 2589 ejus
2239 2520 2466 2591 loquetur
2485 2525 2756 2594 judicium.
2803 2526 2907 2582 Lex
2941 2529 3035 2583 Dei
3069 2531 3177 2601 ejus
3210 2533 3260 2586 in
3298 2535 3450 2590 corde

1881 2605 2054 2674 ipsius.
2094 2608 2170 2663 Ne
2215 2609 2346 2666 forte
2396 2623 2606 2680 putares
2637 2631 2755 2669 eum
2806 2617 2857 2671 in
2885 2633 2978 2673 ore
3007 2619 3199 2676 habere
3224 2623 3362 2691 quod
3393 2625 3446 2680 in

1881 2697 2039 2752 corde
2061 2715 2160 2752 non
2186 2701 2378 2756 habet:
2407 2719 2472 2757 ne
2502 2703 2634 2758 forte
2663 2717 2997 2774 compntares
3025 2725 3144 2771 eum
3174 2728 3292 2766 cum
3322 2714 3442 2782 illis,

1879 2788 1946 2841 de
1970 2789 2160 2856 quibus
2199 2790 2394 2844 dictum
2427 2802 2505 2847 est
2527 2834 2543 2858 ,
2577 2795 2801 2864 Populus
2827 2799 2907 2850 ltic
2936 2800 3079 2854 labiis
3107 2819 3184 2855 me
3209 2803 3444 2872 honorat,

1881 2894 1966 2930 cor
1985 2889 2148 2930 autent
2175 2896 2344 2934 eorum
2369 2883 2596 2953 longeest
2611 2904 2642 2938 a
2661 2903 2738 2938 me
2763 2887 2910 2957 (Isai.
2943 2907 3094 2956 XXIX,
3118 2894 3207 2964 13)
3229 2911 3240 2946 :
3264 2894 3328 2948 Et
3349 2894 3450 2949 liu-

1881 2984 1980 3039 gua
1997 2971 2104 3038 ejus
2126 2971 2353 3038 loquetur
2362 2975 2632 3042 judicium.
2659 2976 2765 3030 Lex
2785 2977 2881 3032 Dci
2897 2981 3004 3050 ejus
3023 2983 3074 3035 in
3096 2985 3244 3038 corde
3267 2987 3446 3056 ipsius.

1881 3057 1946 3112 Et
1985 3060 2105 3128 quid
2144 3061 2215 3114 illi
2257 3064 2516 3131 prodest?
2545 3064 2610 3118 Et
2639 3085 2736 3121 non
2765 3072 3219 3140 snpplantabuntur
3246 3093 3447 3146 gressus

1882 3151 2007 3221 ejus.
2043 3151 2302 3206 Liberata
2332 3155 2519 3224 laqueo
2542 3157 2759 3212 verbum
2789 3161 2878 3214 Dei
2912 3163 2960 3216 in
2987 3163 3166 3229 corde,
3195 3167 3385 3222 liberat
3413 3185 3446 3226 a

1885 3243 1968 3296 via
2019 3259 2172 3312 prava
2229 3247 2445 3302 verbum
2496 3249 2586 3302 Dei
2631 3251 2682 3305 in
2718 3252 2897 3320 corde,
2945 3255 3131 3311 liberat
3167 3274 3194 3310 a
3227 3259 3399 3316 labiua
3428 3264 3446 3296 ί

1883 3334 2098 3387 verbum
2130 3335 2220 3389 Dei
2249 3337 2297 3390 in
2328 3338 2505 3394 corde.
2545 3340 2740 3395 Tecum
2777 3353 2880 3409 est,
2921 3347 3073 3414 cujus
3094 3349 3313 3405 verbum
3338 3367 3367 3407 a
3395 3361 3450 3410 te

1884 3437 1986 3476 non
2016 3423 2235 3478 recedit.
2279 3426 2412 3492 Quid
2445 3439 2622 3485 autem
2669 3432 2791 3487 mali
2825 3436 3016 3503 patitur
3039 3453 3193 3508 quem
3219 3443 3449 3499 custodit

1887 3514 2060 3568 Deus?
2081 3515 2360 3572 Custodem
2394 3521 2543 3589 ponis
2572 3523 2621 3576 in
2646 3525 2816 3592 vinea,
2845 3537 2898 3580 et
2917 3539 3099 3584 contra
3131 3532 3271 3587 fures
3291 3549 3447 3589 secu-

1883 3619 1974 3670 rus
1993 3619 2089 3670 es;
2131 3615 2183 3660 et
2211 3619 2379 3676 potest
2407 3611 2639 3667 dormire
2662 3624 2838 3669 custos
2864 3617 2970 3681 ille,
3001 3630 3053 3672 et
3092 3623 3202 3690 ipse
3232 3624 3444 3692 cadere,

1884 3703 1939 3750 ct
1968 3696 2132 3750 furem
2157 3699 2434 3756 admittere
2466 3720 2480 3755 :
2525 3719 2627 3758 non
2657 3718 2830 3761 autem
2869 3709 3081 3774 dormit,
3121 3730 3288 3784 neque
3324 3717 3449 3772 dor-

1887 3787 2107 3852 mitabit,
2166 3791 2254 3857 qui
2298 3792 2526 3847 custodit
2558 3794 2716 3850 Israel
2748 3797 2916 3865 (Psal.
2948 3816 3075 3865 cxx,
3118 3802 3193 3872 4).
3219 3805 3326 3859 Lai:
3349 3805 3448 3862 Dei

1885 3879 1991 3945 ejus
2012 3879 2062 3931 in
2079 3879 2227 3933 corde
2245 3881 2401 3948 ipsius
2416 3898 2435 3936 :
2451 3893 2496 3936 et
2517 3901 2614 3937 non
2636 3889 3087 3956 supplantabuntur
3102 3911 3299 3961 gressus
3314 3899 3443 3966 ejus.

1889 3966 2037 4023 Vivat
2065 3986 2189 4040 ergo
2230 3987 2468 4041 securus,
2515 3984 2570 4030 et
2595 3978 2730 4032 inter
2759 3981 2922 4034 malos
2955 3983 3096 4038 vivat
3130 4002 3364 4055 securus,
3392 4001 3448 4044 et

1887 4059 2022 4114 inter
2063 4063 2252 4131 impios
2304 4065 2444 4118 vivat
2485 4081 2721 4122 securus.
2777 4071 2909 4138 Quid
2961 4075 3100 4129 enim
3143 4079 3263 4130 ntali
3301 4059 3448 4146 justo

1887 4162 2058 4221 potest
2085 4154 2272 4222 impius
2302 4167 2391 4210 aut
2421 4158 2643 4227 injustus
2671 4162 2873 4215 facere?
2909 4165 3042 4219 Ecce
3069 4167 3183 4222 vide
3208 4170 3330 4238 qttid
3359 4185 3446 4224 se-

1885 4245 2096 4312 quitur:
2137 4245 2428 4301 Considerat
2450 4263 2679 4319 peccator
2689 4253 2902 4320 justum,
2938 4265 2983 4308 et
3019 4258 3194 4326 quierit
3229 4261 3444 4328 mortiﬁ-

1885 4349 2001 4389 care
2027 4352 2156 4388 eum.
2208 4338 2342 4393 Dicit
2365 4340 2504 4393 enim
2532 4341 2667 4409 quod
2700 4343 2769 4395 in.
2797 4343 2928 4398 libro
2966 4345 3242 4415 Sapientim
3269 4350 3447 4406 dicere

1889 4426 2190 4493 praedictum
2221 4438 2304 4482 est
2335 4445 2346 4480 :
2393 4427 2568 4482 Gravis
2599 4442 2670 4484 est
2707 4433 2846 4486 nobis
2883 4436 3030 4488 etiam
3057 4437 3124 4489 ad
3159 4438 3442 4504 videndum,

1885 4520 2118 4587 quoniam
2160 4520 2414 4573 dissimilis
2446 4531 2519 4576 est
2559 4523 2672 4576 aliis
2714 4525 2813 4578 vita
2854 4527 3007 4595 ipsius
3056 4527 3206 4600 (Sap.
3240 4546 3294 4591 Il,
3334 4531 3443 4602 15).

1885 4611 2082 4676 Quaerit
2103 4626 2230 4681 ergo
2267 4613 2600 4668 mortitiCare.
2649 4615 2824 4681 Quid?
2868 4619 3117 4672 Dominus
3149 4620 3237 4689 qui
3271 4632 3448 4676 custo-

1885 4702 1981 4766 dit,
2025 4704 2111 4772 qui
2157 4719 2275 4758 cum
2305 4705 2392 4758 illo
2424 4706 2638 4770 habitat,
2687 4708 2772 4775 qui
2803 4707 2870 4761 de
2908 4722 3000 4761 ore
3038 4709 3220 4777 ipsius,
3266 4713 3354 4780 qui
3379 4712 3447 4768 de

1885 4793 2043 4847 corde
2071 4810 2172 4848 non
2206 4796 2422 4860 recedit,
2452 4796 2666 4850 dimittit
2692 4798 2857 4850 eum?
2903 4797 2998 4852 Ubi
3019 4810 3099 4852 est
3124 4802 3260 4868 quod
3291 4820 3446 4872 supc-

1886 4883 1993 4936 rins
2021 4883 2216 4938 dictum
2237 4897 2336 4945 est,
2370 4885 2432 4938 Et
2455 4903 2553 4940 non
2580 4886 2879 4955 derclinquet
2903 4898 3099 4943 sanctos
3121 4892 3273 4945 suos?

1958 4973 2039 5026 l5.
2083 4973 2228 5044 [rem
2271 4973 2384 5045 55.]
2423 4975 2581 5044 Ergo.
2633 4973 2922 5029 Considerat
2973 4989 3201 5044 peccator
3224 4983 3442 5052 justum,

1886 5075 1932 5118 et
1954 5067 2127 5134 quierit
2156 5067 2457 5133 mortiﬁcare
2481 5082 2592 5118 eum
2616 5081 2634 5118 :
2658 5064 2901 5120 Dontintts
2929 5077 3092 5120 autem
3114 5087 3211 5123 non
3233 5073 3443 5127 derelin-

1885 5167 1997 5225 quct
2023 5173 2133 5209 eum
2159 5156 2210 5208 in
2235 5157 2463 5209 manibus
2483 5137 2616 5225 ’ejus.
2650 5157 2822 5222 Quare
2849 5173 2974 5228 ergo
3001 5158 3279 5230 dereliquit
3307 5179 3446 5218 mar-

1887 5255 2028 5316 tyres
2075 5246 2125 5298 in
2175 5245 2416 5299 manibus
2469 5245 2796 5314 impiorum?
2855 5247 3026 5312 Quare
3079 5249 3312 5305 fecerunt
3345 5253 3448 5306 illis

1885 5353 2225 5406 qnmcnniqne
2267 5337 2590 5390 voluerunt?
2645 5339 2790 5393 Alios-
2831 5340 3006 5409 gladio
3048 5355 3442 5410 percusserunt,

1885 5429 2015 5482 alios
2052 5431 2444 5496 crucilixerunt,
2497 5430 2629 5486 alios
2663 5431 2844 5487 bestiis
2889 5434 3212 5488 tradiderunt
3229 5437 3268 5499 ⁸,
3314 5435 3446 5489 alios

1949 5522 1965 5551 ί
1994 5520 2122 5595 tida...
2147 5533 2182 5589 τι.
2199 5519 2352 5581 lapsu.
2376 5529 2428 5568 At
2459 5517 2674 5595 melioris
2694 5530 2949 5595 potaeﬂss.
2963 5560 2976 5581 ,
2994 5538 3025 5595 ιι
3052 5523 3446 5595 labiuatetqui-

1883 5581 2009 5647 dam,
2034 5595 2062 5629 a
2090 5581 2259 5647 trutina.
2290 5591 2396 5630 Hanc
2419 5596 2506 5630 vox
2531 5585 2592 5631 ab
2619 5584 2795 5633 Isidoro
2827 5585 3118 5645 illustratur,
3136 5594 3188 5634 et
3215 5581 3446 5647 Signiﬁcat

1887 5643 2118 5692 lubricum
2139 5643 2308 5691 locum.

1948 5708 1967 5736 ι
1995 5708 2134 5754 vatic.
2159 5706 2308 5752 codex
2329 5739 2343 5761 ,
2366 5703 2678 5754 subrexerunt
2715 5719 2731 5754 :
2763 5707 2830 5757 sic
2865 5708 3006 5757 etiam
3028 5706 3183 5756 Gallic.
3217 5712 3324 5755 uss.
3349 5719 3442 5758 uno

1891 5780 2094 5829 excepto
2111 5769 2190 5831 qui
2215 5767 2376 5827 habet,
2401 5767 2716 5826 subjccerwu.
