  <div class='ocr_page' id='page_1' title='image "/cluster/home/n/w/nwhite01/storage/ocr_20150623/36/hvd.32044096580584/203.png"; bbox 0 0 3972 6198; ppageno 0'>
   <div class='ocr_carea' id='block_1_1' title="bbox 420 5829 442 5852">
    <p class='ocr_par' dir='ltr' id='par_1_1' title="bbox 420 5829 442 5852">
     <span class='ocr_line' id='line_1_1' title="bbox 420 5829 442 5852; baseline 0 0"><span class='ocrx_word' id='word_1_1' title='bbox 420 5829 442 5852; x_wconf 78' lang='grc' dir='ltr'><em>Ι</em></span> 
     </span>
    </p>
   </div>
   <div class='ocr_carea' id='block_1_2' title="bbox 523 329 620 384">
    <p class='ocr_par' dir='ltr' id='par_1_2' title="bbox 523 329 620 384">
     <span class='ocr_line' id='line_1_2' title="bbox 523 329 620 384; baseline -0.041 0"><span class='ocrx_word' id='word_1_2' title='bbox 523 329 620 384; x_wconf 74' lang='grc'><strong>591</strong></span> 
     </span>
    </p>
   </div>
   <div class='ocr_carea' id='block_1_3' title="bbox 520 431 2076 508">
    <p class='ocr_par' dir='ltr' id='par_1_3' title="bbox 520 431 2076 508">
     <span class='ocr_line' id='line_1_3' title="bbox 520 431 2076 508; baseline -0.005 -16"><span class='ocrx_word' id='word_1_3' title='bbox 520 439 726 508; x_wconf 80' lang='lat' dir='ltr'><strong>ignibus</strong></span> <span class='ocrx_word' id='word_1_4' title='bbox 762 443 1145 499; x_wconf 85' lang='lat' dir='ltr'><strong>cremaverunt,</strong></span> <span class='ocrx_word' id='word_1_5' title='bbox 1186 433 1314 488; x_wconf 87' lang='lat' dir='ltr'><strong>alios</strong></span> <span class='ocrx_word' id='word_1_6' title='bbox 1356 434 1404 486; x_wconf 92' lang='lat' dir='ltr'><strong>in</strong></span> <span class='ocrx_word' id='word_1_7' title='bbox 1433 443 1618 488; x_wconf 79' lang='lat' dir='ltr'><strong>catena</strong></span> <span class='ocrx_word' id='word_1_8' title='bbox 1662 432 1914 488; x_wconf 87' lang='lat' dir='ltr'><strong>ducentes</strong></span> <span class='ocrx_word' id='word_1_9' title='bbox 1955 431 2076 484; x_wconf 81' lang='lat' dir='ltr'><strong>tabe</strong></span> 
     </span>
    </p>
   </div>
   <div class='ocr_carea' id='block_1_4' title="bbox 519 519 2078 593">
    <p class='ocr_par' dir='ltr' id='par_1_4' title="bbox 519 519 2078 593">
     <span class='ocr_line' id='line_1_4' title="bbox 519 519 2078 593; baseline -0.004 -11"><span class='ocrx_word' id='word_1_10' title='bbox 519 533 762 584; x_wconf 88' lang='lat' dir='ltr'><strong>diuturna</strong></span> <span class='ocrx_word' id='word_1_11' title='bbox 789 525 1142 580; x_wconf 75' lang='lat' dir='ltr'><strong>confecerunt.</strong></span> <span class='ocrx_word' id='word_1_12' title='bbox 1167 524 1321 579; x_wconf 84' lang='lat' dir='ltr'><strong>Certe</strong></span> <span class='ocrx_word' id='word_1_13' title='bbox 1344 540 1446 578; x_wconf 90' lang='lat' dir='ltr'><strong>non</strong></span> <span class='ocrx_word' id='word_1_14' title='bbox 1470 525 1795 593; x_wconf 77' lang='lat' dir='ltr'><strong>derelinquat</strong></span> <span class='ocrx_word' id='word_1_15' title='bbox 1827 519 2078 576; x_wconf 88' lang='lat' dir='ltr'><strong>Dominus</strong></span> 
     </span>
    </p>
   </div>
   <div class='ocr_carea' id='block_1_5' title="bbox 520 613 2077 684">
    <p class='ocr_par' dir='ltr' id='par_1_5' title="bbox 520 613 2077 684">
     <span class='ocr_line' id='line_1_5' title="bbox 520 613 2077 684; baseline -0.006 -9"><span class='ocrx_word' id='word_1_16' title='bbox 520 630 728 675; x_wconf 80' lang='lat' dir='ltr'><strong>sanctos</strong></span> <span class='ocrx_word' id='word_1_17' title='bbox 758 633 879 670; x_wconf 85' lang='lat' dir='ltr'><strong>suos</strong></span> <span class='ocrx_word' id='word_1_18' title='bbox 911 635 923 667; x_wconf 89' lang='lat'>:</span> <span class='ocrx_word' id='word_1_19' title='bbox 968 615 1214 669; x_wconf 84' lang='lat' dir='ltr'><strong>Dominus</strong></span> <span class='ocrx_word' id='word_1_20' title='bbox 1239 627 1399 668; x_wconf 87' lang='lat' dir='ltr'><strong>autem</strong></span> <span class='ocrx_word' id='word_1_21' title='bbox 1440 633 1538 668; x_wconf 89' lang='lat' dir='ltr'><strong>non</strong></span> <span class='ocrx_word' id='word_1_22' title='bbox 1564 617 1864 684; x_wconf 86' lang='lat' dir='ltr'><strong>derelinquet</strong></span> <span class='ocrx_word' id='word_1_23' title='bbox 1889 628 1998 667; x_wconf 87' lang='lat' dir='ltr'><strong>eum</strong></span> <span class='ocrx_word' id='word_1_24' title='bbox 2024 613 2077 666; x_wconf 88' lang='lat' dir='ltr'><strong>in</strong></span> 
     </span>
    </p>
   </div>
   <div class='ocr_carea' id='block_1_6' title="bbox 521 705 2121 776">
    <p class='ocr_par' dir='ltr' id='par_1_6' title="bbox 521 705 2121 776">
     <span class='ocr_line' id='line_1_6' title="bbox 521 705 2121 776; baseline -0.003 -14"><span class='ocrx_word' id='word_1_25' title='bbox 521 709 742 762; x_wconf 84' lang='lat' dir='ltr'><strong>manibus</strong></span> <span class='ocrx_word' id='word_1_26' title='bbox 769 709 893 772; x_wconf 78' lang='lat' dir='ltr'><strong>eius.</strong></span> <span class='ocrx_word' id='word_1_27' title='bbox 926 707 1196 775; x_wconf 78' lang='lat' dir='ltr'><strong>Postremo</strong></span> <span class='ocrx_word' id='word_1_28' title='bbox 1227 707 1396 776; x_wconf 90' lang='lat' dir='ltr'><strong>ipsum</strong></span> <span class='ocrx_word' id='word_1_29' title='bbox 1419 707 1604 761; x_wconf 82' lang='lat' dir='ltr'><strong>Filium</strong></span> <span class='ocrx_word' id='word_1_30' title='bbox 1636 722 1785 759; x_wconf 88' lang='lat' dir='ltr'><strong>suum</strong></span> <span class='ocrx_word' id='word_1_31' title='bbox 1814 721 1976 774; x_wconf 85' lang='lat' dir='ltr'><strong>quare</strong></span> <span class='ocrx_word' id='word_1_32' title='bbox 2001 705 2080 758; x_wconf 93' lang='lat' dir='ltr'><strong>di-</strong></span> <span class='ocrx_word' id='word_1_33' title='bbox 2112 750 2121 757; x_wconf 84' lang='lat'><strong>.</strong></span> 
     </span>
    </p>
   </div>
   <div class='ocr_carea' id='block_1_7' title="bbox 526 798 2079 863">
    <p class='ocr_par' dir='ltr' id='par_1_7' title="bbox 526 798 2079 863">
     <span class='ocr_line' id='line_1_7' title="bbox 526 798 2079 863; baseline -0.001 -11"><span class='ocrx_word' id='word_1_34' title='bbox 526 801 664 852; x_wconf 61' lang='lat' dir='ltr'><strong>misit</strong></span> <span class='ocrx_word' id='word_1_35' title='bbox 709 799 760 852; x_wconf 92' lang='lat' dir='ltr'><strong>in</strong></span> <span class='ocrx_word' id='word_1_36' title='bbox 810 800 1051 851; x_wconf 79' lang='lat' dir='ltr'><strong>nianilms</strong></span> <span class='ocrx_word' id='word_1_37' title='bbox 1100 798 1431 852; x_wconf 70' lang='lat' dir='ltr'><strong>inda-orum?</strong></span> <span class='ocrx_word' id='word_1_38' title='bbox 1486 801 1547 852; x_wconf 84' lang='lat' dir='ltr'><strong>Et</strong></span> <span class='ocrx_word' id='word_1_39' title='bbox 1592 798 1674 851; x_wconf 91' lang='lat' dir='ltr'><strong>hic</strong></span> <span class='ocrx_word' id='word_1_40' title='bbox 1710 807 1901 852; x_wconf 89' lang='lat' dir='ltr'><strong>tectmn</strong></span> <span class='ocrx_word' id='word_1_41' title='bbox 1937 799 2079 863; x_wconf 88' lang='lat' dir='ltr'><strong>aperi</strong></span> 
     </span>
    </p>
   </div>
   <div class='ocr_carea' id='block_1_8' title="bbox 521 889 2078 961">
    <p class='ocr_par' dir='ltr' id='par_1_8' title="bbox 521 889 2078 961">
     <span class='ocr_line' id='line_1_8' title="bbox 521 889 2078 961; baseline 0.008 -31"><span class='ocrx_word' id='word_1_42' title='bbox 521 890 666 961; x_wconf 68' lang='lat' dir='ltr'><strong>(Luc.</strong></span> <span class='ocrx_word' id='word_1_43' title='bbox 697 905 746 951; x_wconf 69' lang='grc' dir='ltr'><strong>ν,</strong></span> <span class='ocrx_word' id='word_1_44' title='bbox 779 889 886 950; x_wconf 76' lang='grc'><strong>19),</strong></span> <span class='ocrx_word' id='word_1_45' title='bbox 913 890 954 941; x_wconf 88' lang='lat' dir='ltr'><strong>si</strong></span> <span class='ocrx_word' id='word_1_46' title='bbox 982 890 1056 941; x_wconf 79' lang='lat' dir='ltr'><strong>vis</strong></span> <span class='ocrx_word' id='word_1_47' title='bbox 1079 890 1220 940; x_wconf 89' lang='lat' dir='ltr'><strong>onmi</strong></span> <span class='ocrx_word' id='word_1_48' title='bbox 1243 890 1474 941; x_wconf 89' lang='lat' dir='ltr'><strong>interiori</strong></span> <span class='ocrx_word' id='word_1_49' title='bbox 1502 890 1737 942; x_wconf 87' lang='lat' dir='ltr'><strong>membro</strong></span> <span class='ocrx_word' id='word_1_50' title='bbox 1761 889 2078 957; x_wconf 83' lang='lat' dir='ltr'><strong>constringi;</strong></span> 
     </span>
    </p>
   </div>
   <div class='ocr_carea' id='block_1_9' title="bbox 519 980 2074 1052">
    <p class='ocr_par' dir='ltr' id='par_1_9' title="bbox 519 980 2074 1052">
     <span class='ocr_line' id='line_1_9' title="bbox 519 980 2074 1052; baseline -0.004 -16"><span class='ocrx_word' id='word_1_51' title='bbox 519 984 732 1052; x_wconf 85' lang='lat' dir='ltr'><strong>perveni</strong></span> <span class='ocrx_word' id='word_1_52' title='bbox 762 985 824 1036; x_wconf 88' lang='lat' dir='ltr'><strong>ad</strong></span> <span class='ocrx_word' id='word_1_53' title='bbox 855 982 1126 1035; x_wconf 83' lang='lat' dir='ltr'><strong>Dominum</strong></span> <span class='ocrx_word' id='word_1_54' title='bbox 1156 998 1168 1033; x_wconf 74' lang='grc' dir='ltr'>ε</span> <span class='ocrx_word' id='word_1_55' title='bbox 1200 982 1316 1033; x_wconf 90' lang='lat' dir='ltr'><strong>andi</strong></span> <span class='ocrx_word' id='word_1_56' title='bbox 1350 980 1469 1050; x_wconf 89' lang='lat' dir='ltr'><strong>quid</strong></span> <span class='ocrx_word' id='word_1_57' title='bbox 1499 983 1640 1034; x_wconf 89' lang='lat' dir='ltr'><strong>dicat</strong></span> <span class='ocrx_word' id='word_1_58' title='bbox 1665 983 1762 1036; x_wconf 84' lang='lat' dir='ltr'><strong>alia</strong></span> <span class='ocrx_word' id='word_1_59' title='bbox 1785 981 2074 1047; x_wconf 86' lang='lat' dir='ltr'><strong>Scriptura,</strong></span> 
     </span>
    </p>
   </div>
   <div class='ocr_carea' id='block_1_10' title="bbox 521 1071 2081 1140">
    <p class='ocr_par' dir='ltr' id='par_1_10' title="bbox 521 1071 2081 1140">
     <span class='ocr_line' id='line_1_10' title="bbox 521 1071 2081 1140; baseline -0.003 -13"><span class='ocrx_word' id='word_1_60' title='bbox 521 1075 794 1127; x_wconf 83' lang='lat' dir='ltr'><strong>hominum</strong></span> <span class='ocrx_word' id='word_1_61' title='bbox 842 1073 1131 1139; x_wconf 85' lang='lat' dir='ltr'><strong>pr:evidens</strong></span> <span class='ocrx_word' id='word_1_62' title='bbox 1162 1077 1434 1140; x_wconf 73' lang='lat' dir='ltr'><strong>passurum</strong></span> <span class='ocrx_word' id='word_1_63' title='bbox 1479 1071 1544 1125; x_wconf 88' lang='lat' dir='ltr'><strong>ab</strong></span> <span class='ocrx_word' id='word_1_64' title='bbox 1575 1071 1764 1140; x_wconf 78' lang='lat' dir='ltr'><strong>impiis,</strong></span> <span class='ocrx_word' id='word_1_65' title='bbox 1816 1071 1937 1140; x_wconf 89' lang='lat' dir='ltr'><strong>quid</strong></span> <span class='ocrx_word' id='word_1_66' title='bbox 1968 1071 2081 1123; x_wconf 89' lang='lat' dir='ltr'><strong>ait?</strong></span> 
     </span>
    </p>
   </div>
   <div class='ocr_carea' id='block_1_11' title="bbox 520 1157 2079 1232">
    <p class='ocr_par' dir='ltr' id='par_1_11' title="bbox 520 1157 2079 1232">
     <span class='ocr_line' id='line_1_11' title="bbox 520 1157 2079 1232; baseline -0.001 -17"><span class='ocrx_word' id='word_1_67' title='bbox 520 1163 673 1216; x_wconf 84' lang='lat' dir='ltr'><strong>Terra</strong></span> <span class='ocrx_word' id='word_1_68' title='bbox 709 1165 894 1216; x_wconf 79' lang='lat' dir='ltr'><strong>tradita</strong></span> <span class='ocrx_word' id='word_1_69' title='bbox 929 1179 997 1214; x_wconf 79' lang='lat' dir='ltr'><strong>est</strong></span> <span class='ocrx_word' id='word_1_70' title='bbox 1027 1163 1076 1214; x_wconf 88' lang='lat' dir='ltr'><strong>in</strong></span> <span class='ocrx_word' id='word_1_71' title='bbox 1108 1179 1282 1214; x_wconf 84' lang='lat' dir='ltr'><strong>manus</strong></span> <span class='ocrx_word' id='word_1_72' title='bbox 1318 1161 1459 1230; x_wconf 87' lang='lat' dir='ltr'><strong>impii</strong></span> <span class='ocrx_word' id='word_1_73' title='bbox 1496 1157 1612 1232; x_wconf 76' lang='lat' dir='ltr'><strong>(Job</strong></span> <span class='ocrx_word' id='word_1_74' title='bbox 1673 1175 1744 1224; x_wconf 72' lang='lat' dir='ltr'><strong>Ix,</strong></span> <span class='ocrx_word' id='word_1_75' title='bbox 1774 1161 1908 1229; x_wconf 64' lang='lat'><strong>‘24)?</strong></span> <span class='ocrx_word' id='word_1_76' title='bbox 1947 1160 2079 1227; x_wconf 84' lang='lat' dir='ltr'><strong>Quid</strong></span> 
     </span>
    </p>
   </div>
   <div class='ocr_carea' id='block_1_12' title="bbox 518 1250 2082 1319">
    <p class='ocr_par' dir='ltr' id='par_1_12' title="bbox 518 1250 2082 1319">
     <span class='ocr_line' id='line_1_12' title="bbox 518 1250 2082 1319; baseline -0.001 -15"><span class='ocrx_word' id='word_1_77' title='bbox 518 1264 617 1316; x_wconf 89' lang='lat' dir='ltr'><strong>est,</strong></span> <span class='ocrx_word' id='word_1_78' title='bbox 647 1251 803 1303; x_wconf 87' lang='lat' dir='ltr'><strong>Terra</strong></span> <span class='ocrx_word' id='word_1_79' title='bbox 831 1251 1016 1302; x_wconf 86' lang='lat' dir='ltr'><strong>tradita</strong></span> <span class='ocrx_word' id='word_1_80' title='bbox 1046 1260 1116 1303; x_wconf 86' lang='lat' dir='ltr'><strong>est</strong></span> <span class='ocrx_word' id='word_1_81' title='bbox 1140 1252 1190 1302; x_wconf 89' lang='lat' dir='ltr'><strong>in</strong></span> <span class='ocrx_word' id='word_1_82' title='bbox 1219 1267 1394 1302; x_wconf 81' lang='lat' dir='ltr'><strong>manus</strong></span> <span class='ocrx_word' id='word_1_83' title='bbox 1420 1250 1596 1319; x_wconf 75' lang='lat' dir='ltr'><strong>impii?</strong></span> <span class='ocrx_word' id='word_1_84' title='bbox 1623 1250 1756 1304; x_wconf 86' lang='lat' dir='ltr'><strong>Caro</strong></span> <span class='ocrx_word' id='word_1_85' title='bbox 1790 1250 1974 1302; x_wconf 86' lang='lat' dir='ltr'><strong>tradita</strong></span> <span class='ocrx_word' id='word_1_86' title='bbox 2001 1260 2082 1303; x_wconf 88' lang='lat' dir='ltr'><strong>est</strong></span> 
     </span>
    </p>
   </div>
   <div class='ocr_carea' id='block_1_13' title="bbox 517 1338 2077 1410">
    <p class='ocr_par' dir='ltr' id='par_1_13' title="bbox 517 1338 2077 1410">
     <span class='ocr_line' id='line_1_13' title="bbox 517 1338 2077 1410; baseline -0.003 -15"><span class='ocrx_word' id='word_1_87' title='bbox 517 1345 567 1396; x_wconf 89' lang='lat' dir='ltr'><strong>in</strong></span> <span class='ocrx_word' id='word_1_88' title='bbox 605 1357 788 1395; x_wconf 83' lang='lat' dir='ltr'><strong>inanus</strong></span> <span class='ocrx_word' id='word_1_89' title='bbox 816 1341 1263 1410; x_wconf 75' lang='lat' dir='ltr'><strong>persequentium.</strong></span> <span class='ocrx_word' id='word_1_90' title='bbox 1309 1340 1420 1393; x_wconf 90' lang='lat' dir='ltr'><strong>Non</strong></span> <span class='ocrx_word' id='word_1_91' title='bbox 1462 1340 1530 1392; x_wconf 90' lang='lat' dir='ltr'><strong>ibi</strong></span> <span class='ocrx_word' id='word_1_92' title='bbox 1559 1351 1734 1392; x_wconf 82' lang='lat' dir='ltr'><strong>autem</strong></span> <span class='ocrx_word' id='word_1_93' title='bbox 1764 1338 1965 1392; x_wconf 79' lang='lat' dir='ltr'><strong>dimisit</strong></span> <span class='ocrx_word' id='word_1_94' title='bbox 1991 1339 2077 1407; x_wconf 85' lang='lat' dir='ltr'><strong>ju-</strong></span> 
     </span>
    </p>
   </div>
   <div class='ocr_carea' id='block_1_14' title="bbox 516 1430 2078 1498">
    <p class='ocr_par' dir='ltr' id='par_1_14' title="bbox 516 1430 2078 1498">
     <span class='ocr_line' id='line_1_14' title="bbox 516 1430 2078 1498; baseline -0.002 -13"><span class='ocrx_word' id='word_1_95' title='bbox 516 1444 653 1486; x_wconf 87' lang='lat' dir='ltr'><strong>stum</strong></span> <span class='ocrx_word' id='word_1_96' title='bbox 683 1448 833 1485; x_wconf 89' lang='lat' dir='ltr'><strong>suum</strong></span> <span class='ocrx_word' id='word_1_97' title='bbox 870 1433 1004 1484; x_wconf 83' lang='lat' dir='ltr'><strong>Deus</strong></span> <span class='ocrx_word' id='word_1_98' title='bbox 1037 1449 1048 1482; x_wconf 89' lang='lat'>:</span> <span class='ocrx_word' id='word_1_99' title='bbox 1082 1431 1148 1484; x_wconf 91' lang='lat' dir='ltr'><strong>de</strong></span> <span class='ocrx_word' id='word_1_100' title='bbox 1173 1445 1331 1484; x_wconf 88' lang='lat' dir='ltr'><strong>carne</strong></span> <span class='ocrx_word' id='word_1_101' title='bbox 1361 1443 1508 1498; x_wconf 87' lang='lat' dir='ltr'><strong>capta</strong></span> <span class='ocrx_word' id='word_1_102' title='bbox 1542 1430 1715 1484; x_wconf 90' lang='lat' dir='ltr'><strong>educit</strong></span> <span class='ocrx_word' id='word_1_103' title='bbox 1740 1431 1966 1483; x_wconf 86' lang='lat' dir='ltr'><strong>animam</strong></span> <span class='ocrx_word' id='word_1_104' title='bbox 1998 1432 2078 1482; x_wconf 86' lang='lat' dir='ltr'><strong>in-</strong></span> 
     </span>
    </p>
   </div>
   <div class='ocr_carea' id='block_1_15' title="bbox 517 1521 2080 1591">
    <p class='ocr_par' dir='ltr' id='par_1_15' title="bbox 517 1521 2080 1591">
     <span class='ocr_line' id='line_1_15' title="bbox 517 1521 2080 1591; baseline 0 -17"><span class='ocrx_word' id='word_1_105' title='bbox 517 1527 729 1576; x_wconf 78' lang='lat' dir='ltr'><strong>victam.</strong></span> <span class='ocrx_word' id='word_1_106' title='bbox 787 1524 1081 1576; x_wconf 88' lang='lat' dir='ltr'><strong>Dimitteret</strong></span> <span class='ocrx_word' id='word_1_107' title='bbox 1135 1523 1270 1574; x_wconf 89' lang='lat' dir='ltr'><strong>Deus</strong></span> <span class='ocrx_word' id='word_1_108' title='bbox 1318 1522 1516 1591; x_wconf 86' lang='lat' dir='ltr'><strong>justum</strong></span> <span class='ocrx_word' id='word_1_109' title='bbox 1565 1533 1715 1573; x_wconf 85' lang='lat' dir='ltr'><strong>suum</strong></span> <span class='ocrx_word' id='word_1_110' title='bbox 1760 1521 1811 1572; x_wconf 95' lang='lat' dir='ltr'><strong>in</strong></span> <span class='ocrx_word' id='word_1_111' title='bbox 1841 1522 2080 1574; x_wconf 87' lang='lat' dir='ltr'><strong>manibus</strong></span> 
     </span>
    </p>
   </div>
   <div class='ocr_carea' id='block_1_16' title="bbox 517 1613 2129 1682">
    <p class='ocr_par' dir='ltr' id='par_1_16' title="bbox 517 1613 2129 1682">
     <span class='ocr_line' id='line_1_16' title="bbox 517 1613 2129 1682; baseline -0.001 -15"><span class='ocrx_word' id='word_1_112' title='bbox 517 1615 682 1682; x_wconf 86' lang='lat' dir='ltr'><strong>impiil</strong></span> <span class='ocrx_word' id='word_1_113' title='bbox 707 1615 748 1666; x_wconf 91' lang='lat' dir='ltr'><strong>si</strong></span> <span class='ocrx_word' id='word_1_114' title='bbox 775 1615 918 1666; x_wconf 91' lang='lat' dir='ltr'><strong>illum</strong></span> <span class='ocrx_word' id='word_1_115' title='bbox 948 1613 1153 1666; x_wconf 79' lang='lat' dir='ltr'><strong>fecisset</strong></span> <span class='ocrx_word' id='word_1_116' title='bbox 1181 1613 1476 1666; x_wconf 79' lang='lat' dir='ltr'><strong>Consentire</strong></span> <span class='ocrx_word' id='word_1_117' title='bbox 1499 1613 1657 1681; x_wconf 88' lang='lat' dir='ltr'><strong>impio</strong></span> <span class='ocrx_word' id='word_1_118' title='bbox 1691 1629 1703 1664; x_wconf 90' lang='lat'><strong>:</strong></span> <span class='ocrx_word' id='word_1_119' title='bbox 1732 1621 1911 1666; x_wconf 90' lang='lat' dir='ltr'><strong>contra</strong></span> <span class='ocrx_word' id='word_1_120' title='bbox 1940 1615 2076 1681; x_wconf 78' lang='lat' dir='ltr'><strong>quod</strong></span> <span class='ocrx_word' id='word_1_121' title='bbox 2127 1678 2129 1681; x_wconf 22' lang='grc' dir='ltr'><strong><em>ι</em></strong></span> 
     </span>
    </p>
   </div>
   <div class='ocr_carea' id='block_1_17' title="bbox 519 1699 2074 1771">
    <p class='ocr_par' dir='ltr' id='par_1_17' title="bbox 519 1699 2074 1771">
     <span class='ocr_line' id='line_1_17' title="bbox 519 1699 2074 1771; baseline -0.002 -15"><span class='ocrx_word' id='word_1_122' title='bbox 519 1705 710 1756; x_wconf 86' lang='lat' dir='ltr'><strong>malum</strong></span> <span class='ocrx_word' id='word_1_123' title='bbox 743 1713 860 1756; x_wconf 88' lang='lat' dir='ltr'><strong>orat</strong></span> <span class='ocrx_word' id='word_1_124' title='bbox 895 1703 942 1755; x_wconf 94' lang='lat' dir='ltr'><strong>in</strong></span> <span class='ocrx_word' id='word_1_125' title='bbox 977 1703 1080 1755; x_wconf 89' lang='lat' dir='ltr'><strong>alio</strong></span> <span class='ocrx_word' id='word_1_126' title='bbox 1109 1701 1330 1771; x_wconf 81' lang='lat' dir='ltr'><strong>psalmo,</strong></span> <span class='ocrx_word' id='word_1_127' title='bbox 1370 1711 1421 1755; x_wconf 89' lang='lat' dir='ltr'><strong>et</strong></span> <span class='ocrx_word' id='word_1_128' title='bbox 1449 1702 1574 1755; x_wconf 91' lang='lat' dir='ltr'><strong>dicit</strong></span> <span class='ocrx_word' id='word_1_129' title='bbox 1603 1718 1615 1752; x_wconf 93' lang='lat'>:</span> <span class='ocrx_word' id='word_1_130' title='bbox 1662 1699 1742 1754; x_wconf 80' lang='lat' dir='ltr'><strong>Ne</strong></span> <span class='ocrx_word' id='word_1_131' title='bbox 1777 1702 1944 1754; x_wconf 80' lang='lat' dir='ltr'><strong>tradas</strong></span> <span class='ocrx_word' id='word_1_132' title='bbox 1980 1719 2074 1768; x_wconf 88' lang='lat' dir='ltr'><strong>me,</strong></span> 
     </span>
    </p>
   </div>
   <div class='ocr_carea' id='block_1_18' title="bbox 516 1793 2072 1864">
    <p class='ocr_par' dir='ltr' id='par_1_18' title="bbox 516 1793 2072 1864">
     <span class='ocr_line' id='line_1_18' title="bbox 516 1793 2072 1864; baseline -0.001 -17"><span class='ocrx_word' id='word_1_133' title='bbox 516 1796 744 1856; x_wconf 85' lang='lat' dir='ltr'><strong>Domine,</strong></span> <span class='ocrx_word' id='word_1_134' title='bbox 782 1813 812 1848; x_wconf 90' lang='lat' dir='ltr'><strong>a</strong></span> <span class='ocrx_word' id='word_1_135' title='bbox 851 1794 1095 1848; x_wconf 83' lang='lat' dir='ltr'><strong>desiderio</strong></span> <span class='ocrx_word' id='word_1_136' title='bbox 1121 1811 1227 1848; x_wconf 88' lang='lat' dir='ltr'><strong>meo</strong></span> <span class='ocrx_word' id='word_1_137' title='bbox 1259 1795 1503 1863; x_wconf 85' lang='lat' dir='ltr'><strong>peccatori</strong></span> <span class='ocrx_word' id='word_1_138' title='bbox 1538 1793 1704 1864; x_wconf 75' lang='lat' dir='ltr'><strong>(l’sal.</strong></span> <span class='ocrx_word' id='word_1_139' title='bbox 1738 1809 1956 1855; x_wconf 68' lang='lat' dir='ltr'><strong>CXXXIX,</strong></span> <span class='ocrx_word' id='word_1_140' title='bbox 1995 1793 2072 1862; x_wconf 85' lang='lat'><strong>9).</strong></span> 
     </span>
    </p>
   </div>
   <div class='ocr_carea' id='block_1_19' title="bbox 513 1886 2076 1956">
    <p class='ocr_par' dir='ltr' id='par_1_19' title="bbox 513 1886 2076 1956">
     <span class='ocr_line' id='line_1_19' title="bbox 513 1886 2076 1956; baseline -0.002 -13"><span class='ocrx_word' id='word_1_141' title='bbox 513 1889 656 1956; x_wconf 84' lang='lat' dir='ltr'><strong>Opus</strong></span> <span class='ocrx_word' id='word_1_142' title='bbox 681 1898 838 1943; x_wconf 89' lang='lat' dir='ltr'><strong>estut</strong></span> <span class='ocrx_word' id='word_1_143' title='bbox 866 1903 892 1940; x_wconf 88' lang='lat' dir='ltr'><strong>a</strong></span> <span class='ocrx_word' id='word_1_144' title='bbox 920 1887 1181 1942; x_wconf 83' lang='lat' dir='ltr'><strong>desiderio</strong></span> <span class='ocrx_word' id='word_1_145' title='bbox 1207 1897 1292 1940; x_wconf 90' lang='lat' dir='ltr'><strong>tuo</strong></span> <span class='ocrx_word' id='word_1_146' title='bbox 1319 1901 1424 1939; x_wconf 92' lang='lat' dir='ltr'><strong>non</strong></span> <span class='ocrx_word' id='word_1_147' title='bbox 1445 1886 1665 1939; x_wconf 89' lang='lat' dir='ltr'><strong>tradaris</strong></span> <span class='ocrx_word' id='word_1_148' title='bbox 1699 1887 1982 1954; x_wconf 79' lang='lat' dir='ltr'><strong>peccaturi,</strong></span> <span class='ocrx_word' id='word_1_149' title='bbox 2011 1897 2076 1940; x_wconf 89' lang='lat' dir='ltr'><strong>nc</strong></span> 
     </span>
    </p>
   </div>
   <div class='ocr_carea' id='block_1_20' title="bbox 511 1973 2076 2044">
    <p class='ocr_par' dir='ltr' id='par_1_20' title="bbox 511 1973 2076 2044">
     <span class='ocr_line' id='line_1_20' title="bbox 511 1973 2076 2044; baseline -0.003 -12"><span class='ocrx_word' id='word_1_150' title='bbox 511 1995 629 2032; x_wconf 89' lang='lat' dir='ltr'><strong>cum</strong></span> <span class='ocrx_word' id='word_1_151' title='bbox 669 1979 939 2032; x_wconf 74' lang='lat' dir='ltr'><strong>desideras</strong></span> <span class='ocrx_word' id='word_1_152' title='bbox 974 1979 1131 2030; x_wconf 86' lang='lat' dir='ltr'><strong>vitam</strong></span> <span class='ocrx_word' id='word_1_153' title='bbox 1168 1985 1477 2044; x_wconf 74' lang='lat' dir='ltr'><strong>praesentem</strong></span> <span class='ocrx_word' id='word_1_154' title='bbox 1499 2015 1514 2040; x_wconf 95' lang='lat'><strong>,</strong></span> <span class='ocrx_word' id='word_1_155' title='bbox 1551 1977 1718 2028; x_wconf 80' lang='lat' dir='ltr'><strong>irruas</strong></span> <span class='ocrx_word' id='word_1_156' title='bbox 1749 1975 1797 2028; x_wconf 91' lang='lat' dir='ltr'><strong>in</strong></span> <span class='ocrx_word' id='word_1_157' title='bbox 1825 1973 1992 2035; x_wconf 88' lang='lat' dir='ltr'><strong>illum,</strong></span> <span class='ocrx_word' id='word_1_158' title='bbox 2023 1985 2076 2028; x_wconf 90' lang='lat' dir='ltr'><strong>et</strong></span> 
     </span>
    </p>
   </div>
   <div class='ocr_carea' id='block_1_21' title="bbox 511 2065 2074 2140">
    <p class='ocr_par' dir='ltr' id='par_1_21' title="bbox 511 2065 2074 2140">
     <span class='ocr_line' id='line_1_21' title="bbox 511 2065 2074 2140; baseline -0.001 -18"><span class='ocrx_word' id='word_1_159' title='bbox 511 2072 701 2140; x_wconf 78' lang='lat' dir='ltr'><strong>perdas</strong></span> <span class='ocrx_word' id='word_1_160' title='bbox 739 2079 1011 2124; x_wconf 44' lang='lat' dir='ltr'><strong>aiternam.</strong></span> <span class='ocrx_word' id='word_1_161' title='bbox 1057 2072 1096 2121; x_wconf 88' lang='lat' dir='ltr'><strong>A</strong></span> <span class='ocrx_word' id='word_1_162' title='bbox 1134 2083 1238 2136; x_wconf 88' lang='lat' dir='ltr'><strong>quo</strong></span> <span class='ocrx_word' id='word_1_163' title='bbox 1281 2067 1543 2120; x_wconf 90' lang='lat' dir='ltr'><strong>desiderio</strong></span> <span class='ocrx_word' id='word_1_164' title='bbox 1600 2081 1700 2118; x_wconf 89' lang='lat' dir='ltr'><strong>non</strong></span> <span class='ocrx_word' id='word_1_165' title='bbox 1745 2065 1900 2119; x_wconf 84' lang='lat' dir='ltr'><strong>debet</strong></span> <span class='ocrx_word' id='word_1_166' title='bbox 1944 2065 2074 2120; x_wconf 85' lang='lat' dir='ltr'><strong>tradi</strong></span> 
     </span>
    </p>
   </div>
   <div class='ocr_carea' id='block_1_22' title="bbox 514 2155 2075 2231">
    <p class='ocr_par' dir='ltr' id='par_1_22' title="bbox 514 2155 2075 2231">
     <span class='ocr_line' id='line_1_22' title="bbox 514 2155 2075 2231; baseline -0.003 -17"><span class='ocrx_word' id='word_1_167' title='bbox 514 2161 809 2231; x_wconf 80' lang='lat' dir='ltr'><strong>peccatori&#39;t</strong></span> <span class='ocrx_word' id='word_1_168' title='bbox 852 2161 930 2214; x_wconf 76' lang='lat' dir='ltr'><strong>Ab</strong></span> <span class='ocrx_word' id='word_1_169' title='bbox 961 2161 1045 2212; x_wconf 91' lang='lat' dir='ltr'><strong>illo</strong></span> <span class='ocrx_word' id='word_1_170' title='bbox 1077 2155 1143 2212; x_wconf 88' lang='lat' dir='ltr'><strong>de</strong></span> <span class='ocrx_word' id='word_1_171' title='bbox 1171 2166 1274 2227; x_wconf 84' lang='lat' dir='ltr'><strong>quo</strong></span> <span class='ocrx_word' id='word_1_172' title='bbox 1310 2157 1434 2210; x_wconf 84' lang='lat' dir='ltr'><strong>item</strong></span> <span class='ocrx_word' id='word_1_173' title='bbox 1465 2157 1653 2210; x_wconf 86' lang='lat' dir='ltr'><strong>dicitur</strong></span> <span class='ocrx_word' id='word_1_174' title='bbox 1675 2173 1693 2209; x_wconf 90' lang='lat'><em>:</em></span> <span class='ocrx_word' id='word_1_175' title='bbox 1741 2156 1802 2208; x_wconf 83' lang='lat' dir='ltr'><strong>Et</strong></span> <span class='ocrx_word' id='word_1_176' title='bbox 1828 2157 1956 2208; x_wconf 83' lang='lat' dir='ltr'><strong>diem</strong></span> <span class='ocrx_word' id='word_1_177' title='bbox 1985 2156 2075 2210; x_wconf 80' lang='lat' dir='ltr'><strong>Ito-</strong></span> 
     </span>
    </p>
   </div>
   <div class='ocr_carea' id='block_1_23' title="bbox 511 2246 2072 2318">
    <p class='ocr_par' dir='ltr' id='par_1_23' title="bbox 511 2246 2072 2318">
     <span class='ocr_line' id='line_1_23' title="bbox 511 2246 2072 2318; baseline -0.004 -14"><span class='ocrx_word' id='word_1_178' title='bbox 511 2255 657 2305; x_wconf 81' lang='lat' dir='ltr'><strong>minis</strong></span> <span class='ocrx_word' id='word_1_179' title='bbox 681 2268 777 2304; x_wconf 87' lang='lat' dir='ltr'><strong>non</strong></span> <span class='ocrx_word' id='word_1_180' title='bbox 794 2250 1070 2318; x_wconf 81' lang='lat' dir='ltr'><strong>concupiui,</strong></span> <span class='ocrx_word' id='word_1_181' title='bbox 1101 2262 1151 2301; x_wconf 84' lang='lat' dir='ltr'><strong>tu</strong></span> <span class='ocrx_word' id='word_1_182' title='bbox 1177 2249 1273 2302; x_wconf 82' lang='lat' dir='ltr'><strong>scis</strong></span> <span class='ocrx_word' id='word_1_183' title='bbox 1294 2247 1496 2316; x_wconf 82' lang='lat' dir='ltr'><strong>(Jerem.</strong></span> <span class='ocrx_word' id='word_1_184' title='bbox 1527 2264 1653 2311; x_wconf 80' lang='lat' dir='ltr'><strong>xvn,</strong></span> <span class='ocrx_word' id='word_1_185' title='bbox 1684 2247 1788 2314; x_wconf 75' lang='grc'><strong>16).</strong></span> <span class='ocrx_word' id='word_1_186' title='bbox 1811 2246 1910 2313; x_wconf 86' lang='lat' dir='ltr'><strong>Qui</strong></span> <span class='ocrx_word' id='word_1_187' title='bbox 1933 2248 2072 2300; x_wconf 88' lang='lat' dir='ltr'><strong>enim</strong></span> 
     </span>
    </p>
   </div>
   <div class='ocr_carea' id='block_1_24' title="bbox 512 2338 2071 2408">
    <p class='ocr_par' dir='ltr' id='par_1_24' title="bbox 512 2338 2071 2408">
     <span class='ocr_line' id='line_1_24' title="bbox 512 2338 2071 2408; baseline -0.004 -11"><span class='ocrx_word' id='word_1_188' title='bbox 512 2345 778 2397; x_wconf 82' lang='lat' dir='ltr'><strong>desiderat</strong></span> <span class='ocrx_word' id='word_1_189' title='bbox 815 2353 866 2396; x_wconf 91' lang='lat' dir='ltr'><strong>et</strong></span> <span class='ocrx_word' id='word_1_190' title='bbox 913 2341 1235 2408; x_wconf 75' lang='lat' dir='ltr'><strong>concupiscit</strong></span> <span class='ocrx_word' id='word_1_191' title='bbox 1269 2341 1406 2393; x_wconf 88' lang='lat' dir='ltr'><strong>diem</strong></span> <span class='ocrx_word' id='word_1_192' title='bbox 1455 2340 1708 2403; x_wconf 88' lang='lat' dir='ltr'><strong>hominis,</strong></span> <span class='ocrx_word' id='word_1_193' title='bbox 1751 2338 1960 2407; x_wconf 85' lang='lat' dir='ltr'><strong>quando</strong></span> <span class='ocrx_word' id='word_1_194' title='bbox 1999 2338 2071 2390; x_wconf 88' lang='lat' dir='ltr'><strong>illi</strong></span> 
     </span>
    </p>
   </div>
   <div class='ocr_carea' id='block_1_25' title="bbox 512 2429 2072 2500">
    <p class='ocr_par' dir='ltr' id='par_1_25' title="bbox 512 2429 2072 2500">
     <span class='ocr_line' id='line_1_25' title="bbox 512 2429 2072 2500; baseline -0.006 -12"><span class='ocrx_word' id='word_1_195' title='bbox 512 2437 737 2488; x_wconf 85' lang='lat' dir='ltr'><strong>minatus</strong></span> <span class='ocrx_word' id='word_1_196' title='bbox 766 2434 922 2487; x_wconf 87' lang='lat' dir='ltr'><strong>luerit</strong></span> <span class='ocrx_word' id='word_1_197' title='bbox 962 2432 1312 2495; x_wconf 89' lang='lat' dir='ltr'><strong>adversarius,</strong></span> <span class='ocrx_word' id='word_1_198' title='bbox 1345 2430 1482 2500; x_wconf 89' lang='lat' dir='ltr'><strong>quod</strong></span> <span class='ocrx_word' id='word_1_199' title='bbox 1509 2431 1655 2482; x_wconf 79' lang='lat' dir='ltr'><strong>tollat</strong></span> <span class='ocrx_word' id='word_1_200' title='bbox 1691 2430 1761 2482; x_wconf 92' lang='lat' dir='ltr'><strong>illi</strong></span> <span class='ocrx_word' id='word_1_201' title='bbox 1797 2429 1937 2482; x_wconf 91' lang='lat' dir='ltr'><strong>diem</strong></span> <span class='ocrx_word' id='word_1_202' title='bbox 1976 2431 2072 2480; x_wconf 85' lang='lat' dir='ltr'><strong>hu-</strong></span> 
     </span>
    </p>
   </div>
   <div class='ocr_carea' id='block_1_26' title="bbox 512 2519 2070 2592">
    <p class='ocr_par' dir='ltr' id='par_1_26' title="bbox 512 2519 2070 2592">
     <span class='ocr_line' id='line_1_26' title="bbox 512 2519 2070 2592; baseline -0.004 -13"><span class='ocrx_word' id='word_1_203' title='bbox 512 2540 743 2588; x_wconf 88' lang='lat' dir='ltr'><strong>manum,</strong></span> <span class='ocrx_word' id='word_1_204' title='bbox 773 2525 891 2592; x_wconf 88' lang='lat' dir='ltr'><strong>quia</strong></span> <span class='ocrx_word' id='word_1_205' title='bbox 919 2523 1123 2577; x_wconf 91' lang='lat' dir='ltr'><strong>occidet</strong></span> <span class='ocrx_word' id='word_1_206' title='bbox 1151 2537 1293 2580; x_wconf 87' lang='lat' dir='ltr'><strong>eum.</strong></span> <span class='ocrx_word' id='word_1_207' title='bbox 1327 2530 1380 2574; x_wconf 89' lang='lat' dir='ltr'><strong>et</strong></span> <span class='ocrx_word' id='word_1_208' title='bbox 1405 2521 1583 2589; x_wconf 86' lang='lat' dir='ltr'><strong>perdet</strong></span> <span class='ocrx_word' id='word_1_209' title='bbox 1612 2520 1747 2572; x_wconf 87' lang='lat' dir='ltr'><strong>hanc</strong></span> <span class='ocrx_word' id='word_1_210' title='bbox 1768 2521 1956 2582; x_wconf 89' lang='lat' dir='ltr'><strong>vitam;</strong></span> <span class='ocrx_word' id='word_1_211' title='bbox 1981 2519 2070 2587; x_wconf 89' lang='lat' dir='ltr'><strong>qui</strong></span> 
     </span>
    </p>
   </div>
   <div class='ocr_carea' id='block_1_27' title="bbox 511 2610 2066 2683">
    <p class='ocr_par' dir='ltr' id='par_1_27' title="bbox 511 2610 2066 2683">
     <span class='ocr_line' id='line_1_27' title="bbox 511 2610 2066 2683; baseline -0.006 -13"><span class='ocrx_word' id='word_1_212' title='bbox 511 2633 615 2670; x_wconf 91' lang='lat' dir='ltr'><strong>non</strong></span> <span class='ocrx_word' id='word_1_213' title='bbox 647 2627 820 2683; x_wconf 79' lang='lat' dir='ltr'><strong>Sperat</strong></span> <span class='ocrx_word' id='word_1_214' title='bbox 850 2617 1002 2667; x_wconf 81' lang='lat' dir='ltr'><strong>aliain</strong></span> <span class='ocrx_word' id='word_1_215' title='bbox 1031 2615 1213 2678; x_wconf 84' lang='lat' dir='ltr'><strong>vitam,</strong></span> <span class='ocrx_word' id='word_1_216' title='bbox 1246 2613 1440 2678; x_wconf 91' lang='lat' dir='ltr'><strong>delicit,</strong></span> <span class='ocrx_word' id='word_1_217' title='bbox 1467 2621 1513 2664; x_wconf 89' lang='lat' dir='ltr'><strong>et</strong></span> <span class='ocrx_word' id='word_1_218' title='bbox 1542 2611 1806 2664; x_wconf 87' lang='lat' dir='ltr'><strong>eonsenlit</strong></span> <span class='ocrx_word' id='word_1_219' title='bbox 1837 2610 2066 2663; x_wconf 84' lang='lat' dir='ltr'><strong>inimico.</strong></span> 
     </span>
    </p>
   </div>
   <div class='ocr_carea' id='block_1_28' title="bbox 507 2700 2069 2773">
    <p class='ocr_par' dir='ltr' id='par_1_28' title="bbox 507 2700 2069 2773">
     <span class='ocr_line' id='line_1_28' title="bbox 507 2700 2069 2773; baseline -0.003 -16"><span class='ocrx_word' id='word_1_220' title='bbox 507 2707 604 2773; x_wconf 86' lang='lat' dir='ltr'><strong>Qui</strong></span> <span class='ocrx_word' id='word_1_221' title='bbox 635 2717 808 2759; x_wconf 89' lang='lat' dir='ltr'><strong>autem</strong></span> <span class='ocrx_word' id='word_1_222' title='bbox 834 2705 1275 2758; x_wconf 86' lang='lat' dir='ltr'><strong>auditDominuIn</strong></span> <span class='ocrx_word' id='word_1_223' title='bbox 1298 2703 1575 2764; x_wconf 72' lang='lat' dir='ltr'><strong>dicentem,</strong></span> <span class='ocrx_word' id='word_1_224' title='bbox 1611 2700 1781 2754; x_wconf 80' lang='lat' dir='ltr'><strong>Nolite</strong></span> <span class='ocrx_word' id='word_1_225' title='bbox 1801 2702 1970 2753; x_wconf 83' lang='lat' dir='ltr'><strong>timere</strong></span> <span class='ocrx_word' id='word_1_226' title='bbox 1986 2711 2069 2753; x_wconf 86' lang='lat' dir='ltr'><strong>eos</strong></span> 
     </span>
    </p>
   </div>
   <div class='ocr_carea' id='block_1_29' title="bbox 504 2793 2068 2866">
    <p class='ocr_par' dir='ltr' id='par_1_29' title="bbox 504 2793 2068 2866">
     <span class='ocr_line' id='line_1_29' title="bbox 504 2793 2068 2866; baseline -0.004 -16"><span class='ocrx_word' id='word_1_227' title='bbox 504 2799 588 2863; x_wconf 85' lang='lat' dir='ltr'><strong>qui</strong></span> <span class='ocrx_word' id='word_1_228' title='bbox 616 2813 794 2866; x_wconf 86' lang='lat' dir='ltr'><strong>corpus</strong></span> <span class='ocrx_word' id='word_1_229' title='bbox 820 2795 1070 2860; x_wconf 77' lang='lat' dir='ltr'><strong>occidunt,</strong></span> <span class='ocrx_word' id='word_1_230' title='bbox 1113 2795 1332 2846; x_wconf 88' lang='lat' dir='ltr'><strong>animam</strong></span> <span class='ocrx_word' id='word_1_231' title='bbox 1371 2803 1536 2846; x_wconf 87' lang='lat' dir='ltr'><strong>autem</strong></span> <span class='ocrx_word' id='word_1_232' title='bbox 1577 2811 1674 2844; x_wconf 87' lang='lat' dir='ltr'><strong>non</strong></span> <span class='ocrx_word' id='word_1_233' title='bbox 1718 2803 1918 2862; x_wconf 77' lang='lat' dir='ltr'><strong>possunt</strong></span> <span class='ocrx_word' id='word_1_234' title='bbox 1941 2793 2068 2844; x_wconf 83' lang='lat' dir='ltr'><strong>occi-</strong></span> 
     </span>
    </p>
   </div>
   <div class='ocr_carea' id='block_1_30' title="bbox 505 2884 2065 2951">
    <p class='ocr_par' dir='ltr' id='par_1_30' title="bbox 505 2884 2065 2951">
     <span class='ocr_line' id='line_1_30' title="bbox 505 2884 2065 2951; baseline -0.001 -13"><span class='ocrx_word' id='word_1_235' title='bbox 505 2888 651 2950; x_wconf 84' lang='lat' dir='ltr'><strong>dere;</strong></span> <span class='ocrx_word' id='word_1_236' title='bbox 678 2887 772 2938; x_wconf 89' lang='lat' dir='ltr'><strong>etsi</strong></span> <span class='ocrx_word' id='word_1_237' title='bbox 803 2885 1034 2938; x_wconf 88' lang='lat' dir='ltr'><strong>tradatur</strong></span> <span class='ocrx_word' id='word_1_238' title='bbox 1071 2895 1207 2938; x_wconf 87' lang='lat' dir='ltr'><strong>terra</strong></span> <span class='ocrx_word' id='word_1_239' title='bbox 1246 2884 1296 2936; x_wconf 91' lang='lat' dir='ltr'><strong>in</strong></span> <span class='ocrx_word' id='word_1_240' title='bbox 1331 2898 1516 2936; x_wconf 89' lang='lat' dir='ltr'><strong>manus</strong></span> <span class='ocrx_word' id='word_1_241' title='bbox 1542 2885 1708 2951; x_wconf 85' lang='lat' dir='ltr'><strong>impii,</strong></span> <span class='ocrx_word' id='word_1_242' title='bbox 1749 2895 1898 2950; x_wconf 86' lang='lat' dir='ltr'><strong>capta</strong></span> <span class='ocrx_word' id='word_1_243' title='bbox 1929 2890 2065 2937; x_wconf 85' lang='lat' dir='ltr'><strong>terra</strong></span> 
     </span>
    </p>
   </div>
   <div class='ocr_carea' id='block_1_31' title="bbox 504 2975 2065 3044">
    <p class='ocr_par' dir='ltr' id='par_1_31' title="bbox 504 2975 2065 3044">
     <span class='ocr_line' id='line_1_31' title="bbox 504 2975 2065 3044; baseline 0 -16"><span class='ocrx_word' id='word_1_244' title='bbox 504 2977 716 3042; x_wconf 74' lang='lat' dir='ltr'><strong>Spiritus</strong></span> <span class='ocrx_word' id='word_1_245' title='bbox 738 2976 942 3040; x_wconf 84' lang='lat' dir='ltr'><strong>evadit;</strong></span> <span class='ocrx_word' id='word_1_246' title='bbox 996 2977 1182 3044; x_wconf 83' lang='lat' dir='ltr'><strong>spiritu</strong></span> <span class='ocrx_word' id='word_1_247' title='bbox 1211 2975 1485 3037; x_wconf 86' lang='lat' dir='ltr'><strong>evadente,</strong></span> <span class='ocrx_word' id='word_1_248' title='bbox 1528 2982 1579 3027; x_wconf 89' lang='lat' dir='ltr'><strong>et</strong></span> <span class='ocrx_word' id='word_1_249' title='bbox 1620 2986 1757 3028; x_wconf 89' lang='lat' dir='ltr'><strong>terra</strong></span> <span class='ocrx_word' id='word_1_250' title='bbox 1808 2986 2065 3044; x_wconf 61' lang='lat' dir='ltr'><strong>resurget.</strong></span> 
     </span>
    </p>
   </div>
   <div class='ocr_carea' id='block_1_32' title="bbox 503 3064 2064 3133">
    <p class='ocr_par' dir='ltr' id='par_1_32' title="bbox 503 3064 2064 3133">
     <span class='ocr_line' id='line_1_32' title="bbox 503 3064 2064 3133; baseline -0.001 -14"><span class='ocrx_word' id='word_1_251' title='bbox 503 3065 727 3133; x_wconf 84' lang='lat' dir='ltr'><strong>Spiritus</strong></span> <span class='ocrx_word' id='word_1_252' title='bbox 763 3066 1019 3117; x_wconf 76' lang='lat' dir='ltr'><strong>mutatur‘</strong></span> <span class='ocrx_word' id='word_1_253' title='bbox 1057 3064 1121 3117; x_wconf 91' lang='lat' dir='ltr'><strong>ad</strong></span> <span class='ocrx_word' id='word_1_254' title='bbox 1163 3065 1456 3126; x_wconf 86' lang='lat' dir='ltr'><strong>Dominum,</strong></span> <span class='ocrx_word' id='word_1_255' title='bbox 1504 3073 1640 3117; x_wconf 89' lang='lat' dir='ltr'><strong>terra</strong></span> <span class='ocrx_word' id='word_1_256' title='bbox 1688 3064 1974 3118; x_wconf 75' lang='lat' dir='ltr'><strong>mutabitur</strong></span> <span class='ocrx_word' id='word_1_257' title='bbox 2013 3065 2064 3118; x_wconf 93' lang='lat' dir='ltr'><strong>in</strong></span> 
     </span>
    </p>
   </div>
   <div class='ocr_carea' id='block_1_33' title="bbox 503 3153 2064 3223">
    <p class='ocr_par' dir='ltr' id='par_1_33' title="bbox 503 3153 2064 3223">
     <span class='ocr_line' id='line_1_33' title="bbox 503 3153 2064 3223; baseline -0.001 -15"><span class='ocrx_word' id='word_1_258' title='bbox 503 3155 718 3208; x_wconf 71' lang='lat' dir='ltr'><strong>caelum.</strong></span> <span class='ocrx_word' id='word_1_259' title='bbox 747 3154 858 3206; x_wconf 86' lang='lat' dir='ltr'><strong>Non</strong></span> <span class='ocrx_word' id='word_1_260' title='bbox 889 3157 1029 3207; x_wconf 90' lang='lat' dir='ltr'><strong>enim</strong></span> <span class='ocrx_word' id='word_1_261' title='bbox 1058 3153 1250 3220; x_wconf 85' lang='lat' dir='ltr'><strong>aliquid</strong></span> <span class='ocrx_word' id='word_1_262' title='bbox 1277 3153 1343 3207; x_wconf 88' lang='lat' dir='ltr'><strong>de</strong></span> <span class='ocrx_word' id='word_1_263' title='bbox 1372 3153 1482 3222; x_wconf 90' lang='lat' dir='ltr'><strong>ipsa</strong></span> <span class='ocrx_word' id='word_1_264' title='bbox 1512 3163 1645 3206; x_wconf 88' lang='lat' dir='ltr'><strong>terra</strong></span> <span class='ocrx_word' id='word_1_265' title='bbox 1670 3155 1825 3223; x_wconf 87' lang='lat' dir='ltr'><strong>perit,</strong></span> <span class='ocrx_word' id='word_1_266' title='bbox 1858 3167 1974 3223; x_wconf 73' lang='lat' dir='ltr'><strong>qum</strong></span> <span class='ocrx_word' id='word_1_267' title='bbox 1999 3155 2064 3207; x_wconf 88' lang='lat' dir='ltr'><strong>ad</strong></span> 
     </span>
    </p>
   </div>
   <div class='ocr_carea' id='block_1_34' title="bbox 506 3242 2065 3313">
    <p class='ocr_par' dir='ltr' id='par_1_34' title="bbox 506 3242 2065 3313">
     <span class='ocr_line' id='line_1_34' title="bbox 506 3242 2065 3313; baseline 0 -18"><span class='ocrx_word' id='word_1_268' title='bbox 506 3256 712 3312; x_wconf 87' lang='lat' dir='ltr'><strong>tempus</strong></span> <span class='ocrx_word' id='word_1_269' title='bbox 743 3243 964 3296; x_wconf 87' lang='lat' dir='ltr'><strong>traditur</strong></span> <span class='ocrx_word' id='word_1_270' title='bbox 990 3245 1038 3295; x_wconf 92' lang='lat' dir='ltr'><strong>in</strong></span> <span class='ocrx_word' id='word_1_271' title='bbox 1071 3258 1254 3296; x_wconf 86' lang='lat' dir='ltr'><strong>manus</strong></span> <span class='ocrx_word' id='word_1_272' title='bbox 1285 3243 1426 3310; x_wconf 88' lang='lat' dir='ltr'><strong>itnpii</strong></span> <span class='ocrx_word' id='word_1_273' title='bbox 1458 3262 1470 3296; x_wconf 93' lang='lat'><strong>:</strong></span> <span class='ocrx_word' id='word_1_274' title='bbox 1521 3242 1705 3311; x_wconf 76' lang='lat' dir='ltr'><strong>Capilli</strong></span> <span class='ocrx_word' id='word_1_275' title='bbox 1724 3245 1897 3313; x_wconf 82' lang='lat' dir='ltr'><strong>cupitis</strong></span> <span class='ocrx_word' id='word_1_276' title='bbox 1916 3245 2065 3296; x_wconf 85' lang='lat' dir='ltr'><strong>vestri</strong></span> 
     </span>
    </p>
   </div>
   <div class='ocr_carea' id='block_1_35' title="bbox 504 3331 2059 3404">
    <p class='ocr_par' dir='ltr' id='par_1_35' title="bbox 504 3331 2059 3404">
     <span class='ocr_line' id='line_1_35' title="bbox 504 3331 2059 3404; baseline -0.001 -19"><span class='ocrx_word' id='word_1_277' title='bbox 504 3335 746 3386; x_wconf 82' lang='lat' dir='ltr'><strong>numerati</strong></span> <span class='ocrx_word' id='word_1_278' title='bbox 769 3342 883 3384; x_wconf 89' lang='lat' dir='ltr'><strong>sunt</strong></span> <span class='ocrx_word' id='word_1_279' title='bbox 906 3331 1113 3404; x_wconf 77' lang='lat' dir='ltr'><strong>(Matth.</strong></span> <span class='ocrx_word' id='word_1_280' title='bbox 1147 3348 1198 3396; x_wconf 72' lang='grc' dir='ltr'>ιι,</span> <span class='ocrx_word' id='word_1_281' title='bbox 1225 3331 1314 3393; x_wconf 68' lang='grc'><strong>28,</strong></span> <span class='ocrx_word' id='word_1_282' title='bbox 1360 3331 1470 3400; x_wconf 80' lang='grc'><strong>50).</strong></span> <span class='ocrx_word' id='word_1_283' title='bbox 1518 3332 1656 3401; x_wconf 78' lang='lat' dir='ltr'><strong>Ergo</strong></span> <span class='ocrx_word' id='word_1_284' title='bbox 1685 3344 1765 3386; x_wconf 88' lang='lat' dir='ltr'><strong>est</strong></span> <span class='ocrx_word' id='word_1_285' title='bbox 1789 3335 2059 3398; x_wconf 80' lang='lat' dir='ltr'><strong>securitas,</strong></span> 
     </span>
    </p>
   </div>
   <div class='ocr_carea' id='block_1_36' title="bbox 503 3423 2060 3490">
    <p class='ocr_par' dir='ltr' id='par_1_36' title="bbox 503 3423 2060 3490">
     <span class='ocr_line' id='line_1_36' title="bbox 503 3423 2060 3490; baseline -0.001 -12"><span class='ocrx_word' id='word_1_286' title='bbox 503 3425 597 3479; x_wconf 85' lang='lat' dir='ltr'><strong>sed</strong></span> <span class='ocrx_word' id='word_1_287' title='bbox 631 3425 676 3477; x_wconf 91' lang='lat' dir='ltr'><strong>si</strong></span> <span class='ocrx_word' id='word_1_288' title='bbox 709 3426 846 3477; x_wconf 91' lang='lat' dir='ltr'><strong>intus</strong></span> <span class='ocrx_word' id='word_1_289' title='bbox 875 3424 944 3476; x_wconf 86' lang='lat' dir='ltr'><strong>sit</strong></span> <span class='ocrx_word' id='word_1_290' title='bbox 977 3423 1131 3477; x_wconf 89' lang='lat' dir='ltr'><strong>Dens.</strong></span> <span class='ocrx_word' id='word_1_291' title='bbox 1179 3423 1234 3476; x_wconf 89' lang='lat' dir='ltr'><strong>Si</strong></span> <span class='ocrx_word' id='word_1_292' title='bbox 1274 3432 1448 3476; x_wconf 88' lang='lat' dir='ltr'><strong>autem</strong></span> <span class='ocrx_word' id='word_1_293' title='bbox 1493 3423 1784 3490; x_wconf 83' lang='lat' dir='ltr'><strong>expellatur</strong></span> <span class='ocrx_word' id='word_1_294' title='bbox 1805 3423 2060 3487; x_wconf 77' lang='lat' dir='ltr'><strong>diabolus,</strong></span> 
     </span>
    </p>
   </div>
   <div class='ocr_carea' id='block_1_37' title="bbox 505 3515 2062 3584">
    <p class='ocr_par' dir='ltr' id='par_1_37' title="bbox 505 3515 2062 3584">
     <span class='ocr_line' id='line_1_37' title="bbox 505 3515 2062 3584; baseline 0.001 -16"><span class='ocrx_word' id='word_1_295' title='bbox 505 3517 795 3569; x_wconf 87' lang='lat' dir='ltr'><strong>admittitur</strong></span> <span class='ocrx_word' id='word_1_296' title='bbox 814 3517 966 3568; x_wconf 87' lang='lat' dir='ltr'><strong>Deus.</strong></span> <span class='ocrx_word' id='word_1_297' title='bbox 999 3515 1236 3568; x_wconf 76' lang='lat' dir='ltr'><strong>Dominus</strong></span> <span class='ocrx_word' id='word_1_298' title='bbox 1251 3526 1416 3567; x_wconf 65' lang='lat' dir='ltr'><strong>autem</strong></span> <span class='ocrx_word' id='word_1_299' title='bbox 1437 3529 1532 3567; x_wconf 83' lang='lat' dir='ltr'><strong>non</strong></span> <span class='ocrx_word' id='word_1_300' title='bbox 1555 3515 1855 3584; x_wconf 76' lang='lat' dir='ltr'><strong>derelinquat</strong></span> <span class='ocrx_word' id='word_1_301' title='bbox 1877 3523 1987 3568; x_wconf 84' lang='lat' dir='ltr'><strong>eum</strong></span> <span class='ocrx_word' id='word_1_302' title='bbox 2010 3518 2062 3570; x_wconf 83' lang='lat' dir='ltr'><strong>in</strong></span> 
     </span>
    </p>
   </div>
   <div class='ocr_carea' id='block_1_38' title="bbox 512 3587 2058 3675">
    <p class='ocr_par' dir='ltr' id='par_1_38' title="bbox 512 3604 2058 3675">
     <span class='ocr_line' id='line_1_38' title="bbox 512 3604 2058 3675; baseline -0.001 -15"><span class='ocrx_word' id='word_1_303' title='bbox 512 3608 742 3660; x_wconf 82' lang='lat' dir='ltr'><strong>manibus</strong></span> <span class='ocrx_word' id='word_1_304' title='bbox 765 3609 891 3675; x_wconf 85' lang='lat' dir='ltr'><strong>ejus.</strong></span> <span class='ocrx_word' id='word_1_305' title='bbox 937 3604 1045 3658; x_wconf 82' lang='lat' dir='ltr'><strong>Nec</strong></span> <span class='ocrx_word' id='word_1_306' title='bbox 1073 3607 1329 3657; x_wconf 83' lang='lat' dir='ltr'><strong>damnabit</strong></span> <span class='ocrx_word' id='word_1_307' title='bbox 1357 3621 1486 3666; x_wconf 76' lang='lat' dir='ltr'><strong>eum,</strong></span> <span class='ocrx_word' id='word_1_308' title='bbox 1515 3622 1623 3656; x_wconf 79' lang='lat' dir='ltr'><strong>eum</strong></span> <span class='ocrx_word' id='word_1_309' title='bbox 1639 3606 1945 3674; x_wconf 82' lang='lat' dir='ltr'><strong>judicabitur</strong></span> <span class='ocrx_word' id='word_1_310' title='bbox 1964 3606 2058 3659; x_wconf 91' lang='lat' dir='ltr'><strong>illi.</strong></span> 
     </span>
    </p>
   </div>
   <div class='ocr_carea' id='block_1_39' title="bbox 508 3694 2060 3766">
    <p class='ocr_par' dir='ltr' id='par_1_39' title="bbox 508 3694 2060 3766">
     <span class='ocr_line' id='line_1_39' title="bbox 508 3694 2060 3766; baseline -0.001 -16"><span class='ocrx_word' id='word_1_311' title='bbox 508 3698 710 3752; x_wconf 85' lang='lat' dir='ltr'><strong>Habent</strong></span> <span class='ocrx_word' id='word_1_312' title='bbox 737 3697 906 3766; x_wconf 86' lang='lat' dir='ltr'><strong>aliqua</strong></span> <span class='ocrx_word' id='word_1_313' title='bbox 933 3696 1272 3763; x_wconf 79' lang='lat' dir='ltr'><strong>exemplaria,</strong></span> <span class='ocrx_word' id='word_1_314' title='bbox 1311 3694 1377 3748; x_wconf 80' lang='lat' dir='ltr'><strong>Et</strong></span> <span class='ocrx_word' id='word_1_315' title='bbox 1407 3710 1516 3747; x_wconf 79' lang='lat' dir='ltr'><strong>cum</strong></span> <span class='ocrx_word' id='word_1_316' title='bbox 1537 3696 1782 3765; x_wconf 84' lang='lat' dir='ltr'><strong>judicabit</strong></span> <span class='ocrx_word' id='word_1_317' title='bbox 1811 3713 1940 3758; x_wconf 87' lang='lat' dir='ltr'><strong>eum,</strong></span> <span class='ocrx_word' id='word_1_318' title='bbox 1968 3702 2060 3766; x_wconf 85' lang='lat' dir='ltr'><strong>ju-</strong></span> 
     </span>
    </p>
   </div>
   <div class='ocr_carea' id='block_1_40' title="bbox 501 3789 2062 3858">
    <p class='ocr_par' dir='ltr' id='par_1_40' title="bbox 501 3789 2062 3858">
     <span class='ocr_line' id='line_1_40' title="bbox 501 3789 2062 3858; baseline -0.001 -13"><span class='ocrx_word' id='word_1_319' title='bbox 501 3793 748 3846; x_wconf 84' lang='lat' dir='ltr'><strong>dicabitur</strong></span> <span class='ocrx_word' id='word_1_320' title='bbox 766 3792 859 3844; x_wconf 89' lang='lat' dir='ltr'><strong>illi.</strong></span> <span class='ocrx_word' id='word_1_321' title='bbox 891 3789 981 3843; x_wconf 87' lang='lat' dir='ltr'><strong>Illi</strong></span> <span class='ocrx_word' id='word_1_322' title='bbox 1013 3800 1187 3843; x_wconf 88' lang='lat' dir='ltr'><strong>autem</strong></span> <span class='ocrx_word' id='word_1_323' title='bbox 1224 3789 1418 3842; x_wconf 89' lang='lat' dir='ltr'><strong>dictum</strong></span> <span class='ocrx_word' id='word_1_324' title='bbox 1443 3798 1542 3850; x_wconf 76' lang='lat' dir='ltr'><strong>est,</strong></span> <span class='ocrx_word' id='word_1_325' title='bbox 1579 3802 1698 3841; x_wconf 89' lang='lat' dir='ltr'><strong>cum</strong></span> <span class='ocrx_word' id='word_1_326' title='bbox 1723 3789 1977 3858; x_wconf 88' lang='lat' dir='ltr'><strong>judicium</strong></span> <span class='ocrx_word' id='word_1_327' title='bbox 2005 3791 2062 3845; x_wconf 76' lang='lat' dir='ltr'><strong>lit</strong></span> 
     </span>
    </p>
   </div>
   <div class='ocr_carea' id='block_1_41' title="bbox 502 3881 2056 3952">
    <p class='ocr_par' dir='ltr' id='par_1_41' title="bbox 502 3881 2056 3952">
     <span class='ocr_line' id='line_1_41' title="bbox 502 3881 2056 3952; baseline -0.003 -13"><span class='ocrx_word' id='word_1_328' title='bbox 502 3887 568 3939; x_wconf 89' lang='lat' dir='ltr'><strong>de</strong></span> <span class='ocrx_word' id='word_1_329' title='bbox 597 3885 686 3937; x_wconf 89' lang='lat' dir='ltr'><strong>illo</strong></span> <span class='ocrx_word' id='word_1_330' title='bbox 717 3900 729 3934; x_wconf 91' lang='lat'>:</span> <span class='ocrx_word' id='word_1_331' title='bbox 773 3897 1049 3952; x_wconf 89' lang='lat' dir='ltr'><strong>possumus</strong></span> <span class='ocrx_word' id='word_1_332' title='bbox 1075 3883 1214 3936; x_wconf 87' lang='lat' dir='ltr'><strong>enim</strong></span> <span class='ocrx_word' id='word_1_333' title='bbox 1240 3882 1314 3934; x_wconf 92' lang='lat' dir='ltr'><strong>sic</strong></span> <span class='ocrx_word' id='word_1_334' title='bbox 1335 3882 1475 3950; x_wconf 86' lang='lat' dir='ltr'><strong>loqui</strong></span> <span class='ocrx_word' id='word_1_335' title='bbox 1505 3890 1560 3933; x_wconf 91' lang='lat' dir='ltr'><strong>ut</strong></span> <span class='ocrx_word' id='word_1_336' title='bbox 1586 3881 1820 3934; x_wconf 88' lang='lat' dir='ltr'><strong>dicamus</strong></span> <span class='ocrx_word' id='word_1_337' title='bbox 1838 3881 2056 3948; x_wconf 90' lang='lat' dir='ltr'><strong>homini,</strong></span> 
     </span>
    </p>
   </div>
   <div class='ocr_carea' id='block_1_42' title="bbox 501 3973 2058 4042">
    <p class='ocr_par' dir='ltr' id='par_1_42' title="bbox 501 3973 2058 4042">
     <span class='ocr_line' id='line_1_42' title="bbox 501 3973 2058 4042; baseline -0.001 -15"><span class='ocrx_word' id='word_1_338' title='bbox 501 3975 682 4028; x_wconf 80' lang='lat' dir='ltr'><strong>Jndica</strong></span> <span class='ocrx_word' id='word_1_339' title='bbox 724 3975 870 4038; x_wconf 89' lang='lat' dir='ltr'><strong>mihi,</strong></span> <span class='ocrx_word' id='word_1_340' title='bbox 904 3975 952 4027; x_wconf 91' lang='lat' dir='ltr'><strong>id</strong></span> <span class='ocrx_word' id='word_1_341' title='bbox 989 3983 1085 4036; x_wconf 87' lang='lat' dir='ltr'><strong>est,</strong></span> <span class='ocrx_word' id='word_1_342' title='bbox 1121 3974 1238 4025; x_wconf 89' lang='lat' dir='ltr'><strong>audi</strong></span> <span class='ocrx_word' id='word_1_343' title='bbox 1276 3987 1490 4026; x_wconf 87' lang='lat' dir='ltr'><strong>causam</strong></span> <span class='ocrx_word' id='word_1_344' title='bbox 1538 3987 1729 4026; x_wconf 86' lang='lat' dir='ltr'><strong>meam.</strong></span> <span class='ocrx_word' id='word_1_345' title='bbox 1773 3973 1902 4026; x_wconf 88' lang='lat' dir='ltr'><strong>Cum</strong></span> <span class='ocrx_word' id='word_1_346' title='bbox 1934 3988 2058 4042; x_wconf 77' lang='lat' dir='ltr'><strong>ergo</strong></span> 
     </span>
    </p>
   </div>
   <div class='ocr_carea' id='block_1_43' title="bbox 499 4062 2058 4132">
    <p class='ocr_par' dir='ltr' id='par_1_43' title="bbox 499 4062 2058 4132">
     <span class='ocr_line' id='line_1_43' title="bbox 499 4062 2058 4132; baseline -0.001 -17"><span class='ocrx_word' id='word_1_347' title='bbox 499 4064 717 4130; x_wconf 64' lang='grc' dir='ltr'>«ιαμϐι-ιι</span> <span class='ocrx_word' id='word_1_348' title='bbox 739 4063 916 4115; x_wconf 86' lang='lat' dir='ltr'><strong>audire</strong></span> <span class='ocrx_word' id='word_1_349' title='bbox 945 4079 1154 4116; x_wconf 85' lang='lat' dir='ltr'><strong>causam</strong></span> <span class='ocrx_word' id='word_1_350' title='bbox 1182 4062 1308 4130; x_wconf 89' lang='lat' dir='ltr'><strong>justi</strong></span> <span class='ocrx_word' id='word_1_351' title='bbox 1337 4063 1415 4115; x_wconf 87' lang='lat' dir='ltr'><strong>sui</strong></span> <span class='ocrx_word' id='word_1_352' title='bbox 1445 4063 1578 4116; x_wconf 84' lang='lat' dir='ltr'><strong>Deus</strong></span> <span class='ocrx_word' id='word_1_353' title='bbox 1602 4079 1615 4124; x_wconf 87' lang='lat'><strong>;</strong></span> <span class='ocrx_word' id='word_1_354' title='bbox 1653 4064 1885 4132; x_wconf 86' lang='lat' dir='ltr'><strong>quoniam</strong></span> <span class='ocrx_word' id='word_1_355' title='bbox 1906 4080 2058 4130; x_wconf 89' lang='lat' dir='ltr'><strong>opor-</strong></span> 
     </span>
    </p>
   </div>
   <div class='ocr_carea' id='block_1_44' title="bbox 503 4149 2059 4216">
    <p class='ocr_par' dir='ltr' id='par_1_44' title="bbox 503 4149 2059 4216">
     <span class='ocr_line' id='line_1_44' title="bbox 503 4149 2059 4216; baseline 0.001 -12"><span class='ocrx_word' id='word_1_356' title='bbox 503 4162 568 4204; x_wconf 90' lang='lat' dir='ltr'><strong>tet</strong></span> <span class='ocrx_word' id='word_1_357' title='bbox 587 4167 753 4203; x_wconf 86' lang='lat' dir='ltr'><strong>onmes</strong></span> <span class='ocrx_word' id='word_1_358' title='bbox 773 4152 988 4204; x_wconf 75' lang='lat' dir='ltr'><strong>exhiberi</strong></span> <span class='ocrx_word' id='word_1_359' title='bbox 1016 4161 1129 4203; x_wconf 82' lang='lat' dir='ltr'><strong>ante</strong></span> <span class='ocrx_word' id='word_1_360' title='bbox 1155 4151 1368 4204; x_wconf 83' lang='lat' dir='ltr'><strong>tribunal</strong></span> <span class='ocrx_word' id='word_1_361' title='bbox 1387 4149 1593 4214; x_wconf 61' lang='lat' dir='ltr'><strong>(In-isti,</strong></span> <span class='ocrx_word' id='word_1_362' title='bbox 1625 4162 1670 4204; x_wconf 91' lang='lat' dir='ltr'><strong>et</strong></span> <span class='ocrx_word' id='word_1_363' title='bbox 1695 4162 1843 4216; x_wconf 88' lang='lat' dir='ltr'><strong>stare,</strong></span> <span class='ocrx_word' id='word_1_364' title='bbox 1883 4164 1936 4204; x_wconf 86' lang='lat' dir='ltr'><strong>ut</strong></span> <span class='ocrx_word' id='word_1_365' title='bbox 1955 4152 2059 4206; x_wconf 86' lang='lat' dir='ltr'><strong>illic</strong></span> 
     </span>
    </p>
   </div>
   <div class='ocr_carea' id='block_1_45' title="bbox 500 4242 2057 4312">
    <p class='ocr_par' dir='ltr' id='par_1_45' title="bbox 500 4242 2057 4312">
     <span class='ocr_line' id='line_1_45' title="bbox 500 4242 2057 4312; baseline 0.001 -18"><span class='ocrx_word' id='word_1_366' title='bbox 500 4244 703 4311; x_wconf 80' lang='lat' dir='ltr'><strong>recipiat</strong></span> <span class='ocrx_word' id='word_1_367' title='bbox 733 4243 1059 4310; x_wconf 74' lang='lat' dir='ltr'><strong>unusquisque</strong></span> <span class='ocrx_word' id='word_1_368' title='bbox 1086 4259 1198 4311; x_wconf 68' lang='lat' dir='ltr'><strong>qua:</strong></span> <span class='ocrx_word' id='word_1_369' title='bbox 1226 4259 1312 4307; x_wconf 85' lang='lat' dir='ltr'><strong>per</strong></span> <span class='ocrx_word' id='word_1_370' title='bbox 1337 4259 1516 4310; x_wconf 86' lang='lat' dir='ltr'><strong>corpus</strong></span> <span class='ocrx_word' id='word_1_371' title='bbox 1538 4243 1703 4312; x_wconf 77' lang='lat' dir='ltr'><strong>gessit,</strong></span> <span class='ocrx_word' id='word_1_372' title='bbox 1750 4244 1849 4296; x_wconf 87' lang='lat' dir='ltr'><strong>sive</strong></span> <span class='ocrx_word' id='word_1_373' title='bbox 1877 4242 2057 4296; x_wconf 87' lang='lat' dir='ltr'><strong>bonum</strong></span> 
     </span>
    </p>
   </div>
   <div class='ocr_carea' id='block_1_46' title="bbox 497 4330 2060 4400">
    <p class='ocr_par' dir='ltr' id='par_1_46' title="bbox 497 4330 2060 4400">
     <span class='ocr_line' id='line_1_46' title="bbox 497 4330 2060 4400; baseline -0.001 -14"><span class='ocrx_word' id='word_1_374' title='bbox 497 4336 599 4388; x_wconf 79' lang='lat' dir='ltr'><strong>sive</strong></span> <span class='ocrx_word' id='word_1_375' title='bbox 628 4334 810 4385; x_wconf 82' lang='lat' dir='ltr'><strong>malum</strong></span> <span class='ocrx_word' id='word_1_376' title='bbox 838 4332 898 4399; x_wconf 95' lang='lat' dir='ltr'><strong>(ll</strong></span> <span class='ocrx_word' id='word_1_377' title='bbox 921 4331 1034 4384; x_wconf 78' lang='lat' dir='ltr'><strong>Cor.</strong></span> <span class='ocrx_word' id='word_1_378' title='bbox 1069 4347 1120 4396; x_wconf 85' lang='grc' dir='ltr'><strong>ν,</strong></span> <span class='ocrx_word' id='word_1_379' title='bbox 1146 4330 1268 4398; x_wconf 77' lang='grc'><strong>10);</strong></span> <span class='ocrx_word' id='word_1_380' title='bbox 1301 4332 1509 4400; x_wconf 87' lang='lat' dir='ltr'><strong>quando</strong></span> <span class='ocrx_word' id='word_1_381' title='bbox 1530 4347 1656 4400; x_wconf 80' lang='lat' dir='ltr'><strong>ergo</strong></span> <span class='ocrx_word' id='word_1_382' title='bbox 1673 4342 1880 4384; x_wconf 79' lang='lat' dir='ltr'><strong>Vt&#39;ttllllll</strong></span> <span class='ocrx_word' id='word_1_383' title='bbox 1902 4332 2060 4385; x_wconf 81' lang='lat' dir='ltr'><strong>fuerit-</strong></span> 
     </span>
    </p>
   </div>
   <div class='ocr_carea' id='block_1_47' title="bbox 501 4421 2056 4490">
    <p class='ocr_par' dir='ltr' id='par_1_47' title="bbox 501 4421 2056 4490">
     <span class='ocr_line' id='line_1_47' title="bbox 501 4421 2056 4490; baseline 0.001 -14"><span class='ocrx_word' id='word_1_384' title='bbox 501 4425 563 4477; x_wconf 88' lang='lat' dir='ltr'><strong>ad</strong></span> <span class='ocrx_word' id='word_1_385' title='bbox 596 4423 718 4476; x_wconf 90' lang='lat' dir='ltr'><strong>illud</strong></span> <span class='ocrx_word' id='word_1_386' title='bbox 737 4421 1012 4490; x_wconf 85' lang='lat' dir='ltr'><strong>judicium,</strong></span> <span class='ocrx_word' id='word_1_387' title='bbox 1045 4437 1147 4473; x_wconf 91' lang='lat' dir='ltr'><strong>non</strong></span> <span class='ocrx_word' id='word_1_388' title='bbox 1181 4436 1300 4473; x_wconf 88' lang='lat' dir='ltr'><strong>eum</strong></span> <span class='ocrx_word' id='word_1_389' title='bbox 1329 4421 1614 4486; x_wconf 83' lang='lat' dir='ltr'><strong>damnabit,</strong></span> <span class='ocrx_word' id='word_1_390' title='bbox 1639 4423 1734 4475; x_wconf 86' lang='lat' dir='ltr'><strong>etsi</strong></span> <span class='ocrx_word' id='word_1_391' title='bbox 1765 4423 1826 4474; x_wconf 90' lang='lat' dir='ltr'><strong>ad</strong></span> <span class='ocrx_word' id='word_1_392' title='bbox 1853 4433 2056 4490; x_wconf 86' lang='lat' dir='ltr'><strong>tempus</strong></span> 
     </span>
    </p>
   </div>
   <div class='ocr_carea' id='block_1_48' title="bbox 501 4512 2053 4568">
    <p class='ocr_par' dir='ltr' id='par_1_48' title="bbox 501 4512 2053 4568">
     <span class='ocr_line' id='line_1_48' title="bbox 501 4512 2053 4568; baseline 0.001 -1"><span class='ocrx_word' id='word_1_393' title='bbox 501 4515 738 4568; x_wconf 81' lang='lat' dir='ltr'><strong>videatur</strong></span> <span class='ocrx_word' id='word_1_394' title='bbox 781 4514 1015 4566; x_wconf 89' lang='lat' dir='ltr'><strong>damnari</strong></span> <span class='ocrx_word' id='word_1_395' title='bbox 1055 4513 1119 4566; x_wconf 85' lang='lat' dir='ltr'><strong>ab</strong></span> <span class='ocrx_word' id='word_1_396' title='bbox 1165 4512 1395 4565; x_wconf 85' lang='lat' dir='ltr'><strong>homine.</strong></span> <span class='ocrx_word' id='word_1_397' title='bbox 1452 4514 1562 4565; x_wconf 85' lang='lat' dir='ltr'><strong>Etsi</strong></span> <span class='ocrx_word' id='word_1_398' title='bbox 1592 4515 1720 4566; x_wconf 84' lang='lat' dir='ltr'><strong>dixit</strong></span> <span class='ocrx_word' id='word_1_399' title='bbox 1745 4517 2053 4568; x_wconf 87' lang='lat' dir='ltr'><strong>sententiam</strong></span> 
     </span>
    </p>
   </div>
   <div class='ocr_carea' id='block_1_49' title="bbox 502 4603 2053 4675">
    <p class='ocr_par' dir='ltr' id='par_1_49' title="bbox 502 4603 2053 4675">
     <span class='ocr_line' id='line_1_49' title="bbox 502 4603 2053 4675; baseline 0.001 -18"><span class='ocrx_word' id='word_1_400' title='bbox 502 4607 779 4675; x_wconf 83' lang='lat' dir='ltr'><strong>proconsul</strong></span> <span class='ocrx_word' id='word_1_401' title='bbox 812 4607 860 4659; x_wconf 94' lang='lat' dir='ltr'><strong>in</strong></span> <span class='ocrx_word' id='word_1_402' title='bbox 884 4605 1195 4674; x_wconf 73' lang='lat' dir='ltr'><strong>Cyprianum</strong></span> <span class='ocrx_word' id='word_1_403' title='bbox 1227 4623 1239 4656; x_wconf 88' lang='lat'>:</span> <span class='ocrx_word' id='word_1_404' title='bbox 1273 4603 1370 4656; x_wconf 88' lang='lat' dir='ltr'><strong>alia</strong></span> <span class='ocrx_word' id='word_1_405' title='bbox 1400 4614 1480 4656; x_wconf 88' lang='lat' dir='ltr'><strong>est</strong></span> <span class='ocrx_word' id='word_1_406' title='bbox 1511 4605 1635 4657; x_wconf 86' lang='lat' dir='ltr'><strong>sella</strong></span> <span class='ocrx_word' id='word_1_407' title='bbox 1667 4615 1890 4670; x_wconf 86' lang='lat' dir='ltr'><strong>terrena,</strong></span> <span class='ocrx_word' id='word_1_408' title='bbox 1917 4607 2053 4659; x_wconf 83' lang='lat' dir='ltr'><strong>aliud</strong></span> 
     </span>
    </p>
   </div>
   <div class='ocr_carea' id='block_1_50' title="bbox 500 4694 2052 4763">
    <p class='ocr_par' dir='ltr' id='par_1_50' title="bbox 500 4694 2052 4763">
     <span class='ocr_line' id='line_1_50' title="bbox 500 4694 2052 4763; baseline -0.001 -13"><span class='ocrx_word' id='word_1_409' title='bbox 500 4699 722 4752; x_wconf 84' lang='lat' dir='ltr'><strong>tribunal</strong></span> <span class='ocrx_word' id='word_1_410' title='bbox 753 4699 1002 4752; x_wconf 63' lang='lat' dir='ltr'><strong>caelorum</strong></span> <span class='ocrx_word' id='word_1_411' title='bbox 1029 4714 1042 4759; x_wconf 87' lang='lat'><strong>;</strong></span> <span class='ocrx_word' id='word_1_412' title='bbox 1071 4697 1136 4748; x_wconf 88' lang='lat' dir='ltr'><strong>ab</strong></span> <span class='ocrx_word' id='word_1_413' title='bbox 1164 4694 1413 4748; x_wconf 85' lang='lat' dir='ltr'><strong>inferiore</strong></span> <span class='ocrx_word' id='word_1_414' title='bbox 1437 4698 1638 4763; x_wconf 75' lang='lat' dir='ltr'><strong>accepit</strong></span> <span class='ocrx_word' id='word_1_415' title='bbox 1667 4698 1999 4758; x_wconf 87' lang='lat' dir='ltr'><strong>sententiam,</strong></span> <span class='ocrx_word' id='word_1_416' title='bbox 2025 4712 2052 4748; x_wconf 91' lang='lat' dir='ltr'><strong>a</strong></span> 
     </span>
    </p>
   </div>
   <div class='ocr_carea' id='block_1_51' title="bbox 497 4785 2052 4855">
    <p class='ocr_par' dir='ltr' id='par_1_51' title="bbox 497 4785 2052 4855">
     <span class='ocr_line' id='line_1_51' title="bbox 497 4785 2052 4855; baseline -0.001 -15"><span class='ocrx_word' id='word_1_417' title='bbox 497 4788 769 4855; x_wconf 89' lang='lat' dir='ltr'><strong>superiore</strong></span> <span class='ocrx_word' id='word_1_418' title='bbox 789 4803 1056 4841; x_wconf 83' lang='lat' dir='ltr'><strong>coronam.</strong></span> <span class='ocrx_word' id='word_1_419' title='bbox 1093 4785 1200 4840; x_wconf 83' lang='lat' dir='ltr'><strong>Nec</strong></span> <span class='ocrx_word' id='word_1_420' title='bbox 1225 4785 1477 4837; x_wconf 83' lang='lat' dir='ltr'><strong>damnabit</strong></span> <span class='ocrx_word' id='word_1_421' title='bbox 1503 4799 1634 4847; x_wconf 82' lang='lat' dir='ltr'><strong>enin,</strong></span> <span class='ocrx_word' id='word_1_422' title='bbox 1665 4801 1775 4836; x_wconf 84' lang='lat' dir='ltr'><strong>cum</strong></span> <span class='ocrx_word' id='word_1_423' title='bbox 1799 4787 2052 4855; x_wconf 83' lang='lat' dir='ltr'><strong>judieubi-</strong></span> 
     </span>
    </p>
   </div>
   <div class='ocr_carea' id='block_1_52' title="bbox 501 4878 693 4930">
    <p class='ocr_par' dir='ltr' id='par_1_52' title="bbox 501 4878 693 4930">
     <span class='ocr_line' id='line_1_52' title="bbox 501 4878 693 4930; baseline 0 -1"><span class='ocrx_word' id='word_1_424' title='bbox 501 4889 578 4930; x_wconf 88' lang='lat' dir='ltr'><strong>tur</strong></span> <span class='ocrx_word' id='word_1_425' title='bbox 601 4878 693 4929; x_wconf 84' lang='lat' dir='ltr'><strong>illi.</strong></span> 
     </span>
    </p>
   </div>
   <div class='ocr_carea' id='block_1_53' title="bbox 575 4964 2054 5038">
    <p class='ocr_par' dir='ltr' id='par_1_53' title="bbox 575 4964 2054 5038">
     <span class='ocr_line' id='line_1_53' title="bbox 575 4964 2054 5038; baseline -0.001 -18"><span class='ocrx_word' id='word_1_426' title='bbox 575 4969 656 5020; x_wconf 69' lang='grc'><strong>14.</strong></span> <span class='ocrx_word' id='word_1_427' title='bbox 698 4967 844 5038; x_wconf 65' lang='lat' dir='ltr'><strong>(vers.</strong></span> <span class='ocrx_word' id='word_1_428' title='bbox 884 4969 970 5028; x_wconf 73' lang='grc'><strong>54,</strong></span> <span class='ocrx_word' id='word_1_429' title='bbox 998 4966 1108 5037; x_wconf 77' lang='grc' dir='ltr'><strong>ὖῦ.]</strong></span> <span class='ocrx_word' id='word_1_430' title='bbox 1157 4967 1258 5021; x_wconf 90' lang='lat' dir='ltr'><strong>Sed</strong></span> <span class='ocrx_word' id='word_1_431' title='bbox 1303 4965 1512 5036; x_wconf 86' lang='lat' dir='ltr'><strong>quando</strong></span> <span class='ocrx_word' id='word_1_432' title='bbox 1553 4964 1689 5020; x_wconf 87' lang='lat' dir='ltr'><strong>erit?</strong></span> <span class='ocrx_word' id='word_1_433' title='bbox 1737 4964 1854 5018; x_wconf 84' lang='lat' dir='ltr'><strong>Noli</strong></span> <span class='ocrx_word' id='word_1_434' title='bbox 1899 4967 2054 5019; x_wconf 88' lang='lat' dir='ltr'><strong>modo</strong></span> 
     </span>
    </p>
   </div>
   <div class='ocr_carea' id='block_1_54' title="bbox 500 5058 2054 5128">
    <p class='ocr_par' dir='ltr' id='par_1_54' title="bbox 500 5058 2054 5128">
     <span class='ocr_line' id='line_1_54' title="bbox 500 5058 2054 5128; baseline 0.001 -18"><span class='ocrx_word' id='word_1_435' title='bbox 500 5069 716 5128; x_wconf 87' lang='lat' dir='ltr'><strong>putare:</strong></span> <span class='ocrx_word' id='word_1_436' title='bbox 746 5068 948 5125; x_wconf 85' lang='lat' dir='ltr'><strong>tempus</strong></span> <span class='ocrx_word' id='word_1_437' title='bbox 975 5060 1167 5112; x_wconf 89' lang='lat' dir='ltr'><strong>laboris</strong></span> <span class='ocrx_word' id='word_1_438' title='bbox 1195 5069 1293 5121; x_wconf 86' lang='lat' dir='ltr'><strong>est,</strong></span> <span class='ocrx_word' id='word_1_439' title='bbox 1320 5070 1525 5127; x_wconf 89' lang='lat' dir='ltr'><strong>tempus</strong></span> <span class='ocrx_word' id='word_1_440' title='bbox 1547 5058 1763 5110; x_wconf 87' lang='lat' dir='ltr'><strong>seminis</strong></span> <span class='ocrx_word' id='word_1_441' title='bbox 1789 5068 1889 5119; x_wconf 83' lang='lat' dir='ltr'><strong>est.</strong></span> <span class='ocrx_word' id='word_1_442' title='bbox 1923 5068 2054 5112; x_wconf 84' lang='lat' dir='ltr'><strong>tem-</strong></span> 
     </span>
    </p>
   </div>
   <div class='ocr_carea' id='block_1_55' title="bbox 501 5147 2050 5217">
    <p class='ocr_par' dir='ltr' id='par_1_55' title="bbox 501 5147 2050 5217">
     <span class='ocr_line' id='line_1_55' title="bbox 501 5147 2050 5217; baseline 0.001 -17"><span class='ocrx_word' id='word_1_443' title='bbox 501 5163 598 5216; x_wconf 85' lang='lat' dir='ltr'><strong>pus</strong></span> <span class='ocrx_word' id='word_1_444' title='bbox 630 5147 834 5215; x_wconf 78' lang='lat' dir='ltr'><strong>l&#39;rigoris</strong></span> <span class='ocrx_word' id='word_1_445' title='bbox 860 5159 942 5200; x_wconf 89' lang='lat' dir='ltr'><strong>est</strong></span> <span class='ocrx_word' id='word_1_446' title='bbox 975 5166 987 5200; x_wconf 90' lang='lat'>:</span> <span class='ocrx_word' id='word_1_447' title='bbox 1019 5149 1115 5202; x_wconf 85' lang='lat' dir='ltr'><strong>etsi</strong></span> <span class='ocrx_word' id='word_1_448' title='bbox 1147 5149 1280 5201; x_wconf 85' lang='lat' dir='ltr'><strong>inter</strong></span> <span class='ocrx_word' id='word_1_449' title='bbox 1303 5159 1504 5214; x_wconf 86' lang='lat' dir='ltr'><strong>ventos,</strong></span> <span class='ocrx_word' id='word_1_450' title='bbox 1537 5149 1634 5201; x_wconf 85' lang='lat' dir='ltr'><strong>etsi</strong></span> <span class='ocrx_word' id='word_1_451' title='bbox 1665 5149 1802 5201; x_wconf 87' lang='lat' dir='ltr'><strong>inter</strong></span> <span class='ocrx_word' id='word_1_452' title='bbox 1831 5148 2050 5217; x_wconf 87' lang='lat' dir='ltr'><strong>pluvias,</strong></span> 
     </span>
    </p>
   </div>
   <div class='ocr_carea' id='block_1_56' title="bbox 496 5238 2050 5306">
    <p class='ocr_par' dir='ltr' id='par_1_56' title="bbox 496 5238 2050 5306">
     <span class='ocr_line' id='line_1_56' title="bbox 496 5238 2050 5306; baseline 0 -15"><span class='ocrx_word' id='word_1_453' title='bbox 496 5239 693 5292; x_wconf 81' lang='lat' dir='ltr'><strong>semina</strong></span> <span class='ocrx_word' id='word_1_454' title='bbox 720 5254 733 5300; x_wconf 93' lang='lat'><strong>;</strong></span> <span class='ocrx_word' id='word_1_455' title='bbox 766 5238 868 5290; x_wconf 91' lang='lat' dir='ltr'><strong>noli</strong></span> <span class='ocrx_word' id='word_1_456' title='bbox 900 5253 1016 5290; x_wconf 87' lang='lat' dir='ltr'><strong>esse</strong></span> <span class='ocrx_word' id='word_1_457' title='bbox 1044 5239 1187 5304; x_wconf 74' lang='lat' dir='ltr'><strong>piger</strong></span> <span class='ocrx_word' id='word_1_458' title='bbox 1214 5255 1226 5288; x_wconf 88' lang='lat'><strong>:</strong></span> <span class='ocrx_word' id='word_1_459' title='bbox 1264 5249 1418 5290; x_wconf 71' lang='lat' dir='ltr'><strong>instas</strong></span> <span class='ocrx_word' id='word_1_460' title='bbox 1450 5240 1624 5291; x_wconf 85' lang='lat' dir='ltr'><strong>veniet</strong></span> <span class='ocrx_word' id='word_1_461' title='bbox 1657 5254 1774 5306; x_wconf 71' lang='lat' dir='ltr'><strong>qua:</strong></span> <span class='ocrx_word' id='word_1_462' title='bbox 1797 5250 1846 5292; x_wconf 88' lang='lat' dir='ltr'><strong>te</strong></span> <span class='ocrx_word' id='word_1_463' title='bbox 1877 5240 2050 5291; x_wconf 66' lang='lat' dir='ltr'><strong>hutili-</strong></span> 
     </span>
    </p>
   </div>
   <div class='ocr_carea' id='block_1_57' title="bbox 496 5329 2052 5398">
    <p class='ocr_par' dir='ltr' id='par_1_57' title="bbox 496 5329 2052 5398">
     <span class='ocr_line' id='line_1_57' title="bbox 496 5329 2052 5398; baseline 0.001 -15"><span class='ocrx_word' id='word_1_464' title='bbox 496 5339 596 5390; x_wconf 86' lang='lat' dir='ltr'><strong>cet,</strong></span> <span class='ocrx_word' id='word_1_465' title='bbox 644 5331 694 5382; x_wconf 89' lang='lat' dir='ltr'><strong>in</strong></span> <span class='ocrx_word' id='word_1_466' title='bbox 730 5344 830 5397; x_wconf 85' lang='lat' dir='ltr'><strong>qua</strong></span> <span class='ocrx_word' id='word_1_467' title='bbox 879 5338 927 5382; x_wconf 89' lang='lat' dir='ltr'><strong>te</strong></span> <span class='ocrx_word' id='word_1_468' title='bbox 969 5329 1197 5396; x_wconf 77' lang='lat' dir='ltr'><strong>gaudeas</strong></span> <span class='ocrx_word' id='word_1_469' title='bbox 1237 5329 1546 5382; x_wconf 77' lang='lat' dir='ltr'><strong>seminasse.</strong></span> <span class='ocrx_word' id='word_1_470' title='bbox 1583 5329 1713 5395; x_wconf 85' lang='lat' dir='ltr'><strong>Quid</strong></span> <span class='ocrx_word' id='word_1_471' title='bbox 1754 5346 1880 5398; x_wconf 83' lang='lat' dir='ltr'><strong>ergo</strong></span> <span class='ocrx_word' id='word_1_472' title='bbox 1921 5332 2052 5384; x_wconf 86' lang='lat' dir='ltr'><strong>l&#39;acio</strong></span> 
     </span>
    </p>
   </div>
   <div class='ocr_carea' id='block_1_58' title="bbox 497 5417 2050 5490">
    <p class='ocr_par' dir='ltr' id='par_1_58' title="bbox 497 5417 2050 5490">
     <span class='ocr_line' id='line_1_58' title="bbox 497 5417 2050 5490; baseline 0 -15"><span class='ocrx_word' id='word_1_473' title='bbox 497 5421 653 5475; x_wconf 87' lang='lat' dir='ltr'><strong>modo</strong></span> <span class='ocrx_word' id='word_1_474' title='bbox 676 5422 698 5472; x_wconf 87' lang='lat'><strong>?</strong></span> <span class='ocrx_word' id='word_1_475' title='bbox 751 5419 996 5486; x_wconf 71' lang='lat' dir='ltr'><strong>Exspecta</strong></span> <span class='ocrx_word' id='word_1_476' title='bbox 1033 5417 1315 5469; x_wconf 83' lang='lat' dir='ltr'><strong>Dominum.</strong></span> <span class='ocrx_word' id='word_1_477' title='bbox 1359 5419 1421 5471; x_wconf 85' lang='lat' dir='ltr'><strong>Et</strong></span> <span class='ocrx_word' id='word_1_478' title='bbox 1453 5435 1569 5471; x_wconf 88' lang='lat' dir='ltr'><strong>cum</strong></span> <span class='ocrx_word' id='word_1_479' title='bbox 1611 5433 1877 5487; x_wconf 78' lang='lat' dir='ltr'><strong>exspecto,</strong></span> <span class='ocrx_word' id='word_1_480' title='bbox 1927 5423 2050 5490; x_wconf 89' lang='lat' dir='ltr'><strong>quid</strong></span> 
     </span>
    </p>
   </div>
   <div class='ocr_carea' id='block_1_59' title="bbox 495 5510 2050 5582">
    <p class='ocr_par' dir='ltr' id='par_1_59' title="bbox 495 5510 2050 5582">
     <span class='ocr_line' id='line_1_59' title="bbox 495 5510 2050 5582; baseline 0.001 -16"><span class='ocrx_word' id='word_1_481' title='bbox 495 5514 632 5581; x_wconf 70' lang='lat' dir='ltr'><strong>ago?</strong></span> <span class='ocrx_word' id='word_1_482' title='bbox 682 5512 747 5564; x_wconf 81' lang='lat' dir='ltr'><strong>Et</strong></span> <span class='ocrx_word' id='word_1_483' title='bbox 780 5511 971 5564; x_wconf 84' lang='lat' dir='ltr'><strong>custodi</strong></span> <span class='ocrx_word' id='word_1_484' title='bbox 1006 5511 1108 5562; x_wconf 81' lang='lat' dir='ltr'><strong>vias</strong></span> <span class='ocrx_word' id='word_1_485' title='bbox 1138 5512 1263 5579; x_wconf 75' lang='lat' dir='ltr'><strong>ejus.</strong></span> <span class='ocrx_word' id='word_1_486' title='bbox 1303 5510 1365 5562; x_wconf 82' lang='lat' dir='ltr'><strong>Et</strong></span> <span class='ocrx_word' id='word_1_487' title='bbox 1396 5512 1436 5561; x_wconf 88' lang='lat' dir='ltr'><strong>si</strong></span> <span class='ocrx_word' id='word_1_488' title='bbox 1464 5512 1779 5576; x_wconf 87' lang='lat' dir='ltr'><strong>custodiero,</strong></span> <span class='ocrx_word' id='word_1_489' title='bbox 1812 5515 1933 5582; x_wconf 87' lang='lat' dir='ltr'><strong>quid</strong></span> <span class='ocrx_word' id='word_1_490' title='bbox 1961 5530 2050 5568; x_wconf 89' lang='lat' dir='ltr'><strong>ae-</strong></span> 
     </span>
    </p>
   </div>
   <div class='ocr_carea' id='block_1_60' title="bbox 497 5602 2049 5672">
    <p class='ocr_par' dir='ltr' id='par_1_60' title="bbox 497 5602 2049 5672">
     <span class='ocr_line' id='line_1_60' title="bbox 497 5602 2049 5672; baseline 0.003 -15"><span class='ocrx_word' id='word_1_491' title='bbox 497 5604 678 5672; x_wconf 87' lang='lat' dir='ltr'><strong>cipio?</strong></span> <span class='ocrx_word' id='word_1_492' title='bbox 704 5602 766 5655; x_wconf 84' lang='lat' dir='ltr'><strong>Et</strong></span> <span class='ocrx_word' id='word_1_493' title='bbox 789 5603 1025 5656; x_wconf 67' lang='lat' dir='ltr'><strong>exaltabit</strong></span> <span class='ocrx_word' id='word_1_494' title='bbox 1054 5612 1115 5666; x_wconf 67' lang='grc' dir='ltr'><strong>ιε,</strong></span> <span class='ocrx_word' id='word_1_495' title='bbox 1150 5613 1202 5654; x_wconf 82' lang='grc' dir='ltr'><strong>ιιι</strong></span> <span class='ocrx_word' id='word_1_496' title='bbox 1241 5603 1526 5653; x_wconf 76' lang='lat' dir='ltr'><strong>Inereditate</strong></span> <span class='ocrx_word' id='word_1_497' title='bbox 1555 5602 1806 5672; x_wconf 76' lang='lat' dir='ltr'><strong>possideas</strong></span> <span class='ocrx_word' id='word_1_498' title='bbox 1847 5613 2049 5661; x_wconf 68' lang='lat' dir='ltr'><strong>terram.</strong></span> 
     </span>
    </p>
   </div>
   <div class='ocr_carea' id='block_1_61' title="bbox 557 5729 1559 5801">
    <p class='ocr_par' dir='ltr' id='par_1_61' title="bbox 557 5729 1559 5801">
     <span class='ocr_line' id='line_1_61' title="bbox 557 5729 1559 5801; baseline -0.003 -16"><span class='ocrx_word' id='word_1_499' title='bbox 557 5737 575 5769; x_wconf 80' lang='grc'><strong><em>⁸</em></strong></span> <span class='ocrx_word' id='word_1_500' title='bbox 601 5741 670 5786; x_wconf 86' lang='lat' dir='ltr'><strong>Sic</strong></span> <span class='ocrx_word' id='word_1_501' title='bbox 693 5736 908 5801; x_wconf 82' lang='lat' dir='ltr'><strong>plerique</strong></span> <span class='ocrx_word' id='word_1_502' title='bbox 935 5745 1032 5784; x_wconf 70' lang='lat' dir='ltr'><strong>viss.</strong></span> <span class='ocrx_word' id='word_1_503' title='bbox 1068 5743 1115 5784; x_wconf 72' lang='lat' dir='ltr'><strong>st</strong></span> <span class='ocrx_word' id='word_1_504' title='bbox 1138 5735 1265 5796; x_wconf 79' lang='lat' dir='ltr'><strong>Fdd.,</strong></span> <span class='ocrx_word' id='word_1_505' title='bbox 1291 5729 1559 5783; x_wconf 70' lang='lat' dir='ltr'><strong>mutabitur.</strong></span> 
     </span>
    </p>
   </div>
   <div class='ocr_carea' id='block_1_62' title="bbox 1729 315 2519 377">
    <p class='ocr_par' dir='ltr' id='par_1_62' title="bbox 1729 315 2519 377">
     <span class='ocr_line' id='line_1_62' title="bbox 1729 315 2519 377; baseline -0.008 -1"><span class='ocrx_word' id='word_1_506' title='bbox 1729 321 1786 377; x_wconf 85' lang='lat' dir='ltr'><strong>S.</strong></span> <span class='ocrx_word' id='word_1_507' title='bbox 1828 315 2183 375; x_wconf 59' lang='lat' dir='ltr'><strong>AUGUSTI!“</strong></span> <span class='ocrx_word' id='word_1_508' title='bbox 2226 317 2519 372; x_wconf 76' lang='lat' dir='ltr'><strong>EPISCOPI</strong></span> 
     </span>
    </p>
   </div>
   <div class='ocr_carea' id='block_1_63' title="bbox 3631 317 3742 374">
    <p class='ocr_par' dir='ltr' id='par_1_63' title="bbox 3631 317 3742 374">
     <span class='ocr_line' id='line_1_63' title="bbox 3631 317 3742 374; baseline 0.009 -2"><span class='ocrx_word' id='word_1_509' title='bbox 3631 317 3742 374; x_wconf 73' lang='lat'><strong>592</strong></span> 
     </span>
    </p>
   </div>
   <div class='ocr_carea' id='block_1_64' title="bbox 2186 428 3754 499">
    <p class='ocr_par' dir='ltr' id='par_1_64' title="bbox 2186 428 3754 499">
     <span class='ocr_line' id='line_1_64' title="bbox 2186 428 3754 499; baseline 0.004 -19"><span class='ocrx_word' id='word_1_510' title='bbox 2186 433 2350 492; x_wconf 77' lang='lat' dir='ltr'><strong>Quam</strong></span> <span class='ocrx_word' id='word_1_511' title='bbox 2418 428 2646 482; x_wconf 86' lang='lat' dir='ltr'><strong>terram?</strong></span> <span class='ocrx_word' id='word_1_512' title='bbox 2716 429 2906 482; x_wconf 73' lang='lat' dir='ltr'><strong>herum</strong></span> <span class='ocrx_word' id='word_1_513' title='bbox 2973 447 3036 482; x_wconf 87' lang='lat' dir='ltr'><strong>ne</strong></span> <span class='ocrx_word' id='word_1_514' title='bbox 3095 430 3266 499; x_wconf 82' lang='lat' dir='ltr'><strong>aliqua</strong></span> <span class='ocrx_word' id='word_1_515' title='bbox 3321 431 3440 485; x_wconf 79' lang='lat' dir='ltr'><strong>villa</strong></span> <span class='ocrx_word' id='word_1_516' title='bbox 3503 447 3754 487; x_wconf 75' lang='lat' dir='ltr'><strong>Occurrat</strong></span> 
     </span>
    </p>
   </div>
   <div class='ocr_carea' id='block_1_65' title="bbox 2183 521 3752 591">
    <p class='ocr_par' dir='ltr' id='par_1_65' title="bbox 2183 521 3752 591">
     <span class='ocr_line' id='line_1_65' title="bbox 2183 521 3752 591; baseline 0.006 -19"><span class='ocrx_word' id='word_1_517' title='bbox 2183 521 2392 572; x_wconf 89' lang='lat' dir='ltr'><strong>animo:</strong></span> <span class='ocrx_word' id='word_1_518' title='bbox 2440 523 2573 574; x_wconf 78' lang='lat' dir='ltr'><strong>illaut</strong></span> <span class='ocrx_word' id='word_1_519' title='bbox 2602 522 2666 576; x_wconf 92' lang='lat' dir='ltr'><strong>de</strong></span> <span class='ocrx_word' id='word_1_520' title='bbox 2706 539 2806 591; x_wconf 85' lang='lat' dir='ltr'><strong>qua</strong></span> <span class='ocrx_word' id='word_1_521' title='bbox 2837 523 3049 586; x_wconf 88' lang='lat' dir='ltr'><strong>dicitur,</strong></span> <span class='ocrx_word' id='word_1_522' title='bbox 3088 522 3273 588; x_wconf 79' lang='lat' dir='ltr'><strong>Venite,</strong></span> <span class='ocrx_word' id='word_1_523' title='bbox 3302 525 3538 579; x_wconf 83' lang='lat' dir='ltr'><strong>benedicti</strong></span> <span class='ocrx_word' id='word_1_524' title='bbox 3574 525 3752 582; x_wconf 85' lang='lat' dir='ltr'><strong>Patris</strong></span> 
     </span>
    </p>
   </div>
   <div class='ocr_carea' id='block_1_66' title="bbox 2181 609 3753 685">
    <p class='ocr_par' dir='ltr' id='par_1_66' title="bbox 2181 609 3753 685">
     <span class='ocr_line' id='line_1_66' title="bbox 2181 609 3753 685; baseline 0.007 -24"><span class='ocrx_word' id='word_1_525' title='bbox 2181 609 2297 671; x_wconf 73' lang='lat' dir='ltr'><strong>mei,</strong></span> <span class='ocrx_word' id='word_1_526' title='bbox 2323 611 2556 680; x_wconf 82' lang='lat' dir='ltr'><strong>percipite</strong></span> <span class='ocrx_word' id='word_1_527' title='bbox 2580 629 2786 682; x_wconf 85' lang='lat' dir='ltr'><strong>regnum</strong></span> <span class='ocrx_word' id='word_1_528' title='bbox 2814 616 2947 680; x_wconf 86' lang='lat' dir='ltr'><strong>quod</strong></span> <span class='ocrx_word' id='word_1_529' title='bbox 2985 615 3119 666; x_wconf 85' lang='lat' dir='ltr'><strong>vobis</strong></span> <span class='ocrx_word' id='word_1_530' title='bbox 3150 626 3381 685; x_wconf 81' lang='lat' dir='ltr'><strong>paratum</strong></span> <span class='ocrx_word' id='word_1_531' title='bbox 3409 629 3480 669; x_wconf 87' lang='lat' dir='ltr'><strong>est</strong></span> <span class='ocrx_word' id='word_1_532' title='bbox 3515 617 3575 670; x_wconf 88' lang='lat' dir='ltr'><strong>ab</strong></span> <span class='ocrx_word' id='word_1_533' title='bbox 3603 619 3753 672; x_wconf 85' lang='lat' dir='ltr'><strong>initio</strong></span> 
     </span>
    </p>
   </div>
   <div class='ocr_carea' id='block_1_67' title="bbox 2181 700 3757 779">
    <p class='ocr_par' dir='ltr' id='par_1_67' title="bbox 2181 700 3757 779">
     <span class='ocr_line' id='line_1_67' title="bbox 2181 700 3757 779; baseline 0.008 -29"><span class='ocrx_word' id='word_1_534' title='bbox 2181 701 2357 752; x_wconf 87' lang='lat' dir='ltr'><strong>mundi</strong></span> <span class='ocrx_word' id='word_1_535' title='bbox 2402 700 2607 772; x_wconf 74' lang='lat' dir='ltr'><strong>(Matth.</strong></span> <span class='ocrx_word' id='word_1_536' title='bbox 2655 719 2783 768; x_wconf 73' lang='lat' dir='ltr'><strong>xxv,</strong></span> <span class='ocrx_word' id='word_1_537' title='bbox 2818 704 2926 773; x_wconf 67' lang='lat' dir='ltr'><strong>5i).</strong></span> <span class='ocrx_word' id='word_1_538' title='bbox 2957 704 3090 771; x_wconf 85' lang='lat' dir='ltr'><strong>Quid</strong></span> <span class='ocrx_word' id='word_1_539' title='bbox 3118 705 3182 758; x_wconf 90' lang='lat' dir='ltr'><strong>de</strong></span> <span class='ocrx_word' id='word_1_540' title='bbox 3212 705 3314 759; x_wconf 89' lang='lat' dir='ltr'><strong>illis</strong></span> <span class='ocrx_word' id='word_1_541' title='bbox 3341 707 3428 774; x_wconf 90' lang='lat' dir='ltr'><strong>qui</strong></span> <span class='ocrx_word' id='word_1_542' title='bbox 3464 722 3558 761; x_wconf 88' lang='lat' dir='ltr'><strong>nos</strong></span> <span class='ocrx_word' id='word_1_543' title='bbox 3582 723 3757 779; x_wconf 82' lang='lat' dir='ltr'><strong>angu-</strong></span> 
     </span>
    </p>
   </div>
   <div class='ocr_carea' id='block_1_68' title="bbox 2183 793 3753 866">
    <p class='ocr_par' dir='ltr' id='par_1_68' title="bbox 2183 793 3753 866">
     <span class='ocr_line' id='line_1_68' title="bbox 2183 793 3753 866; baseline 0.009 -25"><span class='ocrx_word' id='word_1_544' title='bbox 2183 802 2471 857; x_wconf 78' lang='lat' dir='ltr'><strong>sniverunt,</strong></span> <span class='ocrx_word' id='word_1_545' title='bbox 2513 793 2649 846; x_wconf 88' lang='lat' dir='ltr'><strong>inter</strong></span> <span class='ocrx_word' id='word_1_546' title='bbox 2690 809 2822 862; x_wconf 88' lang='lat' dir='ltr'><strong>quos</strong></span> <span class='ocrx_word' id='word_1_547' title='bbox 2864 796 3180 863; x_wconf 79' lang='lat' dir='ltr'><strong>gemuimus,</strong></span> <span class='ocrx_word' id='word_1_548' title='bbox 3231 812 3452 866; x_wconf 89' lang='lat' dir='ltr'><strong>quorum</strong></span> <span class='ocrx_word' id='word_1_549' title='bbox 3501 801 3753 859; x_wconf 69' lang='lat' dir='ltr'><strong>scandala</strong></span> 
     </span>
    </p>
   </div>
   <div class='ocr_carea' id='block_1_69' title="bbox 2185 881 3753 953">
    <p class='ocr_par' dir='ltr' id='par_1_69' title="bbox 2185 881 3753 953">
     <span class='ocr_line' id='line_1_69' title="bbox 2185 881 3753 953; baseline 0.007 -19"><span class='ocrx_word' id='word_1_550' title='bbox 2185 881 2545 948; x_wconf 87' lang='lat' dir='ltr'><strong>toleravimus,</strong></span> <span class='ocrx_word' id='word_1_551' title='bbox 2593 899 2687 952; x_wconf 91' lang='lat' dir='ltr'><strong>pro</strong></span> <span class='ocrx_word' id='word_1_552' title='bbox 2726 884 2914 953; x_wconf 86' lang='lat' dir='ltr'><strong>quibus</strong></span> <span class='ocrx_word' id='word_1_553' title='bbox 2960 888 3296 941; x_wconf 72' lang='lat' dir='ltr'><strong>sazvientibns</strong></span> <span class='ocrx_word' id='word_1_554' title='bbox 3342 889 3535 944; x_wconf 81' lang='lat' dir='ltr'><strong>frustra</strong></span> <span class='ocrx_word' id='word_1_555' title='bbox 3575 894 3753 946; x_wconf 82' lang='lat' dir='ltr'><strong>oravi-</strong></span> 
     </span>
    </p>
   </div>
   <div class='ocr_carea' id='block_1_70' title="bbox 2182 975 3750 1052">
    <p class='ocr_par' dir='ltr' id='par_1_70' title="bbox 2182 975 3750 1052">
     <span class='ocr_line' id='line_1_70' title="bbox 2182 975 3750 1052; baseline 0.007 -26"><span class='ocrx_word' id='word_1_556' title='bbox 2182 989 2336 1040; x_wconf 90' lang='lat' dir='ltr'><strong>mus;</strong></span> <span class='ocrx_word' id='word_1_557' title='bbox 2360 975 2483 1045; x_wconf 90' lang='lat' dir='ltr'><strong>quid</strong></span> <span class='ocrx_word' id='word_1_558' title='bbox 2510 976 2575 1030; x_wconf 86' lang='lat' dir='ltr'><strong>de</strong></span> <span class='ocrx_word' id='word_1_559' title='bbox 2605 977 2707 1030; x_wconf 86' lang='lat' dir='ltr'><strong>illis</strong></span> <span class='ocrx_word' id='word_1_560' title='bbox 2736 978 2869 1030; x_wconf 89' lang='lat' dir='ltr'><strong>erit?</strong></span> <span class='ocrx_word' id='word_1_561' title='bbox 2898 979 3168 1048; x_wconf 78' lang='lat' dir='ltr'><strong>Sequitur,</strong></span> <span class='ocrx_word' id='word_1_562' title='bbox 3200 979 3323 1033; x_wconf 87' lang='lat' dir='ltr'><strong>Cum</strong></span> <span class='ocrx_word' id='word_1_563' title='bbox 3351 993 3559 1049; x_wconf 85' lang='lat' dir='ltr'><strong>pereunt</strong></span> <span class='ocrx_word' id='word_1_564' title='bbox 3598 987 3611 1014; x_wconf 81' lang='grc'>⁸</span> <span class='ocrx_word' id='word_1_565' title='bbox 3633 1003 3750 1052; x_wconf 82' lang='lat' dir='ltr'><strong>pec—</strong></span> 
     </span>
    </p>
   </div>
   <div class='ocr_carea' id='block_1_71' title="bbox 2181 1068 3751 1140">
    <p class='ocr_par' dir='ltr' id='par_1_71' title="bbox 2181 1068 3751 1140">
     <span class='ocr_line' id='line_1_71' title="bbox 2181 1068 3751 1140; baseline 0.008 -23"><span class='ocrx_word' id='word_1_566' title='bbox 2181 1077 2389 1134; x_wconf 84' lang='lat' dir='ltr'><strong>catores,</strong></span> <span class='ocrx_word' id='word_1_567' title='bbox 2418 1069 2620 1122; x_wconf 84' lang='lat' dir='ltr'><strong>videbis.</strong></span> <span class='ocrx_word' id='word_1_568' title='bbox 2648 1069 2714 1121; x_wconf 84' lang='lat' dir='ltr'><strong>Et</strong></span> <span class='ocrx_word' id='word_1_569' title='bbox 2743 1085 2896 1138; x_wconf 86' lang='lat' dir='ltr'><strong>quam</strong></span> <span class='ocrx_word' id='word_1_570' title='bbox 2919 1068 2982 1124; x_wconf 90' lang='lat' dir='ltr'><strong>de</strong></span> <span class='ocrx_word' id='word_1_571' title='bbox 3007 1073 3244 1140; x_wconf 82' lang='lat' dir='ltr'><strong>proximo</strong></span> <span class='ocrx_word' id='word_1_572' title='bbox 3284 1074 3484 1128; x_wconf 78' lang='lat' dir='ltr'><strong>videbis</strong></span> <span class='ocrx_word' id='word_1_573' title='bbox 3513 1090 3526 1126; x_wconf 92' lang='lat'>:</span> <span class='ocrx_word' id='word_1_574' title='bbox 3569 1089 3619 1128; x_wconf 91' lang='grc' dir='ltr'><strong>ιιι</strong></span> <span class='ocrx_word' id='word_1_575' title='bbox 3643 1080 3751 1130; x_wconf 89' lang='lat' dir='ltr'><strong>eris</strong></span> 
     </span>
    </p>
   </div>
   <div class='ocr_carea' id='block_1_72' title="bbox 2181 1150 3746 1223">
    <p class='ocr_par' dir='ltr' id='par_1_72' title="bbox 2181 1150 3746 1223">
     <span class='ocr_line' id='line_1_72' title="bbox 2181 1150 3746 1223; baseline 0.009 -14"><span class='ocrx_word' id='word_1_576' title='bbox 2181 1156 2247 1209; x_wconf 88' lang='lat' dir='ltr'><strong>ad</strong></span> <span class='ocrx_word' id='word_1_577' title='bbox 2270 1157 2560 1222; x_wconf 75' lang='lat' dir='ltr'><strong>dexteram,</strong></span> <span class='ocrx_word' id='word_1_578' title='bbox 2604 1160 2677 1213; x_wconf 87' lang='lat' dir='ltr'><strong>illi</strong></span> <span class='ocrx_word' id='word_1_579' title='bbox 2717 1161 2782 1213; x_wconf 89' lang='lat' dir='ltr'><strong>ad</strong></span> <span class='ocrx_word' id='word_1_580' title='bbox 2825 1162 3111 1215; x_wconf 83' lang='lat' dir='ltr'><strong>sinistram.</strong></span> <span class='ocrx_word' id='word_1_581' title='bbox 3157 1161 3268 1219; x_wconf 87' lang='lat' dir='ltr'><strong>lloc</strong></span> <span class='ocrx_word' id='word_1_582' title='bbox 3312 1177 3490 1220; x_wconf 86' lang='lat' dir='ltr'><strong>autem</strong></span> <span class='ocrx_word' id='word_1_583' title='bbox 3528 1167 3595 1221; x_wconf 88' lang='lat' dir='ltr'><strong>ad</strong></span> <span class='ocrx_word' id='word_1_584' title='bbox 3625 1150 3746 1223; x_wconf 84' lang='lat' dir='ltr'><strong>lidei</strong></span> 
     </span>
    </p>
   </div>
   <div class='ocr_carea' id='block_1_73' title="bbox 2181 1247 3748 1323">
    <p class='ocr_par' dir='ltr' id='par_1_73' title="bbox 2181 1247 3748 1323">
     <span class='ocr_line' id='line_1_73' title="bbox 2181 1247 3748 1323; baseline 0.008 -25"><span class='ocrx_word' id='word_1_585' title='bbox 2181 1247 2359 1300; x_wconf 87' lang='lat' dir='ltr'><strong>oculos</strong></span> <span class='ocrx_word' id='word_1_586' title='bbox 2400 1249 2643 1316; x_wconf 87' lang='lat' dir='ltr'><strong>pertinet.</strong></span> <span class='ocrx_word' id='word_1_587' title='bbox 2695 1249 2838 1316; x_wconf 87' lang='lat' dir='ltr'><strong>Quos</strong></span> <span class='ocrx_word' id='word_1_588' title='bbox 2873 1250 2993 1305; x_wconf 87' lang='lat' dir='ltr'><strong>lidei</strong></span> <span class='ocrx_word' id='word_1_589' title='bbox 3039 1253 3222 1307; x_wconf 90' lang='lat' dir='ltr'><strong>oculos</strong></span> <span class='ocrx_word' id='word_1_590' title='bbox 3259 1257 3344 1323; x_wconf 88' lang='lat' dir='ltr'><strong>qui</strong></span> <span class='ocrx_word' id='word_1_591' title='bbox 3375 1271 3480 1309; x_wconf 90' lang='lat' dir='ltr'><strong>non</strong></span> <span class='ocrx_word' id='word_1_592' title='bbox 3525 1257 3748 1323; x_wconf 82' lang='lat' dir='ltr'><strong>habent,</strong></span> 
     </span>
    </p>
   </div>
   <div class='ocr_carea' id='block_1_74' title="bbox 2180 1335 3749 1413">
    <p class='ocr_par' dir='ltr' id='par_1_74' title="bbox 2180 1335 3749 1413">
     <span class='ocr_line' id='line_1_74' title="bbox 2180 1335 3749 1413; baseline 0.01 -25"><span class='ocrx_word' id='word_1_593' title='bbox 2180 1335 2360 1390; x_wconf 91' lang='lat' dir='ltr'><strong>dolent</strong></span> <span class='ocrx_word' id='word_1_594' title='bbox 2385 1339 2687 1393; x_wconf 82' lang='lat' dir='ltr'><strong>felicitatem</strong></span> <span class='ocrx_word' id='word_1_595' title='bbox 2712 1341 2989 1410; x_wconf 88' lang='lat' dir='ltr'><strong>impiorum</strong></span> <span class='ocrx_word' id='word_1_596' title='bbox 3019 1343 3060 1405; x_wconf 84' lang='grc'><strong>²,</strong></span> <span class='ocrx_word' id='word_1_597' title='bbox 3092 1355 3146 1397; x_wconf 93' lang='lat' dir='ltr'><strong>et</strong></span> <span class='ocrx_word' id='word_1_598' title='bbox 3169 1357 3351 1413; x_wconf 88' lang='lat' dir='ltr'><strong>putant</strong></span> <span class='ocrx_word' id='word_1_599' title='bbox 3376 1363 3432 1400; x_wconf 88' lang='lat' dir='ltr'><strong>se</strong></span> <span class='ocrx_word' id='word_1_600' title='bbox 3448 1348 3560 1401; x_wconf 91' lang='lat' dir='ltr'><strong>sine</strong></span> <span class='ocrx_word' id='word_1_601' title='bbox 3586 1365 3749 1404; x_wconf 84' lang='lat' dir='ltr'><strong>causa</strong></span> 
     </span>
    </p>
   </div>
   <div class='ocr_carea' id='block_1_75' title="bbox 2181 1429 3748 1506">
    <p class='ocr_par' dir='ltr' id='par_1_75' title="bbox 2181 1429 3748 1506">
     <span class='ocr_line' id='line_1_75' title="bbox 2181 1429 3748 1506; baseline 0.008 -26"><span class='ocrx_word' id='word_1_602' title='bbox 2181 1443 2298 1481; x_wconf 84' lang='lat' dir='ltr'><strong>esse</strong></span> <span class='ocrx_word' id='word_1_603' title='bbox 2320 1429 2512 1497; x_wconf 87' lang='lat' dir='ltr'><strong>justos,</strong></span> <span class='ocrx_word' id='word_1_604' title='bbox 2537 1432 2657 1499; x_wconf 81' lang='lat' dir='ltr'><strong>quia</strong></span> <span class='ocrx_word' id='word_1_605' title='bbox 2681 1431 2858 1485; x_wconf 89' lang='lat' dir='ltr'><strong>vident</strong></span> <span class='ocrx_word' id='word_1_606' title='bbox 2885 1433 2968 1487; x_wconf 92' lang='lat' dir='ltr'><strong>hic</strong></span> <span class='ocrx_word' id='word_1_607' title='bbox 2999 1434 3186 1489; x_wconf 85' lang='lat' dir='ltr'><strong>ﬂorere</strong></span> <span class='ocrx_word' id='word_1_608' title='bbox 3212 1437 3418 1504; x_wconf 90' lang='lat' dir='ltr'><strong>impios.</strong></span> <span class='ocrx_word' id='word_1_609' title='bbox 3447 1438 3544 1506; x_wconf 93' lang='lat' dir='ltr'><strong>Qui</strong></span> <span class='ocrx_word' id='word_1_610' title='bbox 3567 1451 3748 1493; x_wconf 89' lang='lat' dir='ltr'><strong>autem</strong></span> 
     </span>
    </p>
   </div>
   <div class='ocr_carea' id='block_1_76' title="bbox 2182 1509 3749 1600">
    <p class='ocr_par' dir='ltr' id='par_1_76' title="bbox 2182 1509 3749 1600">
     <span class='ocr_line' id='line_1_76' title="bbox 2182 1509 3749 1600; baseline 0.009 -30"><span class='ocrx_word' id='word_1_611' title='bbox 2182 1518 2338 1574; x_wconf 82' lang='lat' dir='ltr'><strong>habet</strong></span> <span class='ocrx_word' id='word_1_612' title='bbox 2369 1523 2575 1575; x_wconf 88' lang='lat' dir='ltr'><strong>oculum</strong></span> <span class='ocrx_word' id='word_1_613' title='bbox 2629 1523 2772 1577; x_wconf 90' lang='lat' dir='ltr'><strong>illum</strong></span> <span class='ocrx_word' id='word_1_614' title='bbox 2823 1523 2962 1590; x_wconf 77' lang='lat' dir='ltr'><strong>fidei,</strong></span> <span class='ocrx_word' id='word_1_615' title='bbox 3017 1528 3139 1594; x_wconf 90' lang='lat' dir='ltr'><strong>quid</strong></span> <span class='ocrx_word' id='word_1_616' title='bbox 3187 1528 3344 1581; x_wconf 84' lang='lat' dir='ltr'><strong>dicit?</strong></span> <span class='ocrx_word' id='word_1_617' title='bbox 3384 1528 3495 1582; x_wconf 77' lang='lat' dir='ltr'><strong>Vidi</strong></span> <span class='ocrx_word' id='word_1_618' title='bbox 3521 1509 3749 1600; x_wconf 75' lang='lat' dir='ltr'><strong>impium</strong></span> 
     </span>
    </p>
   </div>
   <div class='ocr_carea' id='block_1_77' title="bbox 2179 1613 3747 1691">
    <p class='ocr_par' dir='ltr' id='par_1_77' title="bbox 2179 1613 3747 1691">
     <span class='ocr_line' id='line_1_77' title="bbox 2179 1613 3747 1691; baseline 0.008 -30"><span class='ocrx_word' id='word_1_619' title='bbox 2179 1613 2538 1679; x_wconf 71' lang='lat' dir='ltr'><strong>superexulturi</strong></span> <span class='ocrx_word' id='word_1_620' title='bbox 2581 1623 2627 1665; x_wconf 86' lang='lat' dir='ltr'><strong>et</strong></span> <span class='ocrx_word' id='word_1_621' title='bbox 2667 1615 2844 1667; x_wconf 83' lang='lat' dir='ltr'><strong>elevari</strong></span> <span class='ocrx_word' id='word_1_622' title='bbox 2879 1632 3028 1685; x_wconf 84' lang='lat' dir='ltr'><strong>super</strong></span> <span class='ocrx_word' id='word_1_623' title='bbox 3066 1619 3240 1670; x_wconf 71' lang='lat' dir='ltr'><strong>cedi-os</strong></span> <span class='ocrx_word' id='word_1_624' title='bbox 3272 1618 3470 1672; x_wconf 87' lang='lat' dir='ltr'><strong>Libani.</strong></span> <span class='ocrx_word' id='word_1_625' title='bbox 3513 1621 3580 1674; x_wconf 85' lang='lat' dir='ltr'><strong>Et</strong></span> <span class='ocrx_word' id='word_1_626' title='bbox 3621 1635 3747 1691; x_wconf 88' lang='lat' dir='ltr'><strong>puta</strong></span> 
     </span>
    </p>
   </div>
   <div class='ocr_carea' id='block_1_78' title="bbox 2178 1701 3746 1782">
    <p class='ocr_par' dir='ltr' id='par_1_78' title="bbox 2178 1701 3746 1782">
     <span class='ocr_line' id='line_1_78' title="bbox 2178 1701 3746 1782; baseline 0.01 -32"><span class='ocrx_word' id='word_1_627' title='bbox 2178 1701 2297 1769; x_wconf 91' lang='lat' dir='ltr'><strong>quia</strong></span> <span class='ocrx_word' id='word_1_628' title='bbox 2327 1704 2744 1770; x_wconf 77' lang='lat' dir='ltr'><strong>superexaltatns</strong></span> <span class='ocrx_word' id='word_1_629' title='bbox 2775 1715 2874 1768; x_wconf 88' lang='lat' dir='ltr'><strong>est,</strong></span> <span class='ocrx_word' id='word_1_630' title='bbox 2903 1716 3026 1774; x_wconf 90' lang='lat' dir='ltr'><strong>puta</strong></span> <span class='ocrx_word' id='word_1_631' title='bbox 3054 1708 3172 1776; x_wconf 80' lang='lat' dir='ltr'><strong>quia</strong></span> <span class='ocrx_word' id='word_1_632' title='bbox 3197 1709 3431 1762; x_wconf 76' lang='lat' dir='ltr'><strong>elevatus</strong></span> <span class='ocrx_word' id='word_1_633' title='bbox 3456 1722 3536 1763; x_wconf 86' lang='lat' dir='ltr'><strong>est</strong></span> <span class='ocrx_word' id='word_1_634' title='bbox 3565 1723 3589 1762; x_wconf 76' lang='grc' dir='ltr'><strong>τ’</strong></span> <span class='ocrx_word' id='word_1_635' title='bbox 3616 1713 3746 1782; x_wconf 86' lang='lat' dir='ltr'><strong>quid</strong></span> 
     </span>
    </p>
   </div>
   <div class='ocr_carea' id='block_1_79' title="bbox 2177 1793 3743 1870">
    <p class='ocr_par' dir='ltr' id='par_1_79' title="bbox 2177 1793 3743 1870">
     <span class='ocr_line' id='line_1_79' title="bbox 2177 1793 3743 1870; baseline 0.008 -26"><span class='ocrx_word' id='word_1_636' title='bbox 2177 1794 2454 1860; x_wconf 87' lang='lat' dir='ltr'><strong>sequitur?</strong></span> <span class='ocrx_word' id='word_1_637' title='bbox 2482 1793 2548 1846; x_wconf 87' lang='lat' dir='ltr'><strong>Et</strong></span> <span class='ocrx_word' id='word_1_638' title='bbox 2575 1796 2799 1861; x_wconf 84' lang='lat' dir='ltr'><strong>transivi,</strong></span> <span class='ocrx_word' id='word_1_639' title='bbox 2826 1805 2870 1848; x_wconf 81' lang='lat' dir='ltr'><strong>et</strong></span> <span class='ocrx_word' id='word_1_640' title='bbox 2896 1812 3006 1850; x_wconf 87' lang='lat' dir='ltr'><strong>ecce</strong></span> <span class='ocrx_word' id='word_1_641' title='bbox 3028 1815 3126 1850; x_wconf 90' lang='lat' dir='ltr'><strong>non</strong></span> <span class='ocrx_word' id='word_1_642' title='bbox 3155 1810 3296 1863; x_wconf 86' lang='lat' dir='ltr'><strong>erat;</strong></span> <span class='ocrx_word' id='word_1_643' title='bbox 3322 1813 3366 1853; x_wconf 88' lang='lat' dir='ltr'><strong>et</strong></span> <span class='ocrx_word' id='word_1_644' title='bbox 3385 1805 3586 1870; x_wconf 65' lang='lat' dir='ltr'><strong>qutesitti</strong></span> <span class='ocrx_word' id='word_1_645' title='bbox 3607 1823 3743 1862; x_wconf 78' lang='lat' dir='ltr'><strong>eum.</strong></span> 
     </span>
    </p>
   </div>
   <div class='ocr_carea' id='block_1_80' title="bbox 2176 1885 3743 1958">
    <p class='ocr_par' dir='ltr' id='par_1_80' title="bbox 2176 1885 3743 1958">
     <span class='ocr_line' id='line_1_80' title="bbox 2176 1885 3743 1958; baseline 0.01 -24"><span class='ocrx_word' id='word_1_646' title='bbox 2176 1893 2220 1934; x_wconf 85' lang='lat' dir='ltr'><strong>et</strong></span> <span class='ocrx_word' id='word_1_647' title='bbox 2246 1900 2344 1936; x_wconf 91' lang='lat' dir='ltr'><strong>non</strong></span> <span class='ocrx_word' id='word_1_648' title='bbox 2382 1893 2453 1936; x_wconf 89' lang='lat' dir='ltr'><strong>est</strong></span> <span class='ocrx_word' id='word_1_649' title='bbox 2480 1885 2705 1939; x_wconf 85' lang='lat' dir='ltr'><strong>inventus</strong></span> <span class='ocrx_word' id='word_1_650' title='bbox 2734 1887 2872 1940; x_wconf 83' lang='lat' dir='ltr'><strong>locus</strong></span> <span class='ocrx_word' id='word_1_651' title='bbox 2896 1889 3022 1958; x_wconf 84' lang='lat' dir='ltr'><strong>ejus.</strong></span> <span class='ocrx_word' id='word_1_652' title='bbox 3059 1888 3231 1955; x_wconf 88' lang='lat' dir='ltr'><strong>Quare</strong></span> <span class='ocrx_word' id='word_1_653' title='bbox 3260 1907 3362 1945; x_wconf 89' lang='lat' dir='ltr'><strong>non</strong></span> <span class='ocrx_word' id='word_1_654' title='bbox 3396 1901 3529 1958; x_wconf 87' lang='lat' dir='ltr'><strong>erat,</strong></span> <span class='ocrx_word' id='word_1_655' title='bbox 3553 1906 3604 1948; x_wconf 85' lang='lat' dir='ltr'><strong>et</strong></span> <span class='ocrx_word' id='word_1_656' title='bbox 3636 1913 3743 1950; x_wconf 91' lang='lat' dir='ltr'><strong>non</strong></span> 
     </span>
    </p>
   </div>
   <div class='ocr_carea' id='block_1_81' title="bbox 2175 1976 3743 2046">
    <p class='ocr_par' dir='ltr' id='par_1_81' title="bbox 2175 1976 3743 2046">
     <span class='ocr_line' id='line_1_81' title="bbox 2175 1976 3743 2046; baseline 0.01 -20"><span class='ocrx_word' id='word_1_657' title='bbox 2175 1982 2257 2027; x_wconf 85' lang='lat' dir='ltr'><strong>est</strong></span> <span class='ocrx_word' id='word_1_658' title='bbox 2313 1976 2552 2028; x_wconf 84' lang='lat' dir='ltr'><strong>inventus</strong></span> <span class='ocrx_word' id='word_1_659' title='bbox 2606 1976 2750 2030; x_wconf 91' lang='lat' dir='ltr'><strong>locus</strong></span> <span class='ocrx_word' id='word_1_660' title='bbox 2808 1979 2958 2046; x_wconf 74' lang='lat' dir='ltr'><strong>eius?</strong></span> <span class='ocrx_word' id='word_1_661' title='bbox 3008 1980 3138 2046; x_wconf 82' lang='lat' dir='ltr'><strong>Quia</strong></span> <span class='ocrx_word' id='word_1_662' title='bbox 3185 1984 3436 2036; x_wconf 88' lang='lat' dir='ltr'><strong>transisti.</strong></span> <span class='ocrx_word' id='word_1_663' title='bbox 3465 1985 3516 2039; x_wconf 85' lang='lat' dir='ltr'><strong>Si</strong></span> <span class='ocrx_word' id='word_1_664' title='bbox 3564 1997 3743 2042; x_wconf 88' lang='lat' dir='ltr'><strong>autem</strong></span> 
     </span>
    </p>
   </div>
   <div class='ocr_carea' id='block_1_82' title="bbox 2175 2057 3742 2140">
    <p class='ocr_par' dir='ltr' id='par_1_82' title="bbox 2175 2057 3742 2140">
     <span class='ocr_line' id='line_1_82' title="bbox 2175 2057 3742 2140; baseline 0.01 -22"><span class='ocrx_word' id='word_1_665' title='bbox 2175 2067 2346 2121; x_wconf 89' lang='lat' dir='ltr'><strong>adhuc</strong></span> <span class='ocrx_word' id='word_1_666' title='bbox 2372 2057 2652 2122; x_wconf 85' lang='lat' dir='ltr'><strong>carnaliter</strong></span> <span class='ocrx_word' id='word_1_667' title='bbox 2670 2072 2888 2140; x_wconf 81' lang='lat' dir='ltr'><strong>cogitas,</strong></span> <span class='ocrx_word' id='word_1_668' title='bbox 2912 2081 2965 2126; x_wconf 88' lang='lat' dir='ltr'><strong>et</strong></span> <span class='ocrx_word' id='word_1_669' title='bbox 2995 2073 3089 2126; x_wconf 80' lang='lat' dir='ltr'><strong>ista</strong></span> <span class='ocrx_word' id='word_1_670' title='bbox 3125 2083 3333 2128; x_wconf 86' lang='lat' dir='ltr'><strong>terrena</strong></span> <span class='ocrx_word' id='word_1_671' title='bbox 3358 2073 3583 2131; x_wconf 82' lang='lat' dir='ltr'><strong>felicitas</strong></span> <span class='ocrx_word' id='word_1_672' title='bbox 3612 2095 3742 2134; x_wconf 83' lang='lat' dir='ltr'><strong>vera</strong></span> 
     </span>
    </p>
   </div>
   <div class='ocr_carea' id='block_1_83' title="bbox 2177 2157 3745 2238">
    <p class='ocr_par' dir='ltr' id='par_1_83' title="bbox 2177 2157 3745 2238">
     <span class='ocr_line' id='line_1_83' title="bbox 2177 2157 3745 2238; baseline 0.01 -28"><span class='ocrx_word' id='word_1_673' title='bbox 2177 2157 2395 2213; x_wconf 86' lang='lat' dir='ltr'><strong>l&#39;elicitas</strong></span> <span class='ocrx_word' id='word_1_674' title='bbox 2427 2161 2517 2214; x_wconf 87' lang='lat' dir='ltr'><strong>tibi</strong></span> <span class='ocrx_word' id='word_1_675' title='bbox 2548 2162 2770 2227; x_wconf 88' lang='lat' dir='ltr'><strong>videtur,</strong></span> <span class='ocrx_word' id='word_1_676' title='bbox 2816 2163 3044 2217; x_wconf 90' lang='lat' dir='ltr'><strong>nondum</strong></span> <span class='ocrx_word' id='word_1_677' title='bbox 3077 2167 3310 2220; x_wconf 86' lang='lat' dir='ltr'><strong>transisti</strong></span> <span class='ocrx_word' id='word_1_678' title='bbox 3341 2184 3353 2218; x_wconf 89' lang='lat'>:</span> <span class='ocrx_word' id='word_1_679' title='bbox 3399 2179 3488 2221; x_wconf 88' lang='lat' dir='ltr'><strong>aut</strong></span> <span class='ocrx_word' id='word_1_680' title='bbox 3521 2172 3745 2238; x_wconf 63' lang='lat' dir='ltr'><strong>aequalis</strong></span> 
     </span>
    </p>
   </div>
   <div class='ocr_carea' id='block_1_84' title="bbox 2177 2246 3732 2328">
    <p class='ocr_par' dir='ltr' id='par_1_84' title="bbox 2177 2246 3732 2328">
     <span class='ocr_line' id='line_1_84' title="bbox 2177 2246 3732 2328; baseline 0.01 -29"><span class='ocrx_word' id='word_1_681' title='bbox 2177 2246 2246 2300; x_wconf 93' lang='lat' dir='ltr'><strong>illi</strong></span> <span class='ocrx_word' id='word_1_682' title='bbox 2269 2265 2346 2312; x_wconf 88' lang='lat' dir='ltr'><strong>es,</strong></span> <span class='ocrx_word' id='word_1_683' title='bbox 2379 2261 2468 2303; x_wconf 89' lang='lat' dir='ltr'><strong>aut</strong></span> <span class='ocrx_word' id='word_1_684' title='bbox 2499 2250 2628 2303; x_wconf 83' lang='lat' dir='ltr'><strong>infra</strong></span> <span class='ocrx_word' id='word_1_685' title='bbox 2656 2269 2750 2305; x_wconf 88' lang='lat' dir='ltr'><strong>es:</strong></span> <span class='ocrx_word' id='word_1_686' title='bbox 2778 2253 2994 2320; x_wconf 82' lang='lat' dir='ltr'><strong>proﬁce,</strong></span> <span class='ocrx_word' id='word_1_687' title='bbox 3025 2263 3076 2308; x_wconf 86' lang='lat' dir='ltr'><strong>ct</strong></span> <span class='ocrx_word' id='word_1_688' title='bbox 3105 2257 3296 2322; x_wconf 88' lang='lat' dir='ltr'><strong>transi;</strong></span> <span class='ocrx_word' id='word_1_689' title='bbox 3344 2267 3397 2310; x_wconf 90' lang='lat' dir='ltr'><strong>et</strong></span> <span class='ocrx_word' id='word_1_690' title='bbox 3425 2275 3542 2311; x_wconf 88' lang='lat' dir='ltr'><strong>eum</strong></span> <span class='ocrx_word' id='word_1_691' title='bbox 3575 2265 3732 2328; x_wconf 81' lang='lat' dir='ltr'><strong>proli-</strong></span> 
     </span>
    </p>
   </div>
   <div class='ocr_carea' id='block_1_85' title="bbox 2173 2343 3740 2412">
    <p class='ocr_par' dir='ltr' id='par_1_85' title="bbox 2173 2343 3740 2412">
     <span class='ocr_line' id='line_1_85' title="bbox 2173 2343 3740 2412; baseline 0.01 -18"><span class='ocrx_word' id='word_1_692' title='bbox 2173 2343 2359 2397; x_wconf 89' lang='lat' dir='ltr'><strong>ciendo</strong></span> <span class='ocrx_word' id='word_1_693' title='bbox 2388 2347 2678 2408; x_wconf 88' lang='lat' dir='ltr'><strong>transieris,</strong></span> <span class='ocrx_word' id='word_1_694' title='bbox 2711 2347 2938 2402; x_wconf 84' lang='lat' dir='ltr'><strong>attendis</strong></span> <span class='ocrx_word' id='word_1_695' title='bbox 2973 2365 3091 2402; x_wconf 89' lang='lat' dir='ltr'><strong>eum</strong></span> <span class='ocrx_word' id='word_1_696' title='bbox 3127 2351 3245 2412; x_wconf 86' lang='lat' dir='ltr'><strong>lide,</strong></span> <span class='ocrx_word' id='word_1_697' title='bbox 3282 2352 3428 2405; x_wconf 83' lang='lat' dir='ltr'><strong>vides</strong></span> <span class='ocrx_word' id='word_1_698' title='bbox 3455 2355 3740 2410; x_wconf 78' lang='lat' dir='ltr'><strong>noviSsima</strong></span> 
     </span>
    </p>
   </div>
   <div class='ocr_carea' id='block_1_86' title="bbox 2173 2436 3738 2512">
    <p class='ocr_par' dir='ltr' id='par_1_86' title="bbox 2173 2436 3738 2512">
     <span class='ocr_line' id='line_1_86' title="bbox 2173 2436 3738 2512; baseline 0.008 -24"><span class='ocrx_word' id='word_1_699' title='bbox 2173 2436 2355 2504; x_wconf 68' lang='lat' dir='ltr'><strong>ipsius,</strong></span> <span class='ocrx_word' id='word_1_700' title='bbox 2375 2448 2427 2490; x_wconf 89' lang='lat' dir='ltr'><strong>et</strong></span> <span class='ocrx_word' id='word_1_701' title='bbox 2446 2439 2577 2492; x_wconf 90' lang='lat' dir='ltr'><strong>dicis</strong></span> <span class='ocrx_word' id='word_1_702' title='bbox 2604 2440 2714 2503; x_wconf 87' lang='lat' dir='ltr'><strong>tibi,</strong></span> <span class='ocrx_word' id='word_1_703' title='bbox 2737 2440 2870 2493; x_wconf 86' lang='lat' dir='ltr'><strong>Ecce</strong></span> <span class='ocrx_word' id='word_1_704' title='bbox 2897 2455 2999 2494; x_wconf 91' lang='lat' dir='ltr'><strong>non</strong></span> <span class='ocrx_word' id='word_1_705' title='bbox 3018 2453 3097 2495; x_wconf 72' lang='grc' dir='ltr'><strong>ρει</strong></span> <span class='ocrx_word' id='word_1_706' title='bbox 3120 2444 3218 2496; x_wconf 88' lang='lat' dir='ltr'><strong>iste</strong></span> <span class='ocrx_word' id='word_1_707' title='bbox 3239 2445 3325 2512; x_wconf 91' lang='lat' dir='ltr'><strong>qui</strong></span> <span class='ocrx_word' id='word_1_708' title='bbox 3343 2445 3416 2498; x_wconf 88' lang='lat' dir='ltr'><strong>sic</strong></span> <span class='ocrx_word' id='word_1_709' title='bbox 3440 2455 3738 2510; x_wconf 87' lang='lat' dir='ltr'><strong>tumuerat;</strong></span> 
     </span>
    </p>
   </div>
   <div class='ocr_carea' id='block_1_87' title="bbox 2171 2525 3737 2600">
    <p class='ocr_par' dir='ltr' id='par_1_87' title="bbox 2171 2525 3737 2600">
     <span class='ocr_line' id='line_1_87' title="bbox 2171 2525 3737 2600; baseline 0.008 -21"><span class='ocrx_word' id='word_1_710' title='bbox 2171 2527 2434 2596; x_wconf 88' lang='lat' dir='ltr'><strong>quomodo</strong></span> <span class='ocrx_word' id='word_1_711' title='bbox 2454 2529 2496 2581; x_wconf 92' lang='lat' dir='ltr'><strong>si</strong></span> <span class='ocrx_word' id='word_1_712' title='bbox 2521 2532 2767 2584; x_wconf 80' lang='lat' dir='ltr'><strong>transires</strong></span> <span class='ocrx_word' id='word_1_713' title='bbox 2784 2525 2931 2600; x_wconf 61' lang='lat' dir='ltr'><strong>juxta</strong></span> <span class='ocrx_word' id='word_1_714' title='bbox 2954 2533 3173 2586; x_wconf 69' lang='lat' dir='ltr'><strong>fututum.</strong></span> <span class='ocrx_word' id='word_1_715' title='bbox 3203 2528 3328 2587; x_wconf 83' lang='lat' dir='ltr'><strong>Nam</strong></span> <span class='ocrx_word' id='word_1_716' title='bbox 3348 2536 3516 2591; x_wconf 88' lang='lat' dir='ltr'><strong>ethoc</strong></span> <span class='ocrx_word' id='word_1_717' title='bbox 3537 2537 3737 2592; x_wconf 88' lang='lat' dir='ltr'><strong>dictum</strong></span> 
     </span>
    </p>
   </div>
   <div class='ocr_carea' id='block_1_88' title="bbox 2171 2617 3798 2699">
    <p class='ocr_par' dir='ltr' id='par_1_88' title="bbox 2171 2617 3798 2699">
     <span class='ocr_line' id='line_1_88' title="bbox 2171 2617 3798 2699; baseline 0.008 -26"><span class='ocrx_word' id='word_1_718' title='bbox 2171 2631 2250 2673; x_wconf 90' lang='lat' dir='ltr'><strong>est</strong></span> <span class='ocrx_word' id='word_1_719' title='bbox 2281 2622 2328 2672; x_wconf 92' lang='lat' dir='ltr'><strong>iu</strong></span> <span class='ocrx_word' id='word_1_720' title='bbox 2353 2621 2454 2674; x_wconf 87' lang='lat' dir='ltr'><strong>isto</strong></span> <span class='ocrx_word' id='word_1_721' title='bbox 2476 2622 2676 2690; x_wconf 85' lang='lat' dir='ltr'><strong>psalmo</strong></span> <span class='ocrx_word' id='word_1_722' title='bbox 2695 2617 2957 2692; x_wconf 73' lang='lat' dir='ltr'><strong>superiu&#39;s,</strong></span> <span class='ocrx_word' id='word_1_723' title='bbox 2992 2626 3282 2694; x_wconf 70' lang='lat' dir='ltr'><strong>Delii-iantes</strong></span> <span class='ocrx_word' id='word_1_724' title='bbox 3306 2630 3432 2681; x_wconf 88' lang='lat' dir='ltr'><strong>velut</strong></span> <span class='ocrx_word' id='word_1_725' title='bbox 3456 2633 3622 2699; x_wconf 82' lang='lat' dir='ltr'><strong>fumus</strong></span> <span class='ocrx_word' id='word_1_726' title='bbox 3649 2634 3740 2685; x_wconf 83' lang='lat' dir='ltr'><strong>de-</strong></span> <span class='ocrx_word' id='word_1_727' title='bbox 3795 2648 3798 2650; x_wconf 80' lang='grc'><strong>·</strong></span> 
     </span>
    </p>
   </div>
   <div class='ocr_carea' id='block_1_89' title="bbox 2171 2709 3739 2788">
    <p class='ocr_par' dir='ltr' id='par_1_89' title="bbox 2171 2709 3739 2788">
     <span class='ocr_line' id='line_1_89' title="bbox 2171 2709 3739 2788; baseline 0.011 -28"><span class='ocrx_word' id='word_1_728' title='bbox 2171 2709 2361 2776; x_wconf 83' lang='lat' dir='ltr'><strong>ﬁcient.</strong></span> <span class='ocrx_word' id='word_1_729' title='bbox 2415 2712 2641 2781; x_wconf 82' lang='lat' dir='ltr'><strong>Erigitur</strong></span> <span class='ocrx_word' id='word_1_730' title='bbox 2669 2714 2718 2766; x_wconf 93' lang='lat' dir='ltr'><strong>in</strong></span> <span class='ocrx_word' id='word_1_731' title='bbox 2747 2714 2908 2767; x_wconf 89' lang='lat' dir='ltr'><strong>altum</strong></span> <span class='ocrx_word' id='word_1_732' title='bbox 2937 2715 3128 2779; x_wconf 84' lang='lat' dir='ltr'><strong>fumus,</strong></span> <span class='ocrx_word' id='word_1_733' title='bbox 3174 2729 3227 2778; x_wconf 81' lang='lat' dir='ltr'><strong>et,</strong></span> <span class='ocrx_word' id='word_1_734' title='bbox 3254 2720 3303 2770; x_wconf 92' lang='lat' dir='ltr'><strong>in</strong></span> <span class='ocrx_word' id='word_1_735' title='bbox 3329 2721 3538 2788; x_wconf 81' lang='lat' dir='ltr'><strong>globum</strong></span> <span class='ocrx_word' id='word_1_736' title='bbox 3575 2726 3739 2776; x_wconf 82' lang='lat' dir='ltr'><strong>tumi-</strong></span> 
     </span>
    </p>
   </div>
   <div class='ocr_carea' id='block_1_90' title="bbox 2170 2801 3737 2882">
    <p class='ocr_par' dir='ltr' id='par_1_90' title="bbox 2170 2801 3737 2882">
     <span class='ocr_line' id='line_1_90' title="bbox 2170 2801 3737 2882; baseline 0.009 -29"><span class='ocrx_word' id='word_1_737' title='bbox 2170 2801 2293 2854; x_wconf 89' lang='lat' dir='ltr'><strong>dum</strong></span> <span class='ocrx_word' id='word_1_738' title='bbox 2335 2805 2502 2871; x_wconf 77' lang='lat' dir='ltr'><strong>pergit</strong></span> <span class='ocrx_word' id='word_1_739' title='bbox 2533 2822 2545 2856; x_wconf 91' lang='lat'><strong>:</strong></span> <span class='ocrx_word' id='word_1_740' title='bbox 2591 2814 2785 2872; x_wconf 88' lang='lat' dir='ltr'><strong>quanto</strong></span> <span class='ocrx_word' id='word_1_741' title='bbox 2815 2806 2980 2873; x_wconf 78' lang='lat' dir='ltr'><strong>magis</strong></span> <span class='ocrx_word' id='word_1_742' title='bbox 3008 2809 3282 2871; x_wconf 90' lang='lat' dir='ltr'><strong>attollitur,</strong></span> <span class='ocrx_word' id='word_1_743' title='bbox 3333 2819 3476 2864; x_wconf 88' lang='lat' dir='ltr'><strong>tanto</strong></span> <span class='ocrx_word' id='word_1_744' title='bbox 3510 2815 3737 2882; x_wconf 83' lang='lat' dir='ltr'><strong>amplius</strong></span> 
     </span>
    </p>
   </div>
   <div class='ocr_carea' id='block_1_91' title="bbox 2171 2894 3736 2971">
    <p class='ocr_par' dir='ltr' id='par_1_91' title="bbox 2171 2894 3736 2971">
     <span class='ocr_line' id='line_1_91' title="bbox 2171 2894 3736 2971; baseline 0.008 -25"><span class='ocrx_word' id='word_1_745' title='bbox 2171 2894 2486 2948; x_wconf 88' lang='lat' dir='ltr'><strong>intumescit.</strong></span> <span class='ocrx_word' id='word_1_746' title='bbox 2521 2896 2622 2948; x_wconf 86' lang='lat' dir='ltr'><strong>Sed</strong></span> <span class='ocrx_word' id='word_1_747' title='bbox 2654 2912 2770 2948; x_wconf 88' lang='lat' dir='ltr'><strong>cmn</strong></span> <span class='ocrx_word' id='word_1_748' title='bbox 2799 2899 3089 2961; x_wconf 87' lang='lat' dir='ltr'><strong>transieris,</strong></span> <span class='ocrx_word' id='word_1_749' title='bbox 3117 2901 3330 2954; x_wconf 84' lang='lat' dir='ltr'><strong>attende</strong></span> <span class='ocrx_word' id='word_1_750' title='bbox 3356 2911 3471 2970; x_wconf 87' lang='lat' dir='ltr'><strong>post</strong></span> <span class='ocrx_word' id='word_1_751' title='bbox 3495 2914 3543 2956; x_wconf 91' lang='lat' dir='ltr'><strong>te</strong></span> <span class='ocrx_word' id='word_1_752' title='bbox 3573 2923 3583 2956; x_wconf 94' lang='lat'><strong>:</strong></span> <span class='ocrx_word' id='word_1_753' title='bbox 3616 2918 3736 2971; x_wconf 84' lang='lat' dir='ltr'><strong>post</strong></span> 
     </span>
    </p>
   </div>
   <div class='ocr_carea' id='block_1_92' title="bbox 2171 2986 3732 3059">
    <p class='ocr_par' dir='ltr' id='par_1_92' title="bbox 2171 2986 3732 3059">
     <span class='ocr_line' id='line_1_92' title="bbox 2171 2986 3732 3059; baseline 0.007 -22"><span class='ocrx_word' id='word_1_754' title='bbox 2171 2996 2222 3038; x_wconf 86' lang='lat' dir='ltr'><strong>te</strong></span> <span class='ocrx_word' id='word_1_755' title='bbox 2246 2986 2386 3038; x_wconf 87' lang='lat' dir='ltr'><strong>enim</strong></span> <span class='ocrx_word' id='word_1_756' title='bbox 2415 2986 2605 3050; x_wconf 82' lang='lat' dir='ltr'><strong>l&#39;nnius,</strong></span> <span class='ocrx_word' id='word_1_757' title='bbox 2635 2986 2677 3038; x_wconf 91' lang='lat' dir='ltr'><strong>si</strong></span> <span class='ocrx_word' id='word_1_758' title='bbox 2704 2996 2785 3040; x_wconf 90' lang='lat' dir='ltr'><strong>cst</strong></span> <span class='ocrx_word' id='word_1_759' title='bbox 2809 2997 2929 3041; x_wconf 89' lang='lat' dir='ltr'><strong>ante</strong></span> <span class='ocrx_word' id='word_1_760' title='bbox 2955 2999 3004 3042; x_wconf 89' lang='lat' dir='ltr'><strong>te</strong></span> <span class='ocrx_word' id='word_1_761' title='bbox 3029 2987 3186 3043; x_wconf 88' lang='lat' dir='ltr'><strong>Deus.</strong></span> <span class='ocrx_word' id='word_1_762' title='bbox 3210 2990 3323 3044; x_wconf 71' lang='lat' dir='ltr'><strong>Noli</strong></span> <span class='ocrx_word' id='word_1_763' title='bbox 3347 2993 3637 3059; x_wconf 87' lang='lat' dir='ltr'><strong>posteriora</strong></span> <span class='ocrx_word' id='word_1_764' title='bbox 3665 3011 3732 3048; x_wconf 77' lang='lat' dir='ltr'><strong>ex</strong></span> 
     </span>
    </p>
   </div>
   <div class='ocr_carea' id='block_1_93' title="bbox 2169 3072 3736 3145">
    <p class='ocr_par' dir='ltr' id='par_1_93' title="bbox 2169 3072 3736 3145">
     <span class='ocr_line' id='line_1_93' title="bbox 2169 3072 3736 3145; baseline 0.006 -19"><span class='ocrx_word' id='word_1_765' title='bbox 2169 3072 2426 3127; x_wconf 87' lang='lat' dir='ltr'><strong>desiderio</strong></span> <span class='ocrx_word' id='word_1_766' title='bbox 2465 3076 2753 3138; x_wconf 86' lang='lat' dir='ltr'><strong>attendere,</strong></span> <span class='ocrx_word' id='word_1_767' title='bbox 2789 3076 2921 3130; x_wconf 89' lang='lat' dir='ltr'><strong>sicut</strong></span> <span class='ocrx_word' id='word_1_768' title='bbox 2957 3081 3178 3132; x_wconf 89' lang='lat' dir='ltr'><strong>attendit</strong></span> <span class='ocrx_word' id='word_1_769' title='bbox 3215 3095 3345 3135; x_wconf 78' lang='lat' dir='ltr'><strong>uxor</strong></span> <span class='ocrx_word' id='word_1_770' title='bbox 3386 3081 3501 3145; x_wconf 87' lang='lat' dir='ltr'><strong>Lot,</strong></span> <span class='ocrx_word' id='word_1_771' title='bbox 3549 3089 3602 3138; x_wconf 92' lang='lat' dir='ltr'><strong>et</strong></span> <span class='ocrx_word' id='word_1_772' title='bbox 3647 3101 3736 3137; x_wconf 84' lang='lat' dir='ltr'><strong>re-</strong></span> 
     </span>
    </p>
   </div>
   <div class='ocr_carea' id='block_1_94' title="bbox 2169 3165 3731 3244">
    <p class='ocr_par' dir='ltr' id='par_1_94' title="bbox 2169 3165 3731 3244">
     <span class='ocr_line' id='line_1_94' title="bbox 2169 3165 3731 3244; baseline 0.007 -27"><span class='ocrx_word' id='word_1_773' title='bbox 2169 3168 2357 3218; x_wconf 88' lang='lat' dir='ltr'><strong>mansit</strong></span> <span class='ocrx_word' id='word_1_774' title='bbox 2388 3167 2438 3218; x_wconf 94' lang='lat' dir='ltr'><strong>in</strong></span> <span class='ocrx_word' id='word_1_775' title='bbox 2468 3168 2545 3218; x_wconf 87' lang='lat' dir='ltr'><strong>via</strong></span> <span class='ocrx_word' id='word_1_776' title='bbox 2572 3165 2718 3236; x_wconf 80' lang='lat' dir='ltr'><strong>(Ceu.</strong></span> <span class='ocrx_word' id='word_1_777' title='bbox 2742 3168 2990 3239; x_wconf 68' lang='lat' dir='ltr'><strong>xux,26):</strong></span> <span class='ocrx_word' id='word_1_778' title='bbox 3025 3171 3116 3224; x_wconf 89' lang='lat' dir='ltr'><strong>sed</strong></span> <span class='ocrx_word' id='word_1_779' title='bbox 3145 3175 3346 3241; x_wconf 77' lang='lat' dir='ltr'><strong>respice</strong></span> <span class='ocrx_word' id='word_1_780' title='bbox 3371 3190 3430 3228; x_wconf 77' lang='lat' dir='ltr'><strong>ex</strong></span> <span class='ocrx_word' id='word_1_781' title='bbox 3455 3175 3731 3244; x_wconf 83' lang='lat' dir='ltr'><strong>despectu,</strong></span> 
     </span>
    </p>
   </div>
   <div class='ocr_carea' id='block_1_95' title="bbox 2167 3259 3731 3334">
    <p class='ocr_par' dir='ltr' id='par_1_95' title="bbox 2167 3259 3731 3334">
     <span class='ocr_line' id='line_1_95' title="bbox 2167 3259 3731 3334; baseline 0.008 -24"><span class='ocrx_word' id='word_1_782' title='bbox 2167 3267 2216 3310; x_wconf 89' lang='lat' dir='ltr'><strong>et</strong></span> <span class='ocrx_word' id='word_1_783' title='bbox 2249 3259 2445 3312; x_wconf 80' lang='lat' dir='ltr'><strong>videbis</strong></span> <span class='ocrx_word' id='word_1_784' title='bbox 2485 3261 2699 3327; x_wconf 90' lang='lat' dir='ltr'><strong>impium</strong></span> <span class='ocrx_word' id='word_1_785' title='bbox 2746 3277 2997 3331; x_wconf 88' lang='lat' dir='ltr'><strong>nusquam</strong></span> <span class='ocrx_word' id='word_1_786' title='bbox 3055 3279 3192 3325; x_wconf 89' lang='lat' dir='ltr'><strong>esse,</strong></span> <span class='ocrx_word' id='word_1_787' title='bbox 3238 3277 3288 3318; x_wconf 90' lang='lat' dir='ltr'><strong>et</strong></span> <span class='ocrx_word' id='word_1_788' title='bbox 3325 3284 3526 3334; x_wconf 67' lang='lat' dir='ltr'><strong>qumres</strong></span> <span class='ocrx_word' id='word_1_789' title='bbox 3559 3271 3731 3323; x_wconf 88' lang='lat' dir='ltr'><strong>locum</strong></span> 
     </span>
    </p>
   </div>
   <div class='ocr_carea' id='block_1_96' title="bbox 2166 3348 3728 3428">
    <p class='ocr_par' dir='ltr' id='par_1_96' title="bbox 2166 3348 3728 3428">
     <span class='ocr_line' id='line_1_96' title="bbox 2166 3348 3728 3428; baseline 0.011 -29"><span class='ocrx_word' id='word_1_790' title='bbox 2166 3348 2297 3415; x_wconf 82' lang='lat' dir='ltr'><strong>ejus.</strong></span> <span class='ocrx_word' id='word_1_791' title='bbox 2322 3349 2450 3416; x_wconf 89' lang='lat' dir='ltr'><strong>Quis</strong></span> <span class='ocrx_word' id='word_1_792' title='bbox 2469 3359 2550 3405; x_wconf 87' lang='lat' dir='ltr'><strong>est</strong></span> <span class='ocrx_word' id='word_1_793' title='bbox 2567 3352 2707 3405; x_wconf 90' lang='lat' dir='ltr'><strong>locus</strong></span> <span class='ocrx_word' id='word_1_794' title='bbox 2724 3353 2872 3421; x_wconf 73' lang='lat' dir='ltr'><strong>ejus?</strong></span> <span class='ocrx_word' id='word_1_795' title='bbox 2894 3355 3006 3421; x_wconf 92' lang='lat' dir='ltr'><strong>Quo</strong></span> <span class='ocrx_word' id='word_1_796' title='bbox 3031 3357 3186 3409; x_wconf 88' lang='lat' dir='ltr'><strong>modo</strong></span> <span class='ocrx_word' id='word_1_797' title='bbox 3213 3358 3368 3412; x_wconf 81' lang='lat' dir='ltr'><strong>habet</strong></span> <span class='ocrx_word' id='word_1_798' title='bbox 3394 3360 3728 3428; x_wconf 79' lang='lat' dir='ltr'><strong>potestatein.</strong></span> 
     </span>
    </p>
   </div>
   <div class='ocr_carea' id='block_1_97' title="bbox 2167 3437 3733 3513">
    <p class='ocr_par' dir='ltr' id='par_1_97' title="bbox 2167 3437 3733 3513">
     <span class='ocr_line' id='line_1_97' title="bbox 2167 3437 3733 3513; baseline 0.01 -23"><span class='ocrx_word' id='word_1_799' title='bbox 2167 3437 2323 3492; x_wconf 85' lang='lat' dir='ltr'><strong>habet</strong></span> <span class='ocrx_word' id='word_1_800' title='bbox 2346 3441 2574 3505; x_wconf 81' lang='lat' dir='ltr'><strong>divitias,</strong></span> <span class='ocrx_word' id='word_1_801' title='bbox 2600 3442 2755 3497; x_wconf 87' lang='lat' dir='ltr'><strong>habet</strong></span> <span class='ocrx_word' id='word_1_802' title='bbox 2773 3447 3049 3513; x_wconf 92' lang='lat' dir='ltr'><strong>quemdam</strong></span> <span class='ocrx_word' id='word_1_803' title='bbox 3073 3448 3309 3502; x_wconf 85' lang='lat' dir='ltr'><strong>ordinem</strong></span> <span class='ocrx_word' id='word_1_804' title='bbox 3327 3467 3476 3502; x_wconf 77' lang='lat' dir='ltr'><strong>stium</strong></span> <span class='ocrx_word' id='word_1_805' title='bbox 3499 3453 3548 3504; x_wconf 92' lang='lat' dir='ltr'><strong>in</strong></span> <span class='ocrx_word' id='word_1_806' title='bbox 3574 3455 3733 3507; x_wconf 83' lang='lat' dir='ltr'><strong>rebus</strong></span> 
     </span>
    </p>
   </div>
   <div class='ocr_carea' id='block_1_98' title="bbox 2167 3533 3728 3606">
    <p class='ocr_par' dir='ltr' id='par_1_98' title="bbox 2167 3533 3728 3606">
     <span class='ocr_line' id='line_1_98' title="bbox 2167 3533 3728 3606; baseline 0.01 -25"><span class='ocrx_word' id='word_1_807' title='bbox 2167 3533 2426 3594; x_wconf 89' lang='lat' dir='ltr'><strong>humanis,</strong></span> <span class='ocrx_word' id='word_1_808' title='bbox 2449 3541 2502 3584; x_wconf 90' lang='lat' dir='ltr'><strong>ut</strong></span> <span class='ocrx_word' id='word_1_809' title='bbox 2520 3534 2668 3586; x_wconf 90' lang='lat' dir='ltr'><strong>multi</strong></span> <span class='ocrx_word' id='word_1_810' title='bbox 2686 3535 2733 3588; x_wconf 88' lang='lat' dir='ltr'><strong>ei</strong></span> <span class='ocrx_word' id='word_1_811' title='bbox 2749 3535 3120 3604; x_wconf 87' lang='lat' dir='ltr'><strong>obsequantur,</strong></span> <span class='ocrx_word' id='word_1_812' title='bbox 3139 3549 3190 3590; x_wconf 91' lang='lat' dir='ltr'><strong>ut</strong></span> <span class='ocrx_word' id='word_1_813' title='bbox 3203 3540 3377 3606; x_wconf 67' lang='lat' dir='ltr'><strong>iubeat</strong></span> <span class='ocrx_word' id='word_1_814' title='bbox 3394 3552 3445 3594; x_wconf 89' lang='lat' dir='ltr'><strong>et</strong></span> <span class='ocrx_word' id='word_1_815' title='bbox 3465 3543 3728 3596; x_wconf 85' lang='lat' dir='ltr'><strong>audiatur.</strong></span> 
     </span>
    </p>
   </div>
   <div class='ocr_carea' id='block_1_99' title="bbox 2166 3620 3727 3700">
    <p class='ocr_par' dir='ltr' id='par_1_99' title="bbox 2166 3620 3727 3700">
     <span class='ocr_line' id='line_1_99' title="bbox 2166 3620 3727 3700; baseline 0.012 -28"><span class='ocrx_word' id='word_1_816' title='bbox 2166 3620 2267 3676; x_wconf 88' lang='lat' dir='ltr'><strong>Iste</strong></span> <span class='ocrx_word' id='word_1_817' title='bbox 2293 3623 2437 3677; x_wconf 87' lang='lat' dir='ltr'><strong>locos</strong></span> <span class='ocrx_word' id='word_1_818' title='bbox 2463 3639 2565 3676; x_wconf 89' lang='lat' dir='ltr'><strong>non</strong></span> <span class='ocrx_word' id='word_1_819' title='bbox 2596 3627 2716 3691; x_wconf 89' lang='lat' dir='ltr'><strong>erit,</strong></span> <span class='ocrx_word' id='word_1_820' title='bbox 2745 3627 2835 3692; x_wconf 85' lang='lat' dir='ltr'><strong>sed</strong></span> <span class='ocrx_word' id='word_1_821' title='bbox 2862 3630 3097 3691; x_wconf 82' lang='lat' dir='ltr'><strong>transiet,</strong></span> <span class='ocrx_word' id='word_1_822' title='bbox 3119 3638 3173 3683; x_wconf 92' lang='lat' dir='ltr'><strong>nt</strong></span> <span class='ocrx_word' id='word_1_823' title='bbox 3198 3639 3248 3685; x_wconf 86' lang='lat' dir='ltr'><strong>tu</strong></span> <span class='ocrx_word' id='word_1_824' title='bbox 3270 3631 3289 3661; x_wconf 86' lang='grc'>³</span> <span class='ocrx_word' id='word_1_825' title='bbox 3325 3635 3491 3700; x_wconf 82' lang='lat' dir='ltr'><strong>posis</strong></span> <span class='ocrx_word' id='word_1_826' title='bbox 3517 3635 3727 3690; x_wconf 84' lang='lat' dir='ltr'><strong>dicere:</strong></span> 
     </span>
    </p>
   </div>
   <div class='ocr_carea' id='block_1_100' title="bbox 2167 3710 3725 3790">
    <p class='ocr_par' dir='ltr' id='par_1_100' title="bbox 2167 3710 3725 3790">
     <span class='ocr_line' id='line_1_100' title="bbox 2167 3710 3725 3790; baseline 0.008 -26"><span class='ocrx_word' id='word_1_827' title='bbox 2167 3710 2408 3776; x_wconf 84' lang='lat' dir='ltr'><strong>Transivi,</strong></span> <span class='ocrx_word' id='word_1_828' title='bbox 2442 3725 2484 3766; x_wconf 84' lang='lat' dir='ltr'><strong>et</strong></span> <span class='ocrx_word' id='word_1_829' title='bbox 2512 3731 2620 3768; x_wconf 87' lang='lat' dir='ltr'><strong>ecce</strong></span> <span class='ocrx_word' id='word_1_830' title='bbox 2644 3731 2740 3768; x_wconf 88' lang='lat' dir='ltr'><strong>non</strong></span> <span class='ocrx_word' id='word_1_831' title='bbox 2767 3731 2889 3769; x_wconf 86' lang='lat' dir='ltr'><strong>erat.</strong></span> <span class='ocrx_word' id='word_1_832' title='bbox 2925 3718 2968 3785; x_wconf 85' lang='lat' dir='ltr'><strong>Q</strong></span> <span class='ocrx_word' id='word_1_833' title='bbox 2993 3719 3055 3772; x_wconf 62' lang='lat' dir='ltr'><strong>tid</strong></span> <span class='ocrx_word' id='word_1_834' title='bbox 3086 3732 3184 3780; x_wconf 85' lang='lat' dir='ltr'><strong>est,</strong></span> <span class='ocrx_word' id='word_1_835' title='bbox 3215 3724 3418 3774; x_wconf 72' lang='lat' dir='ltr'><strong>transivi</strong></span> <span class='ocrx_word' id='word_1_836' title='bbox 3434 3726 3459 3776; x_wconf 83' lang='lat'><strong><em>?</em></strong></span> <span class='ocrx_word' id='word_1_837' title='bbox 3497 3725 3725 3790; x_wconf 80' lang='lat' dir='ltr'><strong>Proieci,</strong></span> 
     </span>
    </p>
   </div>
   <div class='ocr_carea' id='block_1_101' title="bbox 2167 3803 3729 3876">
    <p class='ocr_par' dir='ltr' id='par_1_101' title="bbox 2167 3803 3729 3876">
     <span class='ocr_line' id='line_1_101' title="bbox 2167 3803 3729 3876; baseline 0.008 -21"><span class='ocrx_word' id='word_1_838' title='bbox 2167 3803 2375 3869; x_wconf 79' lang='lat' dir='ltr'><strong>perveni</strong></span> <span class='ocrx_word' id='word_1_839' title='bbox 2398 3803 2462 3856; x_wconf 89' lang='lat' dir='ltr'><strong>ad</strong></span> <span class='ocrx_word' id='word_1_840' title='bbox 2490 3803 2798 3872; x_wconf 87' lang='lat' dir='ltr'><strong>spiritualia,</strong></span> <span class='ocrx_word' id='word_1_841' title='bbox 2831 3807 3027 3860; x_wconf 84' lang='lat' dir='ltr'><strong>intravi</strong></span> <span class='ocrx_word' id='word_1_842' title='bbox 3055 3809 3103 3860; x_wconf 92' lang='lat' dir='ltr'><strong>in</strong></span> <span class='ocrx_word' id='word_1_843' title='bbox 3137 3813 3493 3865; x_wconf 88' lang='lat' dir='ltr'><strong>saneluarium</strong></span> <span class='ocrx_word' id='word_1_844' title='bbox 3531 3816 3642 3876; x_wconf 85' lang='lat' dir='ltr'><strong>llei,</strong></span> <span class='ocrx_word' id='word_1_845' title='bbox 3673 3826 3729 3870; x_wconf 87' lang='lat' dir='ltr'><strong>nt</strong></span> 
     </span>
    </p>
   </div>
   <div class='ocr_carea' id='block_1_102' title="bbox 2163 3895 3730 3975">
    <p class='ocr_par' dir='ltr' id='par_1_102' title="bbox 2163 3895 3730 3975">
     <span class='ocr_line' id='line_1_102' title="bbox 2163 3895 3730 3975; baseline 0.011 -29"><span class='ocrx_word' id='word_1_846' title='bbox 2163 3895 2488 3950; x_wconf 89' lang='lat' dir='ltr'><strong>intenderem</strong></span> <span class='ocrx_word' id='word_1_847' title='bbox 2530 3897 2581 3950; x_wconf 89' lang='lat' dir='ltr'><strong>in</strong></span> <span class='ocrx_word' id='word_1_848' title='bbox 2616 3899 2896 3952; x_wconf 87' lang='lat' dir='ltr'><strong>novissima</strong></span> <span class='ocrx_word' id='word_1_849' title='bbox 2950 3897 3118 3971; x_wconf 81' lang='lat' dir='ltr'><strong>(Psat.</strong></span> <span class='ocrx_word' id='word_1_850' title='bbox 3153 3918 3310 3965; x_wconf 74' lang='lat' dir='ltr'><strong>LXXII,</strong></span> <span class='ocrx_word' id='word_1_851' title='bbox 3360 3903 3448 3975; x_wconf 83' lang='lat' dir='ltr'><strong>l7)</strong></span> <span class='ocrx_word' id='word_1_852' title='bbox 3479 3924 3490 3958; x_wconf 90' lang='lat'>:</span> <span class='ocrx_word' id='word_1_853' title='bbox 3545 3920 3590 3960; x_wconf 82' lang='lat' dir='ltr'><strong>et</strong></span> <span class='ocrx_word' id='word_1_854' title='bbox 3618 3927 3730 3963; x_wconf 81' lang='lat' dir='ltr'><strong>erce</strong></span> 
     </span>
    </p>
   </div>
   <div class='ocr_carea' id='block_1_103' title="bbox 2163 3988 3726 4057">
    <p class='ocr_par' dir='ltr' id='par_1_103' title="bbox 2163 3988 3726 4057">
     <span class='ocr_line' id='line_1_103' title="bbox 2163 3988 3726 4057; baseline 0.012 -23"><span class='ocrx_word' id='word_1_855' title='bbox 2163 4000 2258 4035; x_wconf 92' lang='lat' dir='ltr'><strong>non</strong></span> <span class='ocrx_word' id='word_1_856' title='bbox 2291 3995 2413 4050; x_wconf 85' lang='lat' dir='ltr'><strong>erat,</strong></span> <span class='ocrx_word' id='word_1_857' title='bbox 2461 3997 2506 4039; x_wconf 88' lang='lat' dir='ltr'><strong>et</strong></span> <span class='ocrx_word' id='word_1_858' title='bbox 2555 3988 2755 4057; x_wconf 68' lang='lat' dir='ltr'><strong>quaesivi</strong></span> <span class='ocrx_word' id='word_1_859' title='bbox 2791 4006 2921 4055; x_wconf 87' lang='lat' dir='ltr'><strong>eum,</strong></span> <span class='ocrx_word' id='word_1_860' title='bbox 2977 4000 3022 4042; x_wconf 90' lang='lat' dir='ltr'><strong>et</strong></span> <span class='ocrx_word' id='word_1_861' title='bbox 3067 4009 3163 4044; x_wconf 87' lang='lat' dir='ltr'><strong>non</strong></span> <span class='ocrx_word' id='word_1_862' title='bbox 3205 4003 3274 4045; x_wconf 86' lang='lat' dir='ltr'><strong>est</strong></span> <span class='ocrx_word' id='word_1_863' title='bbox 3321 3995 3549 4051; x_wconf 79' lang='lat' dir='ltr'><strong>inventus</strong></span> <span class='ocrx_word' id='word_1_864' title='bbox 3588 4000 3726 4053; x_wconf 83' lang='lat' dir='ltr'><strong>locus</strong></span> 
     </span>
    </p>
   </div>
   <div class='ocr_carea' id='block_1_104' title="bbox 2160 4077 2286 4145">
    <p class='ocr_par' dir='ltr' id='par_1_104' title="bbox 2160 4077 2286 4145">
     <span class='ocr_line' id='line_1_104' title="bbox 2160 4077 2286 4145; baseline -0.016 -19"><span class='ocrx_word' id='word_1_865' title='bbox 2160 4077 2286 4145; x_wconf 85' lang='lat' dir='ltr'><strong>ejus.</strong></span> 
     </span>
    </p>
   </div>
   <div class='ocr_carea' id='block_1_105' title="bbox 2235 4167 3728 4246">
    <p class='ocr_par' dir='ltr' id='par_1_105' title="bbox 2235 4167 3728 4246">
     <span class='ocr_line' id='line_1_105' title="bbox 2235 4167 3728 4246; baseline 0.009 -26"><span class='ocrx_word' id='word_1_866' title='bbox 2235 4169 2316 4222; x_wconf 83' lang='grc'><strong>15.</strong></span> <span class='ocrx_word' id='word_1_867' title='bbox 2350 4167 2495 4238; x_wconf 76' lang='lat' dir='ltr'><strong>(vers.</strong></span> <span class='ocrx_word' id='word_1_868' title='bbox 2518 4167 2629 4240; x_wconf 77' lang='lat'><strong>37.]</strong></span> <span class='ocrx_word' id='word_1_869' title='bbox 2658 4168 2861 4222; x_wconf 82' lang='lat' dir='ltr'><strong>Custodi</strong></span> <span class='ocrx_word' id='word_1_870' title='bbox 2886 4171 3234 4226; x_wconf 78' lang='lat' dir='ltr'><strong>innocentiam.</strong></span> <span class='ocrx_word' id='word_1_871' title='bbox 3269 4175 3429 4240; x_wconf 85' lang='lat' dir='ltr'><strong>Tene,</strong></span> <span class='ocrx_word' id='word_1_872' title='bbox 3458 4181 3728 4246; x_wconf 74' lang='lat' dir='ltr'><strong>Quomodo</strong></span> 
     </span>
    </p>
   </div>
   <div class='ocr_carea' id='block_1_106' title="bbox 2160 4263 3726 4336">
    <p class='ocr_par' dir='ltr' id='par_1_106' title="bbox 2160 4263 3726 4336">
     <span class='ocr_line' id='line_1_106' title="bbox 2160 4263 3726 4336; baseline 0.009 -26"><span class='ocrx_word' id='word_1_873' title='bbox 2160 4271 2277 4310; x_wconf 90' lang='lat' dir='ltr'><strong>cum</strong></span> <span class='ocrx_word' id='word_1_874' title='bbox 2342 4275 2528 4313; x_wconf 79' lang='lat' dir='ltr'><strong>avarus</strong></span> <span class='ocrx_word' id='word_1_875' title='bbox 2586 4275 2757 4321; x_wconf 81' lang='lat' dir='ltr'><strong>esses,</strong></span> <span class='ocrx_word' id='word_1_876' title='bbox 2810 4263 3086 4316; x_wconf 73' lang='lat' dir='ltr'><strong>saccellum</strong></span> <span class='ocrx_word' id='word_1_877' title='bbox 3147 4265 3404 4320; x_wconf 74' lang='lat' dir='ltr'><strong>tenebas:</strong></span> <span class='ocrx_word' id='word_1_878' title='bbox 3459 4272 3726 4336; x_wconf 86' lang='lat' dir='ltr'><strong>quomodo</strong></span> 
     </span>
    </p>
   </div>
   <div class='ocr_carea' id='block_1_107' title="bbox 2162 4351 3726 4427">
    <p class='ocr_par' dir='ltr' id='par_1_107' title="bbox 2162 4351 3726 4427">
     <span class='ocr_line' id='line_1_107' title="bbox 2162 4351 3726 4427; baseline 0.01 -25"><span class='ocrx_word' id='word_1_879' title='bbox 2162 4351 2376 4403; x_wconf 83' lang='lat' dir='ltr'><strong>tenebas</strong></span> <span class='ocrx_word' id='word_1_880' title='bbox 2409 4351 2708 4414; x_wconf 84' lang='lat' dir='ltr'><strong>saceellnm,</strong></span> <span class='ocrx_word' id='word_1_881' title='bbox 2754 4369 2821 4407; x_wconf 88' lang='lat' dir='ltr'><strong>ne</strong></span> <span class='ocrx_word' id='word_1_882' title='bbox 2861 4356 2949 4408; x_wconf 91' lang='lat' dir='ltr'><strong>tibi</strong></span> <span class='ocrx_word' id='word_1_883' title='bbox 2985 4369 3381 4427; x_wconf 79' lang='lat' dir='ltr'><strong>extorqueretur</strong></span> <span class='ocrx_word' id='word_1_884' title='bbox 3407 4377 3435 4412; x_wconf 91' lang='lat' dir='ltr'><strong>a</strong></span> <span class='ocrx_word' id='word_1_885' title='bbox 3468 4359 3614 4426; x_wconf 81' lang='lat' dir='ltr'><strong>lure;</strong></span> <span class='ocrx_word' id='word_1_886' title='bbox 3648 4367 3726 4418; x_wconf 86' lang='lat' dir='ltr'><strong>sic</strong></span> 
     </span>
    </p>
   </div>
   <div class='ocr_carea' id='block_1_108' title="bbox 2159 4444 3721 4519">
    <p class='ocr_par' dir='ltr' id='par_1_108' title="bbox 2159 4444 3721 4519">
     <span class='ocr_line' id='line_1_108' title="bbox 2159 4444 3721 4519; baseline 0.008 -23"><span class='ocrx_word' id='word_1_887' title='bbox 2159 4444 2359 4496; x_wconf 88' lang='lat' dir='ltr'><strong>custodi</strong></span> <span class='ocrx_word' id='word_1_888' title='bbox 2397 4444 2766 4509; x_wconf 84' lang='lat' dir='ltr'><strong>innocentiam,</strong></span> <span class='ocrx_word' id='word_1_889' title='bbox 2801 4462 2866 4501; x_wconf 90' lang='lat' dir='ltr'><strong>ne</strong></span> <span class='ocrx_word' id='word_1_890' title='bbox 2895 4449 2985 4500; x_wconf 86' lang='lat' dir='ltr'><strong>tibi</strong></span> <span class='ocrx_word' id='word_1_891' title='bbox 3017 4461 3390 4519; x_wconf 74' lang='lat' dir='ltr'><strong>extortpieatur</strong></span> <span class='ocrx_word' id='word_1_892' title='bbox 3427 4459 3455 4505; x_wconf 71' lang='grc' dir='ltr'><strong>ιι</strong></span> <span class='ocrx_word' id='word_1_893' title='bbox 3486 4454 3721 4510; x_wconf 87' lang='lat' dir='ltr'><strong>diabolo.</strong></span> 
     </span>
    </p>
   </div>
   <div class='ocr_carea' id='block_1_109' title="bbox 2161 4534 3725 4611">
    <p class='ocr_par' dir='ltr' id='par_1_109' title="bbox 2161 4534 3725 4611">
     <span class='ocr_line' id='line_1_109' title="bbox 2161 4534 3725 4611; baseline 0.01 -25"><span class='ocrx_word' id='word_1_894' title='bbox 2161 4534 2241 4587; x_wconf 90' lang='lat' dir='ltr'><strong>Sit</strong></span> <span class='ocrx_word' id='word_1_895' title='bbox 2268 4536 2349 4588; x_wconf 86' lang='lat' dir='ltr'><strong>illa</strong></span> <span class='ocrx_word' id='word_1_896' title='bbox 2373 4545 2571 4588; x_wconf 80' lang='lat' dir='ltr'><strong>eertum</strong></span> <span class='ocrx_word' id='word_1_897' title='bbox 2601 4538 2965 4605; x_wconf 87' lang='lat' dir='ltr'><strong>patrimonimn</strong></span> <span class='ocrx_word' id='word_1_898' title='bbox 2992 4542 3156 4604; x_wconf 82' lang='lat' dir='ltr'><strong>tuum,</strong></span> <span class='ocrx_word' id='word_1_899' title='bbox 3178 4543 3242 4595; x_wconf 91' lang='lat' dir='ltr'><strong>de</strong></span> <span class='ocrx_word' id='word_1_900' title='bbox 3265 4559 3364 4611; x_wconf 88' lang='lat' dir='ltr'><strong>qna</strong></span> <span class='ocrx_word' id='word_1_901' title='bbox 3386 4555 3508 4597; x_wconf 89' lang='lat' dir='ltr'><strong>sunt</strong></span> <span class='ocrx_word' id='word_1_902' title='bbox 3533 4549 3725 4602; x_wconf 82' lang='lat' dir='ltr'><strong>divites</strong></span> 
     </span>
    </p>
   </div>
   <div class='ocr_carea' id='block_1_110' title="bbox 2159 4629 3725 4704">
    <p class='ocr_par' dir='ltr' id='par_1_110' title="bbox 2159 4629 3725 4704">
     <span class='ocr_line' id='line_1_110' title="bbox 2159 4629 3725 4704; baseline 0.008 -24"><span class='ocrx_word' id='word_1_903' title='bbox 2159 4633 2212 4680; x_wconf 90' lang='lat' dir='ltr'><strong>et</strong></span> <span class='ocrx_word' id='word_1_904' title='bbox 2239 4643 2510 4694; x_wconf 89' lang='lat' dir='ltr'><strong>pauperes.</strong></span> <span class='ocrx_word' id='word_1_905' title='bbox 2565 4630 2768 4682; x_wconf 82' lang='lat' dir='ltr'><strong>Custodi</strong></span> <span class='ocrx_word' id='word_1_906' title='bbox 2805 4631 3150 4683; x_wconf 70' lang='lat' dir='ltr'><strong>innocentiam.</strong></span> <span class='ocrx_word' id='word_1_907' title='bbox 3205 4629 3336 4698; x_wconf 86' lang='lat' dir='ltr'><strong>Quid</strong></span> <span class='ocrx_word' id='word_1_908' title='bbox 3373 4637 3461 4688; x_wconf 86' lang='lat' dir='ltr'><strong>tibi</strong></span> <span class='ocrx_word' id='word_1_909' title='bbox 3506 4639 3725 4704; x_wconf 74' lang='lat' dir='ltr'><strong>prodest</strong></span> 
     </span>
    </p>
   </div>
   <div class='ocr_carea' id='block_1_111' title="bbox 2161 4717 3721 4788">
    <p class='ocr_par' dir='ltr' id='par_1_111' title="bbox 2161 4717 3721 4788">
     <span class='ocr_line' id='line_1_111' title="bbox 2161 4717 3721 4788; baseline 0.008 -19"><span class='ocrx_word' id='word_1_910' title='bbox 2161 4717 2361 4771; x_wconf 88' lang='lat' dir='ltr'><strong>lucrmn</strong></span> <span class='ocrx_word' id='word_1_911' title='bbox 2407 4720 2539 4778; x_wconf 88' lang='lat' dir='ltr'><strong>auri,</strong></span> <span class='ocrx_word' id='word_1_912' title='bbox 2583 4720 2907 4788; x_wconf 44' lang='lat' dir='ltr'><strong>elqlznnnnm</strong></span> <span class='ocrx_word' id='word_1_913' title='bbox 2940 4723 3288 4777; x_wconf 67' lang='lat' dir='ltr'><strong>innocentim?</strong></span> <span class='ocrx_word' id='word_1_914' title='bbox 3335 4726 3536 4778; x_wconf 82' lang='lat' dir='ltr'><strong>Custodi</strong></span> <span class='ocrx_word' id='word_1_915' title='bbox 3577 4731 3721 4781; x_wconf 84' lang='lat' dir='ltr'><strong>inno-</strong></span> 
     </span>
    </p>
   </div>
   <div class='ocr_carea' id='block_1_112' title="bbox 2157 4811 3720 4884">
    <p class='ocr_par' dir='ltr' id='par_1_112' title="bbox 2157 4811 3720 4884">
     <span class='ocr_line' id='line_1_112' title="bbox 2157 4811 3720 4884; baseline 0.005 -20"><span class='ocrx_word' id='word_1_916' title='bbox 2157 4811 2387 4872; x_wconf 88' lang='lat' dir='ltr'><strong>centiam,</strong></span> <span class='ocrx_word' id='word_1_917' title='bbox 2435 4821 2478 4863; x_wconf 86' lang='lat' dir='ltr'><strong>et</strong></span> <span class='ocrx_word' id='word_1_918' title='bbox 2509 4812 2616 4863; x_wconf 79' lang='lat' dir='ltr'><strong>vide</strong></span> <span class='ocrx_word' id='word_1_919' title='bbox 2643 4812 2977 4865; x_wconf 78' lang='lat' dir='ltr'><strong>directionem.</strong></span> <span class='ocrx_word' id='word_1_920' title='bbox 3019 4815 3220 4868; x_wconf 77' lang='lat' dir='ltr'><strong>llabeto</strong></span> <span class='ocrx_word' id='word_1_921' title='bbox 3259 4819 3438 4870; x_wconf 89' lang='lat' dir='ltr'><strong>oculos</strong></span> <span class='ocrx_word' id='word_1_922' title='bbox 3466 4819 3720 4884; x_wconf 78' lang='lat' dir='ltr'><strong>directos,</strong></span> 
     </span>
    </p>
   </div>
   <div class='ocr_carea' id='block_1_113' title="bbox 2160 4902 3726 4976">
    <p class='ocr_par' dir='ltr' id='par_1_113' title="bbox 2160 4902 3726 4976">
     <span class='ocr_line' id='line_1_113' title="bbox 2160 4902 3726 4976; baseline 0.008 -23"><span class='ocrx_word' id='word_1_923' title='bbox 2160 4910 2214 4953; x_wconf 90' lang='lat' dir='ltr'><strong>ut</strong></span> <span class='ocrx_word' id='word_1_924' title='bbox 2262 4902 2438 4954; x_wconf 86' lang='lat' dir='ltr'><strong>videas</strong></span> <span class='ocrx_word' id='word_1_925' title='bbox 2492 4903 2868 4955; x_wconf 87' lang='lat' dir='ltr'><strong>directionem:</strong></span> <span class='ocrx_word' id='word_1_926' title='bbox 2913 4919 3012 4957; x_wconf 87' lang='lat' dir='ltr'><strong>non</strong></span> <span class='ocrx_word' id='word_1_927' title='bbox 3065 4919 3277 4972; x_wconf 80' lang='lat' dir='ltr'><strong>pravos,</strong></span> <span class='ocrx_word' id='word_1_928' title='bbox 3319 4911 3508 4976; x_wconf 85' lang='lat' dir='ltr'><strong>quilms</strong></span> <span class='ocrx_word' id='word_1_929' title='bbox 3552 4911 3726 4966; x_wconf 78' lang='lat' dir='ltr'><strong>malos</strong></span> 
     </span>
    </p>
   </div>
   <div class='ocr_carea' id='block_1_114' title="bbox 2160 4991 3725 5066">
    <p class='ocr_par' dir='ltr' id='par_1_114' title="bbox 2160 4991 3725 5066">
     <span class='ocr_line' id='line_1_114' title="bbox 2160 4991 3725 5066; baseline 0.008 -24"><span class='ocrx_word' id='word_1_930' title='bbox 2160 4991 2335 5054; x_wconf 87' lang='lat' dir='ltr'><strong>vides;</strong></span> <span class='ocrx_word' id='word_1_931' title='bbox 2365 5003 2416 5046; x_wconf 93' lang='lat' dir='ltr'><strong>ct</strong></span> <span class='ocrx_word' id='word_1_932' title='bbox 2443 4993 2711 5058; x_wconf 87' lang='lat' dir='ltr'><strong>distortos,</strong></span> <span class='ocrx_word' id='word_1_933' title='bbox 2736 4994 3056 5049; x_wconf 86' lang='lat' dir='ltr'><strong>utdistortns</strong></span> <span class='ocrx_word' id='word_1_934' title='bbox 3087 4998 3176 5051; x_wconf 89' lang='lat' dir='ltr'><strong>tibi</strong></span> <span class='ocrx_word' id='word_1_935' title='bbox 3196 5007 3247 5051; x_wconf 90' lang='lat' dir='ltr'><strong>et</strong></span> <span class='ocrx_word' id='word_1_936' title='bbox 3268 5016 3455 5066; x_wconf 85' lang='lat' dir='ltr'><strong>pravus</strong></span> <span class='ocrx_word' id='word_1_937' title='bbox 3483 5003 3725 5055; x_wconf 87' lang='lat' dir='ltr'><strong>videatur</strong></span> 
     </span>
    </p>
   </div>
   <div class='ocr_carea' id='block_1_115' title="bbox 2159 5083 3723 5157">
    <p class='ocr_par' dir='ltr' id='par_1_115' title="bbox 2159 5083 3723 5157">
     <span class='ocr_line' id='line_1_115' title="bbox 2159 5083 3723 5157; baseline 0.008 -22"><span class='ocrx_word' id='word_1_938' title='bbox 2159 5083 2315 5145; x_wconf 82' lang='lat' dir='ltr'><strong>Dens,</strong></span> <span class='ocrx_word' id='word_1_939' title='bbox 2344 5084 2460 5152; x_wconf 87' lang='lat' dir='ltr'><strong>quia</strong></span> <span class='ocrx_word' id='word_1_940' title='bbox 2491 5083 2624 5137; x_wconf 82' lang='lat' dir='ltr'><strong>favet</strong></span> <span class='ocrx_word' id='word_1_941' title='bbox 2664 5085 2854 5152; x_wconf 90' lang='lat' dir='ltr'><strong>impiis,</strong></span> <span class='ocrx_word' id='word_1_942' title='bbox 2903 5097 2954 5138; x_wconf 83' lang='lat' dir='ltr'><strong>et</strong></span> <span class='ocrx_word' id='word_1_943' title='bbox 2985 5090 3313 5157; x_wconf 81' lang='lat' dir='ltr'><strong>persequitur</strong></span> <span class='ocrx_word' id='word_1_944' title='bbox 3353 5092 3552 5145; x_wconf 81' lang='lat' dir='ltr'><strong>lideles.</strong></span> <span class='ocrx_word' id='word_1_945' title='bbox 3607 5094 3723 5147; x_wconf 79' lang='lat' dir='ltr'><strong>Non</strong></span> 
     </span>
    </p>
   </div>
   <div class='ocr_carea' id='block_1_116' title="bbox 2157 5173 3723 5250">
    <p class='ocr_par' dir='ltr' id='par_1_116' title="bbox 2157 5173 3723 5250">
     <span class='ocr_line' id='line_1_116' title="bbox 2157 5173 3723 5250; baseline 0.009 -25"><span class='ocrx_word' id='word_1_946' title='bbox 2157 5173 2302 5226; x_wconf 80' lang='lat' dir='ltr'><strong>vides</strong></span> <span class='ocrx_word' id='word_1_947' title='bbox 2326 5190 2478 5242; x_wconf 89' lang='lat' dir='ltr'><strong>quam</strong></span> <span class='ocrx_word' id='word_1_948' title='bbox 2510 5173 2784 5228; x_wconf 88' lang='lat' dir='ltr'><strong>distortum</strong></span> <span class='ocrx_word' id='word_1_949' title='bbox 2815 5178 2992 5232; x_wconf 86' lang='lat' dir='ltr'><strong>videas</strong></span> <span class='ocrx_word' id='word_1_950' title='bbox 3015 5181 3034 5232; x_wconf 64' lang='grc' dir='ltr'><strong>ἲ</strong></span> <span class='ocrx_word' id='word_1_951' title='bbox 3060 5181 3276 5250; x_wconf 70' lang='lat' dir='ltr'><strong>(Iorrige</strong></span> <span class='ocrx_word' id='word_1_952' title='bbox 3296 5185 3474 5238; x_wconf 83' lang='lat' dir='ltr'><strong>oeulos</strong></span> <span class='ocrx_word' id='word_1_953' title='bbox 3508 5195 3646 5250; x_wconf 84' lang='lat' dir='ltr'><strong>tuos,</strong></span> <span class='ocrx_word' id='word_1_954' title='bbox 3677 5199 3723 5238; x_wconf 76' lang='lat' dir='ltr'><strong>et</strong></span> 
     </span>
    </p>
   </div>
   <div class='ocr_carea' id='block_1_117' title="bbox 2156 5266 3726 5343">
    <p class='ocr_par' dir='ltr' id='par_1_117' title="bbox 2156 5266 3726 5343">
     <span class='ocr_line' id='line_1_117' title="bbox 2156 5266 3726 5343; baseline 0.009 -27"><span class='ocrx_word' id='word_1_955' title='bbox 2156 5267 2266 5318; x_wconf 87' lang='lat' dir='ltr'><strong>vide</strong></span> <span class='ocrx_word' id='word_1_956' title='bbox 2290 5266 2620 5318; x_wconf 73' lang='lat' dir='ltr'><strong>directionem.</strong></span> <span class='ocrx_word' id='word_1_957' title='bbox 2652 5268 2816 5333; x_wconf 85' lang='lat' dir='ltr'><strong>Quam</strong></span> <span class='ocrx_word' id='word_1_958' title='bbox 2847 5271 3184 5324; x_wconf 82' lang='lat' dir='ltr'><strong>directionem</strong></span> <span class='ocrx_word' id='word_1_959' title='bbox 3203 5277 3225 5323; x_wconf 68' lang='grc' dir='ltr'><strong>ζ’</strong></span> <span class='ocrx_word' id='word_1_960' title='bbox 3254 5273 3364 5325; x_wconf 80' lang='lat' dir='ltr'><strong>Noli</strong></span> <span class='ocrx_word' id='word_1_961' title='bbox 3394 5275 3456 5328; x_wconf 89' lang='lat' dir='ltr'><strong>ad</strong></span> <span class='ocrx_word' id='word_1_962' title='bbox 3489 5293 3726 5343; x_wconf 62' lang='lat' dir='ltr'><strong>prasen-</strong></span> 
     </span>
    </p>
   </div>
   <div class='ocr_carea' id='block_1_118' title="bbox 2159 5352 3725 5437">
    <p class='ocr_par' dir='ltr' id='par_1_118' title="bbox 2159 5352 3725 5437">
     <span class='ocr_line' id='line_1_118' title="bbox 2159 5352 3725 5437; baseline 0.01 -30"><span class='ocrx_word' id='word_1_963' title='bbox 2159 5352 2260 5407; x_wconf 70' lang='lat' dir='ltr'><strong>tia&quot;</strong></span> <span class='ocrx_word' id='word_1_964' title='bbox 2280 5355 2570 5410; x_wconf 86' lang='lat' dir='ltr'><strong>attendere.</strong></span> <span class='ocrx_word' id='word_1_965' title='bbox 2599 5356 2661 5409; x_wconf 82' lang='lat' dir='ltr'><strong>Et</strong></span> <span class='ocrx_word' id='word_1_966' title='bbox 2683 5357 2804 5426; x_wconf 87' lang='lat' dir='ltr'><strong>quid</strong></span> <span class='ocrx_word' id='word_1_967' title='bbox 2832 5360 3065 5413; x_wconf 78' lang='lat' dir='ltr'><strong>videbis?</strong></span> <span class='ocrx_word' id='word_1_968' title='bbox 3093 5363 3338 5425; x_wconf 73' lang='lat' dir='ltr'><strong>Quoniam</strong></span> <span class='ocrx_word' id='word_1_969' title='bbox 3360 5376 3470 5416; x_wconf 86' lang='lat' dir='ltr'><strong>sunt</strong></span> <span class='ocrx_word' id='word_1_970' title='bbox 3493 5368 3725 5437; x_wconf 71' lang='lat' dir='ltr'><strong>reliquid!</strong></span> 
     </span>
    </p>
   </div>
   <div class='ocr_carea' id='block_1_119' title="bbox 2223 5493 3722 5557">
    <p class='ocr_par' dir='ltr' id='par_1_119' title="bbox 2223 5493 3722 5557">
     <span class='ocr_line' id='line_1_119' title="bbox 2223 5493 3722 5557; baseline 0.011 -19"><span class='ocrx_word' id='word_1_971' title='bbox 2223 5493 2236 5522; x_wconf 80' lang='grc' dir='ltr'><strong>ι</strong></span> <span class='ocrx_word' id='word_1_972' title='bbox 2263 5499 2389 5557; x_wconf 78' lang='lat' dir='ltr'><strong>Unus</strong></span> <span class='ocrx_word' id='word_1_973' title='bbox 2412 5501 2488 5540; x_wconf 87' lang='lat' dir='ltr'><strong>aut</strong></span> <span class='ocrx_word' id='word_1_974' title='bbox 2515 5493 2647 5557; x_wconf 78' lang='lat' dir='ltr'><strong>alter</strong></span> <span class='ocrx_word' id='word_1_975' title='bbox 2684 5499 2786 5557; x_wconf 58' lang='lat'><strong>315.,</strong></span> <span class='ocrx_word' id='word_1_976' title='bbox 2818 5507 2926 5557; x_wconf 75' lang='lat' dir='ltr'><strong>eum</strong></span> <span class='ocrx_word' id='word_1_977' title='bbox 2959 5495 3156 5557; x_wconf 51' lang='lat' dir='ltr'><strong>perierit.</strong></span> <span class='ocrx_word' id='word_1_978' title='bbox 3191 5506 3330 5545; x_wconf 76' lang='lat' dir='ltr'><strong>Porro</strong></span> <span class='ocrx_word' id='word_1_979' title='bbox 3355 5501 3401 5546; x_wconf 75' lang='lat' dir='ltr'><strong>ia</strong></span> <span class='ocrx_word' id='word_1_980' title='bbox 3427 5508 3586 5551; x_wconf 64' lang='lat' dir='ltr'><strong>Graeco</strong></span> <span class='ocrx_word' id='word_1_981' title='bbox 3611 5511 3722 5554; x_wconf 72' lang='lat' dir='ltr'><strong>l.\X</strong></span> 
     </span>
    </p>
   </div>
   <div class='ocr_carea' id='block_1_120' title="bbox 2159 5553 2854 5604">
    <p class='ocr_par' dir='ltr' id='par_1_120' title="bbox 2159 5553 2854 5604">
     <span class='ocr_line' id='line_1_120' title="bbox 2159 5553 2854 5604; baseline -0.001 -1"><span class='ocrx_word' id='word_1_982' title='bbox 2159 5561 2251 5604; x_wconf 84' lang='lat' dir='ltr'><strong>est.</strong></span> <span class='ocrx_word' id='word_1_983' title='bbox 2273 5567 2330 5602; x_wconf 76' lang='lat' dir='ltr'><strong>ett</strong></span> <span class='ocrx_word' id='word_1_984' title='bbox 2347 5554 2392 5601; x_wconf 81' lang='grc' dir='ltr'><em>ιό</em></span> <span class='ocrx_word' id='word_1_985' title='bbox 2413 5553 2854 5602; x_wconf 70' lang='lat' dir='ltr'><strong>exolethrcuesthni.</strong></span> 
     </span>
    </p>
   </div>
   <div class='ocr_carea' id='block_1_121' title="bbox 2219 5616 3593 5680">
    <p class='ocr_par' dir='ltr' id='par_1_121' title="bbox 2219 5616 3593 5680">
     <span class='ocr_line' id='line_1_121' title="bbox 2219 5616 3593 5680; baseline 0.009 -19"><span class='ocrx_word' id='word_1_986' title='bbox 2219 5617 2238 5680; x_wconf 67' lang='grc' dir='ltr'><strong>ξ</strong></span> <span class='ocrx_word' id='word_1_987' title='bbox 2263 5622 2332 5680; x_wconf 66' lang='lat' dir='ltr'><strong>Er,</strong></span> <span class='ocrx_word' id='word_1_988' title='bbox 2357 5623 2408 5664; x_wconf 88' lang='lat' dir='ltr'><strong>et</strong></span> <span class='ocrx_word' id='word_1_989' title='bbox 2429 5616 2592 5677; x_wconf 86' lang='lat' dir='ltr'><strong>plures</strong></span> <span class='ocrx_word' id='word_1_990' title='bbox 2613 5623 2715 5680; x_wconf 81' lang='lat' dir='ltr'><strong>Mss.</strong></span> <span class='ocrx_word' id='word_1_991' title='bbox 2732 5652 2749 5673; x_wconf 86' lang='lat'><strong>,</strong></span> <span class='ocrx_word' id='word_1_992' title='bbox 2766 5617 3054 5680; x_wconf 75' lang='lat' dir='ltr'><strong>delecthtnr</strong></span> <span class='ocrx_word' id='word_1_993' title='bbox 3077 5618 3298 5678; x_wconf 71' lang='lat' dir='ltr'><strong>{altritate</strong></span> <span class='ocrx_word' id='word_1_994' title='bbox 3319 5619 3593 5680; x_wconf 73' lang='lat' dir='ltr'><strong>iiiipiormn.</strong></span> 
     </span>
    </p>
   </div>
   <div class='ocr_carea' id='block_1_122' title="bbox 2220 5675 3406 5744">
    <p class='ocr_par' dir='ltr' id='par_1_122' title="bbox 2220 5675 3406 5744">
     <span class='ocr_line' id='line_1_122' title="bbox 2220 5675 3406 5744; baseline 0.004 -19"><span class='ocrx_word' id='word_1_995' title='bbox 2220 5676 2241 5744; x_wconf 64' lang='grc' dir='ltr'><em>ξ</em></span> <span class='ocrx_word' id='word_1_996' title='bbox 2266 5675 2447 5744; x_wconf 79' lang='lat' dir='ltr'><strong>Aliquot</strong></span> <span class='ocrx_word' id='word_1_997' title='bbox 2469 5684 2592 5734; x_wconf 75' lang='lat' dir='ltr'><strong>Mss,</strong></span> <span class='ocrx_word' id='word_1_998' title='bbox 2614 5676 2697 5724; x_wconf 86' lang='lat' dir='ltr'><strong>sed</strong></span> <span class='ocrx_word' id='word_1_999' title='bbox 2721 5675 2872 5744; x_wconf 76' lang='lat' dir='ltr'><strong>transi</strong></span> <span class='ocrx_word' id='word_1_1000' title='bbox 2892 5685 2937 5727; x_wconf 81' lang='lat' dir='ltr'><strong>et</strong></span> <span class='ocrx_word' id='word_1_1001' title='bbox 2958 5686 3025 5738; x_wconf 85' lang='lat' dir='ltr'><strong>tu,</strong></span> <span class='ocrx_word' id='word_1_1002' title='bbox 3050 5675 3100 5728; x_wconf 82' lang='lat' dir='ltr'><strong>ut</strong></span> <span class='ocrx_word' id='word_1_1003' title='bbox 3123 5681 3287 5744; x_wconf 73' lang='lat' dir='ltr'><strong>possis,</strong></span> <span class='ocrx_word' id='word_1_1004' title='bbox 3314 5675 3406 5744; x_wconf 68' lang='grc' dir='ltr'>ιιιιξ.</span> 
     </span>
    </p>
   </div>
   <div class='ocr_carea' id='block_1_123' title="bbox 2220 5737 2915 5798">
    <p class='ocr_par' dir='ltr' id='par_1_123' title="bbox 2220 5737 2915 5798">
     <span class='ocr_line' id='line_1_123' title="bbox 2220 5737 2915 5798; baseline 0 -10"><span class='ocrx_word' id='word_1_1005' title='bbox 2220 5737 2243 5768; x_wconf 75' lang='grc'><strong><em>⁵</em></strong></span> <span class='ocrx_word' id='word_1_1006' title='bbox 2267 5738 2429 5788; x_wconf 79' lang='lat' dir='ltr'><strong>Plures</strong></span> <span class='ocrx_word' id='word_1_1007' title='bbox 2451 5747 2572 5798; x_wconf 63' lang='grc' dir='ltr'><strong>ἤιξε..</strong></span> <span class='ocrx_word' id='word_1_1008' title='bbox 2595 5740 2915 5798; x_wconf 78' lang='lat' dir='ltr'><strong>prtesemiam.</strong></span> 
     </span>
    </p>
   </div>
  </div>
