1986 3099
677 69 696 88 Δ

80 171 134 200 3‘33

82 228 177 256 homini
192 228 307 262 paciﬁca.
319 226 388 261 Quid
399 230 451 259 est,
465 229 521 253 sunt
532 224 661 257 reliquus-.7
673 223 738 251 Cum
750 226 870 249 mortuus

83 275 174 306 lueris,
201 282 252 300 tton
277 273 330 300 eris
356 277 497 299 mortuus:
519 271 568 296 hoc
591 275 649 301 est,
672 274 729 295 sunt
748 268 870 309 reliquiw.

84 320 139 347 [irit
155 319 191 346 illi
214 318 310 353 aliquid
334 322 361 345 et
381 322 439 351 post
455 316 521 342 Itane
546 316 642 344 vitam;
660 314 709 340 hoc
732 318 782 345 est,
809 312 871 338 illud

84 374 173 393 semen
201 364 270 399 qttod
296 365 321 390 in
344 363 525 390 benedictione
548 361 608 388 erit.
636 360 709 387 Unde
735 359 871 388 Dominus,

85 410 132 444 Qui
145 410 222 437 credit
236 410 261 435 ir:
276 417 324 440 mc,
340 408 434 442 inquit,
451 408 506 433 licet
518 406 650 436 moriatur,
663 405 722 431 vivet
735 404 822 440 (toan.
835 412 870 434 χι,

83 455 126 490 '25)
147 464 152 481 :
169 455 294 488 Quoniam
307 459 363 480 sunt
377 453 488 485 reliquiw
503 452 596 478 homini
609 451 724 486 paciﬁca.

118 502 166 528 16.
183 501 258 537 [υθιέ.
276 501 308 527 38
322 499 332 536 ]
349 499 441 533 lniusti
456 503 536 525 (nitent
557 498 693 532 disprrient
714 497 739 522 in
752 496 871 530 idipsttnt.

83 546 153 579 Quid
167 551 222 578 est,
240 546 265 572 iu
283 546 410 579 idipsum?
425 544 451 571 ln
473 544 679 578 sempiternum;
703 542 742 568 vel
756 563 763 574 ,
780 548 874 567 omnes

85 592 165 618 simul
184 592 210 618 in
233 599 324 617 unuut.
348 590 468 624 Ilcliqttiw
490 590 625 624 impiorum
644 588 787 614 interibunt.
808 586 875 613 Sunt

85 642 173 663 autem
196 637 313 670 reliquia:
334 636 432 662 houtini
456 635 564 669 paciﬁco
578 644 583 661 :
598 642 660 668 ergo
675 633 719 668 qui
736 640 787 659 non
813 636 875 658 sunt.

86 683 197 717 pacilici,
213 682 285 716 impii
301 686 371 709 sunt.
388 682 459 708 Beati
476 681 545 707 ettint
561 680 659 715 pacitici
674 701 681 712 ,
696 680 756 713 quia
769 679 817 712 ipsi
829 678 873 704 lilii

88 729 131 755 Dei
146 729 308 755 vocabuntur
320 727 423 762 (Matth.
441 735 464 756 v,
480 726 520 760 9).

122 774 165 801 17.
183 772 260 809 [vers.
275 772 318 805 59,
334 771 390 806 40.]
407 772 483 798 Salus
494 772 712 805 autcmjttstormn
726 778 741 796 τι
756 769 872 801 Domino,

90 826 111 846 ct
129 824 248 853 protector
262 828 348 845 eorum
362 824 397 845 est
412 819 437 844 in
455 823 563 852 tempore
584 816 752 843 tribulationis
767 824 775 842 :
789 821 810 842 et
825 816 874 841 ad-

90 865 182 899 iuvabit
192 873 232 891 eos
246 864 379 895 Dominus,
393 868 414 890 et
425 868 493 890 eruet
507 871 557 893 eos,
579 867 601 889 et
612 863 700 888 eximet
711 870 751 888 eos
762 870 777 887 (ι
788 869 875 895 pecca-

91 910 191 944 toribus.
204 910 330 937 Tolerent
353 917 415 944 ergo
439 908 517 935 modo
539 912 690 942 peccatores
711 907 791 942 justi,
807 907 875 933 tole-

92 961 149 983 rent
160 955 289 983 frumenta
303 955 403 982 zizania
416 976 423 985 ,
443 955 537 981 toleret
551 954 663 980 triticutn
679 953 798 988 paleam;
814 952 875 987 quia

90 1004 176 1030 veniet
191 1007 293 1037 tempus
312 1001 485 1036 separationis
497 1022 504 1033 ,
520 1006 545 1027 et
565 1000 697 1027 eximelur
715 1007 805 1026 setnen
826 999 875 1024 bo-

89 1057 150 1075 num
168 1048 201 1075 ab
215 1054 247 1075 eo
262 1047 331 1082 quod
354 1047 406 1081 igni
423 1050 612 1073 consumetur:
630 1045 693 1071 illud
712 1045 736 1071 in
750 1044 874 1071 horreum

90 1095 219 1125 mittetur,
238 1093 301 1119 illud
316 1098 403 1119 autetn
434 1092 458 1118 itt
478 1096 602 1118 :eternam
626 1089 874 1124 conflagrationem;

89 1139 149 1173 quia
172 1138 232 1165 ideo
251 1138 329 1165 simul
347 1138 452 1164 fuerttut
466 1137 549 1171 primo
564 1136 650 1171 justus
665 1141 691 1162 et
706 1136 816 1169 iniustus
826 1156 833 1167 ,
849 1140 877 1161 ut

89 1186 132 1212 ille
149 1184 330 1219 supplantarct
342 1184 361 1216 ¹,
378 1184 421 1210 ille
432 1183 600 1218 probaretur;
619 1187 708 1217 postea
725 1187 812 1208 autem
834 1182 876 1207 ille

89 1230 268 1260 damnaretur,
283 1229 326 1256 ille
337 1233 520 1255 coronaretur.

123 1276 167 1304 18.
190 1277 244 1303 Deo
264 1276 380 1310 gratias,
398 1275 508 1307 fratres,
526 1274 689 1301 reddidimus
709 1273 827 1301 debitum
851 1273 875 1300 in

91 1323 196 1349 nomine
219 1321 338 1354 Christi;
353 1321 399 1348 sed
420 1329 469 1348 nos
488 1321 602 1348 cltaritas
623 1320 754 1347 debitores
772 1327 877 1355 semper

91 1372 163 1396 tenet
179 1369 201 1394 ³.
218 1367 264 1394 llla
280 1368 350 1395 ettim
365 1375 414 1394 una
428 1372 479 1398 est,
498 1374 556 1401 qua:
570 1371 596 1393 et
613 1366 634 1392 si
650 1366 765 1400 quotidie
788 1365 876 1392 reddi-

91 1419 142 1446 tur,
157 1420 263 1448 semper
277 1413 397 1440 debetur.
422 1412 502 1439 Multa
520 1412 633 1438 diximus
648 1411 776 1437 adversus
792 1411 878 1437 Dona-

93 1461 174 1493 tistas,
191 1460 274 1487 multa
286 1459 360 1486 vobis
370 1459 550 1489 recitat-intus,
562 1458 657 1484 multas
668 1457 782 1489 chartas,
795 1457 878 1483 multa

92 1512 185 1539 przeter
198 1513 329 1533 canonem
343 1505 548 1539 Scripturarutn,
565 1504 615 1530 illis
630 1503 795 1538 cogentibus.
811 1503 876 1530 Nam

93 1556 117 1578 et
129 1551 150 1578 si
163 1550 362 1585 reprehendent
375 1551 441 1583 hmc,
454 1550 513 1585 quia
528 1550 602 1576 vobis
613 1550 673 1576 talia
687 1549 798 1583 legimus
811 1558 818 1582 ;
831 1556 879 1576 nos

93 1597 336 1633 reprehendamur,
362 1596 423 1623 dum
451 1603 497 1622 vos
526 1595 703 1622 instruamini.
735 1595 879 1622 Possumus

91 1644 160 1670 cnim
173 1644 212 1670 eis
227 1647 254 1669 et
276 1643 303 1669 in
322 1642 371 1668 ltac
385 1646 458 1677 parte
472 1642 509 1668 sic
522 1641 682 1675 respondere
696 1650 702 1668 :
717 1640 810 1667 Factus
824 1650 880 1668 sum

92 1688 225 1723 insipiens,
241 1695 284 1715 vos
306 1696 344 1714 me
361 1688 475 1722 coegistis
501 1687 534 1721 (ll
551 1686 666 1717 Conxu,
686 1687 741 1721 11).
765 1686 878 1719 Tamen,

93 1733 197 1765 fratres,
207 1737 270 1760 ante
285 1732 372 1760 omnia
388 1732 518 1759 custodite
530 1732 540 1746 ³
553 1731 732 1758 Ιιαξπριιίιιιιθιιι
752 1737 879 1765 nostram,

93 1778 124 1806 de
135 1787 187 1814 qua
199 1778 288 1806 securi
311 1785 402 1805 sumus
420 1784 468 1804 nos
485 1777 510 1804 in
524 1777 683 1804 testamento
698 1777 783 1804 Patris
798 1778 880 1804 nostri

96 1833 171 1853 esse:
189 1833 242 1852 non
263 1826 288 1851 itt
302 1825 387 1859 aliqua
403 1824 492 1850 charta
515 1824 605 1850 frivola
627 1824 737 1858 alicujus
754 1824 882 1857 hominis,

96 1870 138 1898 sed
153 1871 180 1898 in
203 1874 361 1897 testamento
382 1869 469 1896 Patris
486 1870 579 1896 nostri.
595 1869 658 1896 Inde
671 1870 756 1896 securi
773 1877 879 1901 smnus;

98 1917 153 1950 quia
168 1916 214 1951 qui
236 1915 298 1942 fecit
322 1919 528 1947 testamentum,
550 1915 630 1941 vivit:
647 1915 690 1949 qui
714 1915 775 1941 fecit
799 1920 880 1941 testa-

97 1967 211 1989 metttnm
238 1961 335 1989 ltzeredi
361 1969 419 1993 suo,
448 1961 503 1995 ipse
525 1961 651 1995 judicabit
672 1961 704 1987 de
726 1965 882 1987 testamento

96 2015 151 2033 suo.
169 2008 200 2042 In.
210 2007 289 2035 rebus
301 2007 422 2034 Inmunis
433 2007 500 2033 alius
511 2011 550 2032 est
565 2011 675 2032 testator
685 2026 691 2037 ,
709 2006 774 2031 alius
784 2005 860 2039 index
874 2014 880 2030 τ

96 2058 121 2079 et
132 2058 220 2080 tamen
232 2053 277 2088 qui
292 2057 364 2080 tenet
379 2057 575 2083 testamentum,
591 2051 669 2077 vincit
684 2050 753 2084 apud
765 2050 881 2085 judicent

97 2099 220 2130 alterum,
236 2106 288 2124 non
301 2097 370 2131 apud
383 2098 495 2124 alterunt
512 2096 627 2131 judicetn
644 2101 786 2122 mortuum.
799 2096 881 2128 Quam

95 2152 157 2179 ergo
179 2151 271 2171 secura
294 2148 335 2170 est
360 2148 447 2170 nostra
475 2143 592 2174 victoria,
616 2150 674 2169 cum
695 2142 739 2168 ille
755 2142 883 2175 jndicabit

96 2190 138 2223 qui
155 2193 267 2216 testatus
278 2189 322 2215 'eSt
339 2190 345 2214 l
361 2188 410 2215 etsi
432 2188 501 2214 enim
522 2192 641 2213 utortuus
665 2192 705 2214 est
718 2187 839 2214 Christus
850 2187 883 2213 ad

95 2239 211 2268 tempus,
225 2233 269 2260 sed
282 2234 336 2268 jam
351 2233 414 2259 vivit
430 2233 455 2259 in
472 2238 599 2259 :cternunt
611 2237 631 2258 ³.

133 2279 177 2307 19.
194 2279 347 2313 Loquantur
359 2287 422 2312 ergo
437 2278 563 2305 adversus
577 2286 624 2304 nos
638 2277 761 2312 quidquid
775 2278 882 2304 volunt:

93 2334 144 2352 nos
157 2325 298 2359 diligamus
321 2325 379 2351 illos
400 2329 427 2351 et
441 2325 571 2351 nolentes.
589 2324 713 2351 Novitnus
728 2325 796 2351 enim
809 2345 815 2356 ,
831 2325 884 2350 fra-

91 2379 151 2398 tres
161 2391 170 2403 ,
195 2369 317 2397 novimus
339 2370 440 2405 linguas
459 2378 549 2396 eornnt
562 2379 567 2396 :
583 2374 688 2404 propter
703 2378 767 2404 quas
780 2371 819 2397 eis
833 2378 884 2397 ttmt

90 2419 243 2443 irascantur
255 2436 262 2446 ,
278 2415 408 2449 patienter
422 2415 488 2441 ferte
502 2416 648 2441 uobiscum.
664 2414 760 2441 Videttt
774 2415 843 2442 eniut
859 2416 884 2441 ιιι

90 2470 177 2487 ransa
190 2468 218 2487 se
234 2460 298 2486 nihil
315 2459 412 2487 habere
426 2482 432 2491 ,
447 2465 473 2486 et
488 2461 589 2494 linguas
605 2464 762 2487 convertunt
785 2461 809 2487 in
826 2468 883 2491 nos,

88 2512 119 2533 et
134 2507 264 2541 incipiunt
279 2506 313 2533 de
329 2506 405 2533 nobis
420 2506 509 2533 dicere
525 2506 603 2538 mala,
617 2507 697 2533 multa
711 2515 769 2541 qua:
781 2507 883 2539 sciunt,

87 2554 182 2580 multa
203 2559 262 2587 qua:
280 2552 411 2580 nesciunt.
434 2552 497 2586 Qua:
520 2552 623 2584 sciunt,
638 2552 771 2586 prteterita
796 2556 885 2579 nostra

88 2604 158 2626 sunt
176 2607 183 2624 :
198 2598 295 2625 fuimus
310 2600 381 2625 enim
401 2598 540 2633 aliquando
551 2619 557 2629 ,
574 2599 642 2625 sicut
655 2598 719 2625 dicit
731 2599 884 2633 Apostolus,

88 2644 170 2672 stulti
192 2649 218 2671 et
233 2643 380 2675 increduli,
396 2647 422 2670 et
435 2643 466 2669 ad
486 2650 563 2670 omne
585 2651 651 2677 opus
669 2644 766 2671 bonum
782 2644 885 2677 reprobi

89 2691 163 2723 (Tit.
181 2698 218 2721 tu,
233 2690 272 2719 25).
289 2689 316 2716 In
327 2697 420 2716 errore
439 2696 563 2723 perverso
584 2689 744 2723 desipientes
766 2695 791 2716 et
818 2690 886 2716 insa-

126 2749 133 2763 ι
151 2750 176 2770 In
189 2746 300 2770 omnibus
313 2752 387 2776 pmpe
398 2749 459 2773 “$5.,
468 2743 670 2775 supplantaretur.

123 2779 134 2793 ²
147 2780 247 2807 septem
261 2775 321 2805 Mss,
331 2775 503 2807 nosrcharitrttis
516 2775 631 2807 debitores
642 2783 733 2805 semper
745 2780 829 2801 tenete.

125 2810 134 2823 ³
150 2806 246 2838 Aliquot
325 2825 331 2836 ,
344 2806 426 2831 scitote
435 2806 607 2834 ltwreditatem,
618 2811 679 2838 rete;
693 2807 812 2838 pauloque
826 2812 886 2838 post,

84 2837 208 2871 plerique
216 2838 306 2862 omisso
318 2843 369 2867 nos,
381 2838 470 2861 habent
480 2838 515 2861 sie
528 2844 532 2860 :
543 2837 622 2862 securi
632 2844 711 2862 storms
727 2839 752 2863 in
763 2837 886 2863 tostaitu‘u-

84 2875 198 2924 η’δθέῖὶὶι
212 2919 219 2926 ,
231 2898 287 2923 cit-it
297 2899 320 2923 in
332 2902 454 2923 (rm-num.
468 2899 549 2927 Abest,
559 2898 583 2930 in
595 2902 709 2924 mtcrnnm
716 2919 722 2932 ,
736 2907 749 2924 τι
760 2904 812 2924 uss.

256 2939 391 2969 Panos.
409 2940 553 2971 XXXVI.

622 163 819 193 ENARRATIO
833 162 866 190 ΙΝ
885 161 1046 192 PSALMUM
1060 161 1180 191 XXXVI.

1658 160 1710 190 ὅθι

927 221 1030 248 nientes
1049 220 1145 247 fuimus
1157 239 1164 251 ,
1177 226 1228 246 non
1244 225 1383 254 negamus:
1400 222 1425 245 et
1447 223 1574 253 quantum
1599 224 1712 254 ιιι-ωειδν-

927 266 991 292 ituut
1010 270 1128 292 nostrum
1140 273 1192 291 non
1212 271 1357 299 negamus.
1374 269 1447 290 tanto
1469 265 1552 298 magis
1568 264 1650 292 Deum
1668 266 1713 300 qui

927 312 1003 338 nobis
1017 311 1124 346 ignovit,
1142 310 1289 337 laudamus.
1304 309 1371 343 Quid
1384 317 1457 345 ergo,
1472 309 1595 337 Itan-elice
1605 331 1612 341 .
1624 310 1713 337 dimit.

927 357 960 384 tis
972 364 1079 383 causam
1090 376 1097 387 ,
1114 360 1140 383 et
1153 356 1174 383 is
1187 355 1220 383 ad
1237 355 1370 382 hominem
1381 355 1392 381 ?
1405 355 1473 388 Quid
1488 356 1558 382 enim
1573 363 1621 391 ego
1637 357 1715 382 sunt?

926 403 988 437 quid
1010 402 1087 429 sum?
1110 401 1240 436 Numquid
1259 400 1395 429 Catholica
1415 409 1465 436 ego
1486 401 1565 428 sum?
1587 402 1715 436 numquid

927 448 1068 474 Increditas
1086 447 1184 474 Christi
1200 446 1295 474 diffusa
1315 454 1362 481 per
1373 451 1467 482 gentes
1482 455 1531 482 ego
1544 448 1622 474 sum?
1633 447 1715 475 Sulli-

927 494 963 522 cit
975 494 1038 521 mihi
1054 499 1083 520 ut
1099 494 1124 520 in
1140 494 1246 521 easim.
1264 493 1403 528 Vituperas
1415 494 1482 520 mala
1498 501 1554 521 mea
1567 495 1710 529 praeterita,

927 539 989 574 quid
1010 547 1134 573 magnum
1151 538 1233 565 facis?
1253 538 1377 566 Severior
1392 546 1449 566 sum
1464 546 1513 574 ego
1533 540 1558 566 in
1574 540 1640 567 mala
1655 548 1714 568 utea

928 593 1006 619 quant
1023 591 1049 611 tu
1062 594 1068 611 :
1085 584 1155 619 quod
1169 591 1196 611 tu
1208 585 1360 620 vituperasti
1371 605 1378 617 ,
1395 592 1445 620 ego
1459 585 1592 613 damnavi.
1607 582 1713 614 Utinam

927 631 1011 658 velles
1026 631 1139 664 imitari,
1154 635 1182 658 ut
1196 636 1222 658 et
1234 639 1309 658 error
1322 636 1381 658 tuus
1396 631 1474 659 ﬁeret
1490 632 1634 667 aliquando
1647 641 1715 668 prm-

928 677 1040 704 teritus!
1069 676 1120 704 Ista
1143 681 1205 704 sunt
1225 677 1292 704 ntala
1314 677 1466 711 praeterita,
1489 686 1549 713 qua:
1568 685 1712 712 noverunt,

929 723 1043 750 maxime
1055 723 1081 749 in
1101 723 1149 749 ista
1168 723 1284 750 civitate.
1302 723 1349 750 Hic
1362 724 1433 751 enim
1455 724 1523 751 male
1535 725 1649 752 viximus
1664 726 1713 761 (α),

928 768 997 803 quod
1020 775 1071 803 ego
1088 768 1236 795 c0nliteor:
1259 773 1286 795 et
1306 773 1432 803 quantum
1455 770 1556 805 gaudeo
1574 771 1608 798 de
1633 773 1715 806 gratia

929 814 986 845 Dei,
1001 818 1102 840 tatttunt
1115 813 1149 841 de
1162 814 1229 841 meis
1240 815 1381 848 praeteritis
1393 815 1412 847 ‘,
1424 815 1489 850 quid
1503 816 1609 844 dicam?
1621 817 1716 845 Doleo!

930 859 1064 893 Dolorem,
1079 860 1100 887 si
1116 859 1201 888 adhuc
1216 867 1313 887 essem.
1328 860 1380 888 Sed
1395 861 1457 895 quid
1472 862 1577 889 dicant?
1589 863 1716 892 Gaudeo?

928 904 984 932 Nec
1007 904 1057 932 hoc
1084 912 1191 939 possum
1216 905 1305 932 dicere
1331 914 1338 932 ε
1361 906 1459 933 utinam
1485 908 1555 935 enim
1583 917 1716 944 nunquam

930 950 1037 978 luissem
1050 951 1056 978 !
1071 950 1200 985 Quidquid
1215 955 1302 978 tamen
1317 951 1363 983 fui,
1381 952 1405 978 in
1418 953 1524 980 nomine
1536 953 1634 982 Christi
1649 964 1716 991 pra:-

930 996 1036 1023 tcritum
1054 1000 1095 1024 est
1123 997 1198 1030 Quod
1223 1004 1310 1024 autem
1333 997 1412 1025 modo
1433 1000 1646 1033 reprehendunt,
1663 1011 1715 1030 non

930 1047 1036 1069 norunt.
1059 1042 1126 1070 Sunt
1139 1051 1198 1078 qua:
1212 1044 1298 1071 adhuc
1319 1044 1343 1071 in
1359 1052 1402 1072 me
1417 1046 1612 1080 reprehendant
1624 1050 1634 1065 ¹
1650 1059 1656 1076 :
1669 1051 1716 1077 sed

931 1091 1017 1114 tamen
1040 1089 1151 1116 multum
1170 1095 1211 1117 est
1227 1090 1259 1117 ad
1284 1090 1342 1118 illos
1359 1095 1388 1119 ut
1407 1092 1463 1119 haec
1484 1094 1614 1122 neverint.
1637 1095 1716 1124 Multa

930 1141 980 1168 ago
991 1135 1000 1149 ³
1014 1134 1040 1161 in
1064 1135 1268 1169 cogitationibus
1283 1136 1349 1164 meis
1361 1158 1368 1168 ,
1384 1144 1503 1172 pugnans
1517 1139 1645 1168 adversus
1658 1150 1717 1168 ma-

931 1180 970 1207 las
992 1181 1175 1215 suggestiones
1197 1190 1286 1215 nteas,
1302 1188 1329 1209 et
1350 1182 1449 1211 habens
1472 1185 1693 1215 conflictationem
1707 1189 1718 1203 ⁸

930 1224 1082 1252 diuturnam
1093 1246 1100 1258 ,
1120 1231 1147 1253 et
1162 1234 1243 1261 prope
1255 1227 1407 1256 continuam
1419 1229 1429 1244 ⁸
1442 1237 1502 1257 cum
1527 1232 1717 1260 tentationibus

931 1270 1030 1298 inimici
1049 1272 1204 1300 subvertere
1226 1280 1269 1300 me
1287 1273 1408 1301 volentis.
1429 1274 1513 1303 Gento
1534 1277 1566 1304 ad
1586 1277 1667 1305 Deum
1691 1286 1718 1306 tn
1745 1277 1750 1281 ’

932 1316 1084 1344 infirmitate
1104 1322 1220 1349 mea;e:
1238 1319 1311 1345 novit
1328 1319 1390 1354 quid
1410 1321 1522 1354 parturit
1543 1329 1589 1349 cor
1610 1330 1716 1356 meum,

932 1361 996 1390 ille'
1008 1362 1052 1397 qui
1064 1363 1136 1389 novit
1156 1368 1259 1398 partum
1282 1372 1381 1393 meum.
1405 1364 1470 1392 Mihi
1484 1372 1567 1394 autem
1587 1368 1718 1396 minimum

932 1414 979 1442 est,
999 1404 1026 1436 ut
1038 1418 1054 1435 α
1070 1409 1137 1436 vobis
1151 1410 1276 1446 dijudicer
1288 1431 1296 1444 ,
1310 1417 1353 1438 aut
1370 1412 1400 1439 ab
1412 1413 1522 1441 humano
1531 1415 1582 1448 die,
1596 1416 1633 1443 ait
1647 1417 1718 1451 Apo-

932 1456 1015 1483 stolus
1028 1464 1035 1488 ;
1049 1456 1093 1483 sed
1110 1465 1187 1491 neque
1198 1465 1244 1492 ego
1263 1458 1385 1493 meipsum
1400 1459 1488 1494 judico
1512 1460 1532 1495 (l
1542 1460 1602 1490 Cor.
1616 1470 1652 1496 Iv,
1667 1463 1695 1497 3)
1711 1473 1717 1489 :

933 1501 1029 1529 melius
1048 1503 1119 1530 enim
1133 1510 1175 1529 me
1190 1510 1239 1537 ego
1255 1504 1314 1530 novi
1328 1512 1406 1538 quam
1419 1505 1465 1537 illi,
1480 1506 1526 1536 sed
1541 1508 1636 1535 melius
1651 1509 1720 1538 Deus

933 1555 1011 1582 quam
1033 1555 1092 1583 ego.
1115 1547 1173 1575 Non
1189 1556 1253 1583 ergo
1266 1549 1341 1576 vobis
1364 1550 1490 1578 insultent
1502 1551 1535 1581 de
1557 1553 1649 1587 nobis,
1666 1562 1719 1582 non

934 1593 1012 1621 faciat
1026 1593 1156 1623 Christus.
1186 1595 1281 1622 Dicunt
1300 1596 1370 1623 enim
1383 1617 1390 1628 ,
1407 1597 1493 1632 thui
1512 1600 1595 1626 sunt?
1609 1605 1637 1628 et
1649 1601 1720 1629 unde

933 1639 1014 1667 sunt?
1028 1640 1111 1667 malos
1126 1640 1167 1668 ltic
1179 1640 1238 1668 illos
1252 1642 1384 1675 novimus,
1399 1643 1441 1669 ubi
1458 1643 1581 1678 baptizati
1597 1646 1679 1673 sunt?
1691 1647 1720 1673 Si

935 1692 984 1713 nos
1003 1685 1070 1713 bene
1090 1691 1238 1718 noverunt,
1253 1686 1344 1714 sciunt
1357 1688 1415 1722 quia
1431 1693 1458 1715 et
1475 1690 1656 1725 navigavimus
1669 1692 1721 1719 ali-

934 1731 1058 1766 quando;
1074 1732 1160 1759 sciunt
1172 1733 1232 1767 quia
1241 1738 1268 1760 et
1278 1735 1436 1769 peregrinati
1445 1743 1537 1763 sumus
1546 1744 1553 1769 ;
1563 1737 1651 1765 sciunt
1659 1739 1721 1773 quin

934 1778 978 1805 alii
995 1779 1099 1811 ivimus,
1115 1784 1142 1806 et
1153 1779 1198 1805 alii
1218 1779 1370 1807 redivintus.
1390 1780 1446 1807 Non
1470 1781 1512 1808 hic
1535 1782 1658 1818 baptizati
1673 1792 1721 1811 su-

935 1831 993 1851 mus
1006 1833 1013 1851 :
1025 1824 1071 1851 sed
1093 1824 1135 1851 tibi
1152 1824 1274 1858 baptizati
1293 1832 1384 1852 sumus
1397 1825 1435 1861 (I7)
1447 1846 1454 1856 ,
1471 1826 1589 1854 Ecclesia
1604 1834 1644 1855 est
1658 1835 1720 1857 nota

935 1869 1059 1896 universo
1073 1869 1129 1896 orbi
1145 1873 1285 1896 terrarum.
1303 1870 1336 1897 Et.
1350 1871 1424 1897 multi
1440 1870 1534 1899 fratres
1548 1874 1629 1901 nostri
1642 1880 1721 1908 sunt,

936 1915 978 1949 qui
992 1919 1019 1941 et
1033 1919 1129 1941 norunt
1143 1915 1203 1949 quia
1220 1915 1343 1950 baptitati
1359 1924 1462 1948 sumus.
1476 1922 1504 1945 et
1517 1919 1657 1948 nobiscum
1674 1921 1722 1949 ba-

937 1959 1025 1992 ptizati
1040 1965 1111 1986 sunt.
1137 1960 1226 1987 Facile
1241 1965 1359 1996 estergo
1378 1961 1429 1989 ltoc
1445 1970 1523 1991 nosse
1537 1983 1544 1997 ,
1557 1965 1579 1992 si
1593 1965 1653 2000 quis
1667 1966 1724 1995 fra-

937 2012 1006 2033 trua.
1022 2010 1063 2033 est
1077 2005 1137 2033 inde
1160 2006 1299 2034 sollicitus.
1316 2007 1375 2035 Istis
1391 2013 1479 2036 autem
1495 2010 1655 2040 satisfacturi
1680 2021 1724 2040 sn-

937 2058 1040 2084 tnns,ct
1055 2052 1263 2080 demonstraturi
1277 2054 1374 2088 aliquid
1383 2054 1416 2082 de
1425 2056 1574 2084 testimonio
1586 2057 1724 2092 Ecclesia,

937 2100 979 2127 cui
994 2107 1046 2127 non
1066 2099 1283 2127 communicant?
1302 2100 1395 2128 Merito
1409 2109 1461 2129 non
1477 2110 1526 2129 nos
1540 2108 1639 2133 norunt
1651 2110 1725 2133 trans

938 2153 1010 2172 mare
1031 2145 1178 2180 baptizatos
1193 2146 1218 2172 itt
1239 2145 1346 2173 Christo
1359 2166 1365 2177 .
1380 2147 1440 2181 quia
1455 2152 1482 2175 et
1497 2153 1569 2176 trans
1582 2157 1656 2177 mare
1670 2158 1723 2181 non

939 2192 1034 2220 habent
1048 2191 1191 2219 Christum.
1209 2191 1258 2221 Ille,
1274 2192 1346 2219 enim
1360 2192 1496 2224 Christum
1519 2198 1546 2221 et
1566 2198 1639 2223 trans
1652 2204 1725 2224 mare

939 2238 1035 2278 habet,
1051 2238 1095 2272 qui
1117 2241 1144 2265 et
1162 2243 1234 2265 trans
1253 2245 1326 2266 mare
1344 2239 1557 2266 communionem
1570 2240 1580 2255 ⁷
1592 2241 1726 2276 universas

938 2285 1064 2311 Ecclesia:
1078 2288 1159 2311 tenet.
1175 2283 1313 2317 Quomodo
1335 2289 1421 2319 potest
1440 2292 1603 2320 cognoscere
1618 2287 1662 2315 ubi
1673 2288 1723 2316 sim

939 2337 989 2364 ego
1012 2329 1159 2363 baptizatus
1172 2350 1179 2361 ,
1197 2336 1258 2356 cum
1283 2329 1435 2356 contmnnio
1463 2329 1548 2365 ipsius
1567 2332 1615 2360 vix,
1633 2335 1723 2362 transit

939 2375 1033 2401 mare?
1056 2374 1242 2402 Verumtamen
1253 2394 1261 2406 ,
1277 2374 1372 2402 fratres
1393 2375 1444 2402 utei
1456 2395 1464 2407 ,
1480 2376 1543 2412 quid
1565 2379 1606 2406 eis
1617 2378 1726 2408 dicam?

938 2419 1113 2454 Suspicamiui
1127 2420 1196 2454 quod
1213 2419 1291 2446 vultis
1303 2419 1336 2446 de
1351 2420 1438 2447 nobis.
1451 2421 1478 2449 Si
1494 2423 1555 2449 boni
1570 2431 1662 2453 sumus
1673 2446 1681 2459 ,
1699 2427 1725 2455 in

940 2465 1058 2492 Ecclesia
1073 2464 1171 2492 Christi
1187 2464 1318 2491 frumenta
1337 2472 1450 2494 sumus:
1465 2468 1485 2494 si
1503 2468 1564 2495 ntali
1576 2476 1684 2505 sumus,
1701 2473 1726 2501 in

939 2512 1058 2540 Ecclesia
1077 2511 1174 2543 Christi
1190 2511 1265 2545 palea
1279 2519 1382 2545 sumus,
1399 2516 1486 2541 tamen
1497 2514 1531 2541 ab
1542 2522 1605 2543 area
1616 2525 1670 2545 non
1686 2527 1728 2547 re-

972 2589 1060 2633 Lota,
1074 2591 1165 2614 tantum
1176 2587 1206 2613 de
1216 2587 1275 2614 meis
1294 2588 1423 2621 praeﬁxi;
1437 2588 1519 2615 tim.
1535 2591 1621 2624 Abest,
1641 2593 1724 2627 timeo,

939 2628 953 2646 a
964 2624 1105 2682 n'h‘lézlerique
1114 2653 1178 2682 Mss.._
1187 2649 1370 2682 reprehendam.

972 2683 982 2699 ³
994 2680 1117 2709 Dno'tiss.,
1130 2680 1302 2713 Mullwitertim
1311 2687 1395 2713 (uigor.

971 2714 982 2728 ⁸
996 2717 1043 2737 Ara.
1057 2716 1082 2737 et
1093 2716 1138 2736 51$
1150 2729 1156 2740 ,
1166 2710 1343 2742 conﬂictionem.

971 2745 982 2760 ³
995 2744 1061 2771 ωδ..
1073 2741 1269 2767 εοηιὺηιαηιιιὶιη.
1284 2746 1331 2767 Vox
1346 2742 1392 2768 vim
1403 2744 1474 2769 abest
1484 2751 1498 2769 a
1507 2745 1588 2771 multis
1596 2749 1648 2771 Its.

973 2775 983 2790 ⁵
996 2778 1019 2799 tn
1034 2774 1141 2805 pluribus
1153 2777 1216 2805 Mss.
1228 2772 1272 2805 illi.
1349 2804 1353 2805 γ
1492 2794 1493 2797 η

972 2807 981 2821 ⁷
994 2803 1059 2835 toﬁ,
1068 2803 1309 2830 commutationem.
1325 2804 1379 2830 add.
1393 2805 1432 2830 alii
1444 2812 1497 2832 cum
1509 2810 1572 2837 Mss,
1585 2806 1731 2834 conmunic-

940 2843 1009 2899 “(in
1022 2850 1235 2899 rarthagittc.i\'id.
1246 2866 1288 2891 lib.
1300 2867 1316 2891 5
1326 2866 1441 2895 Confess,
1451 2873 1473 2891 c.
1488 2868 1497 2890 l
1509 2870 1533 2891 et
1543 2874 1612 2899 seqq.

975 2897 1010 2929 (ὁ)
1023 2898 1071 2923 vid.
1084 2897 1125 2923 liti.
1137 2899 1152 2921 ἵ)
1163 2897 1279 2928 Cont‘ess.,
1289 2904 1309 2922 c.
1322 2899 1346 2921 6.

1360 2938 1509 2976 (Τηίιτε.)
