3972 6198
534 357 634 413 595

531 472 785 525 cedimus.
816 464 894 518 Tu
921 461 1008 532 qui
1038 466 1196 514 vento
1224 452 1526 512 tentatiouis
1556 451 1696 504 foras
1729 448 1909 502 volasti
1930 488 1944 510 ,
1976 443 2102 515 quid

533 564 630 617 es?
659 557 908 613 Triticum
956 567 1060 607 non
1088 549 1226 605 tollit
1276 557 1461 603 ventus
1497 560 1561 598 ex
1592 557 1734 596 area.
1768 540 1842 594 Ex
1887 555 1951 593 eo
1977 551 2104 606 ergo

534 654 616 707 ubi
646 667 723 712 es,
748 658 981 716 agnosce
1001 642 1127 712 quid
1155 656 1234 697 es.

599 743 688 798 20.
722 739 830 796 Sed
863 748 914 792 tu
941 778 956 801 ,
1005 734 1212 804 inquit,
1239 731 1357 801 quis
1386 745 1444 784 es
1492 728 1582 796 qui
1619 735 1804 781 contra
1849 739 1945 778 nos
1971 722 2105 776 dicis

531 833 718 890 tanta?
744 831 1072 899 Quicumque
1099 824 1198 878 sim
1226 864 1239 886 ,
1271 819 1411 891 quod
1438 819 1632 874 dicitur
1659 815 1874 870 attende
1893 855 1908 879 ,
1943 828 2046 866 non
2072 826 2102 865 a

532 941 636 995 quo
667 921 878 978 dicitur.
920 917 1024 971 Sed
1067 913 1331 985 peccaturi
1356 911 1603 980 ,inquit,
1637 907 1764 962 dicit
1805 906 2099 960 Dominus:

537 1015 726 1088 thuid
773 1025 825 1068 tu
865 1011 1078 1064 assumis
1132 1013 1480 1060 testamentum
1523 1016 1686 1054 meum
1727 1015 1818 1069 per
1857 1013 1913 1050 os
1961 1005 2104 1049 tuum

533 1086 702 1180 (Paul.
726 1121 870 1160 xux.
906 1099 1032 1172 16)?
1061 1099 1206 1152 Dicat
1229 1095 1480 1149 Dominus
1505 1091 1608 1146 hoc
1632 1087 1896 1160 peccaturi
1927 1086 2104 1180 :l‘orte

533 1179 608 1258 est
635 1213 802 1271 genus
847 1203 1178 1263 peccatorum
1208 1189 1294 1244 cui
1334 1186 1436 1240 hoc
1462 1193 1605 1238 recte
1643 1182 1782 1236 dicat
1814 1179 2101 1271 Dominus;

534 1267 710 1346 scil-in
740 1285 1027 1358 quemlibet
1065 1282 1204 1336 dicat
1232 1280 1332 1331 hoc
1365 1275 1636 1334 Dominus,
1662 1271 1780 1325 ideo
1805 1269 1952 1332 dicit,
1982 1267 2103 1336 quia

539 1381 801 1453 peccaturi
843 1394 945 1431 non
996 1373 1209 1443 prodest
1252 1367 1464 1438 quando
1512 1366 1682 1435 legem
1715 1363 1806 1416 Dei
1847 1360 2101 1429 loquitur.

535 1473 797 1544 Numquid
825 1482 872 1525 et
915 1464 1248 1522 auditoribus
1286 1477 1388 1516 non
1422 1458 1673 1530 prodest?
1701 1456 1992 1524 Utrumque
2012 1467 2104 1523 ge-

535 1584 635 1624 nus
679 1581 778 1622 nos
815 1563 1070 1618 habemus
1113 1559 1163 1612 in
1208 1554 1440 1611 Ecclesia
1468 1594 1482 1614 ,
1513 1550 1736 1605 Domino
1778 1548 2023 1611 dicente,
2052 1552 2103 1599 et

535 1662 796 1715 bonorum
839 1664 895 1710 et
949 1652 1226 1706 malorum.
1283 1647 1409 1700 Boni
1457 1644 1598 1696 enim
1631 1655 1749 1696 cum
1777 1637 2100 1708 praedicant,

536 1751 659 1818 quid
683 1747 904 1802 dicunt?
937 1744 1221 1796 Imitutnrcs
1249 1738 1342 1789 mei
1363 1746 1538 1799 estote,
1589 1733 1717 1786 sicut
1749 1738 1796 1783 et
1824 1743 1914 1798 ego
1953 1725 2104 1779 Chri-

535 1843 598 1895 sti
621 1841 658 1913 (Ι
690 1840 808 1894 Cor.
845 1852 893 1890 ιι·
915 1878 929 1902 ,
975 1835 1080 1896 lli).
1118 1829 1364 1884 beluinis
1387 1825 1511 1896 quid
1539 1820 1768 1878 dicitur?
1803 1818 1907 1876 Sed
1942 1822 2107 1913 [arma

535 1908 638 1988 esto
671 1929 894 2000 fidelium
924 1929 939 1958 ³
965 1927 1008 1995 (l
1039 1924 1174 1979 Tim.
1207 1935 1283 1986 ιν,
1317 1919 1384 1974 l2
1409 1917 1448 1989 ).
1493 1915 1604 1970 Hoc
1641 1927 1738 1967 nos
1774 1925 1892 1966 esse
1917 1908 2103 1963 elabo-

538 1999 714 2078 ramus
749 2042 761 2076 :
789 2020 912 2091 quid
941 2028 1117 2072 autem
1143 2015 1308 2068 simus
1327 2053 1340 2076 ,
1373 2009 1462 2064 ille
1489 2007 1635 2062 novit
1659 2004 1726 2059 ad
1754 2017 1912 2074 quem
1942 1999 2106 2070 gemi-

538 2131 674 2167 mus.
710 2113 784 2166 De
812 2109 964 2163 malis
990 2117 1166 2161 tamen
1191 2102 1389 2158 dictum
1418 2107 1500 2154 est
1523 2095 1665 2150 aliud
1690 2111 1704 2148 :
1739 2093 1908 2160 Super
1934 2091 2105 2144 cathe-

536 2209 682 2260 dram
715 2202 876 2273 Moysi
901 2200 1132 2254 sederunt
1177 2192 1368 2249 Scriba
1394 2199 1438 2246 et
1469 2186 1758 2248 Pharisaei;
1797 2199 1908 2253 qua:
1938 2183 2106 2235 dicunt

538 2300 720 2368 facite,
743 2311 856 2365 qua:
881 2302 1045 2345 autent
1086 2288 1295 2360 faciunt,
1327 2284 1495 2354 facere
1521 2281 1674 2334 nolite
1711 2276 1914 2347 (Matth.
1953 2288 2107 2368 χχιιι,

535 2364 590 2452 ὲ,
621 2389 696 2456 3).
742 2364 896 2438 Vides
943 2381 1064 2451 quia
1117 2379 1169 2432 in
1197 2371 1453 2430 cathedra
1485 2369 1685 2442 Moysi,
1715 2368 1799 2422 cui
1851 2364 2109 2456 successit

535 2453 784 2532 cathedra
827 2471 1060 2535 Christi,
1088 2466 1274 2522 sedent
1301 2473 1353 2519 et
1390 2462 1512 2516 mali
1546 2478 1558 2513 :
1590 2469 1640 2514 et
1670 2466 1847 2512 tamen
1881 2453 2106 2509 diceudo

539 2570 672 2621 bona
715 2579 819 2618 non
845 2564 1041 2617 obsunt
1067 2555 1418 2613 auditoribus.
1449 2552 1624 2619 Quare
1668 2559 1721 2603 tu
1755 2556 1969 2618 propter
1995 2560 2108 2599 ma-

538 2661 618 2715 los
640 2660 806 2728 ipsum
835 2651 1139 2708 cathedram
1183 2644 1472 2710 dimisisti?
1501 2641 1630 2696 Redi
1659 2640 1724 2694 ad
1753 2654 1959 2710 pacem,
1993 2637 2104 2692 redi

534 2753 600 2809 ad
625 2747 970 2806 concordiam
997 2759 1115 2814 qme
1136 2751 1189 2796 te
1213 2755 1317 2794 non
1345 2737 1583 2792 offendit.
1633 2735 1688 2788 Si
1719 2734 1852 2787 bona
1881 2732 2069 2800 loquor
2089 2773 2102 2793 ,

536 2855 588 2901 et
614 2846 748 2898 bona
776 2840 931 2902 facio,
959 2835 1165 2890 imitare
1205 2847 1290 2886 me
1319 2848 1331 2882 :
1360 2830 1404 2884 si
1445 2838 1624 2882 autem
1655 2840 1760 2880 non
1800 2824 1934 2879 facio
1963 2822 2102 2893 quod

537 2942 675 3001 dico,
700 2937 866 2990 babes
902 2932 1180 2988 consiliqu
1221 2925 1429 2981 Domini
1457 2942 1471 2988 ;
1499 2938 1618 2993 quae
1655 2921 1775 2975 dico
1799 2961 1813 2985 ,
1842 2920 1954 2982 fac;
1989 2932 2106 2988 quae

536 3042 710 3085 autem
739 3027 893 3090 facio,
926 3023 1032 3078 noli
1061 3021 1234 3075 facere
1258 3034 1273 3082 ;
1306 3027 1481 3071 tamen
1504 3029 1534 3068 a
1567 3011 1818 3068 cathedra
1844 3009 2105 3065 catholica

537 3121 642 3174 uoti
669 3117 963 3174 discedere.
1011 3115 1148 3169 Ecce
1173 3111 1225 3165 in
1259 3109 1474 3164 nomine
1502 3104 1701 3161 Christi
1743 3103 1864 3158 ituri
1892 3117 2102 3164 smnus,

537 3224 587 3267 et
616 3211 778 3266 multa
819 3206 1010 3261 dicturi
1057 3213 1198 3258 sunt.
1237 3200 1366 3268 Quis
1411 3196 1569 3251 linis?
1616 3195 1736 3249 Cito
1780 3192 2104 3247 contemnite

536 3318 748 3359 causam
792 3307 1046 3354 nostram.
1091 3293 1206 3349 Non
1237 3291 1342 3346 illis
1368 3287 1556 3343 dicatis
1584 3286 1682 3340 nisi
1710 3326 1724 3350 ,
1760 3282 2004 3343 Fratres,
2039 3281 2104 3333 ad

538 3413 649 3452 rem
678 3389 1019 3461 respondete.
1065 3382 1388 3454 Augustinus
1417 3378 1697 3448 episcopus
1725 3382 1807 3429 est
1846 3374 1898 3427 in
1927 3372 2108 3426 Ecclec

537 3490 614 3540 sia
639 3483 892 3539 catholica
921 3519 936 3544 ,
959 3477 1219 3533 sarcinam
1249 3485 1400 3527 suam
1424 3475 1621 3540 portat,
1646 3464 1902 3520 rationem
1931 3462 2107 3516 rediti—

538 3573 690 3634 turus
713 3583 797 3630 est
821 3575 928 3628 Deo
952 3587 967 3626 :
994 3571 1044 3624 in
1077 3567 1230 3621 bonis
1256 3576 1378 3618 eum
1406 3560 1525 3615 novi
1550 3576 1565 3622 ;
1596 3559 1639 3612 si
1663 3557 1832 3610 malus
1859 3563 1961 3618 est,
1994 3554 2106 3623 ipse

538 3673 716 3732 uuvit;
741 3668 784 3722 si
807 3668 977 3721 bonus
1023 3670 1104 3715 est
1129 3700 1144 3724 ,
1181 3670 1279 3710 nec
1307 3654 1385 3708 sic
1410 3665 1531 3722 spes
1560 3663 1678 3704 mea
1708 3655 1809 3702 est.
1841 3646 1953 3700 Hoc
1982 3653 2106 3698 ante

537 3762 716 3819 omnia
761 3757 918 3813 didici
949 3755 999 3808 in
1042 3748 1314 3806 Catholica
1342 3787 1357 3812 ,
1391 3751 1447 3798 ut
1485 3755 1608 3811 spes
1646 3753 1765 3794 mea
1813 3752 1916 3791 non
1964 3737 2108 3790 sitin

543 3861 775 3914 homine.
827 3853 1016 3910 Merito
1058 3861 1186 3918 ergo
1231 3857 1325 3898 vos
1388 3841 1630 3895 homines
1679 3832 2067 3903 reprehenditis
2087 3839 2113 3897 ,'

543 3950 663 4020 quia
692 3960 841 4016 spem
887 3951 1117 3997 vestram
1155 3938 1207 3991 in
1235 3933 1448 3988 homine
1490 3927 1759 4000 posuistis.
1801 3925 1956 3980 Certe
1984 3939 2106 3978 cum

545 4017 987 4110 reprehenderint
1029 4045 1146 4094 nos,
1196 4023 1528 4081 contemnite
1577 4029 1631 4074 et
1682 4034 1798 4073 vos.
1853 4017 2108 4110 Novimus

541 4109 686 4189 enim
709 4128 916 4199 qualem
944 4125 1230 4180 habeamus
1257 4121 1428 4173 locum
1460 4117 1511 4170 in
1549 4112 1712 4168 corde
1735 4121 1915 4165 vestro
1938 4151 1953 4176 ,
1984 4109 2107 4179 quia

542 4225 742 4278 scimus
767 4217 979 4288 qualem
1011 4215 1182 4268 locum
1215 4209 1450 4265 habeatis
1480 4209 1532 4261 in
1578 4203 1743 4260 corde
1771 4210 1974 4256 nostro.
2004 4199 2110 4254 No-

543 4317 634 4370 lite
668 4326 768 4384 pro
807 4307 962 4363 nobis
999 4312 1207 4360 certare
1246 4300 1499 4355 adversus
1541 4298 1678 4351 illus.
1735 4293 2000 4364 Quidquid
2041 4293 2109 4347 de

541 4406 693 4462 nobis
729 4398 1116 4464 dixerint,cito
1154 4392 1413 4450 transite:
1455 4406 1523 4446 ne
1567 4389 1867 4444 laborantes
1909 4387 2108 4440 causa'

539 4492 863 4553 defensionis
893 4498 1087 4544 nostra:
1108 4527 1122 4550 ,
1155 4483 1429 4540 dimittatis
1468 4495 1682 4535 causam
1712 4486 1966 4532 vestram.
1998 4474 2109 4530 lIoc

535 4591 682 4644 enim
721 4592 885 4656 agunt
925 4587 1137 4635 astute:
1163 4573 1408 4630 nolentes
1435 4580 1489 4627 et
1513 4572 1767 4625 timentes
1793 4577 1850 4623 ut
1886 4567 1954 4622 de
1997 4567 2109 4635 ipsa

536 4695 694 4734 causa
721 4679 962 4732 dicamus
981 4714 996 4735 ,
1023 4672 1273 4741 ingerunt
1315 4663 1468 4718 nobis
1494 4677 1600 4732 quo
1643 4676 1738 4715 nos
1770 4667 2022 4718 avocent;
2054 4667 2112 4711 ut

540 4786 660 4824 eum
687 4766 1011 4822 intendimus
1050 4772 1273 4832 purgare
1297 4770 1395 4811 nos
1413 4795 1428 4820 ,
1451 4752 1699 4808 sileamus
1727 4751 1794 4805 ab
1819 4751 1947 4820 ipsis
1983 4765 2112 4805 con-

543 4859 834 4916 vincendis.
876 4855 1006 4912 Nam
1031 4864 1252 4924 prorsus
1281 4848 1371 4918 qui
1397 4861 1482 4902 me
1505 4843 1639 4900 dicis
1668 4843 1886 4908 malum,
1917 4843 2038 4898 dico
2057 4851 2112 4896 et

542 4967 642 5021 ego
684 4950 786 5004 alia
830 4944 1239 5003 innumerabilia
1273 4959 1286 4994 :
1334 4937 1442 4995 cito
1473 4936 1623 4992 aufer
1668 4935 1734 4991 de
1768 4937 1944 4990 medio
1969 4976 1984 5000 ,
2018 4933 2109 4988 ﬁni

542 5058 756 5101 causam
786 5056 978 5102 meam,
1008 5039 1076 5094 de
1101 5053 1160 5093 re
1182 5051 1301 5104 age,
1327 5033 1580 5089 Ecclesia:
1609 5044 1822 5086 causam
1853 5027 2071 5082 attende
2090 5068 2107 5091 ,

545 5137 632 5191 ubi
662 5135 736 5190 sis
763 5132 900 5186 vide.
939 5130 1144 5184 Veritas
1173 5127 1265 5182 tibi
1293 5125 1560 5180 undelibet
1588 5124 1847 5193 loquatur,
1870 5119 2112 5175 esuriens

545 5226 763 5296 accipe;
813 5239 881 5278 ne
925 5234 1194 5288 nunquam
1233 5216 1297 5271 ad
1345 5225 1397 5270 te
1456 5215 1729 5286 perveniat
1773 5213 1953 5282 panis,
1985 5211 2111 5264 dum

544 5333 755 5389 semper
801 5315 925 5386 quid
971 5309 1330 5383 reprehendas
1379 5309 1431 5362 in
1466 5309 1681 5363 vasculo
1729 5305 2030 5361 fastidiosus
2059 5311 2112 5358 et

543 5408 902 5467 calumniosus
922 5401 1164 5473 inquiris.

603 5590 618 5620 ¹
645 5589 716 5638 sic
738 5581 954 5632 melioris
977 5582 1230 5638 notettss.
1263 5579 1317 5623 At
1337 5571 1469 5632 add,
1499 5579 1565 5624 De
1586 5567 1717 5624 nobis
1749 5569 1863 5634 quid
1898 5567 2116 5622 dicitur?

539 5649 630 5702 Sed
651 5636 805 5708 [arma
824 5649 966 5693 estote
987 5636 1218 5704 ﬁdelium.

601 5715 619 5743 ³
645 5719 770 5770 διεδ..
793 5719 926 5759 cura.

1625 338 1634 351 ‘
1729 333 1784 388 S.
1828 323 2189 386 AUGUSTINI
2231 324 2522 380 EPISCOPI

3678 321 3782 376 398

3491 480 3758 494 ⁵-

2548 554 2625 615 ΙΝ
2672 554 3046 615 PSALMUM
3090 553 3394 614 XXXVII

2773 671 2902 726 ENA
2914 670 3186 726 RliATIO.

2699 798 2868 839 SEBIO
2905 799 2971 838 AD
3009 797 3247 838 POPULUM
3256 823 3269 836 .

2281 917 2335 970 l.
2376 916 2680 986 Opportune
2700 918 2764 970 ad
2791 917 2843 972 id
2877 917 3014 988 quod
3059 918 3407 983 cantavimus,
3451 917 3783 989 Iniquitate»:

2211 1024 2370 1062 meam
2421 1025 2511 1078 ego
2560 1011 2846 1078 pronuntio,
2888 1018 2933 1062 et
2972 1026 3143 1062 curam
3177 1026 3344 1080 geram
3382 1011 3399 1041 ⁸
3446 1027 3537 1080 pro
3581 1025 3782 1081 peccato

2210 1113 2337 1164 meo,
2365 1099 2634 1169 reSpondit
2656 1099 2770 1153 haec
2791 1099 2980 1154 mulier
3006 1099 3074 1154 de
3097 1099 3323 1154 lectione
3352 1099 3644 1170 Evangelii.
3676 1102 3779 1155 Ini—

2210 1189 2439 1258 quitates
2466 1189 2605 1242 enim
2640 1189 2756 1257 ejus
2782 1188 2992 1244 intuens
3019 1189 3301 1256 Dominus,
3331 1205 3514 1244 canem
3543 1191 3780 1260 appella-

2208 1279 2283 1333 vit
2307 1280 2489 1332 dicens
2513 1295 2526 1323 τ
2558 1279 2676 1332 Νοη
2706 1289 2775 1331 est
2801 1278 3002 1343 bonum,
3033 1296 3211 1349 panem
3235 1280 3455 1348 ﬁliorum
3480 1283 3674 1334 mittere
3698 1299 3783 1334 ca-

2210 1371 2354 1424 nibus
2376 1369 2585 1443 (Mattli.
2614 1387 2700 1434 xv,
2720 1371 2830 1440 20).
2861 1372 2929 1424 At
2952 1371 3034 1424 illa
3052 1387 3170 1440 qua:
3197 1379 3416 1425 noverat
3442 1372 3776 1441 iniquitatem

2210 1478 2356 1518 suam
2390 1465 2751 1532 pronuntiare,
2780 1473 2833 1518 et
2859 1477 3039 1518 curam
3068 1478 3252 1532 gerere
3293 1477 3391 1532 pro
3421 1476 3636 1532 peccato
3661 1479 3784 1531 suo,

2212 1573 2314 1610 non
2342 1557 2551 1626 negavit
2595 1555 2734 1626 quod
2776 1555 2970 1610 veritas
3009 1555 3169 1620 dixit;
3216 1554 3310 1611 sed
3351 1555 3616 1612 miseriam
3648 1571 3784 1612 conc

2211 1645 2367 1710 fessa,
2401 1646 2818 1700 misericordiam
2851 1645 3024 1715 potius
3052 1647 3351 1715 impetravit
3388 1647 3431 1714 ⁸,
3470 1661 3652 1702 curam
3687 1663 3787 1717 ge-

2209 1753 2334 1792 rens
2362 1754 2453 1806 pro
2481 1747 2696 1806 peccato
2715 1752 2831 1791 suo.
2855 1737 2984 1790 Nam
3017 1747 3071 1792 et
3096 1737 3268 1792 curari
3313 1739 3568 1808 petiverat
3617 1740 3788 1792 tiliam

2209 1842 2381 1893 suam,
2423 1829 2659 1883 fortassis
2691 1829 2740 1882 in
2790 1829 2896 1883 ﬁlia
2925 1829 3226 1898 significans
3251 1830 3410 1885 vitam
3440 1845 3610 1885 suam.
3636 1831 3792 1885 Psal«

2210 1938 2350 1976 mum
2378 1936 2503 1990 ergo
2526 1930 2720 1986 totum,
2749 1929 3003 1990 quantum
3034 1936 3330 1991 possumus,
3355 1922 3479 1976 dum
3526 1924 3788 1978 conside-

2209 2026 2390 2067 ramus
2433 2021 2487 2065 et
2544 2021 2945 2079 pertractatnus,
2997 2012 3277 2066 advertite.
3327 2011 3479 2067 Adsit
3527 2013 3794 2067 Dominus

2210 2102 2457 2157 cordibus
2487 2103 2701 2168 nostris,
2736 2111 2790 2156 ut
2833 2102 3113 2156 salubriter
3141 2103 3226 2158 hic
3270 2104 3599 2159 inveniamus
3624 2119 3796 2159 voces

2210 2204 2440 2259 nostras,
2471 2203 2522 2248 et
2562 2194 2828 2264 quomodo
2868 2194 3224 2250 invenerimus
3282 2195 3632 2264 proferamus,
3684 2211 3796 2250 nec

2209 2288 2492 2342 difticulter
2522 2287 2856 2352 inveniendo,
2891 2303 2989 2342 nec
3015 2289 3256 2356 imperite
3285 2287 3621 2357 proferendo.

2279 2376 2335 2432 2.
2365 2375 2513 2448 [υενδ.
2544 2376 2620 2450 1.]
2648 2377 2854 2431 Titulus
2883 2378 2996 2446 ejus
3024 2387 3124 2440 est,
3162 2376 3399 2432 Psalmus
3419 2380 3517 2448 ipsi
3545 2377 3715 2433 David
3741 2381 3798 2432 in

2209 2468 2604 2522 recordationem
2651 2468 2860 2522 sabbati.
2903 2469 3200 2537 Qumritnus
3239 2485 3357 2540 qua:
3397 2471 3549 2525 nobis
3587 2471 3798 2540 scripta

2209 2570 2332 2616 sunt
2358 2562 2424 2615 de
2446 2571 2631 2617 sancto
2662 2561 2822 2615 David
2851 2563 3131 2632 propheta,
3163 2580 3226 2618 ex
3255 2564 3404 2633 cujus
3441 2566 3646 2619 semine
3681 2566 3796 2618 Du-

2211 2651 2386 2706 minus
2413 2664 2594 2708 noster
2617 2653 2770 2708 Jesus
2786 2653 3025 2710 Christus
3048 2656 3337 2710 secundum
3357 2671 3568 2711 carnem
3601 2658 3796 2728 (Rom.

2213 2760 2254 2812 ι,
2278 2747 2335 2816 5)
2366 2763 2379 2798 :
2408 2762 2459 2801 et
2491 2748 2628 2802 inter
2658 2748 2792 2803 bona
2823 2764 2939 2818 qua:
2966 2748 3033 2804 de
3079 2748 3169 2803 illo
3194 2750 3344 2804 nobis
3385 2760 3504 2803 nota
3549 2761 3673 2804 sunt
3695 2767 3800 2819 per

2211 2837 2538 2907 Scripturas,
2572 2853 2673 2892 non
2722 2838 3020 2893 invenimus
3049 2853 3168 2892 eum
3209 2838 3490 2908 aliquando
3537 2840 3799 2894 recenta-

2209 2934 2320 2982 tum
2347 2930 2639 2984 sabbatum.
2671 2929 2806 2996 Quid
2827 2929 2966 2982 enim
2985 2930 3054 2982 ita
3083 2929 3469 2994 recordaretur,
3493 2931 3798 2984 secundum

2211 3019 2354 3075 illam
2411 3021 2835 3074 observationem
2895 3019 3198 3074 Iudaeorum
3259 3035 3359 3089 qua
3435 3020 3802 3075 0bS('l‘\~'ab:mt

2212 3113 2487 3167 sabbatum
2512 3131 2524 3177 ;
2554 3113 2678 3183 quid
2722 3113 2791 3167 ita
2823 3113 3214 3178 recordaretur,
3250 3115 3388 3184 quod
3418 3115 3556 3169 inter
3579 3126 3798 3183 septem

2210 3202 2324 3255 dies
2378 3204 2680 3256 necessario
2728 3203 3007 3258 veniebat?
3054 3203 3453 3259 Observandum
3483 3221 3609 3276 ergo
3649 3218 3794 3267 erat.

2211 3307 2316 3346 non
2360 3294 2438 3346 sic
2475 3294 2883 3346 recordandum.
2906 3293 3074 3348 Nemo
3107 3303 3283 3348 autem
3313 3295 3649 3358 recordatur,
3685 3300 3798 3350 nisi

2209 3383 2347 3452 quod
2380 3385 2428 3437 iu
2462 3387 2740 3453 praisentia
2770 3400 2874 3438 non
2901 3393 2984 3439 est
3005 3386 3252 3455 positum.
3286 3386 3444 3441 Verbi
3483 3388 3653 3455 gratia
3689 3405 3702 3439 :
3742 3391 3802 3444 in

2213 3473 2310 3528 hac
2337 3475 2547 3529 civitate
2592 3474 2887 3529 recordaris
2915 3475 3288 3545 Carthaginem
3309 3516 3324 3540 ,
3357 3475 3446 3529 ubi
3493 3475 3635 3531 fuisti
3685 3479 3801 3531 ali-

2211 3566 2448 3634 quando;
2481 3578 2534 3621 et
2566 3566 2822 3620 hodierno
2847 3567 2935 3622 die
2955 3567 3250 3622 recordaris
3276 3566 3586 3622 hesternum
3619 3570 3796 3636 diem,

2207 3659 2293 3714 xel
2326 3659 2514 3728 prioris
2533 3660 2673 3722 auiti,
2698 3659 2781 3712 vel
2811 3659 3099 3728 quemlibet
3126 3660 3468 3725 anteriorem,
3491 3670 3544 3713 et
3570 3661 3797 3730 aliquod

2211 3752 2404 3806 factum
2430 3763 2574 3806 tuum
2603 3752 2740 3822 quod
2767 3751 2875 3821 jam
2905 3751 3097 3815 fecisti,
3127 3763 3217 3806 aut
3252 3752 3450 3821 aliquid
3487 3753 3572 3806 ubi
3618 3753 3797 3817 fuisti,

2211 3840 2294 3899 vel
2319 3842 2400 3899 cui
2430 3845 2503 3898 rei
2533 3844 2832 3899 interfuisti.
2882 3844 3018 3912 Quid
3067 3845 3166 3898 sibi
3207 3845 3318 3899 vult
3354 3846 3450 3899 ista
3482 3846 3800 3902 recordatio

2212 3936 2436 3998 sabbati,
2467 3934 2656 3990 fratres
2685 3934 2829 3990 mei?
2858 3951 2977 4006 quae
3006 3936 3183 3990 anima
3213 3937 3290 3991 sic
3325 3937 3638 3992 recordatur
3659 3942 3799 3992 Sab-

2211 4027 2590 4097 batum?quod
2633 4037 2714 4081 est
2759 4026 2858 4082 hoc
2886 4027 3199 4082 Sabbatum?
3239 4026 3368 4082 Cum
3407 4031 3606 4099 gemitu
3645 4035 3799 4085 Cniltt

2213 4118 2539 4174 recordatur.
2581 4118 2646 4173 Et
2695 4133 2814 4173 cum
2860 4119 3102 4173 Psalmus
3148 4119 3432 4190 legeretur,
3460 4121 3712 4181 audistis.
3748 4137 3802 4177 οι

2215 4210 2371 4264 modo
2395 4225 2513 4264 cum
2545 4210 2913 4275 retexerimus,
2947 4209 3171 4263 audietis
3206 4219 3434 4279 quantus
3462 4211 3532 4264 sit
3561 4227 3796 4272 mini-ur,

2213 4315 2440 4372 quantus
2459 4303 2706 4372 gemitus,
2758 4312 2984 4371 quantus
3030 4301 3203 4366 ﬂetus,
3249 4317 3376 4380 quae.
3403 4303 3639 4382 miseria.
3687 4308 3801 4360 Sed

2214 4395 2338 4450 felix
2383 4405 2482 4458 est,
2538 4395 2626 4463 qui
2677 4395 2755 4450 sic
2810 4393 2970 4448 miser
3013 4403 3112 4448 est.
3145 4393 3297 4449 Unde
3339 4404 3393 4449 et
3445 4394 3710 4450 Dominus
3747 4399 3804 4453 in

2215 4486 2502 4557 Evangelio
2523 4487 2704 4540 beatos
2724 4486 3006 4556 appellavit
3027 4485 3282 4557 quosdam
3305 4486 3545 4556 lugentes
3570 4487 3802 4560 (Matth.

2216 4595 2269 4638 ν,
2293 4577 2367 4651 5).
2398 4578 2548 4634 Unde
2571 4579 2772 4645 beatus,
2800 4579 2841 4633 si
2866 4579 3090 4647 lugens?
3119 4579 3254 4634 unde
3281 4581 3484 4646 beatus,
3503 4580 3549 4634 si
3574 4581 3750 4638 miser
3780 4583 3808 4638 ἓ

2215 4669 2327 4724 lmo
2351 4671 2512 4724 miser
2547 4681 2690 4724 esset
2719 4672 2762 4724 si
2793 4672 2979 4741 lugens
3001 4687 3104 4724 non
3132 4681 3292 4725 esset.
3334 4672 3516 4728 Talem
3559 4689 3697 4744 ergo
3748 4686 3807 4733 et

2216 4761 2303 4816 hic.
2330 4762 2646 4832 accipiamus
2679 4763 2952 4817 sabbatum
2998 4763 3384 4830 recordantem,
3418 4765 3600 4821 nescio
3630 4783 3806 4836 quem

2216 4855 2483 4925 lugentem
2517 4873 2530 4908 :
2561 4865 2614 4910 et
2634 4856 2832 4908 utinam
2857 4871 2951 4909 nos
2972 4857 3136 4909 simus
3173 4857 3284 4926 ipse
3312 4857 3666 4928 nescioquis!
3703 4861 3806 4920 Est

2215 4949 2355 5004 enim
2381 4949 2593 5019 quidam
2621 4947 2827 5013 dolens,
2858 4964 3095 5018 gemens,
3124 4949 3328 5018 lugens,
3357 4950 3650 5022 recordans
3667 4955 3772 5007 sab
3791 4987 3805 4996 -

2217 5040 2417 5094 batmn.
2441 5039 2746 5098 Sabbatum.
2771 5040 2978 5107 requies
2998 5050 3096 5093 est.
3128 5038 3253 5093 Siue
3285 5039 3443 5094 dubio
3482 5041 3582 5094 iste
3621 5043 3675 5096 in
3709 5061 3806 5097 ue-

2218 5133 2330 5186 scio
2373 5145 2475 5201 qua
2503 5129 2866 5200 inquietudine
2892 5140 3026 5196 erat,
3055 5131 3144 5201 qui
3171 5146 3289 5186 cum
3318 5131 3520 5202 gemitu
3547 5137 3810 5205 requiem

2216 5225 2610 5282 recordabatur.

2288 5316 2341 5368 5.
2370 5313 2520 5388 [verm
2559 5312 2640 5384 2.]
2667 5311 2784 5382 Ipse
2831 5313 3008 5382 itaque
3036 5313 3449 5382 inquietudinem
3490 5330 3657 5384 quam
3704 5335 3811 5388 pa-

2222 5407 2467 5471 tiebatur,
2499 5412 2680 5458 narrat
2710 5413 2762 5458 et
2791 5403 3129 5459 commendat
3156 5405 3284 5468 Deo,
3315 5405 3652 5475 ucscio'quid
3677 5426 3810 5478 gra—

2221 5500 2336 5554 vius
2365 5498 2556 5552 timens
2575 5511 2729 5566 quam
2751 5504 2865 5550 erat
2892 5496 2974 5549 ubi
3009 5496 3282 5550 erat.Nam
3312 5497 3428 5565 quia
3458 5497 3676 5553 iumalo
3699 5511 3812 5558 ρμι,

2286 5658 2300 5688 ’
2330 5664 2401 5704 Fr.
2423 5664 2471 5704 et
2495 5661 2624 5714 tov.,
2645 5667 2774 5718 gero.
2800 5661 2851 5702 At
2877 5663 2967 5721 Am.
2999 5661 3047 5720 et
3069 5651 3234 5721 plures
3253 5660 3378 5721 vss,
3403 5665 3588 5721 geram.

2232 5781 2241 5790 .
2287 5725 2306 5749 τ
2330 5714 2674 5780 numeslrope
2711 5726 2834 5774 Mss,
2862 5718 2943 5764 siti
2983 5714 3361 5763 misericordium
3393 5715 3611 5776 confessa
3649 5727 3822 5780 potia;

2225 5787 2508 5842 ttttpt’tt'at‘u.
