3972 6198
247 342 351 396 13ἷῖ7

245 465 431 524 aperte
454 455 604 523 dicit,
639 473 737 514 nec
770 459 1055 532 interprete
1081 477 1213 534 opus
1249 475 1350 533 est,
1381 483 1480 523 nec
1501 472 1822 540 suspicione,

244 563 346 601 nec
391 547 698 618 conjectura
733 567 746 602 :
779 552 832 607 in
862 569 966 624 quo
1013 556 1150 610 malo
1192 557 1279 620 sit,
1329 574 1433 613 non
1469 561 1736 618 dubitatur
1763 581 1826 618 ex

241 641 359 708 ejus
387 642 588 708 verbis,
629 659 726 699 nec
754 661 886 714 opus
915 655 999 701 est
1023 657 1079 701 ut
1111 663 1434 718 qumramus,
1467 653 1558 708 sed
1586 665 1644 708 ut
1686 656 1826 725 quod

241 735 377 788 dicit
433 735 808 806 intelligamus.
864 738 931 793 Et
979 740 1079 793 nisi
1130 740 1279 810 pejus
1325 744 1521 813 aliquid
1573 745 1823 814 timeret,

239 845 402 898 quam
426 838 547 883 erat
577 830 704 884 illud
749 845 853 903 quo
894 832 1211 899 tenebatur,
1253 850 1360 888 non
1399 837 1478 890 sic
1522 838 1820 908 inciperet:

245 922 480 986 Domine,
508 939 571 975 ne
594 922 647 975 in
663 923 1010 995 indignatione
1028 932 1116 977 tua
1142 942 1326 999 arguas
1354 943 1450 993 me,
1481 945 1638 998 neque
1665 931 1714 982 in
1742 930 1822 983 ira

240 1027 326 1069 tua
352 1017 592 1072 emendes
621 1035 716 1071 me.
751 1017 1004 1074 Futurum
1051 1030 1132 1074 est
1158 1022 1297 1075 enim
1327 1031 1385 1076 ut
1411 1023 1625 1092 quidam
1656 1025 1708 1077 in
1743 1025 1820 1078 ira

238 1114 331 1164 hei
379 1110 752 1176 emendentur,
801 1119 856 1166 et
903 1111 952 1166 in
1003 1112 1363 1184 indignatione
1413 1127 1721 1186 arguantur.
1751 1119 1821 1173 Et

237 1205 372 1255 forte
410 1219 517 1255 non
544 1216 729 1257 omnes
771 1203 862 1272 qui
900 1215 1192 1274 arguuntur
1231 1207 1692 1262 emendabuntur:
1725 1210 1818 1264 sed

238 1305 411 1346 tamen
448 1292 610 1346 futuri
639 1303 763 1347 sunt
800 1295 852 1360 in
880 1297 1252 1351 emendatione
1279 1298 1490 1368 quidam
1534 1301 1684 1355 salvi.
1715 1301 1818 1355 Fu-

239 1397 410 1442 turtttu
442 1394 526 1438 est
555 1385 788 1455 quidem,
820 1387 938 1455 quia
970 1389 1272 1443 emendatio
1299 1394 1565 1447 nominata
1593 1407 1672 1448 est
1703 1415 1714 1447 :
1740 1396 1815 1450 sic

239 1487 407 1530 tamen
453 1477 606 1548 quasi
650 1493 742 1546 per
786 1479 980 1547 ignem.
1024 1477 1208 1534 Futuri
1241 1492 1415 1536 autem
1467 1485 1678 1553 quidam
1724 1489 1811 1557 qui

237 1577 544 1637 arguantur,
577 1576 628 1620 et
656 1583 758 1621 uou
780 1569 1220 1624 emendabuutur.
1267 1572 1394 1626 Nam
1427 1575 1605 1644 utique
1627 1589 1812 1647 arguet

241 1674 328 1713 eos
353 1658 549 1728 quibus
579 1659 736 1724 dicet,
769 1657 991 1724 Esurivi,
1016 1671 1064 1714 et
1089 1679 1185 1715 non
1212 1663 1423 1719 dedistis
1442 1667 1564 1720 mihi
1596 1671 1810 1723 mandu-

237 1767 374 1812 rare;
398 1751 556 1814 sitivi,
587 1761 633 1803 et
661 1767 759 1804 non
791 1753 996 1816 potastis
1015 1770 1091 1806 me
1114 1769 1132 1806 :
1158 1763 1212 1808 et
1238 1765 1426 1810 etetera
1454 1775 1571 1827 qua)
1591 1761 1660 1814 ibi
1691 1779 1810 1831 pro-

232 1857 478 1911 sequens,
497 1842 782 1911 quamdam
809 1843 1246 1899 inbutnanitatem
1275 1857 1327 1900 et
1367 1850 1696 1905 sterilitatem
1722 1854 1804 1906 in-

229 1933 453 2004 crepitat
485 1935 636 1988 malis
660 1935 726 1988 ad
758 1935 1024 1989 sinistram
1050 1939 1801 2010 constitutis,quibusdieitur.

228 2023 302 2078 Ite
326 2026 380 2080 in
407 2025 575 2097 ignem
603 2035 864 2090 internum,
895 2027 980 2094 qui
1008 2038 1213 2095 paratus
1242 2041 1314 2082 est
1334 2030 1534 2086 diabolo
1559 2037 1803 2106 etangelis

225 2115 363 2189 cjns(
373 2115 559 2170 Matth.
578 2132 703 2181 xxv,
725 2117 814 2182 41,
839 2118 948 2188 4'2).
967 2117 1090 2172 lltec
1111 2119 1208 2173 iste
1235 2123 1472 2190 graviora
1491 2125 1798 2196 formidans,

222 2217 442 2280 excepta
484 2209 589 2262 vita
641 2209 758 2274 ista,
811 2211 861 2264 in
905 2211 1055 2279 cujus
1095 2213 1247 2267 malis
1277 2215 1474 2285 plangit
1511 2228 1563 2271 et
1601 2221 1797 2290 gemit,

221 2309 368 2372 rogat
396 2310 454 2356 et
493 2301 620 2356 dicit
658 2321 670 2356 :
698 2301 932 2370 Domine,
961 2322 1022 2358 ne
1041 2305 1092 2358 in
1122 2307 1464 2377 indignatione
1504 2321 1588 2364 tua
1611 2329 1798 2385 arguas

220 2410 314 2446 me.
349 2393 471 2448 Non
501 2394 602 2447 sim
646 2393 782 2449 inter
823 2395 940 2449 illos
982 2397 1174 2466 quibus
1222 2399 1461 2454 dicturus
1495 2417 1552 2456 es
1582 2420 1596 2455 :
1631 2403 1712 2458 Ite
1744 2407 1797 2460 in

217 2489 383 2558 ignem
410 2497 675 2553 internum,
698 2489 782 2557 qui
808 2499 1014 2558 paratus
1041 2500 1111 2545 est
1139 2492 1340 2546 diabolo
1363 2505 1408 2548 et
1443 2497 1635 2564 angelis
1661 2499 1790 2568 ejus.

218 2577 392 2647 Neque
417 2579 471 2631 in
498 2579 576 2631 ira
613 2589 699 2632 tua
741 2582 969 2635 emendes
992 2598 1069 2634 me
1095 2598 1115 2635 :
1151 2592 1204 2635 ut
1232 2584 1281 2636 in
1315 2583 1412 2638 hac
1454 2587 1556 2640 vita
1603 2603 1792 2658 purges

213 2683 314 2732 me,
367 2679 421 2723 et
451 2669 609 2722 talem
644 2685 729 2724 tne
777 2671 988 2737 reddas,
1017 2673 1100 2725 cui
1145 2673 1249 2741 jam
1281 2677 1642 2731 emendatorio
1670 2680 1792 2748 igne

215 2775 313 2812 non
344 2775 481 2828 opus
508 2760 597 2825 sit,
631 2771 846 2830 propter
875 2762 994 2816 illos
1011 2764 1099 2833 qui
1132 2765 1261 2818 salvi
1291 2778 1442 2819 erunt
1467 2810 1480 2828 ,
1510 2770 1586 2822 sic
1615 2780 1787 2826 tamen
1863 2775 1876 2783 “

210 2848 354 2917 quasi
380 2865 477 2918 per
501 2848 698 2919 ignem.
726 2851 934 2918 Quare;
966 2853 1066 2906 nisi
1092 2855 1211 2923 quia
1236 2853 1598 2913 ιιῑοειιιιὶίίρξιηῑ
1627 2875 1786 2930 supra

210 2938 607 2995 fundamentum
649 2941 785 3012 ligna
809 2985 823 3009 ,
875 2943 1050 2997 fenum
1077 2986 1090 3011 ,
1121 2945 1410 3015 stipulam?
1437 2948 1787 3008 Editicarent

206 3042 380 3086 autem
427 3047 638 3100 aurum,
679 3044 987 3105 argentum,
1036 3037 1241 3106 lapides
1292 3041 1572 3109 pretiosos,
1620 3053 1673 3098 et
1717 3045 1784 3101 de

207 3131 427 3191 utroque
457 3124 580 3193 igne
607 3125 776 3178 securi
805 3135 1020 3191 essent;
1046 3143 1148 3182 non
1173 3130 1344 3185 solum
1371 3133 1437 3188 de
1467 3134 1558 3188 illo
1579 3145 1782 3190 aeterno

203 3217 286 3285 qui
313 3217 369 3270 in
394 3227 654 3271 mternum
687 3220 1016 3274 cruciaturus
1041 3229 1121 3275 est
1148 3223 1336 3292 impios
1359 3268 1372 3291 ,
1410 3227 1501 3281 sed
1529 3229 1685 3282 etiam
1715 3229 1781 3285 de

203 3305 286 3359 illo
307 3308 394 3376 qui
416 3308 720 3363 emendabit
745 3325 838 3364 eos
861 3310 1071 3380 quiper
1111 3313 1282 3382 ignem
1313 3317 1442 3370 salvi
1485 3330 1656 3373 erunt.
1689 3321 1778 3374 Di-

201 3398 335 3451 citur
355 3399 520 3458 enim,
559 3397 679 3469 Ipse
702 3409 868 3453 autem
892 3401 1060 3456 salvus
1087 3404 1197 3465 erit,
1222 3406 1292 3457 sic
1325 3415 1488 3460 tamen
1524 3409 1666 3479 quasi
1690 3428 1779 3480 per

199 3487 356 3556 ignem
380 3490 395 3548 (
420 3486 580 3542 lCor.
607 3505 680 3555 ttt,
717 3489 798 3553 19.,
825 3490 949 3561 15).
983 3493 1046 3546 Et
1073 3495 1198 3562 quia
1229 3495 1441 3563 dicitur,
1469 3500 1637 3554 salvas
1662 3503 1773 3568 erit,

198 3581 553 3633 contemnitur
583 3580 668 3633 ille
700 3581 854 3650 ignis.
913 3582 986 3636 lta
1035 3585 1188 3653 plane
1229 3590 1472 3655 quamvis
1519 3592 1646 3644 salvi
1681 3608 1776 3662 per

198 3668 366 3738 ignem
388 3712 402 3732 ,
444 3672 656 3740 gravior
685 3681 857 3726 tamen
890 3674 991 3728 erit
1018 3675 1107 3730 ille
1139 3678 1299 3746 ignis,
1331 3696 1486 3748 quam
1520 3683 1771 3753 quidquid

197 3771 370 3828 Meet
397 3762 560 3818 homo
590 3765 692 3834 pati
740 3767 790 3819 in
840 3765 938 3822 bac
985 3770 1110 3823 vita.
1163 3771 1229 3824 Et
1260 3775 1426 3826 nostis
1463 3785 1654 3843 quanta
1687 3777 1773 3834 hic

198 3860 329 3924 passi
369 3866 495 3910 sunt
539 3859 760 3924 mali,et
791 3869 1009 3928 possunt
1039 3861 1142 3930 pati
1177 3879 1188 3914 :
1222 3873 1396 3918 tamen
1446 3875 1587 3921 tanta
1626 3871 1770 3940 passi

195 3959 328 4008 sunt,
354 3958 552 4018 quanta
587 3962 872 4019 potuerunt
903 3953 1008 4021 pati
1030 3963 1084 4008 et
1115 3957 1256 4009 boni.
1283 3957 1422 4024 Quid
1450 3961 1588 4014 enim
1620 3963 1768 4031 quis-

193 4053 288 4105 que
320 4040 612 4104 maleﬁcus,
641 4042 798 4107 latro,
828 4042 1072 4110 adulter,
1110 4047 1401 4102 sceleratus
1423 4093 1438 4116 ,
1480 4055 1768 4124 sacrilegus

191 4132 403 4197 pertulit
431 4130 656 4200 legibus.
683 4133 823 4202 quod
868 4150 970 4189 non
1002 4139 1217 4205 pertulit
1248 4151 1449 4213 martyr
1476 4144 1526 4197 in
1554 4146 1766 4202 confes-

188 4220 336 4276 sione
377 4220 612 4276 Christi?
635 4223 736 4278 ista
766 4241 892 4296 ergo
931 4242 1047 4296 quae
1077 4229 1160 4283 hic
1205 4241 1329 4285 sunt
1359 4235 1492 4288 mala
1516 4235 1535 4267 ί
1554 4277 1569 4302 ,
1601 4240 1765 4294 multo

185 4312 420 4370 faciliora
463 4325 633 4370 sunt:
674 4328 724 4371 et
771 4327 948 4374 tamen
993 4320 1168 4378 videte
1207 4327 1662 4394 quemadmodum
1701 4348 1764 4389 ea

187 4403 429 4460 homines
484 4422 552 4459 ne
607 4407 909 4476 patiantur,
964 4411 1217 4481 quidquid
1269 4414 1493 4484 jusseris
1538 4417 1759 4488 faciunt.

181 4495 391 4559 Quanto
422 4497 612 4552 melius
640 4498 839 4554 faciunt
868 4502 1007 4571 quod
1031 4503 1185 4572 jubet
1226 4505 1384 4574 Deus,
1419 4525 1486 4564 ne
1532 4511 1615 4565 illa
1641 4528 1762 4584 gra-

179 4586 329 4641 viora
359 4587 658 4656 patiantur?
1055 4605 1060 4614 '

244 4681 304 4734 4.
340 4678 487 4752 [vero
517 4680 597 4754 5.]
626 4681 800 4749 Quare
841 4694 1015 4741 autem
1043 4689 1175 4758 petit
1201 4690 1300 4745 iste
1339 4707 1405 4747 ne
1439 4693 1489 4748 in
1523 4697 1759 4768 indigna-

173 4771 326 4824 tione
351 4783 632 4841 arguatur,
665 4791 834 4846 neque
883 4778 934 4856 in
975 4779 1051 4833 ira
1091 4783 1441 4838 emendetur?
1481 4787 1753 4860 Tanquam

171 4862 366 4916 dicens
396 4863 523 4930 Deo,
555 4863 813 4932 Quoniam
833 4866 940 4936 jam
971 4870 1068 4924 ista
1092 4888 1208 4940 qum
1231 4875 1402 4941 patior
1427 4879 1586 4931 multa
1607 4894 1751 4948 sunt,

168 4966 366 5018 magna
392 4963 534 5018 sunt,
566 4969 744 5024 qumso
771 4969 826 5010 ut
861 4959 1145 5015 sufficiant.
1193 4961 1258 5017 Et
1288 4964 1471 5034 incipit.
1516 4969 1597 5022 illa
1624 4986 1755 5025 enu-

168 5058 387 5100 merare
411 5046 741 5102 satisfaciens
775 5050 902 5113 Deo,
935 5053 1170 5108 olfereus
1201 5057 1284 5109 illa
1311 5074 1428 5126 qum
1455 5062 1664 5128 patitur.
1687 5082 1753 5120 ne

166 5136 360 5205 pejora
405 5138 633 5206 patiatur
673 5156 686 5192 :
747 5143 994 5206 Quoniam
1031 5147 1226 5215 sagitta:
1271 5159 1370 5202 tua:
1414 5152 1586 5220 inﬁxa:
1638 5168 1752 5209 sunt

164 5228 325 5290 mihi,
353 5239 398 5280 et
416 5230 723 5298 conﬁrmasti
744 5249 894 5300 super
911 5250 987 5286 me
1013 5253 1212 5289 umnam
1240 5250 1393 5293 tuam.

237 5319 298 5374 5.
337 5316 481 5390 [rem
514 5319 592 5393 4.]
625 5321 744 5374 Non
766 5334 836 5375 est
861 5327 1051 5378 sanitas
1072 5329 1122 5380 in
1145 5345 1293 5383 carne
1321 5349 1428 5385 mea
1449 5353 1479 5386 a
1505 5337 1642 5389 vulta
1664 5339 1753 5392 ira:

162 5419 290 5462 tam.
329 5408 443 5464 Jam
483 5409 596 5465 inec
626 5411 832 5465 dicebat
861 5431 976 5482 qua:
1019 5417 1101 5469 bie
1131 5421 1424 5487 patiebatur
1454 5443 1464 5477 :
1492 5437 1544 5479 et
1573 5439 1747 5485 tauu-n

163 5502 273 5556 hoc
303 5501 412 5570 jam
433 5502 502 5558 de
528 5504 602 5557 ira
648 5505 876 5569 Domini,
921 5509 1038 5576 quia
1071 5520 1123 5562 et
1151 5513 1216 5565 de
1261 5516 1486 5570 vindicta
1521 5519 1748 5576 Domini.

162 5596 246 5650 De
279 5612 384 5664 qua
411 5597 680 5651 vindicta?
702 5601 872 5663 Quam
907 5603 1116 5672 excepit
1146 5604 1210 5657 de
1239 5607 1424 5662 Adam.
1457 5609 1569 5664 Non
1608 5614 1746 5667 enim

160 5691 217 5743 in
251 5689 404 5744 illum
435 5705 537 5744 non
569 5701 646 5744 est
671 5693 1010 5760 vindicatum,
1038 5707 1124 5749 attt
1155 5687 1566 5759 frus-triduani
1587 5705 1743 5772 Deus,

231 5803 264 5849 ι.
280 5781 406 5852 vox.
433 5803 578 5863 mala,
605 5805 740 5853 abest
765 5818 790 5854 a
818 5813 917 5856 διεδ.

1278 320 1668 411 ENARl'iATli)
1710 357 1772 411 ΙΝ
1813 342 2130 420 PSALMUM
2171 367 2428 425 XXXV".

3410 403 3513 462 308

2685 501 2786 572 17)
2821 521 2832 555 :
2866 492 2952 558 aut
2980 505 3173 579 aliquid
3203 505 3435 584 patimur
3457 525 3510 578 in

1939 569 2034 622 ista
2065 575 2166 627 vita
2193 617 2207 637 ,
2243 578 2341 634 nisi
2374 597 2438 636 ex
2481 585 2564 638 illa
2595 602 2766 646 morte
2795 610 2948 664 quam
3001 604 3289 661 meruimus
3339 613 3510 678 primo

1935 673 2173 727 peccato.
2207 667 2416 724 Etenim
2449 686 2719 742 portamus
2744 698 2936 756 corpus
2967 694 3190 749 mortale
3217 667 3380 768 (quod
3409 707 3512 758 uti-

1931 767 2036 822 que
2068 771 2168 810 non
2191 772 2334 816 esset
2355 769 2578 822 mortale
2610 773 2676 842 ¹),
2713 775 2924 844 plenum
2954 767 3354 857 tentationibus,
3391 796 3507 864 ple-

1934 862 2056 900 num
2091 851 2555 925 sollicitudinibus,
2587 866 2873 924 obnoxium
2915 872 3186 954 doloribus
3209 851 3507 954 corporali-

1935 937 2051 1001 bus,
2083 941 2370 1002 obnoxium
2427 951 2749 1026 indigentiis,
2799 945 3073 1036 mutabile,
3107 937 3408 1045 languidum
3449 990 3502 1038 et

1926 1042 2044 1082 cum
2073 1047 2258 1089 sanum
2289 1049 2388 1104 est,
2436 1045 2553 1112 quia
2596 1048 2772 1118 utique
2800 1057 3032 1114 nondum
3079 1042 3232 1131 plene
3277 1086 3490 1127 sanum.

1924 1119 2052 1173 Nam
2085 1125 2223 1181 unde
2250 1129 2477 1197 dicebat,
2511 1135 2629 1192 Non
2660 1154 2732 1195 est
2753 1148 2942 1201 sanitas
2974 1152 3025 1204 in
3052 1170 3203 1210 carne
3231 1177 3361 1226 mea,
3397 1165 3498 1226 nisi

1923 1215 2042 1280 quia
2075 1216 2172 1272 ista
2199 1238 2316 1288 qtae
2345 1225 2500 1291 hujus
2528 1231 2646 1285 vita:
2686 1235 2881 1293 dicitur
2907 1247 3125 1312 sanitas,
3155 1251 3288 1309 bene
3337 1259 3495 1315 intel-

1923 1303 2203 1373 ligentibus
2231 1324 2284 1366 et
2309 1317 2582 1374 sabbatum
2615 1329 3016 1388 recordantibus
3047 1356 3148 1395 non
3185 1356 3268 1400 est
3316 1353 3495 1423 utique

1923 1398 2087 1423 aﬂuit.
2112 1419 2118 1423 .
2142 1401 2164 1423 ι)
2210 1404 2262 1423 0³
2389 1409 2400 1420 ο

1921 1398 2164 1452 Sanitas?
2210 1404 2262 1457 Si
2315 1409 2456 1463 enim
2527 1429 2628 1468 non
2700 1423 3182 1497 mantlncaveritis,
3234 1398 3495 1509 iuquieltat

1921 1488 2078 1509 Τμμμκλ
2126 1493 2140 1509 ¹
2177 1504 2187 1509 ·
2447 1502 2476 1509 ’⁸
2609 1507 2653 1509 θ’

1919 1488 2099 1544 fames.
2125 1493 2225 1549 lste
2254 1502 2507 1556 naturalis
2533 1507 2744 1575 quidam
2776 1518 2989 1572 morbus
3008 1533 3089 1575 est
3116 1540 3130 1574 :
3162 1529 3281 1598 quia
3307 1488 3492 1593 itatut'a

1919 1582 2066 1636 nobis
2094 1582 2222 1640 facta
2245 1599 2325 1642 est
2353 1607 2506 1660 paena
2529 1613 2592 1651 ex
2617 1601 2844 1659 vindicta
2874 1610 2913 1661 '.
2934 1611 3112 1670 Primo
3133 1582 3330 1678 homini
3349 1631 3488 1697 quml

1914 1682 2029 1781 C't'al.
2068 1693 2240 1742 ιιωειει,
2277 1692 2457 1736 natura
2490 1689 2638 1744 nobis
2666 1704 2765 1746 est.
2806 1697 2954 1755 Unde
2984 1703 3112 1759 dicit
3149 1682 3436 1781 Apostolus

1915 1759 2128 1819 [mimus
2159 1783 2205 1820 et
2233 1788 2322 1824 nos
2343 1786 2523 1837 natura
2552 1781 2650 1845 lilii
2670 1785 2775 1849 ira’,
2815 1790 2942 1843 sicut
2970 1805 3016 1846 et
3057 1759 3226 1854 σίτωνὲ
3248 1803 3265 1872 (
3291 1804 3483 1876 [Ep/ws,

1915 1867 1944 1876 ..
1998 1856 2048 1876 ΨΧ
2131 1858 2168 1876 17
2215 1871 2222 1876 .
2381 1867 2462 1876 ιι...
2516 1869 2528 1876 .
2653 1874 2662 1876 _
2689 1874 2697 1876 _

1912 1867 1967 1915 ll,
1997 1856 2074 1921 5).
2119 1858 2318 1914 Natura
2367 1867 2462 1932 ﬁlii
2509 1869 2618 1938 ἔγω,
2651 1874 2700 1926 itl
2750 1889 2850 1943 est,
2882 1894 3154 1951 portantes
3179 1856 3481 1954 vindic'tam.

1909 1945 2012 2020 sed
2039 1965 2204 2018 quare
2229 1954 2378 2020 dicit,
2423 1958 2677 2018 Fuimus?
2703 1967 2831 2032 Quia
2873 1989 2966 2041 spe
2993 1977 3101 2046 jam
3131 1998 3231 2038 non
3263 2003 3479 2045 sumus:

1908 2053 2028 2091 nam
2061 2057 2117 2096 re
2147 2043 2319 2100 adlntc
2347 2063 2550 2106 sumus.
2583 2054 2686 2110 Sed
2717 2059 2839 2115 illud
2864 2043 3052 2122 melius
3077 2070 3305 2131 dicimus
3338 2085 3480 2150 quod

1905 2145 2000 2199 spe
2021 2148 2221 2197 sumus.
2241 2141 2360 2208 quia
2387 2147 2514 2198 certi
2543 2161 2726 2205 sumus
2752 2153 2817 2208 de
2847 2173 2959 2227 spe.
2981 2159 3094 2216 Non
3116 2167 3257 2223 enim
3282 2141 3479 2230 incerta

1903 2232 2122 2325 estspes
2147 2240 2348 2297 nostra,
2376 2243 2428 2288 ut
2452 2235 2520 2291 de
2542 2238 2628 2294 illa
2652 2241 2974 2305 dubitemus.
3005 2253 3143 2310 Audi
3175 2258 3338 2328 ipsam
3363 2265 3481 2336 glo-

1902 2313 2033 2369 riam
2079 2318 2129 2371 in
2161 2335 2274 2389 spe.
2319 2321 2387 2378 In
2432 2328 2820 2402 nobismetipsis,
2865 2339 3053 2412 inquit,
3085 2313 3475 2424 ingemiscitiius,

1899 2411 2219 2482 adoptionem
2249 2417 2269 2448 ³
2297 2433 2657 2491 exspectantes,
2690 2431 3078 2502 redemptionem
3117 2448 3345 2514 corporis
3384 2467 3474 2504 no-

1897 2505 2008 2558 stri.
2055 2505 2192 2573 Quid
2243 2512 2427 2568 enim?
2468 2515 2714 2574 Nondum
2761 2524 3066 2599 redemptus
3095 2550 3173 2597 es,
3205 2505 3252 2592 ὀ
3279 2515 3474 2597 Paule?

1897 2596 2128 2652 nondum
2160 2617 2255 2669 pro
2283 2613 2332 2658 te
2362 2609 2588 2674 pretium
2619 2596 3056 2680 persolutum‘est
3077 2627 3100 2678 ?
3124 2627 3310 2687 Nonne
3345 2649 3472 2690 san-

1894 2688 2235 2758 guisillejam
2269 2697 2413 2751 fusus
2439 2702 2556 2755 est?
2582 2720 2761 2762 nonne
2789 2707 2960 2779 ipsum
2990 2725 3069 2770 est
3095 2723 3318 2788 pretium
3342 2744 3460 2782 om-

1894 2779 2036 2833 nium
2067 2789 2345 2841 nostrum?
2370 2791 2528 2847 Plane
2571 2796 2763 2866 ipsum.
2789 2801 2894 2859 Sed
2922 2808 3045 2865 vide
3071 2779 3195 2885 quid
3224 2818 3294 2871 ait

1893 2873 2022 2924 enim
2065 2875 2192 2929 salvi
2234 2878 2357 2948 facti
2396 2901 2569 2940 sumus
2594 2903 2614 2942 :
2642 2907 2753 2961 spes
2778 2905 2945 2951 autem
2967 2917 3080 2971 qua:
3105 2905 3317 2977 videtur,
3366 2873 3468 2968 nim

1888 2972 1960 3014 est
1980 2981 2111 3033 spes.
2145 2967 2296 3035 Quod
2322 2975 2453 3027 enim
2492 2978 2623 3032 videt
2647 2984 2777 3050 quis,
2824 2989 2947 3056 quid
2964 2967 3174 3062 sperat?
3203 2997 3263 3054 Si
3299 2967 3468 3060 autem

1886 3057 2022 3124 quod
2051 3076 2149 3112 non
2176 3062 2397 3119 videmus
2440 3084 2724 3142 speramus,
2753 3095 2843 3147 per
2869 3084 3160 3150 patientiam
3201 3107 3465 3162 exspecta-

1887 3165 1999 3203 mas
2030 3150 2049 3222 (
2072 3151 2223 3207 Rom.
2254 3172 2370 3221 Vill,
2397 3159 2565 3218 25-25
2593 3161 2635 3236 ).
2663 3167 2800 3233 Quid
2831 3183 3008 3229 autem
3045 3150 3321 3251 exspectat
3370 3203 3466 3258 per

1883 3243 2229 3310 patientiam?
2253 3247 2508 3306 Salutem.
2541 3252 2702 3326 Cujus
2730 3261 2806 3316 rei
2837 3263 3106 3322 salutem?
3143 3243 3311 3342 ipsius

1884 3334 2029 3401 poris
2062 3352 2074 3389 :
2101 3337 2228 3406 quia
2257 3339 2358 3396 hoc
2382 3342 2553 3412 dixit,
2584 3349 2976 3423 redemptionem
3018 3367 3242 3433 corporis
3282 3373 3459 3427 nostri.

1881 3425 1937 3480 Si
1957 3427 2181 3483 salutem
2204 3433 2445 3503 corporis
2474 3442 2836 3511 exspectabat,
2865 3463 2969 3502 non
3017 3425 3131 3507 erat
3172 3457 3318 3512 salus
3367 3461 3458 3517 illa

1878 3534 2036 3587 quam
2067 3519 2315 3584 habebat.
2345 3525 2582 3600 Esuries,
2626 3534 2740 3590 sitis
2767 3537 3033 3608 interficit,
3072 3547 3114 3599 si
3142 3549 3455 3608 subventum

1878 3628 1983 3668 non
2013 3613 2190 3672 fuerit.
2225 3618 2666 3680 Medicamentum
2703 3631 2844 3686 enim
2891 3632 3046 3690 famis
3081 3648 3164 3693 est
3205 3644 3373 3711 cibus,
3402 3658 3460 3707 et

1877 3707 2323 3767 medicamentum
2354 3715 2473 3770 sitis
2498 3727 2583 3773 est
2608 3731 2782 3790 potus,
2823 3735 2878 3780 et
2909 3728 3352 3792 medicamentum
3379 3739 3458 3792 {a-

1876 3796 2144 3866 tigationis
2170 3809 2252 3856 est
2270 3817 2509 3865 smnus.
2532 3807 2758 3867 Detrahe
2775 3813 2872 3868 ista
2897 3819 3304 3890 medicamenta,
3333 3829 3456 3885 vide

1873 3887 1918 3942 si
1942 3904 2046 3944 non
2069 3889 2395 3950 interﬁciunt
2420 3897 2512 3952 illa
2542 3915 2660 3968 qua:
2688 3903 2942 3960 existunt.
2977 3909 3030 3965 Si
3063 3887 3310 3982 sepositis
3339 3920 3454 3978 istis

1873 3993 1976 4032 non
2007 3989 2132 4036 sunt
2157 3983 2349 4052 morbi,
2377 3995 2460 4043 est
2486 3991 2706 4046 sanitas.
2741 3995 2797 4049 Si
2833 4007 3010 4054 autern
3045 4001 3208 4064 babes
3247 4009 3450 4080 aliquid

1876 4069 2012 4090 μη,
2055 4081 2100 4090 ,,
2204 4088 2242 4090 ,_
2286 4076 2317 4090 .,
2369 4077 2438 4090 ,Α
2512 4078 2538 4090 ,.
2772 4086 2830 4090 __
3278 4073 3286 4090 ,

1870 4069 2013 4139 quod
2054 4081 2107 4130 te
2156 4076 2323 4144 possit
2366 4077 2686 4150 interﬁcere,
2732 4086 2832 4143 nisi
2878 4073 3310 4168 mattducaveris‘;
3339 4069 3449 4162 itoli

1868 4163 2084 4234 gloriari
2111 4167 2178 4224 de
2199 4173 2444 4241 sanitate,
2473 4176 2566 4231 sed
2591 4193 2812 4248 gemens
2841 4177 3090 4256 exspecta
3123 4163 3447 4266 redemptio-

1869 4271 1989 4314 nem
2013 4262 2254 4334 corporis
2283 4267 2377 4320 tui.
2412 4265 2594 4326 Gaude
2618 4279 2668 4325 te
2691 4275 3022 4347 redemptum
3047 4298 3060 4345 ;
3084 4285 3179 4340 sed
3210 4261 3444 4348 nuridum

1866 4368 1956 4415 re,
1993 4370 2088 4426 spe
2129 4372 2350 4414 securus
2390 4369 2504 4417 esto
2533 4362 2574 4415 ‘.
2613 4365 2822 4422 Etenim
2861 4372 2904 4424 si
2941 4390 3046 4428 non
3084 4381 3350 4446 gemueris
3388 4385 3444 4443 iu

1864 4462 1979 4516 spe,
2013 4464 2118 4505 non
2146 4441 2426 4520 peritenies
2450 4456 2517 4509 ad
2560 4474 2694 4513 rem.
2747 4461 2856 4518 lloc
2885 4482 3010 4536 ergo
3037 4484 3140 4523 non
3183 4483 3264 4528 cst
3301 4479 3448 4530 sani..-

1863 4547 1966 4604 tas,
1997 4539 2072 4592 ait
2099 4557 2112 4592 :
2139 4538 2260 4595 Non
2280 4554 2355 4597 est
2381 4548 2572 4602 sanitas
2599 4549 2649 4602 in
2673 4568 2823 4606 carne
2849 4572 2955 4608 mea
2990 4576 3021 4609 α
3047 4561 3184 4615 milia
3207 4563 3297 4618 ine
3321 4577 3440 4621 (tua.

1863 4627 2015 4684 Unde
2043 4646 2169 4702 ergo
2198 4636 2402 4704 sagitta:
2431 4639 2645 4694 infima?
2677 4643 2845 4711 ipsum
2880 4663 3110 4716 poenam,
3137 4653 3301 4722 ipsam
3324 4660 3442 4714 \itt-

1860 4721 2078 4786 dictam,
2107 4733 2160 4780 et
2183 4724 2318 4782 forte.
2339 4729 2554 4786 dolores
2579 4751 2712 4803 quos
2743 4736 2826 4791 hic
2861 4755 3079 4797 necesse
3122 4721 3201 4800 est
3229 4751 3354 4816 pati,
3387 4763 3440 4811 et

1859 4813 2020 4868 animi
2061 4825 2116 4870 et
2158 4821 2419 4888 corporis,
2469 4823 2610 4892 ipsas
2637 4825 3026 4898 dicitsagittas.
3075 4833 3149 4890 De
3191 4813 3272 4894 bis
3295 4843 3437 4899 enim

1859 4905 2065 4976 sagittis
2109 4918 2163 4963 et
2214 4922 2430 4966 sanctus
2469 4912 2570 4968 Job
2601 4915 2724 4970 feeit
2755 4927 3340 4996 commemorationem,
3377 4948 3434 4990 et

1858 5015 1977 5054 cmn
2007 5011 2150 5055 esset
2177 5003 2226 5056 in
2256 5003 2360 5056 illis
2387 5005 2682 5068 doloribus,
2702 5009 2834 5065 dixit
2854 5014 3071 5085 sagittas
3113 5019 3318 5078 Domini
3348 5025 3434 5080 in-

1858 5089 1990 5146 lixas
2013 5091 2111 5144 sibi
2139 5092 2159 5160 (
2191 5091 2289 5145 Job
2318 5110 2388 5153 vn,
2417 5096 2450 5150 4
2472 5097 2512 5163 ).
2557 5098 2803 5154 Solemus
2856 5113 3028 5159 tamen
3057 5117 3109 5162 et
3147 5114 3308 5170 verba
3337 5115 3426 5172 Dei

1856 5182 2072 5250 sagittas
2101 5184 2342 5252 accipere
2373 5203 2388 5240 :
2412 5187 2503 5240 sed
2532 5193 2784 5258 numquid
2811 5192 2878 5247 ab
2906 5194 2985 5248 bis
3027 5213 3205 5270 poseet
3235 5205 3330 5260 iste
3357 5209 3433 5263 sic

1857 5274 2038 5328 dolere
2067 5294 2124 5330 sc
2156 5278 2401 5346 percuti?
2443 5279 2616 5336 Verba
2651 5283 2740 5338 Dei
2769 5295 3018 5357 tanquam
3050 5296 3258 5364 sagitta:
3285 5301 3430 5352 exci-

1857 5375 1967 5420 tant
1991 5382 2245 5430 amorem,
2280 5385 2384 5424 non
2413 5371 2769 5430 dolorem.An
2800 5379 2920 5447 quia
2944 5390 2997 5434 et
3025 5383 3136 5452 ipse
3153 5401 3302 5440 amor
3327 5404 3428 5441 nou

1856 5468 2030 5527 pOtes-t
2061 5476 2181 5529 esse
2218 5461 2336 5517 sine
2363 5463 2584 5520 dolore?
2615 5469 2876 5540 Quidquid
2915 5462 3058 5531 enim
3107 5494 3348 5534 amamus
3376 5492 3432 5535 et

1941 477 2107 535 Morte
2128 487 2353 542 morieris
2385 490 2405 561 (
2432 491 2554 547 (ἔθη.
2588 513 2641 561 tt,

1918 5573 1933 5604 ί
1963 5573 2146 5648 μηωιι.
2185 5573 2391 5646 deerant
2429 5578 2594 5648 rsum
2630 5581 2796 5648 verba,
2829 5584 2956 5648 qttod
2990 5585 3148 5648 utique
3183 5601 3275 5637 non
3311 5597 3432 5640 esset

1853 5634 2049 5708 mortale
2070 5648 2089 5708 ε·
2113 5649 2222 5698 quae
2247 5638 2292 5684 in
2317 5643 2735 5708 munibusuostris
2755 5634 2858 5692 tiss'.
2878 5634 3140 5708 legunttir:
3183 5704 3185 5708 ι

1917 5699 1934 5726 ³
1961 5696 2181 5758 ιιιιεῐιίψὶυ
2205 5705 2330 5756 Mssa,
2357 5708 2402 5749 et
2425 5701 2649 5751 vindicta.

1918 5760 1936 5788 ³
1953 5768 2158 5814 Quatuor
2181 5767 2301 5818 .ttss.,
2327 5764 2622 5825 (ιιιομιίωιιίη
2639 5763 2848 5828 [ilia-rion
2874 5775 3214 5824 (Islwl'iﬂﬂlC'S.

1918 5823 1935 5847 δ
1961 5828 2062 5867 Mss.
2073 5856 2084 5878 ,
2108 5833 2174 5869 es.
