  <div class='ocr_page' id='page_1' title='image "/cluster/home/n/w/nwhite01/storage/ocr_20150623/36/hvd.32044096580584/208.png"; bbox 0 0 1986 3099; ppageno 0'>
   <div class='ocr_carea' id='block_1_1' title="bbox 101 179 153 207">
    <p class='ocr_par' dir='ltr' id='par_1_1' title="bbox 101 179 153 207">
     <span class='ocr_line' id='line_1_1' title="bbox 101 179 153 207; baseline -0.038 0"><span class='ocrx_word' id='word_1_1' title='bbox 101 179 153 207; x_wconf 67' lang='grc' dir='ltr'>ιοι</span> 
     </span>
    </p>
   </div>
   <div class='ocr_carea' id='block_1_2' title="bbox 136 235 886 273">
    <p class='ocr_par' dir='ltr' id='par_1_2' title="bbox 136 235 886 273">
     <span class='ocr_line' id='line_1_2' title="bbox 136 235 886 273; baseline -0.001 -9"><span class='ocrx_word' id='word_1_2' title='bbox 136 236 163 264; x_wconf 88' lang='grc'><strong>8-</strong></span> <span class='ocrx_word' id='word_1_3' title='bbox 180 235 256 272; x_wconf 68' lang='lat' dir='ltr'><strong>[rem</strong></span> <span class='ocrx_word' id='word_1_4' title='bbox 274 236 314 273; x_wconf 83' lang='grc'><strong>5.]</strong></span> <span class='ocrx_word' id='word_1_5' title='bbox 341 236 465 269; x_wconf 79' lang='lat' dir='ltr'><strong>Quoniam</strong></span> <span class='ocrx_word' id='word_1_6' title='bbox 489 237 628 272; x_wconf 58' lang='lat' dir='ltr'><strong>iniquitates</strong></span> <span class='ocrx_word' id='word_1_7' title='bbox 650 245 711 264; x_wconf 73' lang='lat' dir='ltr'><strong>mete</strong></span> <span class='ocrx_word' id='word_1_8' title='bbox 734 238 886 264; x_wconf 77' lang='lat' dir='ltr'><strong>sustulerunt</strong></span> 
     </span>
    </p>
   </div>
   <div class='ocr_carea' id='block_1_3' title="bbox 98 284 888 318">
    <p class='ocr_par' dir='ltr' id='par_1_3' title="bbox 98 284 888 318">
     <span class='ocr_line' id='line_1_3' title="bbox 98 284 888 318; baseline 0 -10"><span class='ocrx_word' id='word_1_9' title='bbox 98 286 175 316; x_wconf 81' lang='lat' dir='ltr'><strong>caput</strong></span> <span class='ocrx_word' id='word_1_10' title='bbox 188 290 281 314; x_wconf 82' lang='lat' dir='ltr'><strong>meum,</strong></span> <span class='ocrx_word' id='word_1_11' title='bbox 297 284 360 309; x_wconf 83' lang='lat' dir='ltr'><strong>sicut</strong></span> <span class='ocrx_word' id='word_1_12' title='bbox 375 284 450 318; x_wconf 78' lang='lat' dir='ltr'><strong>fascis</strong></span> <span class='ocrx_word' id='word_1_13' title='bbox 464 284 546 318; x_wconf 74' lang='lat' dir='ltr'><strong>gravis</strong></span> <span class='ocrx_word' id='word_1_14' title='bbox 558 288 669 318; x_wconf 75' lang='lat' dir='ltr'><strong>gravata:</strong></span> <span class='ocrx_word' id='word_1_15' title='bbox 682 287 740 309; x_wconf 82' lang='lat' dir='ltr'><strong>sunt</strong></span> <span class='ocrx_word' id='word_1_16' title='bbox 755 291 829 316; x_wconf 74' lang='lat' dir='ltr'><strong>super</strong></span> <span class='ocrx_word' id='word_1_17' title='bbox 840 290 888 309; x_wconf 82' lang='lat' dir='ltr'><strong>me.</strong></span> 
     </span>
    </p>
   </div>
   <div class='ocr_carea' id='block_1_4' title="bbox 99 328 889 364">
    <p class='ocr_par' dir='ltr' id='par_1_4' title="bbox 99 328 889 364">
     <span class='ocr_line' id='line_1_4' title="bbox 99 328 889 364; baseline 0 -9"><span class='ocrx_word' id='word_1_18' title='bbox 99 328 134 356; x_wconf 85' lang='lat' dir='ltr'><strong>Et</strong></span> <span class='ocrx_word' id='word_1_19' title='bbox 150 329 194 356; x_wconf 86' lang='lat' dir='ltr'><strong>hic</strong></span> <span class='ocrx_word' id='word_1_20' title='bbox 207 336 315 356; x_wconf 80' lang='lat' dir='ltr'><strong>causam</strong></span> <span class='ocrx_word' id='word_1_21' title='bbox 334 330 479 364; x_wconf 71' lang='lat' dir='ltr'><strong>praemisit,</strong></span> <span class='ocrx_word' id='word_1_22' title='bbox 496 335 522 356; x_wconf 89' lang='lat' dir='ltr'><strong>et</strong></span> <span class='ocrx_word' id='word_1_23' title='bbox 541 329 664 356; x_wconf 71' lang='lat' dir='ltr'><strong>effectum</strong></span> <span class='ocrx_word' id='word_1_24' title='bbox 680 329 809 363; x_wconf 77' lang='lat' dir='ltr'><strong>subjecit;</strong></span> <span class='ocrx_word' id='word_1_25' title='bbox 825 329 889 364; x_wconf 90' lang='lat' dir='ltr'><strong>quid</strong></span> 
     </span>
    </p>
   </div>
   <div class='ocr_carea' id='block_1_5' title="bbox 98 375 889 410">
    <p class='ocr_par' dir='ltr' id='par_1_5' title="bbox 98 375 889 410">
     <span class='ocr_line' id='line_1_5' title="bbox 98 375 889 410; baseline -0.001 -8"><span class='ocrx_word' id='word_1_26' title='bbox 98 375 172 403; x_wconf 87' lang='lat' dir='ltr'><strong>unde</strong></span> <span class='ocrx_word' id='word_1_27' title='bbox 185 375 326 410; x_wconf 78' lang='lat' dir='ltr'><strong>contigerit</strong></span> <span class='ocrx_word' id='word_1_28' title='bbox 341 375 406 402; x_wconf 83' lang='lat' dir='ltr'><strong>dixit</strong></span> <span class='ocrx_word' id='word_1_29' title='bbox 421 384 427 404; x_wconf 88' lang='lat'><strong>:</strong></span> <span class='ocrx_word' id='word_1_30' title='bbox 444 375 594 410; x_wconf 85' lang='lat' dir='ltr'><strong>Iniquitates</strong></span> <span class='ocrx_word' id='word_1_31' title='bbox 605 383 666 402; x_wconf 69' lang='lat' dir='ltr'><strong>mea:</strong></span> <span class='ocrx_word' id='word_1_32' title='bbox 677 376 830 402; x_wconf 81' lang='lat' dir='ltr'><strong>sustulerunt</strong></span> <span class='ocrx_word' id='word_1_33' title='bbox 843 384 889 402; x_wconf 86' lang='lat' dir='ltr'><strong>ca-</strong></span> 
     </span>
    </p>
   </div>
   <div class='ocr_carea' id='block_1_6' title="bbox 97 420 888 456">
    <p class='ocr_par' dir='ltr' id='par_1_6' title="bbox 97 420 888 456">
     <span class='ocr_line' id='line_1_6' title="bbox 97 420 888 456; baseline 0.001 -10"><span class='ocrx_word' id='word_1_34' title='bbox 97 425 146 455; x_wconf 69' lang='lat' dir='ltr'><strong>put</strong></span> <span class='ocrx_word' id='word_1_35' title='bbox 158 429 252 447; x_wconf 76' lang='lat' dir='ltr'><strong>munt.</strong></span> <span class='ocrx_word' id='word_1_36' title='bbox 265 420 348 448; x_wconf 80' lang='lat' dir='ltr'><strong>Nemo</strong></span> <span class='ocrx_word' id='word_1_37' title='bbox 361 421 431 448; x_wconf 88' lang='lat' dir='ltr'><strong>enim</strong></span> <span class='ocrx_word' id='word_1_38' title='bbox 452 421 583 456; x_wconf 88' lang='lat' dir='ltr'><strong>superbus</strong></span> <span class='ocrx_word' id='word_1_39' title='bbox 596 442 603 454; x_wconf 88' lang='lat'><strong>,</strong></span> <span class='ocrx_word' id='word_1_40' title='bbox 629 421 681 448; x_wconf 86' lang='lat' dir='ltr'><strong>nisi</strong></span> <span class='ocrx_word' id='word_1_41' title='bbox 701 421 821 455; x_wconf 85' lang='lat' dir='ltr'><strong>iniquus,</strong></span> <span class='ocrx_word' id='word_1_42' title='bbox 846 421 888 448; x_wconf 89' lang='lat' dir='ltr'><strong>cui</strong></span> 
     </span>
    </p>
   </div>
   <div class='ocr_carea' id='block_1_7' title="bbox 96 463 889 503">
    <p class='ocr_par' dir='ltr' id='par_1_7' title="bbox 96 463 889 503">
     <span class='ocr_line' id='line_1_7' title="bbox 96 463 889 503; baseline -0.001 -9"><span class='ocrx_word' id='word_1_43' title='bbox 96 467 248 495; x_wconf 84' lang='lat' dir='ltr'><strong>sustollitur</strong></span> <span class='ocrx_word' id='word_1_44' title='bbox 261 472 349 502; x_wconf 85' lang='lat' dir='ltr'><strong>caput.</strong></span> <span class='ocrx_word' id='word_1_45' title='bbox 371 463 487 495; x_wconf 79' lang='lat' dir='ltr'><strong>Sursum</strong></span> <span class='ocrx_word' id='word_1_46' title='bbox 505 469 622 501; x_wconf 87' lang='lat' dir='ltr'><strong>tollitur,</strong></span> <span class='ocrx_word' id='word_1_47' title='bbox 639 468 682 503; x_wconf 92' lang='lat' dir='ltr'><strong>qui</strong></span> <span class='ocrx_word' id='word_1_48' title='bbox 709 468 785 502; x_wconf 80' lang='lat' dir='ltr'><strong>erigit</strong></span> <span class='ocrx_word' id='word_1_49' title='bbox 809 473 889 501; x_wconf 85' lang='lat' dir='ltr'><strong>caput</strong></span> 
     </span>
    </p>
   </div>
   <div class='ocr_carea' id='block_1_8' title="bbox 95 512 886 547">
    <p class='ocr_par' dir='ltr' id='par_1_8' title="bbox 95 512 886 547">
     <span class='ocr_line' id='line_1_8' title="bbox 95 512 886 547; baseline 0.001 -9"><span class='ocrx_word' id='word_1_50' title='bbox 95 514 228 540; x_wconf 74' lang='lat' dir='ltr'><strong>adversus</strong></span> <span class='ocrx_word' id='word_1_51' title='bbox 248 512 341 540; x_wconf 92' lang='lat' dir='ltr'><strong>Deum.</strong></span> <span class='ocrx_word' id='word_1_52' title='bbox 357 513 475 540; x_wconf 79' lang='lat' dir='ltr'><strong>Audistis</strong></span> <span class='ocrx_word' id='word_1_53' title='bbox 500 520 559 540; x_wconf 89' lang='lat' dir='ltr'><strong>cum</strong></span> <span class='ocrx_word' id='word_1_54' title='bbox 580 513 658 540; x_wconf 79' lang='lat' dir='ltr'><strong>lectio</strong></span> <span class='ocrx_word' id='word_1_55' title='bbox 682 513 812 547; x_wconf 86' lang='lat' dir='ltr'><strong>legeretur</strong></span> <span class='ocrx_word' id='word_1_56' title='bbox 828 512 886 539; x_wconf 90' lang='lat' dir='ltr'><strong>libri</strong></span> 
     </span>
    </p>
   </div>
   <div class='ocr_carea' id='block_1_9' title="bbox 98 548 882 593">
    <p class='ocr_par' dir='ltr' id='par_1_9' title="bbox 98 548 882 593">
     <span class='ocr_line' id='line_1_9' title="bbox 98 548 882 593; baseline -0.003 -8"><span class='ocrx_word' id='word_1_57' title='bbox 98 558 291 591; x_wconf 82' lang='lat' dir='ltr'><strong>Ecclesiastici,</strong></span> <span class='ocrx_word' id='word_1_58' title='bbox 310 548 415 585; x_wconf 75' lang='lat' dir='ltr'><strong>Initium</strong></span> <span class='ocrx_word' id='word_1_59' title='bbox 429 558 553 593; x_wconf 80' lang='lat' dir='ltr'><strong>superbia:</strong></span> <span class='ocrx_word' id='word_1_60' title='bbox 563 558 670 585; x_wconf 81' lang='lat' dir='ltr'><strong>hominis</strong></span> <span class='ocrx_word' id='word_1_61' title='bbox 680 579 687 590; x_wconf 94' lang='lat'><strong>,</strong></span> <span class='ocrx_word' id='word_1_62' title='bbox 709 563 852 593; x_wconf 80' lang='lat' dir='ltr'><strong>apostatare</strong></span> <span class='ocrx_word' id='word_1_63' title='bbox 867 566 882 583; x_wconf 91' lang='lat' dir='ltr'><strong>a</strong></span> 
     </span>
    </p>
   </div>
   <div class='ocr_carea' id='block_1_10' title="bbox 99 603 887 640">
    <p class='ocr_par' dir='ltr' id='par_1_10' title="bbox 99 603 887 640">
     <span class='ocr_line' id='line_1_10' title="bbox 99 603 887 640; baseline 0 -9"><span class='ocrx_word' id='word_1_64' title='bbox 99 604 154 631; x_wconf 78' lang='lat' dir='ltr'><strong>Deo</strong></span> <span class='ocrx_word' id='word_1_65' title='bbox 169 603 263 639; x_wconf 73' lang='lat' dir='ltr'><strong>(Et-cli.</strong></span> <span class='ocrx_word' id='word_1_66' title='bbox 277 613 293 631; x_wconf 72' lang='grc' dir='ltr'><strong>ιι</strong></span> <span class='ocrx_word' id='word_1_67' title='bbox 306 626 313 636; x_wconf 83' lang='grc'><em>,</em></span> <span class='ocrx_word' id='word_1_68' title='bbox 329 605 382 640; x_wconf 82' lang='grc'><strong>14).</strong></span> <span class='ocrx_word' id='word_1_69' title='bbox 398 605 445 632; x_wconf 84' lang='lat' dir='ltr'><strong>Ille</strong></span> <span class='ocrx_word' id='word_1_70' title='bbox 466 605 508 639; x_wconf 89' lang='lat' dir='ltr'><strong>qui</strong></span> <span class='ocrx_word' id='word_1_71' title='bbox 525 605 597 640; x_wconf 89' lang='lat' dir='ltr'><strong>prior</strong></span> <span class='ocrx_word' id='word_1_72' title='bbox 613 605 696 634; x_wconf 87' lang='lat' dir='ltr'><strong>noluit</strong></span> <span class='ocrx_word' id='word_1_73' title='bbox 709 604 801 631; x_wconf 87' lang='lat' dir='ltr'><strong>audire</strong></span> <span class='ocrx_word' id='word_1_74' title='bbox 820 612 887 639; x_wconf 70' lang='lat' dir='ltr'><strong>prro-</strong></span> 
     </span>
    </p>
   </div>
   <div class='ocr_carea' id='block_1_11' title="bbox 97 650 885 685">
    <p class='ocr_par' dir='ltr' id='par_1_11' title="bbox 97 650 885 685">
     <span class='ocr_line' id='line_1_11' title="bbox 97 650 885 685; baseline 0 -9"><span class='ocrx_word' id='word_1_75' title='bbox 97 655 214 684; x_wconf 83' lang='lat' dir='ltr'><strong>ceptum,</strong></span> <span class='ocrx_word' id='word_1_76' title='bbox 224 651 330 677; x_wconf 89' lang='lat' dir='ltr'><strong>sustulit</strong></span> <span class='ocrx_word' id='word_1_77' title='bbox 339 651 462 685; x_wconf 78' lang='lat' dir='ltr'><strong>iniquitas</strong></span> <span class='ocrx_word' id='word_1_78' title='bbox 473 651 554 685; x_wconf 86' lang='lat' dir='ltr'><strong>ipsius</strong></span> <span class='ocrx_word' id='word_1_79' title='bbox 565 656 642 685; x_wconf 86' lang='lat' dir='ltr'><strong>caput</strong></span> <span class='ocrx_word' id='word_1_80' title='bbox 653 650 779 678; x_wconf 86' lang='lat' dir='ltr'><strong>adversus</strong></span> <span class='ocrx_word' id='word_1_81' title='bbox 792 650 885 677; x_wconf 86' lang='lat' dir='ltr'><strong>Deum.</strong></span> 
     </span>
    </p>
   </div>
   <div class='ocr_carea' id='block_1_12' title="bbox 99 693 887 731">
    <p class='ocr_par' dir='ltr' id='par_1_12' title="bbox 99 693 887 731">
     <span class='ocr_line' id='line_1_12' title="bbox 99 693 887 731; baseline 0 -9"><span class='ocrx_word' id='word_1_82' title='bbox 99 695 134 722; x_wconf 80' lang='lat' dir='ltr'><strong>Et</strong></span> <span class='ocrx_word' id='word_1_83' title='bbox 147 696 207 730; x_wconf 89' lang='lat' dir='ltr'><strong>quia</strong></span> <span class='ocrx_word' id='word_1_84' title='bbox 221 696 374 730; x_wconf 78' lang='lat' dir='ltr'><strong>iniquitates</strong></span> <span class='ocrx_word' id='word_1_85' title='bbox 389 696 554 723; x_wconf 87' lang='lat' dir='ltr'><strong>sustulerunt</strong></span> <span class='ocrx_word' id='word_1_86' title='bbox 567 700 647 729; x_wconf 86' lang='lat' dir='ltr'><strong>caput</strong></span> <span class='ocrx_word' id='word_1_87' title='bbox 669 696 726 731; x_wconf 86' lang='lat' dir='ltr'><strong>ejus</strong></span> <span class='ocrx_word' id='word_1_88' title='bbox 736 716 743 728; x_wconf 94' lang='lat'><strong>,</strong></span> <span class='ocrx_word' id='word_1_89' title='bbox 768 695 830 731; x_wconf 90' lang='lat' dir='ltr'><strong>quid</strong></span> <span class='ocrx_word' id='word_1_90' title='bbox 850 693 887 722; x_wconf 84' lang='lat' dir='ltr'><strong>illi</strong></span> 
     </span>
    </p>
   </div>
   <div class='ocr_carea' id='block_1_13' title="bbox 99 738 884 776">
    <p class='ocr_par' dir='ltr' id='par_1_13' title="bbox 99 738 884 776">
     <span class='ocr_line' id='line_1_13' title="bbox 99 738 884 776; baseline 0.001 -10"><span class='ocrx_word' id='word_1_91' title='bbox 99 740 162 767; x_wconf 87' lang='lat' dir='ltr'><strong>fecit</strong></span> <span class='ocrx_word' id='word_1_92' title='bbox 177 741 267 768; x_wconf 84' lang='lat' dir='ltr'><strong>Deus?</strong></span> <span class='ocrx_word' id='word_1_93' title='bbox 280 738 352 768; x_wconf 80' lang='lat' dir='ltr'><strong>Sicut</strong></span> <span class='ocrx_word' id='word_1_94' title='bbox 365 741 441 775; x_wconf 78' lang='lat' dir='ltr'><strong>fascis</strong></span> <span class='ocrx_word' id='word_1_95' title='bbox 451 742 533 776; x_wconf 84' lang='lat' dir='ltr'><strong>graris</strong></span> <span class='ocrx_word' id='word_1_96' title='bbox 544 746 654 776; x_wconf 72' lang='lat' dir='ltr'><strong>gravata!</strong></span> <span class='ocrx_word' id='word_1_97' title='bbox 663 745 720 767; x_wconf 79' lang='lat' dir='ltr'><strong>sunt</strong></span> <span class='ocrx_word' id='word_1_98' title='bbox 740 749 815 776; x_wconf 75' lang='lat' dir='ltr'><strong>super</strong></span> <span class='ocrx_word' id='word_1_99' title='bbox 837 748 884 767; x_wconf 87' lang='lat' dir='ltr'><strong>me.</strong></span> 
     </span>
    </p>
   </div>
   <div class='ocr_carea' id='block_1_14' title="bbox 101 786 884 822">
    <p class='ocr_par' dir='ltr' id='par_1_14' title="bbox 101 786 884 822">
     <span class='ocr_line' id='line_1_14' title="bbox 101 786 884 822; baseline 0.001 -10"><span class='ocrx_word' id='word_1_100' title='bbox 101 786 224 814; x_wconf 84' lang='lat' dir='ltr'><strong>Levitatis</strong></span> <span class='ocrx_word' id='word_1_101' title='bbox 240 791 282 814; x_wconf 88' lang='lat' dir='ltr'><strong>est</strong></span> <span class='ocrx_word' id='word_1_102' title='bbox 294 787 396 821; x_wconf 80' lang='lat' dir='ltr'><strong>erigere</strong></span> <span class='ocrx_word' id='word_1_103' title='bbox 407 791 495 820; x_wconf 82' lang='lat' dir='ltr'><strong>caput,</strong></span> <span class='ocrx_word' id='word_1_104' title='bbox 508 787 581 821; x_wconf 59' lang='lat' dir='ltr'><strong>quad</strong></span> <span class='ocrx_word' id='word_1_105' title='bbox 598 786 661 813; x_wconf 87' lang='lat' dir='ltr'><strong>nihil</strong></span> <span class='ocrx_word' id='word_1_106' title='bbox 679 791 763 821; x_wconf 91' lang='lat' dir='ltr'><strong>portat</strong></span> <span class='ocrx_word' id='word_1_107' title='bbox 777 787 821 822; x_wconf 85' lang='lat' dir='ltr'><strong>qui</strong></span> <span class='ocrx_word' id='word_1_108' title='bbox 834 787 884 813; x_wconf 86' lang='lat' dir='ltr'><strong>cri-</strong></span> 
     </span>
    </p>
   </div>
   <div class='ocr_carea' id='block_1_15' title="bbox 102 832 885 867">
    <p class='ocr_par' dir='ltr' id='par_1_15' title="bbox 102 832 885 867">
     <span class='ocr_line' id='line_1_15' title="bbox 102 832 885 867; baseline 0.001 -9"><span class='ocrx_word' id='word_1_109' title='bbox 102 833 141 866; x_wconf 72' lang='lat' dir='ltr'><strong>git</strong></span> <span class='ocrx_word' id='word_1_110' title='bbox 152 836 237 867; x_wconf 86' lang='lat' dir='ltr'><strong>caput.</strong></span> <span class='ocrx_word' id='word_1_111' title='bbox 253 832 318 866; x_wconf 86' lang='lat' dir='ltr'><strong>Quia</strong></span> <span class='ocrx_word' id='word_1_112' title='bbox 331 840 394 867; x_wconf 78' lang='lat' dir='ltr'><strong>ergo</strong></span> <span class='ocrx_word' id='word_1_113' title='bbox 406 833 464 859; x_wconf 83' lang='lat' dir='ltr'><strong>leve</strong></span> <span class='ocrx_word' id='word_1_114' title='bbox 477 837 518 859; x_wconf 88' lang='lat' dir='ltr'><strong>est</strong></span> <span class='ocrx_word' id='word_1_115' title='bbox 532 833 602 867; x_wconf 89' lang='lat' dir='ltr'><strong>quod</strong></span> <span class='ocrx_word' id='word_1_116' title='bbox 617 837 703 867; x_wconf 80' lang='lat' dir='ltr'><strong>potest</strong></span> <span class='ocrx_word' id='word_1_117' title='bbox 718 833 799 867; x_wconf 84' lang='lat' dir='ltr'><strong>erigi,</strong></span> <span class='ocrx_word' id='word_1_118' title='bbox 815 833 885 859; x_wconf 87' lang='lat' dir='ltr'><strong>acci-</strong></span> 
     </span>
    </p>
   </div>
   <div class='ocr_carea' id='block_1_16' title="bbox 103 877 884 912">
    <p class='ocr_par' dir='ltr' id='par_1_16' title="bbox 103 877 884 912">
     <span class='ocr_line' id='line_1_16' title="bbox 103 877 884 912; baseline 0.005 -10"><span class='ocrx_word' id='word_1_119' title='bbox 103 877 141 911; x_wconf 84' lang='lat' dir='ltr'><strong>pit</strong></span> <span class='ocrx_word' id='word_1_120' title='bbox 153 877 251 912; x_wconf 89' lang='lat' dir='ltr'><strong>pondus</strong></span> <span class='ocrx_word' id='word_1_121' title='bbox 267 877 336 904; x_wconf 90' lang='lat' dir='ltr'><strong>unde</strong></span> <span class='ocrx_word' id='word_1_122' title='bbox 352 878 435 912; x_wconf 80' lang='lat' dir='ltr'><strong>possit</strong></span> <span class='ocrx_word' id='word_1_123' title='bbox 458 878 607 911; x_wconf 77' lang='lat' dir='ltr'><strong>comprimi.</strong></span> <span class='ocrx_word' id='word_1_124' title='bbox 622 878 791 905; x_wconf 87' lang='lat' dir='ltr'><strong>Convertitur</strong></span> <span class='ocrx_word' id='word_1_125' title='bbox 813 878 884 906; x_wconf 89' lang='lat' dir='ltr'><strong>enim</strong></span> 
     </span>
    </p>
   </div>
   <div class='ocr_carea' id='block_1_17' title="bbox 103 922 883 958">
    <p class='ocr_par' dir='ltr' id='par_1_17' title="bbox 103 922 883 958">
     <span class='ocr_line' id='line_1_17' title="bbox 103 922 883 958; baseline 0.008 -11"><span class='ocrx_word' id='word_1_126' title='bbox 103 922 174 949; x_wconf 87' lang='lat' dir='ltr'><strong>labor</strong></span> <span class='ocrx_word' id='word_1_127' title='bbox 183 923 240 956; x_wconf 90' lang='lat' dir='ltr'><strong>ejus</strong></span> <span class='ocrx_word' id='word_1_128' title='bbox 251 923 276 949; x_wconf 90' lang='lat' dir='ltr'><strong>in</strong></span> <span class='ocrx_word' id='word_1_129' title='bbox 287 927 366 957; x_wconf 84' lang='lat' dir='ltr'><strong>caput</strong></span> <span class='ocrx_word' id='word_1_130' title='bbox 377 923 435 958; x_wconf 89' lang='lat' dir='ltr'><strong>ejus</strong></span> <span class='ocrx_word' id='word_1_131' title='bbox 446 944 452 955; x_wconf 88' lang='lat'><strong>,</strong></span> <span class='ocrx_word' id='word_1_132' title='bbox 468 928 493 950; x_wconf 91' lang='lat' dir='ltr'><strong>et</strong></span> <span class='ocrx_word' id='word_1_133' title='bbox 507 923 631 958; x_wconf 79' lang='lat' dir='ltr'><strong>iniquitas</strong></span> <span class='ocrx_word' id='word_1_134' title='bbox 647 924 703 958; x_wconf 90' lang='lat' dir='ltr'><strong>ejus</strong></span> <span class='ocrx_word' id='word_1_135' title='bbox 717 925 742 951; x_wconf 90' lang='lat' dir='ltr'><strong>in</strong></span> <span class='ocrx_word' id='word_1_136' title='bbox 756 927 883 953; x_wconf 82' lang='lat' dir='ltr'><strong>verticem</strong></span> 
     </span>
    </p>
   </div>
   <div class='ocr_carea' id='block_1_18' title="bbox 99 968 886 1007">
    <p class='ocr_par' dir='ltr' id='par_1_18' title="bbox 99 968 886 1007">
     <span class='ocr_line' id='line_1_18' title="bbox 99 968 886 1007; baseline 0.008 -14"><span class='ocrx_word' id='word_1_137' title='bbox 99 969 154 1002; x_wconf 82' lang='lat' dir='ltr'><strong>ejus</strong></span> <span class='ocrx_word' id='word_1_138' title='bbox 165 968 302 996; x_wconf 83' lang='lat' dir='ltr'><strong>descendit</strong></span> <span class='ocrx_word' id='word_1_139' title='bbox 319 969 402 1004; x_wconf 76' lang='grc' dir='ltr'><strong>(Ρεηι.</strong></span> <span class='ocrx_word' id='word_1_140' title='bbox 417 978 469 1003; x_wconf 86' lang='lat' dir='ltr'><strong>vn,</strong></span> <span class='ocrx_word' id='word_1_141' title='bbox 486 969 539 1005; x_wconf 87' lang='grc'><strong>17).</strong></span> <span class='ocrx_word' id='word_1_142' title='bbox 555 969 626 997; x_wconf 85' lang='lat' dir='ltr'><strong>Sicut</strong></span> <span class='ocrx_word' id='word_1_143' title='bbox 643 970 720 1007; x_wconf 72' lang='lat' dir='ltr'><strong>fascis</strong></span> <span class='ocrx_word' id='word_1_144' title='bbox 733 972 815 1007; x_wconf 80' lang='lat' dir='ltr'><strong>gravis</strong></span> <span class='ocrx_word' id='word_1_145' title='bbox 826 981 886 1007; x_wconf 83' lang='lat' dir='ltr'><strong>gra-</strong></span> 
     </span>
    </p>
   </div>
   <div class='ocr_carea' id='block_1_19' title="bbox 98 1019 379 1049">
    <p class='ocr_par' dir='ltr' id='par_1_19' title="bbox 98 1019 379 1049">
     <span class='ocr_line' id='line_1_19' title="bbox 98 1019 379 1049; baseline 0.004 -9"><span class='ocrx_word' id='word_1_146' title='bbox 98 1019 160 1041; x_wconf 74' lang='lat' dir='ltr'><strong>rtme</strong></span> <span class='ocrx_word' id='word_1_147' title='bbox 170 1020 229 1041; x_wconf 73' lang='lat' dir='ltr'><strong>sunt</strong></span> <span class='ocrx_word' id='word_1_148' title='bbox 242 1024 318 1049; x_wconf 81' lang='lat' dir='ltr'><strong>super</strong></span> <span class='ocrx_word' id='word_1_149' title='bbox 332 1024 379 1042; x_wconf 80' lang='lat' dir='ltr'><strong>me.</strong></span> 
     </span>
    </p>
   </div>
   <div class='ocr_carea' id='block_1_20' title="bbox 130 1060 883 1100">
    <p class='ocr_par' dir='ltr' id='par_1_20' title="bbox 130 1060 883 1100">
     <span class='ocr_line' id='line_1_20' title="bbox 130 1060 883 1100; baseline 0.005 -12"><span class='ocrx_word' id='word_1_150' title='bbox 130 1062 156 1088; x_wconf 70' lang='grc' dir='ltr'><strong>ει.</strong></span> <span class='ocrx_word' id='word_1_151' title='bbox 166 1060 241 1097; x_wconf 66' lang='lat' dir='ltr'><strong>[rem</strong></span> <span class='ocrx_word' id='word_1_152' title='bbox 257 1061 295 1097; x_wconf 84' lang='lat'><strong>6.]</strong></span> <span class='ocrx_word' id='word_1_153' title='bbox 314 1062 525 1098; x_wconf 63' lang='lat' dir='ltr'><strong>(.‘ontptttrtterunt</strong></span> <span class='ocrx_word' id='word_1_154' title='bbox 544 1071 566 1092; x_wconf 90' lang='lat' dir='ltr'><strong>et</strong></span> <span class='ocrx_word' id='word_1_155' title='bbox 580 1066 813 1100; x_wconf 78' lang='lat' dir='ltr'><strong>puluerunttit&#39;ores</strong></span> <span class='ocrx_word' id='word_1_156' title='bbox 825 1066 883 1092; x_wconf 80' lang='lat' dir='ltr'><strong>mei.</strong></span> 
     </span>
    </p>
   </div>
   <div class='ocr_carea' id='block_1_21' title="bbox 96 1107 883 1147">
    <p class='ocr_par' dir='ltr' id='par_1_21' title="bbox 96 1107 883 1147">
     <span class='ocr_line' id='line_1_21' title="bbox 96 1107 883 1147; baseline 0 -9"><span class='ocrx_word' id='word_1_157' title='bbox 96 1107 153 1134; x_wconf 66' lang='lat'><strong>12&quot;“</strong></span> <span class='ocrx_word' id='word_1_158' title='bbox 169 1111 215 1146; x_wconf 82' lang='lat' dir='ltr'><strong>qui</strong></span> <span class='ocrx_word' id='word_1_159' title='bbox 228 1112 323 1138; x_wconf 70' lang='lat' dir='ltr'><strong>livores</strong></span> <span class='ocrx_word' id='word_1_160' title='bbox 338 1112 426 1143; x_wconf 85' lang='lat' dir='ltr'><strong>habet,</strong></span> <span class='ocrx_word' id='word_1_161' title='bbox 443 1119 494 1139; x_wconf 90' lang='lat' dir='ltr'><strong>non</strong></span> <span class='ocrx_word' id='word_1_162' title='bbox 507 1116 548 1139; x_wconf 89' lang='lat' dir='ltr'><strong>est</strong></span> <span class='ocrx_word' id='word_1_163' title='bbox 562 1120 651 1139; x_wconf 84' lang='lat' dir='ltr'><strong>sanus.</strong></span> <span class='ocrx_word' id='word_1_164' title='bbox 669 1111 742 1139; x_wconf 81' lang='lat' dir='ltr'><strong>Adde</strong></span> <span class='ocrx_word' id='word_1_165' title='bbox 761 1112 820 1147; x_wconf 87' lang='lat' dir='ltr'><strong>quia</strong></span> <span class='ocrx_word' id='word_1_166' title='bbox 835 1112 883 1145; x_wconf 87' lang='lat' dir='ltr'><strong>ipsi</strong></span> 
     </span>
    </p>
   </div>
   <div class='ocr_carea' id='block_1_22' title="bbox 98 1157 883 1192">
    <p class='ocr_par' dir='ltr' id='par_1_22' title="bbox 98 1157 883 1192">
     <span class='ocr_line' id='line_1_22' title="bbox 98 1157 883 1192; baseline 0 -9"><span class='ocrx_word' id='word_1_167' title='bbox 98 1157 194 1184; x_wconf 74' lang='lat' dir='ltr'><strong>livores</strong></span> <span class='ocrx_word' id='word_1_168' title='bbox 207 1162 425 1191; x_wconf 88' lang='lat' dir='ltr'><strong>computruerunt</strong></span> <span class='ocrx_word' id='word_1_169' title='bbox 437 1163 463 1184; x_wconf 90' lang='lat' dir='ltr'><strong>et</strong></span> <span class='ocrx_word' id='word_1_170' title='bbox 475 1162 627 1192; x_wconf 85' lang='lat' dir='ltr'><strong>potuerunt.</strong></span> <span class='ocrx_word' id='word_1_171' title='bbox 644 1157 719 1185; x_wconf 90' lang='lat' dir='ltr'><strong>Unde</strong></span> <span class='ocrx_word' id='word_1_172' title='bbox 731 1157 883 1192; x_wconf 91' lang='lat' dir='ltr'><strong>putucrunt?</strong></span> 
     </span>
    </p>
   </div>
   <div class='ocr_carea' id='block_1_23' title="bbox 96 1202 882 1238">
    <p class='ocr_par' dir='ltr' id='par_1_23' title="bbox 96 1202 882 1238">
     <span class='ocr_line' id='line_1_23' title="bbox 96 1202 882 1238; baseline 0 -9"><span class='ocrx_word' id='word_1_173' title='bbox 96 1203 160 1236; x_wconf 71' lang='lat' dir='ltr'><strong>Quia</strong></span> <span class='ocrx_word' id='word_1_174' title='bbox 175 1207 401 1237; x_wconf 88' lang='lat' dir='ltr'><strong>computruerunt.</strong></span> <span class='ocrx_word' id='word_1_175' title='bbox 413 1202 470 1229; x_wconf 86' lang='lat' dir='ltr'><strong>Jam</strong></span> <span class='ocrx_word' id='word_1_176' title='bbox 485 1203 618 1238; x_wconf 88' lang='lat' dir='ltr'><strong>quomodo</strong></span> <span class='ocrx_word' id='word_1_177' title='bbox 631 1202 682 1230; x_wconf 86' lang='lat' dir='ltr'><strong>hoc</strong></span> <span class='ocrx_word' id='word_1_178' title='bbox 696 1202 842 1237; x_wconf 81' lang='lat' dir='ltr'><strong>explicetur</strong></span> <span class='ocrx_word' id='word_1_179' title='bbox 856 1202 882 1229; x_wconf 93' lang='lat' dir='ltr'><strong>in</strong></span> 
     </span>
    </p>
   </div>
   <div class='ocr_carea' id='block_1_24' title="bbox 95 1248 883 1283">
    <p class='ocr_par' dir='ltr' id='par_1_24' title="bbox 95 1248 883 1283">
     <span class='ocr_line' id='line_1_24' title="bbox 95 1248 883 1283; baseline 0.003 -9"><span class='ocrx_word' id='word_1_180' title='bbox 95 1250 146 1275; x_wconf 83' lang='lat' dir='ltr'><strong>vita</strong></span> <span class='ocrx_word' id='word_1_181' title='bbox 163 1249 278 1275; x_wconf 86' lang='lat' dir='ltr'><strong>humana</strong></span> <span class='ocrx_word' id='word_1_182' title='bbox 292 1249 350 1283; x_wconf 89' lang='lat' dir='ltr'><strong>quis</strong></span> <span class='ocrx_word' id='word_1_183' title='bbox 365 1248 414 1275; x_wconf 91' lang='lat' dir='ltr'><strong>hoc</strong></span> <span class='ocrx_word' id='word_1_184' title='bbox 429 1257 480 1276; x_wconf 85' lang='lat' dir='ltr'><strong>non</strong></span> <span class='ocrx_word' id='word_1_185' title='bbox 494 1249 567 1275; x_wconf 88' lang='lat' dir='ltr'><strong>novit</strong></span> <span class='ocrx_word' id='word_1_186' title='bbox 580 1249 608 1275; x_wconf 72' lang='grc' dir='ltr'><strong>ίῚ</strong></span> <span class='ocrx_word' id='word_1_187' title='bbox 626 1249 724 1276; x_wconf 87' lang='lat' dir='ltr'><strong>Habeat</strong></span> <span class='ocrx_word' id='word_1_188' title='bbox 737 1249 830 1283; x_wconf 78' lang='lat' dir='ltr'><strong>aliquis</strong></span> <span class='ocrx_word' id='word_1_189' title='bbox 841 1256 883 1276; x_wconf 88' lang='lat' dir='ltr'><strong>sa-</strong></span> 
     </span>
    </p>
   </div>
   <div class='ocr_carea' id='block_1_25' title="bbox 96 1294 883 1329">
    <p class='ocr_par' dir='ltr' id='par_1_25' title="bbox 96 1294 883 1329">
     <span class='ocr_line' id='line_1_25' title="bbox 96 1294 883 1329; baseline 0.003 -9"><span class='ocrx_word' id='word_1_190' title='bbox 96 1302 157 1321; x_wconf 87' lang='lat' dir='ltr'><strong>num</strong></span> <span class='ocrx_word' id='word_1_191' title='bbox 178 1294 302 1321; x_wconf 87' lang='lat' dir='ltr'><strong>olfactnm</strong></span> <span class='ocrx_word' id='word_1_192' title='bbox 327 1295 437 1327; x_wconf 65' lang='lat' dir='ltr'><strong>animm,</strong></span> <span class='ocrx_word' id='word_1_193' title='bbox 452 1295 531 1321; x_wconf 88' lang='lat' dir='ltr'><strong>sentit</strong></span> <span class='ocrx_word' id='word_1_194' title='bbox 549 1295 683 1329; x_wconf 88' lang='lat' dir='ltr'><strong>quomodo</strong></span> <span class='ocrx_word' id='word_1_195' title='bbox 703 1300 807 1329; x_wconf 85' lang='lat' dir='ltr'><strong>pateant</strong></span> <span class='ocrx_word' id='word_1_196' title='bbox 822 1303 883 1329; x_wconf 87' lang='lat' dir='ltr'><strong>pec-</strong></span> 
     </span>
    </p>
   </div>
   <div class='ocr_carea' id='block_1_26' title="bbox 95 1339 880 1374">
    <p class='ocr_par' dir='ltr' id='par_1_26' title="bbox 95 1339 880 1374">
     <span class='ocr_line' id='line_1_26' title="bbox 95 1339 880 1374; baseline 0 -8"><span class='ocrx_word' id='word_1_197' title='bbox 95 1342 162 1366; x_wconf 71' lang='lat' dir='ltr'><strong>cata.</strong></span> <span class='ocrx_word' id='word_1_198' title='bbox 179 1339 226 1366; x_wconf 82' lang='lat' dir='ltr'><strong>Cui</strong></span> <span class='ocrx_word' id='word_1_199' title='bbox 243 1340 330 1374; x_wconf 88' lang='lat' dir='ltr'><strong>putori</strong></span> <span class='ocrx_word' id='word_1_200' title='bbox 342 1345 509 1374; x_wconf 79' lang='lat' dir='ltr'><strong>peccatorum</strong></span> <span class='ocrx_word' id='word_1_201' title='bbox 524 1340 671 1366; x_wconf 88' lang='lat' dir='ltr'><strong>contrarius</strong></span> <span class='ocrx_word' id='word_1_202' title='bbox 683 1346 739 1367; x_wconf 85' lang='lat' dir='ltr'><strong>erat</strong></span> <span class='ocrx_word' id='word_1_203' title='bbox 753 1340 818 1367; x_wconf 89' lang='lat' dir='ltr'><strong>odor</strong></span> <span class='ocrx_word' id='word_1_204' title='bbox 828 1341 880 1373; x_wconf 85' lang='lat' dir='ltr'><strong>ille,</strong></span> 
     </span>
    </p>
   </div>
   <div class='ocr_carea' id='block_1_27' title="bbox 96 1385 879 1420">
    <p class='ocr_par' dir='ltr' id='par_1_27' title="bbox 96 1385 879 1420">
     <span class='ocr_line' id='line_1_27' title="bbox 96 1385 879 1420; baseline 0.001 -9"><span class='ocrx_word' id='word_1_205' title='bbox 96 1387 128 1412; x_wconf 83' lang='lat' dir='ltr'><strong>de</strong></span> <span class='ocrx_word' id='word_1_206' title='bbox 141 1394 194 1420; x_wconf 88' lang='lat' dir='ltr'><strong>quo</strong></span> <span class='ocrx_word' id='word_1_207' title='bbox 207 1385 272 1412; x_wconf 87' lang='lat' dir='ltr'><strong>dicit</strong></span> <span class='ocrx_word' id='word_1_208' title='bbox 285 1386 426 1419; x_wconf 80' lang='lat' dir='ltr'><strong>Apostolus</strong></span> <span class='ocrx_word' id='word_1_209' title='bbox 440 1394 446 1411; x_wconf 92' lang='lat'>:</span> <span class='ocrx_word' id='word_1_210' title='bbox 460 1385 551 1412; x_wconf 80' lang='lat' dir='ltr'><strong>Christi</strong></span> <span class='ocrx_word' id='word_1_211' title='bbox 562 1385 641 1411; x_wconf 85' lang='lat' dir='ltr'><strong>bonus</strong></span> <span class='ocrx_word' id='word_1_212' title='bbox 650 1386 805 1412; x_wconf 81' lang='lat' dir='ltr'><strong>otlorsumus</strong></span> <span class='ocrx_word' id='word_1_213' title='bbox 818 1385 879 1419; x_wconf 60' lang='lat' dir='ltr'><strong>Duo,</strong></span> 
     </span>
    </p>
   </div>
   <div class='ocr_carea' id='block_1_28' title="bbox 95 1431 881 1468">
    <p class='ocr_par' dir='ltr' id='par_1_28' title="bbox 95 1431 881 1468">
     <span class='ocr_line' id='line_1_28' title="bbox 95 1431 881 1468; baseline 0.001 -11"><span class='ocrx_word' id='word_1_214' title='bbox 95 1432 198 1458; x_wconf 82' lang='lat' dir='ltr'><strong>inomni</strong></span> <span class='ocrx_word' id='word_1_215' title='bbox 212 1432 278 1464; x_wconf 84' lang='lat' dir='ltr'><strong>loco,</strong></span> <span class='ocrx_word' id='word_1_216' title='bbox 294 1432 326 1458; x_wconf 83' lang='lat' dir='ltr'><strong>iis</strong></span> <span class='ocrx_word' id='word_1_217' title='bbox 339 1432 382 1465; x_wconf 85' lang='lat' dir='ltr'><strong>qui</strong></span> <span class='ocrx_word' id='word_1_218' title='bbox 397 1431 459 1458; x_wconf 82' lang='lat' dir='ltr'><strong>salvi</strong></span> <span class='ocrx_word' id='word_1_219' title='bbox 470 1432 532 1466; x_wconf 79' lang='lat' dir='ltr'><strong>ﬁunt</strong></span> <span class='ocrx_word' id='word_1_220' title='bbox 545 1432 575 1468; x_wconf 92' lang='lat' dir='ltr'><strong>(ll</strong></span> <span class='ocrx_word' id='word_1_221' title='bbox 586 1431 643 1459; x_wconf 81' lang='lat' dir='ltr'><strong>Cor.</strong></span> <span class='ocrx_word' id='word_1_222' title='bbox 658 1431 751 1468; x_wconf 89' lang='grc' dir='ltr'>ιι,</span> <span class='ocrx_word' id='word_1_223' title='bbox 766 1432 816 1459; x_wconf 90' lang='lat' dir='ltr'><strong>Sed</strong></span> <span class='ocrx_word' id='word_1_224' title='bbox 831 1440 881 1458; x_wconf 92' lang='lat' dir='ltr'><strong>un-</strong></span> 
     </span>
    </p>
   </div>
   <div class='ocr_carea' id='block_1_29' title="bbox 95 1476 881 1511">
    <p class='ocr_par' dir='ltr' id='par_1_29' title="bbox 95 1476 881 1511">
     <span class='ocr_line' id='line_1_29' title="bbox 95 1476 881 1511; baseline 0 -8"><span class='ocrx_word' id='word_1_225' title='bbox 95 1477 138 1510; x_wconf 87' lang='lat' dir='ltr'><strong>de,</strong></span> <span class='ocrx_word' id='word_1_226' title='bbox 149 1477 200 1503; x_wconf 83' lang='lat' dir='ltr'><strong>nisi</strong></span> <span class='ocrx_word' id='word_1_227' title='bbox 214 1476 249 1504; x_wconf 92' lang='lat' dir='ltr'><strong>de</strong></span> <span class='ocrx_word' id='word_1_228' title='bbox 270 1477 335 1511; x_wconf 84' lang='lat' dir='ltr'><strong>spe?</strong></span> <span class='ocrx_word' id='word_1_229' title='bbox 350 1476 435 1508; x_wconf 83' lang='lat' dir='ltr'><strong>Unde,</strong></span> <span class='ocrx_word' id='word_1_230' title='bbox 457 1477 505 1503; x_wconf 84' lang='lat' dir='ltr'><strong>nisi</strong></span> <span class='ocrx_word' id='word_1_231' title='bbox 521 1477 553 1503; x_wconf 90' lang='lat' dir='ltr'><strong>de</strong></span> <span class='ocrx_word' id='word_1_232' title='bbox 568 1477 748 1503; x_wconf 88' lang='lat' dir='ltr'><strong>recordatione</strong></span> <span class='ocrx_word' id='word_1_233' title='bbox 761 1477 881 1503; x_wconf 88' lang='lat' dir='ltr'><strong>sabbati?</strong></span> 
     </span>
    </p>
   </div>
   <div class='ocr_carea' id='block_1_30' title="bbox 97 1522 881 1558">
    <p class='ocr_par' dir='ltr' id='par_1_30' title="bbox 97 1522 881 1558">
     <span class='ocr_line' id='line_1_30' title="bbox 97 1522 881 1558; baseline -0.001 -9"><span class='ocrx_word' id='word_1_234' title='bbox 97 1523 171 1550; x_wconf 81' lang='lat' dir='ltr'><strong>Aliud</strong></span> <span class='ocrx_word' id='word_1_235' title='bbox 186 1523 257 1550; x_wconf 88' lang='lat' dir='ltr'><strong>enim</strong></span> <span class='ocrx_word' id='word_1_236' title='bbox 274 1523 422 1558; x_wconf 83' lang='lat' dir='ltr'><strong>plangimus</strong></span> <span class='ocrx_word' id='word_1_237' title='bbox 434 1523 458 1549; x_wconf 90' lang='lat' dir='ltr'><strong>in</strong></span> <span class='ocrx_word' id='word_1_238' title='bbox 474 1522 522 1549; x_wconf 86' lang='lat' dir='ltr'><strong>hac</strong></span> <span class='ocrx_word' id='word_1_239' title='bbox 538 1523 599 1555; x_wconf 85' lang='lat' dir='ltr'><strong>rita,</strong></span> <span class='ocrx_word' id='word_1_240' title='bbox 616 1523 685 1549; x_wconf 88' lang='lat' dir='ltr'><strong>aliud</strong></span> <span class='ocrx_word' id='word_1_241' title='bbox 698 1523 881 1557; x_wconf 73' lang='lat' dir='ltr'><strong>przcsumimus</strong></span> 
     </span>
    </p>
   </div>
   <div class='ocr_carea' id='block_1_31' title="bbox 97 1567 878 1603">
    <p class='ocr_par' dir='ltr' id='par_1_31' title="bbox 97 1567 878 1603">
     <span class='ocr_line' id='line_1_31' title="bbox 97 1567 878 1603; baseline -0.001 -8"><span class='ocrx_word' id='word_1_242' title='bbox 97 1569 121 1594; x_wconf 90' lang='lat' dir='ltr'><strong>in</strong></span> <span class='ocrx_word' id='word_1_243' title='bbox 134 1569 176 1595; x_wconf 81' lang='lat' dir='ltr'><strong>illa</strong></span> <span class='ocrx_word' id='word_1_244' title='bbox 193 1568 255 1594; x_wconf 87' lang='lat' dir='ltr'><strong>vita.</strong></span> <span class='ocrx_word' id='word_1_245' title='bbox 273 1568 347 1601; x_wconf 83' lang='lat' dir='ltr'><strong>Quod</strong></span> <span class='ocrx_word' id='word_1_246' title='bbox 360 1568 499 1603; x_wconf 80' lang='lat' dir='ltr'><strong>plangitur,</strong></span> <span class='ocrx_word' id='word_1_247' title='bbox 516 1572 587 1602; x_wconf 82' lang='lat' dir='ltr'><strong>putet</strong></span> <span class='ocrx_word' id='word_1_248' title='bbox 600 1577 606 1594; x_wconf 94' lang='lat'><em>:</em></span> <span class='ocrx_word' id='word_1_249' title='bbox 619 1567 688 1602; x_wconf 88' lang='lat' dir='ltr'><strong>quod</strong></span> <span class='ocrx_word' id='word_1_250' title='bbox 702 1568 878 1601; x_wconf 63' lang='lat' dir='ltr'><strong>prmsumitur,</strong></span> 
     </span>
    </p>
   </div>
   <div class='ocr_carea' id='block_1_32' title="bbox 95 1613 880 1649">
    <p class='ocr_par' dir='ltr' id='par_1_32' title="bbox 95 1613 880 1649">
     <span class='ocr_line' id='line_1_32' title="bbox 95 1613 880 1649; baseline 0 -10"><span class='ocrx_word' id='word_1_251' title='bbox 95 1614 199 1649; x_wconf 77' lang='lat' dir='ltr'><strong>fragrat.</strong></span> <span class='ocrx_word' id='word_1_252' title='bbox 215 1614 285 1649; x_wconf 79' lang='lat' dir='ltr'><strong>Ergo</strong></span> <span class='ocrx_word' id='word_1_253' title='bbox 299 1614 346 1640; x_wconf 88' lang='lat' dir='ltr'><strong>nisi</strong></span> <span class='ocrx_word' id='word_1_254' title='bbox 367 1619 437 1640; x_wconf 84' lang='lat' dir='ltr'><strong>esset</strong></span> <span class='ocrx_word' id='word_1_255' title='bbox 452 1614 496 1640; x_wconf 90' lang='lat' dir='ltr'><strong>ille</strong></span> <span class='ocrx_word' id='word_1_256' title='bbox 513 1614 572 1640; x_wconf 83' lang='lat' dir='ltr'><strong>talis</strong></span> <span class='ocrx_word' id='word_1_257' title='bbox 587 1613 652 1639; x_wconf 88' lang='lat' dir='ltr'><strong>odor</strong></span> <span class='ocrx_word' id='word_1_258' title='bbox 666 1613 708 1647; x_wconf 89' lang='lat' dir='ltr'><strong>qui</strong></span> <span class='ocrx_word' id='word_1_259' title='bbox 726 1620 774 1639; x_wconf 88' lang='lat' dir='ltr'><strong>nos</strong></span> <span class='ocrx_word' id='word_1_260' title='bbox 785 1613 880 1639; x_wconf 84' lang='lat' dir='ltr'><strong>inrita-</strong></span> 
     </span>
    </p>
   </div>
   <div class='ocr_carea' id='block_1_33' title="bbox 95 1659 880 1695">
    <p class='ocr_par' dir='ltr' id='par_1_33' title="bbox 95 1659 880 1695">
     <span class='ocr_line' id='line_1_33' title="bbox 95 1659 880 1695; baseline -0.003 -8"><span class='ocrx_word' id='word_1_261' title='bbox 95 1666 144 1693; x_wconf 87' lang='lat' dir='ltr'><strong>ret,</strong></span> <span class='ocrx_word' id='word_1_262' title='bbox 158 1668 291 1695; x_wconf 89' lang='lat' dir='ltr'><strong>nunquam</strong></span> <span class='ocrx_word' id='word_1_263' title='bbox 312 1660 449 1687; x_wconf 88' lang='lat' dir='ltr'><strong>sabbatum</strong></span> <span class='ocrx_word' id='word_1_264' title='bbox 465 1660 673 1686; x_wconf 80' lang='lat' dir='ltr'><strong>recordaremur.</strong></span> <span class='ocrx_word' id='word_1_265' title='bbox 695 1659 746 1686; x_wconf 79' lang='lat' dir='ltr'><strong>Sed</strong></span> <span class='ocrx_word' id='word_1_266' title='bbox 761 1660 820 1694; x_wconf 89' lang='lat' dir='ltr'><strong>quia</strong></span> <span class='ocrx_word' id='word_1_267' title='bbox 834 1660 880 1685; x_wconf 86' lang='lat' dir='ltr'><strong>ha-</strong></span> 
     </span>
    </p>
   </div>
   <div class='ocr_carea' id='block_1_34' title="bbox 95 1705 879 1741">
    <p class='ocr_par' dir='ltr' id='par_1_34' title="bbox 95 1705 879 1741">
     <span class='ocr_line' id='line_1_34' title="bbox 95 1705 879 1741; baseline -0.003 -8"><span class='ocrx_word' id='word_1_268' title='bbox 95 1706 185 1733; x_wconf 82' lang='lat' dir='ltr'><strong>bemus</strong></span> <span class='ocrx_word' id='word_1_269' title='bbox 210 1714 257 1741; x_wconf 88' lang='lat' dir='ltr'><strong>per</strong></span> <span class='ocrx_word' id='word_1_270' title='bbox 280 1706 426 1741; x_wconf 71' lang='lat' dir='ltr'><strong>Spiritum‘</strong></span> <span class='ocrx_word' id='word_1_271' title='bbox 453 1706 537 1740; x_wconf 79' lang='lat' dir='ltr'><strong>ipsum</strong></span> <span class='ocrx_word' id='word_1_272' title='bbox 567 1705 686 1737; x_wconf 80' lang='lat' dir='ltr'><strong>odorem,</strong></span> <span class='ocrx_word' id='word_1_273' title='bbox 711 1710 738 1732; x_wconf 91' lang='lat' dir='ltr'><strong>ut</strong></span> <span class='ocrx_word' id='word_1_274' title='bbox 761 1705 879 1732; x_wconf 82' lang='lat' dir='ltr'><strong>dicamus</strong></span> 
     </span>
    </p>
   </div>
   <div class='ocr_carea' id='block_1_35' title="bbox 94 1750 879 1786">
    <p class='ocr_par' dir='ltr' id='par_1_35' title="bbox 94 1750 879 1786">
     <span class='ocr_line' id='line_1_35' title="bbox 94 1750 879 1786; baseline -0.001 -9"><span class='ocrx_word' id='word_1_275' title='bbox 94 1758 192 1786; x_wconf 67' lang='lat' dir='ltr'><strong>sponso</strong></span> <span class='ocrx_word' id='word_1_276' title='bbox 205 1756 306 1783; x_wconf 87' lang='lat' dir='ltr'><strong>nostro,</strong></span> <span class='ocrx_word' id='word_1_277' title='bbox 320 1750 382 1778; x_wconf 81' lang='lat' dir='ltr'><strong>Post</strong></span> <span class='ocrx_word' id='word_1_278' title='bbox 398 1751 499 1777; x_wconf 78' lang='lat' dir='ltr'><strong>odorem</strong></span> <span class='ocrx_word' id='word_1_279' title='bbox 512 1755 693 1785; x_wconf 82' lang='lat' dir='ltr'><strong>unguentorum</strong></span> <span class='ocrx_word' id='word_1_280' title='bbox 708 1756 808 1777; x_wconf 83' lang='lat' dir='ltr'><strong>tuorum</strong></span> <span class='ocrx_word' id='word_1_281' title='bbox 819 1759 879 1777; x_wconf 80' lang='lat' dir='ltr'><strong>cur-</strong></span> 
     </span>
    </p>
   </div>
   <div class='ocr_carea' id='block_1_36' title="bbox 95 1797 879 1833">
    <p class='ocr_par' dir='ltr' id='par_1_36' title="bbox 95 1797 879 1833">
     <span class='ocr_line' id='line_1_36' title="bbox 95 1797 879 1833; baseline -0.001 -9"><span class='ocrx_word' id='word_1_282' title='bbox 95 1806 174 1825; x_wconf 79' lang='lat' dir='ltr'><strong>mmu</strong></span> <span class='ocrx_word' id='word_1_283' title='bbox 189 1797 275 1833; x_wconf 80' lang='lat' dir='ltr'><strong>(Cant.</strong></span> <span class='ocrx_word' id='word_1_284' title='bbox 293 1805 311 1830; x_wconf 83' lang='grc' dir='ltr'>ι,</span> <span class='ocrx_word' id='word_1_285' title='bbox 333 1797 376 1833; x_wconf 81' lang='grc'><strong>5);</strong></span> <span class='ocrx_word' id='word_1_286' title='bbox 391 1797 532 1825; x_wconf 82' lang='lat' dir='ltr'><strong>avertimus</strong></span> <span class='ocrx_word' id='word_1_287' title='bbox 545 1805 558 1823; x_wconf 91' lang='lat' dir='ltr'><strong>a</strong></span> <span class='ocrx_word' id='word_1_288' title='bbox 575 1797 712 1831; x_wconf 87' lang='lat' dir='ltr'><strong>potoribus</strong></span> <span class='ocrx_word' id='word_1_289' title='bbox 728 1797 825 1823; x_wconf 85' lang='lat' dir='ltr'><strong>nostris</strong></span> <span class='ocrx_word' id='word_1_290' title='bbox 839 1797 879 1823; x_wconf 86' lang='lat' dir='ltr'><strong>ol—</strong></span> 
     </span>
    </p>
   </div>
   <div class='ocr_carea' id='block_1_37' title="bbox 96 1842 880 1877">
    <p class='ocr_par' dir='ltr' id='par_1_37' title="bbox 96 1842 880 1877">
     <span class='ocr_line' id='line_1_37' title="bbox 96 1842 880 1877; baseline -0.003 -6"><span class='ocrx_word' id='word_1_291' title='bbox 96 1844 200 1877; x_wconf 72' lang='lat' dir='ltr'><strong>fatuum,</strong></span> <span class='ocrx_word' id='word_1_292' title='bbox 217 1848 244 1871; x_wconf 89' lang='lat' dir='ltr'><strong>et</strong></span> <span class='ocrx_word' id='word_1_293' title='bbox 257 1847 441 1870; x_wconf 89' lang='lat' dir='ltr'><strong>convertentcs</strong></span> <span class='ocrx_word' id='word_1_294' title='bbox 456 1850 503 1869; x_wconf 88' lang='lat' dir='ltr'><strong>nos</strong></span> <span class='ocrx_word' id='word_1_295' title='bbox 515 1842 547 1869; x_wconf 88' lang='lat' dir='ltr'><strong>ad</strong></span> <span class='ocrx_word' id='word_1_296' title='bbox 562 1843 647 1877; x_wconf 77' lang='lat' dir='ltr'><strong>ipsum</strong></span> <span class='ocrx_word' id='word_1_297' title='bbox 664 1843 826 1877; x_wconf 86' lang='lat' dir='ltr'><strong>aliquantum</strong></span> <span class='ocrx_word' id='word_1_298' title='bbox 839 1850 880 1869; x_wconf 90' lang='lat' dir='ltr'><strong>rc-</strong></span> 
     </span>
    </p>
   </div>
   <div class='ocr_carea' id='block_1_38' title="bbox 95 1888 880 1923">
    <p class='ocr_par' dir='ltr' id='par_1_38' title="bbox 95 1888 880 1923">
     <span class='ocr_line' id='line_1_38' title="bbox 95 1888 880 1923; baseline -0.003 -7"><span class='ocrx_word' id='word_1_299' title='bbox 95 1890 234 1923; x_wconf 81' lang='lat' dir='ltr'><strong>spiramus.</strong></span> <span class='ocrx_word' id='word_1_300' title='bbox 246 1888 298 1916; x_wconf 90' lang='lat' dir='ltr'><strong>Sed</strong></span> <span class='ocrx_word' id='word_1_301' title='bbox 310 1889 360 1915; x_wconf 88' lang='lat' dir='ltr'><strong>nisi</strong></span> <span class='ocrx_word' id='word_1_302' title='bbox 373 1888 404 1915; x_wconf 90' lang='lat' dir='ltr'><strong>ad</strong></span> <span class='ocrx_word' id='word_1_303' title='bbox 416 1896 464 1915; x_wconf 85' lang='lat' dir='ltr'><strong>nos</strong></span> <span class='ocrx_word' id='word_1_304' title='bbox 478 1889 567 1915; x_wconf 83' lang='lat' dir='ltr'><strong>oleant</strong></span> <span class='ocrx_word' id='word_1_305' title='bbox 579 1893 605 1915; x_wconf 90' lang='lat' dir='ltr'><strong>et</strong></span> <span class='ocrx_word' id='word_1_306' title='bbox 615 1888 683 1914; x_wconf 90' lang='lat' dir='ltr'><strong>mala</strong></span> <span class='ocrx_word' id='word_1_307' title='bbox 697 1893 797 1917; x_wconf 86' lang='lat' dir='ltr'><strong>nostra.</strong></span> <span class='ocrx_word' id='word_1_308' title='bbox 812 1896 880 1915; x_wconf 64' lang='lat' dir='ltr'><strong>nun.</strong></span> 
     </span>
    </p>
   </div>
   <div class='ocr_carea' id='block_1_39' title="bbox 95 1933 880 1970">
    <p class='ocr_par' dir='ltr' id='par_1_39' title="bbox 95 1933 880 1970">
     <span class='ocr_line' id='line_1_39' title="bbox 95 1933 880 1970; baseline -0.003 -8"><span class='ocrx_word' id='word_1_309' title='bbox 95 1943 169 1970; x_wconf 82' lang='lat' dir='ltr'><strong>quam</strong></span> <span class='ocrx_word' id='word_1_310' title='bbox 188 1934 248 1962; x_wconf 81' lang='lat' dir='ltr'><strong>istis</strong></span> <span class='ocrx_word' id='word_1_311' title='bbox 271 1934 412 1969; x_wconf 79' lang='lat' dir='ltr'><strong>gemitibus</strong></span> <span class='ocrx_word' id='word_1_312' title='bbox 436 1934 602 1965; x_wconf 82' lang='lat' dir='ltr'><strong>conﬁtemur,</strong></span> <span class='ocrx_word' id='word_1_313' title='bbox 627 1933 836 1968; x_wconf 76' lang='lat' dir='ltr'><strong>Contpntruerunt</strong></span> <span class='ocrx_word' id='word_1_314' title='bbox 857 1938 880 1960; x_wconf 84' lang='lat' dir='ltr'><strong>ct</strong></span> 
     </span>
    </p>
   </div>
   <div class='ocr_carea' id='block_1_40' title="bbox 94 1979 878 2015">
    <p class='ocr_par' dir='ltr' id='par_1_40' title="bbox 94 1979 878 2015">
     <span class='ocr_line' id='line_1_40' title="bbox 94 1979 878 2015; baseline 0 -10"><span class='ocrx_word' id='word_1_315' title='bbox 94 1985 228 2015; x_wconf 79' lang='lat' dir='ltr'><strong>patuerunt</strong></span> <span class='ocrx_word' id='word_1_316' title='bbox 239 1980 326 2007; x_wconf 78' lang='lat' dir='ltr'><strong>liuores</strong></span> <span class='ocrx_word' id='word_1_317' title='bbox 344 1980 401 2006; x_wconf 81' lang='lat' dir='ltr'><strong>mei.</strong></span> <span class='ocrx_word' id='word_1_318' title='bbox 419 1979 511 2007; x_wconf 86' lang='lat' dir='ltr'><strong>Unde?</strong></span> <span class='ocrx_word' id='word_1_319' title='bbox 525 1980 545 2005; x_wconf 86' lang='grc' dir='ltr'><em>Α</em></span> <span class='ocrx_word' id='word_1_320' title='bbox 560 1980 623 2014; x_wconf 82' lang='lat' dir='ltr'><strong>facie</strong></span> <span class='ocrx_word' id='word_1_321' title='bbox 641 1979 791 2013; x_wconf 75' lang='lat' dir='ltr'><strong>insipientia:</strong></span> <span class='ocrx_word' id='word_1_322' title='bbox 808 1987 878 2006; x_wconf 66' lang='lat' dir='ltr'><strong>mete.</strong></span> 
     </span>
    </p>
   </div>
   <div class='ocr_carea' id='block_1_41' title="bbox 95 2026 878 2061">
    <p class='ocr_par' dir='ltr' id='par_1_41' title="bbox 95 2026 878 2061">
     <span class='ocr_line' id='line_1_41' title="bbox 95 2026 878 2061; baseline -0.004 -7"><span class='ocrx_word' id='word_1_323' title='bbox 95 2026 168 2054; x_wconf 81' lang='lat' dir='ltr'><strong>Unde</strong></span> <span class='ocrx_word' id='word_1_324' title='bbox 180 2026 248 2054; x_wconf 76' lang='lat' dir='ltr'><strong>dixit</strong></span> <span class='ocrx_word' id='word_1_325' title='bbox 261 2026 391 2061; x_wconf 87' lang='lat' dir='ltr'><strong>superius,</strong></span> <span class='ocrx_word' id='word_1_326' title='bbox 408 2026 429 2052; x_wconf 86' lang='grc' dir='ltr'><em>Α</em></span> <span class='ocrx_word' id='word_1_327' title='bbox 440 2026 504 2059; x_wconf 75' lang='lat' dir='ltr'><strong>facie</strong></span> <span class='ocrx_word' id='word_1_328' title='bbox 518 2030 674 2060; x_wconf 71' lang='lat' dir='ltr'><strong>peccatorum</strong></span> <span class='ocrx_word' id='word_1_329' title='bbox 690 2033 800 2051; x_wconf 78' lang='lat' dir='ltr'><strong>meorum</strong></span> <span class='ocrx_word' id='word_1_330' title='bbox 816 2033 824 2051; x_wconf 67' lang='grc' dir='ltr'><em>ξ</em></span> <span class='ocrx_word' id='word_1_331' title='bbox 840 2026 878 2051; x_wconf 88' lang='lat' dir='ltr'><strong>itt-</strong></span> 
     </span>
    </p>
   </div>
   <div class='ocr_carea' id='block_1_42' title="bbox 92 2072 565 2107">
    <p class='ocr_par' dir='ltr' id='par_1_42' title="bbox 92 2072 565 2107">
     <span class='ocr_line' id='line_1_42' title="bbox 92 2072 565 2107; baseline -0.008 -6"><span class='ocrx_word' id='word_1_332' title='bbox 92 2073 126 2101; x_wconf 85' lang='lat' dir='ltr'><strong>de</strong></span> <span class='ocrx_word' id='word_1_333' title='bbox 139 2080 220 2106; x_wconf 90' lang='lat' dir='ltr'><strong>nunc,</strong></span> <span class='ocrx_word' id='word_1_334' title='bbox 232 2073 253 2099; x_wconf 82' lang='grc' dir='ltr'><em>Α</em></span> <span class='ocrx_word' id='word_1_335' title='bbox 264 2073 328 2107; x_wconf 81' lang='lat' dir='ltr'><strong>facie</strong></span> <span class='ocrx_word' id='word_1_336' title='bbox 336 2072 486 2106; x_wconf 71' lang='lat' dir='ltr'><strong>insipientiw</strong></span> <span class='ocrx_word' id='word_1_337' title='bbox 499 2080 565 2098; x_wconf 75' lang='lat' dir='ltr'><strong>mete.</strong></span> 
     </span>
    </p>
   </div>
   <div class='ocr_carea' id='block_1_43' title="bbox 128 2116 880 2155">
    <p class='ocr_par' dir='ltr' id='par_1_43' title="bbox 128 2116 880 2155">
     <span class='ocr_line' id='line_1_43' title="bbox 128 2116 880 2155; baseline -0.004 -9"><span class='ocrx_word' id='word_1_338' title='bbox 128 2119 170 2147; x_wconf 81' lang='grc'><strong>10.</strong></span> <span class='ocrx_word' id='word_1_339' title='bbox 191 2118 268 2155; x_wconf 67' lang='grc' dir='ltr'><strong>[πη.</strong></span> <span class='ocrx_word' id='word_1_340' title='bbox 282 2116 320 2154; x_wconf 88' lang='grc'><strong>7.]</strong></span> <span class='ocrx_word' id='word_1_341' title='bbox 335 2117 444 2145; x_wconf 74' lang='lat' dir='ltr'><strong>Misenis</strong></span> <span class='ocrx_word' id='word_1_342' title='bbox 459 2118 562 2152; x_wconf 77' lang='lat' dir='ltr'><strong>aﬂlictus</strong></span> <span class='ocrx_word' id='word_1_343' title='bbox 579 2126 643 2150; x_wconf 79' lang='lat' dir='ltr'><strong>sum,</strong></span> <span class='ocrx_word' id='word_1_344' title='bbox 658 2123 680 2144; x_wconf 87' lang='lat' dir='ltr'><strong>et</strong></span> <span class='ocrx_word' id='word_1_345' title='bbox 690 2122 806 2144; x_wconf 81' lang='lat' dir='ltr'><strong>curvatus</strong></span> <span class='ocrx_word' id='word_1_346' title='bbox 824 2126 880 2144; x_wconf 79' lang='lat' dir='ltr'><strong>sum</strong></span> 
     </span>
    </p>
   </div>
   <div class='ocr_carea' id='block_1_44' title="bbox 91 2163 878 2201">
    <p class='ocr_par' dir='ltr' id='par_1_44' title="bbox 91 2163 878 2201">
     <span class='ocr_line' id='line_1_44' title="bbox 91 2163 878 2201; baseline -0.001 -9"><span class='ocrx_word' id='word_1_347' title='bbox 91 2173 169 2201; x_wconf 72' lang='lat' dir='ltr'><strong>usque</strong></span> <span class='ocrx_word' id='word_1_348' title='bbox 187 2165 216 2192; x_wconf 83' lang='lat' dir='ltr'><strong>in</strong></span> <span class='ocrx_word' id='word_1_349' title='bbox 228 2165 314 2199; x_wconf 79' lang='lat' dir='ltr'><strong>ﬁnem.</strong></span> <span class='ocrx_word' id='word_1_350' title='bbox 338 2163 412 2192; x_wconf 88' lang='lat' dir='ltr'><strong>Unde</strong></span> <span class='ocrx_word' id='word_1_351' title='bbox 426 2168 549 2191; x_wconf 83' lang='lat' dir='ltr'><strong>curvatus</strong></span> <span class='ocrx_word' id='word_1_352' title='bbox 564 2163 622 2191; x_wconf 86' lang='lat' dir='ltr'><strong>est?</strong></span> <span class='ocrx_word' id='word_1_353' title='bbox 636 2163 702 2196; x_wconf 86' lang='lat' dir='ltr'><strong>Quia</strong></span> <span class='ocrx_word' id='word_1_354' title='bbox 714 2163 798 2190; x_wconf 86' lang='lat' dir='ltr'><strong>elatus</strong></span> <span class='ocrx_word' id='word_1_355' title='bbox 812 2168 878 2191; x_wconf 86' lang='lat' dir='ltr'><strong>erat.</strong></span> 
     </span>
    </p>
   </div>
   <div class='ocr_carea' id='block_1_45' title="bbox 91 2209 879 2245">
    <p class='ocr_par' dir='ltr' id='par_1_45' title="bbox 91 2209 879 2245">
     <span class='ocr_line' id='line_1_45' title="bbox 91 2209 879 2245; baseline 0 -8"><span class='ocrx_word' id='word_1_356' title='bbox 91 2212 119 2238; x_wconf 82' lang='lat' dir='ltr'><strong>Si</strong></span> <span class='ocrx_word' id='word_1_357' title='bbox 134 2211 217 2239; x_wconf 81' lang='lat' dir='ltr'><strong>fueris</strong></span> <span class='ocrx_word' id='word_1_358' title='bbox 230 2210 348 2243; x_wconf 82' lang='lat' dir='ltr'><strong>humilis,</strong></span> <span class='ocrx_word' id='word_1_359' title='bbox 362 2211 488 2245; x_wconf 77' lang='lat' dir='ltr'><strong>eriget-is;</strong></span> <span class='ocrx_word' id='word_1_360' title='bbox 504 2210 527 2237; x_wconf 92' lang='lat' dir='ltr'><strong>si</strong></span> <span class='ocrx_word' id='word_1_361' title='bbox 542 2209 622 2237; x_wconf 68' lang='lat' dir='ltr'><strong>fueris</strong></span> <span class='ocrx_word' id='word_1_362' title='bbox 636 2210 731 2243; x_wconf 88' lang='lat' dir='ltr'><strong>elatus,</strong></span> <span class='ocrx_word' id='word_1_363' title='bbox 749 2210 879 2237; x_wconf 73' lang='lat' dir='ltr'><strong>curvabe-</strong></span> 
     </span>
    </p>
   </div>
   <div class='ocr_carea' id='block_1_46' title="bbox 91 2255 878 2290">
    <p class='ocr_par' dir='ltr' id='par_1_46' title="bbox 91 2255 878 2290">
     <span class='ocr_line' id='line_1_46' title="bbox 91 2255 878 2290; baseline -0.003 -6"><span class='ocrx_word' id='word_1_364' title='bbox 91 2258 130 2284; x_wconf 82' lang='lat' dir='ltr'><strong>ris</strong></span> <span class='ocrx_word' id='word_1_365' title='bbox 142 2265 150 2283; x_wconf 85' lang='lat'><strong>:</strong></span> <span class='ocrx_word' id='word_1_366' title='bbox 167 2264 220 2284; x_wconf 90' lang='lat' dir='ltr'><strong>non</strong></span> <span class='ocrx_word' id='word_1_367' title='bbox 233 2256 303 2284; x_wconf 88' lang='lat' dir='ltr'><strong>enim</strong></span> <span class='ocrx_word' id='word_1_368' title='bbox 317 2256 404 2283; x_wconf 90' lang='lat' dir='ltr'><strong>deerit</strong></span> <span class='ocrx_word' id='word_1_369' title='bbox 417 2256 470 2282; x_wconf 88' lang='lat' dir='ltr'><strong>Deo</strong></span> <span class='ocrx_word' id='word_1_370' title='bbox 489 2255 590 2290; x_wconf 85' lang='lat' dir='ltr'><strong>pondus</strong></span> <span class='ocrx_word' id='word_1_371' title='bbox 605 2255 673 2282; x_wconf 90' lang='lat' dir='ltr'><strong>unde</strong></span> <span class='ocrx_word' id='word_1_372' title='bbox 687 2260 712 2282; x_wconf 90' lang='lat' dir='ltr'><strong>te</strong></span> <span class='ocrx_word' id='word_1_373' title='bbox 726 2260 827 2283; x_wconf 86' lang='lat' dir='ltr'><strong>curvet.</strong></span> <span class='ocrx_word' id='word_1_374' title='bbox 844 2255 878 2282; x_wconf 88' lang='lat' dir='ltr'><strong>ll-</strong></span> 
     </span>
    </p>
   </div>
   <div class='ocr_carea' id='block_1_47' title="bbox 91 2301 881 2338">
    <p class='ocr_par' dir='ltr' id='par_1_47' title="bbox 91 2301 881 2338">
     <span class='ocr_line' id='line_1_47' title="bbox 91 2301 881 2338; baseline -0.004 -8"><span class='ocrx_word' id='word_1_375' title='bbox 91 2302 137 2330; x_wconf 84' lang='lat' dir='ltr'><strong>lud</strong></span> <span class='ocrx_word' id='word_1_376' title='bbox 152 2303 204 2330; x_wconf 84' lang='lat' dir='ltr'><strong>erit</strong></span> <span class='ocrx_word' id='word_1_377' title='bbox 216 2301 336 2338; x_wconf 85' lang='lat' dir='ltr'><strong>pondus,</strong></span> <span class='ocrx_word' id='word_1_378' title='bbox 359 2302 437 2328; x_wconf 80' lang='lat' dir='ltr'><strong>fascis</strong></span> <span class='ocrx_word' id='word_1_379' title='bbox 452 2306 617 2334; x_wconf 84' lang='lat' dir='ltr'><strong>peccatorum</strong></span> <span class='ocrx_word' id='word_1_380' title='bbox 632 2306 736 2328; x_wconf 86' lang='lat' dir='ltr'><strong>tuorum</strong></span> <span class='ocrx_word' id='word_1_381' title='bbox 752 2309 757 2327; x_wconf 92' lang='lat'>:</span> <span class='ocrx_word' id='word_1_382' title='bbox 775 2301 825 2328; x_wconf 90' lang='lat' dir='ltr'><strong>hoc</strong></span> <span class='ocrx_word' id='word_1_383' title='bbox 839 2309 881 2328; x_wconf 87' lang='lat' dir='ltr'><strong>re-</strong></span> 
     </span>
    </p>
   </div>
   <div class='ocr_carea' id='block_1_48' title="bbox 90 2346 879 2383">
    <p class='ocr_par' dir='ltr' id='par_1_48' title="bbox 90 2346 879 2383">
     <span class='ocr_line' id='line_1_48' title="bbox 90 2346 879 2383; baseline -0.003 -8"><span class='ocrx_word' id='word_1_384' title='bbox 90 2348 233 2383; x_wconf 75' lang='lat' dir='ltr'><strong>plicabitur</strong></span> <span class='ocrx_word' id='word_1_385' title='bbox 246 2348 272 2375; x_wconf 91' lang='lat' dir='ltr'><strong>in</strong></span> <span class='ocrx_word' id='word_1_386' title='bbox 285 2352 364 2383; x_wconf 89' lang='lat' dir='ltr'><strong>caput</strong></span> <span class='ocrx_word' id='word_1_387' title='bbox 377 2351 460 2379; x_wconf 91' lang='lat' dir='ltr'><strong>tuum,</strong></span> <span class='ocrx_word' id='word_1_388' title='bbox 477 2352 503 2374; x_wconf 88' lang='lat' dir='ltr'><strong>et</strong></span> <span class='ocrx_word' id='word_1_389' title='bbox 520 2347 680 2374; x_wconf 79' lang='lat' dir='ltr'><strong>carvaberis.</strong></span> <span class='ocrx_word' id='word_1_390' title='bbox 696 2346 764 2379; x_wconf 87' lang='lat' dir='ltr'><strong>Quid</strong></span> <span class='ocrx_word' id='word_1_391' title='bbox 777 2351 817 2374; x_wconf 90' lang='lat' dir='ltr'><strong>est</strong></span> <span class='ocrx_word' id='word_1_392' title='bbox 831 2354 879 2373; x_wconf 79' lang='lat' dir='ltr'><strong>au-</strong></span> 
     </span>
    </p>
   </div>
   <div class='ocr_carea' id='block_1_49' title="bbox 89 2392 881 2427">
    <p class='ocr_par' dir='ltr' id='par_1_49' title="bbox 89 2392 881 2427">
     <span class='ocr_line' id='line_1_49' title="bbox 89 2392 881 2427; baseline -0.001 -7"><span class='ocrx_word' id='word_1_393' title='bbox 89 2400 146 2422; x_wconf 80' lang='lat' dir='ltr'><strong>tctn</strong></span> <span class='ocrx_word' id='word_1_394' title='bbox 161 2394 281 2422; x_wconf 88' lang='lat' dir='ltr'><strong>curvari?</strong></span> <span class='ocrx_word' id='word_1_395' title='bbox 293 2393 350 2421; x_wconf 83' lang='lat' dir='ltr'><strong>Non</strong></span> <span class='ocrx_word' id='word_1_396' title='bbox 363 2401 391 2421; x_wconf 89' lang='lat' dir='ltr'><strong>se</strong></span> <span class='ocrx_word' id='word_1_397' title='bbox 405 2401 480 2427; x_wconf 87' lang='lat' dir='ltr'><strong>posse</strong></span> <span class='ocrx_word' id='word_1_398' title='bbox 490 2394 601 2427; x_wconf 76' lang='lat' dir='ltr'><strong>erigere.</strong></span> <span class='ocrx_word' id='word_1_399' title='bbox 616 2392 706 2419; x_wconf 84' lang='lat' dir='ltr'><strong>Talem</strong></span> <span class='ocrx_word' id='word_1_400' title='bbox 719 2392 819 2420; x_wconf 86' lang='lat' dir='ltr'><strong>invenit</strong></span> <span class='ocrx_word' id='word_1_401' title='bbox 830 2393 881 2419; x_wconf 87' lang='lat' dir='ltr'><strong>Do-</strong></span> 
     </span>
    </p>
   </div>
   <div class='ocr_carea' id='block_1_50' title="bbox 89 2439 878 2474">
    <p class='ocr_par' dir='ltr' id='par_1_50' title="bbox 89 2439 878 2474">
     <span class='ocr_line' id='line_1_50' title="bbox 89 2439 878 2474; baseline -0.005 -6"><span class='ocrx_word' id='word_1_402' title='bbox 89 2442 182 2468; x_wconf 82' lang='lat' dir='ltr'><strong>minus</strong></span> <span class='ocrx_word' id='word_1_403' title='bbox 197 2440 333 2468; x_wconf 78' lang='lat' dir='ltr'><strong>mulierem</strong></span> <span class='ocrx_word' id='word_1_404' title='bbox 357 2447 403 2474; x_wconf 88' lang='lat' dir='ltr'><strong>per</strong></span> <span class='ocrx_word' id='word_1_405' title='bbox 421 2439 512 2466; x_wconf 81' lang='lat' dir='ltr'><strong>decem</strong></span> <span class='ocrx_word' id='word_1_406' title='bbox 528 2443 554 2466; x_wconf 91' lang='lat' dir='ltr'><strong>et</strong></span> <span class='ocrx_word' id='word_1_407' title='bbox 575 2443 635 2465; x_wconf 84' lang='lat' dir='ltr'><strong>octo</strong></span> <span class='ocrx_word' id='word_1_408' title='bbox 653 2446 737 2465; x_wconf 86' lang='lat' dir='ltr'><strong>annos</strong></span> <span class='ocrx_word' id='word_1_409' title='bbox 752 2446 878 2465; x_wconf 85' lang='lat' dir='ltr'><strong>curvam:</strong></span> 
     </span>
    </p>
   </div>
   <div class='ocr_carea' id='block_1_51' title="bbox 86 2484 879 2522">
    <p class='ocr_par' dir='ltr' id='par_1_51' title="bbox 86 2484 879 2522">
     <span class='ocr_line' id='line_1_51' title="bbox 86 2484 879 2522; baseline -0.005 -7"><span class='ocrx_word' id='word_1_410' title='bbox 86 2497 145 2515; x_wconf 81' lang='lat' dir='ltr'><strong>non</strong></span> <span class='ocrx_word' id='word_1_411' title='bbox 162 2494 191 2515; x_wconf 88' lang='lat' dir='ltr'><strong>se</strong></span> <span class='ocrx_word' id='word_1_412' title='bbox 204 2491 309 2522; x_wconf 84' lang='lat' dir='ltr'><strong>poterat</strong></span> <span class='ocrx_word' id='word_1_413' title='bbox 320 2486 422 2520; x_wconf 75' lang='lat' dir='ltr'><strong>erigere</strong></span> <span class='ocrx_word' id='word_1_414' title='bbox 443 2485 516 2520; x_wconf 87' lang='lat' dir='ltr'><strong>(Luc.</strong></span> <span class='ocrx_word' id='word_1_415' title='bbox 532 2493 587 2516; x_wconf 79' lang='lat' dir='ltr'><strong>xtu,</strong></span> <span class='ocrx_word' id='word_1_416' title='bbox 604 2484 658 2517; x_wconf 82' lang='lat' dir='ltr'><strong>ii).</strong></span> <span class='ocrx_word' id='word_1_417' title='bbox 670 2485 747 2511; x_wconf 81' lang='lat' dir='ltr'><strong>Tales</strong></span> <span class='ocrx_word' id='word_1_418' title='bbox 761 2489 822 2511; x_wconf 84' lang='lat' dir='ltr'><strong>sunt</strong></span> <span class='ocrx_word' id='word_1_419' title='bbox 835 2485 879 2520; x_wconf 91' lang='lat' dir='ltr'><strong>qui</strong></span> 
     </span>
    </p>
   </div>
   <div class='ocr_carea' id='block_1_52' title="bbox 87 2531 879 2564">
    <p class='ocr_par' dir='ltr' id='par_1_52' title="bbox 87 2531 879 2564">
     <span class='ocr_line' id='line_1_52' title="bbox 87 2531 879 2564; baseline -0.003 -5"><span class='ocrx_word' id='word_1_420' title='bbox 87 2535 116 2559; x_wconf 86' lang='lat' dir='ltr'><strong>in</strong></span> <span class='ocrx_word' id='word_1_421' title='bbox 133 2538 206 2560; x_wconf 84' lang='lat' dir='ltr'><strong>terra</strong></span> <span class='ocrx_word' id='word_1_422' title='bbox 216 2540 264 2559; x_wconf 80' lang='lat' dir='ltr'><strong>cor</strong></span> <span class='ocrx_word' id='word_1_423' title='bbox 281 2532 389 2558; x_wconf 77' lang='lat' dir='ltr'><strong>habent.</strong></span> <span class='ocrx_word' id='word_1_424' title='bbox 410 2532 443 2557; x_wconf 76' lang='lat' dir='ltr'><strong>At</strong></span> <span class='ocrx_word' id='word_1_425' title='bbox 457 2539 529 2561; x_wconf 67' lang='lat' dir='ltr'><strong>\‘cro,</strong></span> <span class='ocrx_word' id='word_1_426' title='bbox 544 2531 603 2564; x_wconf 85' lang='lat' dir='ltr'><strong>quia</strong></span> <span class='ocrx_word' id='word_1_427' title='bbox 618 2531 717 2557; x_wconf 69' lang='lat' dir='ltr'><strong>invenit</strong></span> <span class='ocrx_word' id='word_1_428' title='bbox 731 2531 823 2557; x_wconf 84' lang='lat' dir='ltr'><strong>mulier</strong></span> <span class='ocrx_word' id='word_1_429' title='bbox 837 2531 879 2557; x_wconf 84' lang='lat' dir='ltr'><strong>illa</strong></span> 
     </span>
    </p>
   </div>
   <div class='ocr_carea' id='block_1_53' title="bbox 86 2576 880 2611">
    <p class='ocr_par' dir='ltr' id='par_1_53' title="bbox 86 2576 880 2611">
     <span class='ocr_line' id='line_1_53' title="bbox 86 2576 880 2611; baseline -0.005 -5"><span class='ocrx_word' id='word_1_430' title='bbox 86 2579 247 2610; x_wconf 76' lang='lat' dir='ltr'><strong>hominum,</strong></span> <span class='ocrx_word' id='word_1_431' title='bbox 255 2583 280 2605; x_wconf 85' lang='lat' dir='ltr'><strong>et</strong></span> <span class='ocrx_word' id='word_1_432' title='bbox 291 2578 393 2604; x_wconf 68' lang='lat' dir='ltr'><strong>sanavit</strong></span> <span class='ocrx_word' id='word_1_433' title='bbox 402 2585 470 2608; x_wconf 62' lang='lat' dir='ltr'><strong>nun,</strong></span> <span class='ocrx_word' id='word_1_434' title='bbox 481 2576 573 2603; x_wconf 85' lang='lat' dir='ltr'><strong>habeat</strong></span> <span class='ocrx_word' id='word_1_435' title='bbox 584 2584 686 2602; x_wconf 87' lang='lat' dir='ltr'><strong>sttrsum</strong></span> <span class='ocrx_word' id='word_1_436' title='bbox 696 2584 751 2603; x_wconf 81' lang='lat' dir='ltr'><strong>cor.</strong></span> <span class='ocrx_word' id='word_1_437' title='bbox 762 2576 788 2603; x_wconf 87' lang='lat' dir='ltr'><strong>In</strong></span> <span class='ocrx_word' id='word_1_438' title='bbox 797 2584 880 2611; x_wconf 67' lang='lat' dir='ltr'><strong>quam</strong></span> 
     </span>
    </p>
   </div>
   <div class='ocr_carea' id='block_1_54' title="bbox 84 2618 880 2656">
    <p class='ocr_par' dir='ltr' id='par_1_54' title="bbox 84 2618 880 2656">
     <span class='ocr_line' id='line_1_54' title="bbox 84 2618 880 2656; baseline -0.004 -5"><span class='ocrx_word' id='word_1_439' title='bbox 84 2633 147 2652; x_wconf 83' lang='lat' dir='ltr'><strong>Illltl</strong></span> <span class='ocrx_word' id='word_1_440' title='bbox 165 2629 252 2651; x_wconf 84' lang='lat' dir='ltr'><strong>tamen</strong></span> <span class='ocrx_word' id='word_1_441' title='bbox 262 2618 396 2655; x_wconf 77' lang='lat' dir='ltr'><strong>curvatur,</strong></span> <span class='ocrx_word' id='word_1_442' title='bbox 413 2622 498 2648; x_wconf 85' lang='lat' dir='ltr'><strong>adhuc</strong></span> <span class='ocrx_word' id='word_1_443' title='bbox 508 2622 598 2656; x_wconf 74' lang='lat' dir='ltr'><strong>gemit.</strong></span> <span class='ocrx_word' id='word_1_444' title='bbox 610 2622 739 2648; x_wconf 86' lang='lat' dir='ltr'><strong>Curvatur</strong></span> <span class='ocrx_word' id='word_1_445' title='bbox 751 2623 821 2649; x_wconf 90' lang='lat' dir='ltr'><strong>enim</strong></span> <span class='ocrx_word' id='word_1_446' title='bbox 837 2622 880 2649; x_wconf 87' lang='lat' dir='ltr'><strong>ille</strong></span> 
     </span>
    </p>
   </div>
   <div class='ocr_carea' id='block_1_55' title="bbox 81 2668 881 2706">
    <p class='ocr_par' dir='ltr' id='par_1_55' title="bbox 81 2668 881 2706">
     <span class='ocr_line' id='line_1_55' title="bbox 81 2668 881 2706; baseline -0.001 -9"><span class='ocrx_word' id='word_1_447' title='bbox 81 2672 135 2706; x_wconf 76' lang='lat' dir='ltr'><strong>qui</strong></span> <span class='ocrx_word' id='word_1_448' title='bbox 161 2671 225 2698; x_wconf 86' lang='lat' dir='ltr'><strong>dicit</strong></span> <span class='ocrx_word' id='word_1_449' title='bbox 240 2679 247 2696; x_wconf 92' lang='lat'>:</span> <span class='ocrx_word' id='word_1_450' title='bbox 263 2670 360 2705; x_wconf 82' lang='lat' dir='ltr'><strong>Corpus</strong></span> <span class='ocrx_word' id='word_1_451' title='bbox 379 2669 445 2696; x_wconf 84' lang='lat' dir='ltr'><strong>enim</strong></span> <span class='ocrx_word' id='word_1_452' title='bbox 466 2668 532 2703; x_wconf 84' lang='lat' dir='ltr'><strong>quod</strong></span> <span class='ocrx_word' id='word_1_453' title='bbox 550 2669 738 2703; x_wconf 64' lang='lat' dir='ltr'><strong>corrumpitur,</strong></span> <span class='ocrx_word' id='word_1_454' title='bbox 762 2674 881 2704; x_wconf 79' lang='lat' dir='ltr'><strong>aggravat</strong></span> 
     </span>
    </p>
   </div>
   <div class='ocr_carea' id='block_1_56' title="bbox 80 2714 881 2752">
    <p class='ocr_par' dir='ltr' id='par_1_56' title="bbox 80 2714 881 2752">
     <span class='ocr_line' id='line_1_56' title="bbox 80 2714 881 2752; baseline -0.004 -7"><span class='ocrx_word' id='word_1_455' title='bbox 80 2719 214 2747; x_wconf 81' lang='lat' dir='ltr'><strong>animum.</strong></span> <span class='ocrx_word' id='word_1_456' title='bbox 230 2722 253 2744; x_wconf 85' lang='lat' dir='ltr'><strong>et</strong></span> <span class='ocrx_word' id='word_1_457' title='bbox 267 2717 386 2752; x_wconf 84' lang='lat' dir='ltr'><strong>deprimit</strong></span> <span class='ocrx_word' id='word_1_458' title='bbox 401 2721 499 2742; x_wconf 84' lang='lat' dir='ltr'><strong>terrena</strong></span> <span class='ocrx_word' id='word_1_459' title='bbox 515 2714 663 2742; x_wconf 82' lang='lat' dir='ltr'><strong>inltabitatia</strong></span> <span class='ocrx_word' id='word_1_460' title='bbox 680 2723 781 2742; x_wconf 74' lang='lat' dir='ltr'><strong>sensum</strong></span> <span class='ocrx_word' id='word_1_461' title='bbox 801 2715 881 2742; x_wconf 81' lang='lat' dir='ltr'><strong>multa</strong></span> 
     </span>
    </p>
   </div>
   <div class='ocr_carea' id='block_1_57' title="bbox 79 2755 882 2800">
    <p class='ocr_par' dir='ltr' id='par_1_57' title="bbox 79 2755 882 2800">
     <span class='ocr_line' id='line_1_57' title="bbox 79 2755 882 2800; baseline -0.005 -7"><span class='ocrx_word' id='word_1_462' title='bbox 79 2765 244 2800; x_wconf 74' lang='lat' dir='ltr'><strong>cogitantem</strong></span> <span class='ocrx_word' id='word_1_463' title='bbox 259 2763 335 2799; x_wconf 83' lang='lat' dir='ltr'><strong>(Sap.</strong></span> <span class='ocrx_word' id='word_1_464' title='bbox 353 2770 392 2796; x_wconf 81' lang='lat' dir='ltr'><strong>lx,</strong></span> <span class='ocrx_word' id='word_1_465' title='bbox 406 2762 461 2796; x_wconf 78' lang='grc'><strong>15).</strong></span> <span class='ocrx_word' id='word_1_466' title='bbox 477 2761 504 2788; x_wconf 91' lang='lat' dir='ltr'><strong>In</strong></span> <span class='ocrx_word' id='word_1_467' title='bbox 524 2760 565 2789; x_wconf 87' lang='lat' dir='ltr'><strong>his</strong></span> <span class='ocrx_word' id='word_1_468' title='bbox 579 2765 676 2796; x_wconf 77' lang='lat' dir='ltr'><strong>gemat,</strong></span> <span class='ocrx_word' id='word_1_469' title='bbox 693 2766 721 2788; x_wconf 90' lang='grc' dir='ltr'><strong>ιιι</strong></span> <span class='ocrx_word' id='word_1_470' title='bbox 736 2761 799 2789; x_wconf 87' lang='lat' dir='ltr'><strong>illud</strong></span> <span class='ocrx_word' id='word_1_471' title='bbox 812 2755 882 2790; x_wconf 84' lang='lat' dir='ltr'><strong>acci-</strong></span> 
     </span>
    </p>
   </div>
   <div class='ocr_carea' id='block_1_58' title="bbox 121 2848 881 2882">
    <p class='ocr_par' dir='ltr' id='par_1_58' title="bbox 121 2848 881 2882">
     <span class='ocr_line' id='line_1_58' title="bbox 121 2848 881 2882; baseline 0.011 -14"><span class='ocrx_word' id='word_1_472' title='bbox 121 2854 131 2868; x_wconf 69' lang='lat'><strong>1</strong></span> <span class='ocrx_word' id='word_1_473' title='bbox 149 2856 199 2876; x_wconf 60' lang='lat' dir='ltr'><strong>Am,</strong></span> <span class='ocrx_word' id='word_1_474' title='bbox 211 2855 247 2876; x_wconf 64' lang='lat' dir='ltr'><strong>rx.</strong></span> <span class='ocrx_word' id='word_1_475' title='bbox 259 2855 284 2877; x_wconf 79' lang='lat' dir='ltr'><strong>et</strong></span> <span class='ocrx_word' id='word_1_476' title='bbox 295 2851 405 2882; x_wconf 80' lang='lat' dir='ltr'><strong>plerique</strong></span> <span class='ocrx_word' id='word_1_477' title='bbox 415 2854 467 2876; x_wconf 71' lang='lat' dir='ltr'><strong>uss.</strong></span> <span class='ocrx_word' id='word_1_478' title='bbox 479 2852 564 2875; x_wconf 87' lang='lat' dir='ltr'><strong>carent</strong></span> <span class='ocrx_word' id='word_1_479' title='bbox 572 2848 695 2881; x_wconf 67' lang='lat' dir='ltr'><strong>particula,</strong></span> <span class='ocrx_word' id='word_1_480' title='bbox 703 2856 757 2875; x_wconf 85' lang='lat' dir='ltr'><strong>non.</strong></span> <span class='ocrx_word' id='word_1_481' title='bbox 767 2849 881 2880; x_wconf 72' lang='lat' dir='ltr'><strong>quidam:</strong></span> 
     </span>
    </p>
   </div>
   <div class='ocr_carea' id='block_1_59' title="bbox 81 2881 561 2916">
    <p class='ocr_par' dir='ltr' id='par_1_59' title="bbox 81 2881 561 2916">
     <span class='ocr_line' id='line_1_59' title="bbox 81 2881 561 2916; baseline -0.01 -8"><span class='ocrx_word' id='word_1_482' title='bbox 81 2883 203 2916; x_wconf 60' lang='lat' dir='ltr'><strong>Quisquis</strong></span> <span class='ocrx_word' id='word_1_483' title='bbox 215 2881 336 2907; x_wconf 69' lang='lat' dir='ltr'><strong>Itotnoiit.</strong></span> <span class='ocrx_word' id='word_1_484' title='bbox 355 2881 372 2916; x_wconf 47' lang='grc' dir='ltr'><strong>ς</strong></span> <span class='ocrx_word' id='word_1_485' title='bbox 506 2915 510 2916; x_wconf 19' lang='lat'><em>7</em></span> <span class='ocrx_word' id='word_1_486' title='bbox 532 2910 538 2916; x_wconf 81' lang='lat'><strong>_</strong></span> <span class='ocrx_word' id='word_1_487' title='bbox 557 2910 561 2915; x_wconf 88' lang='lat'><em>_</em></span> 
     </span>
    </p>
   </div>
   <div class='ocr_carea' id='block_1_60' title="bbox 120 2914 618 2945">
    <p class='ocr_par' dir='ltr' id='par_1_60' title="bbox 120 2914 618 2945">
     <span class='ocr_line' id='line_1_60' title="bbox 120 2914 618 2945; baseline -0.006 -7"><span class='ocrx_word' id='word_1_488' title='bbox 120 2917 133 2931; x_wconf 79' lang='grc'><strong><em>³</em></strong></span> <span class='ocrx_word' id='word_1_489' title='bbox 147 2914 240 2945; x_wconf 70' lang='lat' dir='ltr'><strong>Aliquot</strong></span> <span class='ocrx_word' id='word_1_490' title='bbox 251 2917 304 2939; x_wconf 66' lang='grc' dir='ltr'><strong>ωδ.</strong></span> <span class='ocrx_word' id='word_1_491' title='bbox 316 2914 435 2943; x_wconf 85' lang='lat' dir='ltr'><strong>omittunt,</strong></span> <span class='ocrx_word' id='word_1_492' title='bbox 445 2918 487 2944; x_wconf 88' lang='lat' dir='ltr'><strong>per</strong></span> <span class='ocrx_word' id='word_1_493' title='bbox 498 2914 618 2943; x_wconf 78' lang='lat' dir='ltr'><strong>spiritum.</strong></span> 
     </span>
    </p>
   </div>
   <div class='ocr_carea' id='block_1_61' title="bbox 632 173 1208 208">
    <p class='ocr_par' dir='ltr' id='par_1_61' title="bbox 632 173 1208 208">
     <span class='ocr_line' id='line_1_61' title="bbox 632 173 1208 208; baseline 0 0"><span class='ocrx_word' id='word_1_494' title='bbox 632 180 829 208; x_wconf 74' lang='lat' dir='ltr'><strong>ENARRATIO</strong></span> <span class='ocrx_word' id='word_1_495' title='bbox 849 178 881 206; x_wconf 81' lang='lat' dir='ltr'><strong>IN</strong></span> <span class='ocrx_word' id='word_1_496' title='bbox 899 178 1061 208; x_wconf 68' lang='lat' dir='ltr'><strong>PSALMUM</strong></span> <span class='ocrx_word' id='word_1_497' title='bbox 1079 173 1208 208; x_wconf 72' lang='lat' dir='ltr'><strong>XXXVII.</strong></span> 
     </span>
    </p>
   </div>
   <div class='ocr_carea' id='block_1_62' title="bbox 942 236 1730 278">
    <p class='ocr_par' dir='ltr' id='par_1_62' title="bbox 942 236 1730 278">
     <span class='ocr_line' id='line_1_62' title="bbox 942 236 1730 278; baseline 0.013 -15"><span class='ocrx_word' id='word_1_498' title='bbox 942 236 1007 272; x_wconf 84' lang='lat' dir='ltr'><strong>piat,</strong></span> <span class='ocrx_word' id='word_1_499' title='bbox 1021 237 1174 265; x_wconf 87' lang='lat' dir='ltr'><strong>recordetur</strong></span> <span class='ocrx_word' id='word_1_500' title='bbox 1187 237 1335 271; x_wconf 89' lang='lat' dir='ltr'><strong>sabbatum,</strong></span> <span class='ocrx_word' id='word_1_501' title='bbox 1352 243 1380 267; x_wconf 85' lang='lat' dir='ltr'><strong>ut</strong></span> <span class='ocrx_word' id='word_1_502' title='bbox 1392 239 1425 266; x_wconf 81' lang='lat' dir='ltr'><strong>ad</strong></span> <span class='ocrx_word' id='word_1_503' title='bbox 1440 240 1576 269; x_wconf 72' lang='lat' dir='ltr'><strong>sabbatum</strong></span> <span class='ocrx_word' id='word_1_504' title='bbox 1590 245 1730 278; x_wconf 79' lang='lat' dir='ltr'><strong>pervenire</strong></span> 
     </span>
    </p>
   </div>
   <div class='ocr_carea' id='block_1_63' title="bbox 943 283 1725 323">
    <p class='ocr_par' dir='ltr' id='par_1_63' title="bbox 943 283 1725 323">
     <span class='ocr_line' id='line_1_63' title="bbox 943 283 1725 323; baseline 0.01 -14"><span class='ocrx_word' id='word_1_505' title='bbox 943 288 1084 310; x_wconf 87' lang='lat' dir='ltr'><strong>mereatur.</strong></span> <span class='ocrx_word' id='word_1_506' title='bbox 1097 283 1171 316; x_wconf 87' lang='lat' dir='ltr'><strong>Quod</strong></span> <span class='ocrx_word' id='word_1_507' title='bbox 1181 284 1250 311; x_wconf 88' lang='lat' dir='ltr'><strong>enim</strong></span> <span class='ocrx_word' id='word_1_508' title='bbox 1260 284 1431 313; x_wconf 88' lang='lat' dir='ltr'><strong>celebrabant</strong></span> <span class='ocrx_word' id='word_1_509' title='bbox 1440 286 1536 319; x_wconf 67' lang='lat' dir='ltr'><strong>Judaei,</strong></span> <span class='ocrx_word' id='word_1_510' title='bbox 1545 288 1648 323; x_wconf 89' lang='lat' dir='ltr'><strong>signum</strong></span> <span class='ocrx_word' id='word_1_511' title='bbox 1660 299 1703 317; x_wconf 83' lang='lat' dir='ltr'><strong>era</strong></span> <span class='ocrx_word' id='word_1_512' title='bbox 1709 296 1725 318; x_wconf 83' lang='grc' dir='ltr'><strong>ιι</strong></span> 
     </span>
    </p>
   </div>
   <div class='ocr_carea' id='block_1_64' title="bbox 942 327 1730 369">
    <p class='ocr_par' dir='ltr' id='par_1_64' title="bbox 942 327 1730 369">
     <span class='ocr_line' id='line_1_64' title="bbox 942 327 1730 369; baseline 0.01 -15"><span class='ocrx_word' id='word_1_513' title='bbox 942 327 1021 363; x_wconf 88' lang='lat' dir='ltr'><strong>Cujus</strong></span> <span class='ocrx_word' id='word_1_514' title='bbox 1036 329 1073 356; x_wconf 91' lang='lat' dir='ltr'><strong>rei</strong></span> <span class='ocrx_word' id='word_1_515' title='bbox 1088 329 1213 364; x_wconf 78' lang='lat' dir='ltr'><strong>signum?</strong></span> <span class='ocrx_word' id='word_1_516' title='bbox 1227 329 1311 363; x_wconf 83' lang='lat' dir='ltr'><strong>Quam</strong></span> <span class='ocrx_word' id='word_1_517' title='bbox 1331 331 1380 358; x_wconf 89' lang='lat' dir='ltr'><strong>istc</strong></span> <span class='ocrx_word' id='word_1_518' title='bbox 1399 332 1570 366; x_wconf 87' lang='lat' dir='ltr'><strong>recordatur,</strong></span> <span class='ocrx_word' id='word_1_519' title='bbox 1584 335 1628 369; x_wconf 91' lang='lat' dir='ltr'><strong>qui</strong></span> <span class='ocrx_word' id='word_1_520' title='bbox 1644 335 1706 362; x_wconf 83' lang='lat' dir='ltr'><strong>dicit</strong></span> <span class='ocrx_word' id='word_1_521' title='bbox 1724 347 1730 362; x_wconf 80' lang='grc'><em>;</em></span> 
     </span>
    </p>
   </div>
   <div class='ocr_carea' id='block_1_65' title="bbox 942 374 1768 421">
    <p class='ocr_par' dir='ltr' id='par_1_65' title="bbox 942 374 1768 421">
     <span class='ocr_line' id='line_1_65' title="bbox 942 374 1768 421; baseline 0.008 -20"><span class='ocrx_word' id='word_1_522' title='bbox 942 374 1052 402; x_wconf 80' lang='lat' dir='ltr'><strong>Miseriis</strong></span> <span class='ocrx_word' id='word_1_523' title='bbox 1062 376 1167 411; x_wconf 73' lang='lat' dir='ltr'><strong>afﬂictus</strong></span> <span class='ocrx_word' id='word_1_524' title='bbox 1177 385 1245 409; x_wconf 84' lang='lat' dir='ltr'><strong>sum,</strong></span> <span class='ocrx_word' id='word_1_525' title='bbox 1264 381 1289 404; x_wconf 85' lang='lat' dir='ltr'><strong>et</strong></span> <span class='ocrx_word' id='word_1_526' title='bbox 1300 383 1417 405; x_wconf 83' lang='lat' dir='ltr'><strong>curvatus</strong></span> <span class='ocrx_word' id='word_1_527' title='bbox 1431 387 1487 405; x_wconf 87' lang='lat' dir='ltr'><strong>sum</strong></span> <span class='ocrx_word' id='word_1_528' title='bbox 1498 387 1574 415; x_wconf 79' lang='lat' dir='ltr'><strong>usque</strong></span> <span class='ocrx_word' id='word_1_529' title='bbox 1591 381 1616 407; x_wconf 85' lang='lat' dir='ltr'><strong>in</strong></span> <span class='ocrx_word' id='word_1_530' title='bbox 1643 381 1728 414; x_wconf 68' lang='lat' dir='ltr'><strong>fitn&#39;m.</strong></span> <span class='ocrx_word' id='word_1_531' title='bbox 1762 413 1768 421; x_wconf 51' lang='grc'><em>,</em></span> 
     </span>
    </p>
   </div>
   <div class='ocr_carea' id='block_1_66' title="bbox 941 418 1729 458">
    <p class='ocr_par' dir='ltr' id='par_1_66' title="bbox 941 418 1729 458">
     <span class='ocr_line' id='line_1_66' title="bbox 941 418 1729 458; baseline 0.009 -11"><span class='ocrx_word' id='word_1_532' title='bbox 941 418 1009 453; x_wconf 89' lang='lat' dir='ltr'><strong>Quid</strong></span> <span class='ocrx_word' id='word_1_533' title='bbox 1023 425 1072 453; x_wconf 87' lang='lat' dir='ltr'><strong>est,</strong></span> <span class='ocrx_word' id='word_1_534' title='bbox 1090 430 1166 455; x_wconf 85' lang='lat' dir='ltr'><strong>usque</strong></span> <span class='ocrx_word' id='word_1_535' title='bbox 1182 421 1209 449; x_wconf 89' lang='lat' dir='ltr'><strong>in</strong></span> <span class='ocrx_word' id='word_1_536' title='bbox 1223 422 1319 456; x_wconf 71' lang='lat' dir='ltr'><strong>ﬁnem!</strong></span> <span class='ocrx_word' id='word_1_537' title='bbox 1330 422 1420 458; x_wconf 85' lang='lat' dir='ltr'><strong>Usque</strong></span> <span class='ocrx_word' id='word_1_538' title='bbox 1434 424 1460 451; x_wconf 90' lang='lat' dir='ltr'><strong>in</strong></span> <span class='ocrx_word' id='word_1_539' title='bbox 1474 430 1598 453; x_wconf 90' lang='lat' dir='ltr'><strong>mortem.</strong></span> <span class='ocrx_word' id='word_1_540' title='bbox 1611 425 1674 453; x_wconf 83' lang='lat' dir='ltr'><strong>Tota</strong></span> <span class='ocrx_word' id='word_1_541' title='bbox 1688 428 1729 454; x_wconf 80' lang='lat' dir='ltr'><strong>die</strong></span> 
     </span>
    </p>
   </div>
   <div class='ocr_carea' id='block_1_67' title="bbox 940 466 1727 502">
    <p class='ocr_par' dir='ltr' id='par_1_67' title="bbox 940 466 1727 502">
     <span class='ocr_line' id='line_1_67' title="bbox 940 466 1727 502; baseline 0.011 -11"><span class='ocrx_word' id='word_1_542' title='bbox 940 466 1100 493; x_wconf 80' lang='lat' dir='ltr'><strong>contristatus</strong></span> <span class='ocrx_word' id='word_1_543' title='bbox 1112 467 1279 495; x_wconf 79' lang='lat' dir='ltr'><strong>ambulatum.</strong></span> <span class='ocrx_word' id='word_1_544' title='bbox 1297 468 1360 495; x_wconf 85' lang='lat' dir='ltr'><strong>Tota</strong></span> <span class='ocrx_word' id='word_1_545' title='bbox 1373 469 1428 502; x_wconf 86' lang='lat' dir='ltr'><strong>die,</strong></span> <span class='ocrx_word' id='word_1_546' title='bbox 1450 471 1508 498; x_wconf 87' lang='lat' dir='ltr'><strong>sine</strong></span> <span class='ocrx_word' id='word_1_547' title='bbox 1520 471 1727 500; x_wconf 88' lang='lat' dir='ltr'><strong>intermissione.</strong></span> 
     </span>
    </p>
   </div>
   <div class='ocr_carea' id='block_1_68' title="bbox 940 511 1728 552">
    <p class='ocr_par' dir='ltr' id='par_1_68' title="bbox 940 511 1728 552">
     <span class='ocr_line' id='line_1_68' title="bbox 940 511 1728 552; baseline 0.009 -14"><span class='ocrx_word' id='word_1_548' title='bbox 940 511 996 539; x_wconf 85' lang='lat' dir='ltr'><strong>Hoc</strong></span> <span class='ocrx_word' id='word_1_549' title='bbox 1005 512 1068 539; x_wconf 87' lang='lat' dir='ltr'><strong>dicit</strong></span> <span class='ocrx_word' id='word_1_550' title='bbox 1080 518 1131 539; x_wconf 86' lang='lat' dir='ltr'><strong>tota</strong></span> <span class='ocrx_word' id='word_1_551' title='bbox 1141 513 1191 547; x_wconf 82' lang='lat' dir='ltr'><strong>die,</strong></span> <span class='ocrx_word' id='word_1_552' title='bbox 1206 518 1258 541; x_wconf 90' lang='lat' dir='ltr'><strong>tota</strong></span> <span class='ocrx_word' id='word_1_553' title='bbox 1273 515 1337 542; x_wconf 89' lang='lat' dir='ltr'><strong>vita.</strong></span> <span class='ocrx_word' id='word_1_554' title='bbox 1354 514 1406 543; x_wconf 90' lang='lat' dir='ltr'><strong>Sed</strong></span> <span class='ocrx_word' id='word_1_555' title='bbox 1420 524 1451 543; x_wconf 80' lang='lat' dir='ltr'><strong>ex</strong></span> <span class='ocrx_word' id='word_1_556' title='bbox 1465 524 1518 551; x_wconf 88' lang='lat' dir='ltr'><strong>quo</strong></span> <span class='ocrx_word' id='word_1_557' title='bbox 1531 518 1674 552; x_wconf 80' lang='lat' dir='ltr'><strong>cognovit?</strong></span> <span class='ocrx_word' id='word_1_558' title='bbox 1686 519 1728 546; x_wconf 79' lang='lat' dir='ltr'><strong>Ex</strong></span> 
     </span>
    </p>
   </div>
   <div class='ocr_carea' id='block_1_69' title="bbox 940 557 1729 595">
    <p class='ocr_par' dir='ltr' id='par_1_69' title="bbox 940 557 1729 595">
     <span class='ocr_line' id='line_1_69' title="bbox 940 557 1729 595; baseline 0.009 -11"><span class='ocrx_word' id='word_1_559' title='bbox 940 564 992 592; x_wconf 91' lang='lat' dir='ltr'><strong>quo</strong></span> <span class='ocrx_word' id='word_1_560' title='bbox 1006 557 1143 585; x_wconf 87' lang='lat' dir='ltr'><strong>sabbatum</strong></span> <span class='ocrx_word' id='word_1_561' title='bbox 1159 559 1292 586; x_wconf 87' lang='lat' dir='ltr'><strong>recordari</strong></span> <span class='ocrx_word' id='word_1_562' title='bbox 1308 560 1397 595; x_wconf 60' lang='lat' dir='ltr'><strong>coepit.</strong></span> <span class='ocrx_word' id='word_1_563' title='bbox 1414 561 1542 594; x_wconf 85' lang='lat' dir='ltr'><strong>Quamdiu</strong></span> <span class='ocrx_word' id='word_1_564' title='bbox 1557 563 1627 589; x_wconf 89' lang='lat' dir='ltr'><strong>enim</strong></span> <span class='ocrx_word' id='word_1_565' title='bbox 1638 570 1729 591; x_wconf 85' lang='lat' dir='ltr'><strong>recor-</strong></span> 
     </span>
    </p>
   </div>
   <div class='ocr_carea' id='block_1_70' title="bbox 939 601 1729 640">
    <p class='ocr_par' dir='ltr' id='par_1_70' title="bbox 939 601 1729 640">
     <span class='ocr_line' id='line_1_70' title="bbox 939 601 1729 640; baseline 0.01 -11"><span class='ocrx_word' id='word_1_566' title='bbox 939 601 1017 629; x_wconf 87' lang='lat' dir='ltr'><strong>datur</strong></span> <span class='ocrx_word' id='word_1_567' title='bbox 1026 603 1097 638; x_wconf 93' lang='lat' dir='ltr'><strong>quod</strong></span> <span class='ocrx_word' id='word_1_568' title='bbox 1110 604 1225 632; x_wconf 89' lang='lat' dir='ltr'><strong>nondum</strong></span> <span class='ocrx_word' id='word_1_569' title='bbox 1238 605 1328 640; x_wconf 84' lang='lat' dir='ltr'><strong>habet,</strong></span> <span class='ocrx_word' id='word_1_570' title='bbox 1344 614 1396 634; x_wconf 94' lang='lat' dir='ltr'><strong>non</strong></span> <span class='ocrx_word' id='word_1_571' title='bbox 1413 608 1451 634; x_wconf 89' lang='lat' dir='ltr'><strong>vis</strong></span> <span class='ocrx_word' id='word_1_572' title='bbox 1467 612 1494 635; x_wconf 88' lang='lat' dir='ltr'><strong>ut</strong></span> <span class='ocrx_word' id='word_1_573' title='bbox 1508 610 1677 637; x_wconf 83' lang='lat' dir='ltr'><strong>contristatus</strong></span> <span class='ocrx_word' id='word_1_574' title='bbox 1688 610 1729 637; x_wconf 92' lang='lat' dir='ltr'><strong>in-</strong></span> 
     </span>
    </p>
   </div>
   <div class='ocr_carea' id='block_1_71' title="bbox 939 648 1526 680">
    <p class='ocr_par' dir='ltr' id='par_1_71' title="bbox 939 648 1526 680">
     <span class='ocr_line' id='line_1_71' title="bbox 939 648 1526 680; baseline 0.009 -5"><span class='ocrx_word' id='word_1_575' title='bbox 939 648 1035 676; x_wconf 84' lang='lat' dir='ltr'><strong>cedat?</strong></span> <span class='ocrx_word' id='word_1_576' title='bbox 1049 649 1114 677; x_wconf 84' lang='lat' dir='ltr'><strong>Tota</strong></span> <span class='ocrx_word' id='word_1_577' title='bbox 1128 650 1169 677; x_wconf 85' lang='lat' dir='ltr'><strong>die</strong></span> <span class='ocrx_word' id='word_1_578' title='bbox 1180 652 1341 679; x_wconf 76' lang='lat' dir='ltr'><strong>contristatus</strong></span> <span class='ocrx_word' id='word_1_579' title='bbox 1355 653 1526 680; x_wconf 84' lang='lat' dir='ltr'><strong>ambulabant.</strong></span> 
     </span>
    </p>
   </div>
   <div class='ocr_carea' id='block_1_72' title="bbox 975 693 1727 733">
    <p class='ocr_par' dir='ltr' id='par_1_72' title="bbox 975 693 1727 733">
     <span class='ocr_line' id='line_1_72' title="bbox 975 693 1727 733; baseline 0.008 -12"><span class='ocrx_word' id='word_1_580' title='bbox 975 694 1018 721; x_wconf 82' lang='grc' dir='ltr'><strong>Η.</strong></span> <span class='ocrx_word' id='word_1_581' title='bbox 1032 693 1105 730; x_wconf 57' lang='lat' dir='ltr'><strong>[verm</strong></span> <span class='ocrx_word' id='word_1_582' title='bbox 1122 695 1162 733; x_wconf 87' lang='lat'><strong>8.]</strong></span> <span class='ocrx_word' id='word_1_583' title='bbox 1177 696 1303 729; x_wconf 81' lang='lat' dir='ltr'><strong>Quoniam</strong></span> <span class='ocrx_word' id='word_1_584' title='bbox 1321 698 1406 725; x_wconf 83' lang='lat' dir='ltr'><strong>animo</strong></span> <span class='ocrx_word' id='word_1_585' title='bbox 1419 707 1473 725; x_wconf 87' lang='lat' dir='ltr'><strong>mea</strong></span> <span class='ocrx_word' id='word_1_586' title='bbox 1485 699 1609 733; x_wconf 76' lang='lat' dir='ltr'><strong>completa</strong></span> <span class='ocrx_word' id='word_1_587' title='bbox 1618 704 1654 727; x_wconf 72' lang='lat' dir='ltr'><strong>est</strong></span> <span class='ocrx_word' id='word_1_588' title='bbox 1664 700 1727 728; x_wconf 85' lang='lat' dir='ltr'><strong>illu-</strong></span> 
     </span>
    </p>
   </div>
   <div class='ocr_carea' id='block_1_73' title="bbox 938 739 1728 781">
    <p class='ocr_par' dir='ltr' id='par_1_73' title="bbox 938 739 1728 781">
     <span class='ocr_line' id='line_1_73' title="bbox 938 739 1728 781; baseline 0.009 -15"><span class='ocrx_word' id='word_1_589' title='bbox 938 739 1059 773; x_wconf 76' lang='lat' dir='ltr'><strong>siom&#39;bus,</strong></span> <span class='ocrx_word' id='word_1_590' title='bbox 1073 744 1097 768; x_wconf 80' lang='lat' dir='ltr'><strong>et</strong></span> <span class='ocrx_word' id='word_1_591' title='bbox 1116 750 1166 768; x_wconf 84' lang='lat' dir='ltr'><strong>non</strong></span> <span class='ocrx_word' id='word_1_592' title='bbox 1179 747 1215 768; x_wconf 83' lang='lat' dir='ltr'><strong>est</strong></span> <span class='ocrx_word' id='word_1_593' title='bbox 1228 743 1323 770; x_wconf 74' lang='lat' dir='ltr'><strong>sanitas</strong></span> <span class='ocrx_word' id='word_1_594' title='bbox 1338 743 1364 770; x_wconf 86' lang='lat' dir='ltr'><strong>in</strong></span> <span class='ocrx_word' id='word_1_595' title='bbox 1376 751 1451 770; x_wconf 84' lang='lat' dir='ltr'><strong>carne</strong></span> <span class='ocrx_word' id='word_1_596' title='bbox 1465 753 1531 771; x_wconf 85' lang='lat' dir='ltr'><strong>mea.</strong></span> <span class='ocrx_word' id='word_1_597' title='bbox 1548 744 1596 772; x_wconf 84' lang='lat' dir='ltr'><strong>Ubi</strong></span> <span class='ocrx_word' id='word_1_598' title='bbox 1609 753 1673 781; x_wconf 76' lang='lat' dir='ltr'><strong>ergo</strong></span> <span class='ocrx_word' id='word_1_599' title='bbox 1687 750 1728 773; x_wconf 88' lang='lat' dir='ltr'><strong>est</strong></span> 
     </span>
    </p>
   </div>
   <div class='ocr_carea' id='block_1_74' title="bbox 939 787 1728 826">
    <p class='ocr_par' dir='ltr' id='par_1_74' title="bbox 939 787 1728 826">
     <span class='ocr_line' id='line_1_74' title="bbox 939 787 1728 826; baseline 0.009 -13"><span class='ocrx_word' id='word_1_600' title='bbox 939 789 1009 814; x_wconf 88' lang='lat' dir='ltr'><strong>totus</strong></span> <span class='ocrx_word' id='word_1_601' title='bbox 1024 787 1121 821; x_wconf 90' lang='lat' dir='ltr'><strong>homo,</strong></span> <span class='ocrx_word' id='word_1_602' title='bbox 1135 789 1222 815; x_wconf 87' lang='lat' dir='ltr'><strong>anima</strong></span> <span class='ocrx_word' id='word_1_603' title='bbox 1237 794 1265 816; x_wconf 90' lang='lat' dir='ltr'><strong>et</strong></span> <span class='ocrx_word' id='word_1_604' title='bbox 1285 796 1347 817; x_wconf 88' lang='lat' dir='ltr'><strong>caro</strong></span> <span class='ocrx_word' id='word_1_605' title='bbox 1359 795 1410 818; x_wconf 87' lang='lat' dir='ltr'><strong>est.</strong></span> <span class='ocrx_word' id='word_1_606' title='bbox 1432 792 1526 818; x_wconf 79' lang='lat' dir='ltr'><strong>Anima</strong></span> <span class='ocrx_word' id='word_1_607' title='bbox 1542 792 1672 826; x_wconf 82' lang='lat' dir='ltr'><strong>completa</strong></span> <span class='ocrx_word' id='word_1_608' title='bbox 1687 797 1728 820; x_wconf 82' lang='lat' dir='ltr'><strong>cst</strong></span> 
     </span>
    </p>
   </div>
   <div class='ocr_carea' id='block_1_75' title="bbox 938 830 1728 872">
    <p class='ocr_par' dir='ltr' id='par_1_75' title="bbox 938 830 1728 872">
     <span class='ocr_line' id='line_1_75' title="bbox 938 830 1728 872; baseline 0.008 -13"><span class='ocrx_word' id='word_1_609' title='bbox 938 830 1114 865; x_wconf 86' lang='lat' dir='ltr'><strong>illusionibus,</strong></span> <span class='ocrx_word' id='word_1_610' title='bbox 1128 841 1191 861; x_wconf 91' lang='lat' dir='ltr'><strong>caro</strong></span> <span class='ocrx_word' id='word_1_611' title='bbox 1200 834 1341 862; x_wconf 81' lang='lat' dir='ltr'><strong>sanitatem</strong></span> <span class='ocrx_word' id='word_1_612' title='bbox 1354 843 1407 863; x_wconf 94' lang='lat' dir='ltr'><strong>non</strong></span> <span class='ocrx_word' id='word_1_613' title='bbox 1418 836 1497 864; x_wconf 84' lang='lat' dir='ltr'><strong>habet</strong></span> <span class='ocrx_word' id='word_1_614' title='bbox 1511 846 1517 863; x_wconf 88' lang='lat'><strong>:</strong></span> <span class='ocrx_word' id='word_1_615' title='bbox 1533 838 1595 872; x_wconf 91' lang='lat' dir='ltr'><strong>quid</strong></span> <span class='ocrx_word' id='word_1_616' title='bbox 1607 843 1728 866; x_wconf 86' lang='lat' dir='ltr'><strong>remanet</strong></span> 
     </span>
    </p>
   </div>
   <div class='ocr_carea' id='block_1_76' title="bbox 939 878 1727 919">
    <p class='ocr_par' dir='ltr' id='par_1_76' title="bbox 939 878 1727 919">
     <span class='ocr_line' id='line_1_76' title="bbox 939 878 1727 919; baseline 0.009 -15"><span class='ocrx_word' id='word_1_617' title='bbox 939 878 1008 905; x_wconf 87' lang='lat' dir='ltr'><strong>unde</strong></span> <span class='ocrx_word' id='word_1_618' title='bbox 1020 879 1054 905; x_wconf 86' lang='lat' dir='ltr'><strong>sit</strong></span> <span class='ocrx_word' id='word_1_619' title='bbox 1069 879 1158 906; x_wconf 74' lang='lat' dir='ltr'><strong>ltetitia</strong></span> <span class='ocrx_word' id='word_1_620' title='bbox 1167 879 1286 919; x_wconf 41' lang='lat' dir='ltr'><strong>{Nonne</strong></span> <span class='ocrx_word' id='word_1_621' title='bbox 1298 885 1403 915; x_wconf 83' lang='lat' dir='ltr'><strong>oportet</strong></span> <span class='ocrx_word' id='word_1_622' title='bbox 1417 886 1446 909; x_wconf 86' lang='lat' dir='ltr'><strong>ut</strong></span> <span class='ocrx_word' id='word_1_623' title='bbox 1457 884 1647 910; x_wconf 87' lang='lat' dir='ltr'><strong>contristetur?</strong></span> <span class='ocrx_word' id='word_1_624' title='bbox 1663 883 1684 910; x_wconf 89' lang='grc' dir='ltr'><em>Τ</em></span> <span class='ocrx_word' id='word_1_625' title='bbox 1685 889 1727 910; x_wconf 84' lang='lat' dir='ltr'><strong>ota</strong></span> 
     </span>
    </p>
   </div>
   <div class='ocr_carea' id='block_1_77' title="bbox 938 923 1726 963">
    <p class='ocr_par' dir='ltr' id='par_1_77' title="bbox 938 923 1726 963">
     <span class='ocr_line' id='line_1_77' title="bbox 938 923 1726 963; baseline 0.009 -13"><span class='ocrx_word' id='word_1_626' title='bbox 938 923 979 951; x_wconf 83' lang='lat' dir='ltr'><strong>die</strong></span> <span class='ocrx_word' id='word_1_627' title='bbox 989 925 1149 953; x_wconf 75' lang='lat' dir='ltr'><strong>ccntristatus</strong></span> <span class='ocrx_word' id='word_1_628' title='bbox 1161 926 1332 953; x_wconf 81' lang='lat' dir='ltr'><strong>ambulabam.</strong></span> <span class='ocrx_word' id='word_1_629' title='bbox 1353 926 1470 955; x_wconf 89' lang='lat' dir='ltr'><strong>Tristitia</strong></span> <span class='ocrx_word' id='word_1_630' title='bbox 1490 929 1566 956; x_wconf 89' lang='lat' dir='ltr'><strong>nobis</strong></span> <span class='ocrx_word' id='word_1_631' title='bbox 1579 929 1624 963; x_wconf 88' lang='lat' dir='ltr'><strong>sit,</strong></span> <span class='ocrx_word' id='word_1_632' title='bbox 1641 930 1726 957; x_wconf 85' lang='lat' dir='ltr'><strong>donec</strong></span> 
     </span>
    </p>
   </div>
   <div class='ocr_carea' id='block_1_78' title="bbox 937 970 1725 1010">
    <p class='ocr_par' dir='ltr' id='par_1_78' title="bbox 937 970 1725 1010">
     <span class='ocr_line' id='line_1_78' title="bbox 937 970 1725 1010; baseline 0.008 -14"><span class='ocrx_word' id='word_1_633' title='bbox 937 973 965 996; x_wconf 89' lang='lat' dir='ltr'><strong>et</strong></span> <span class='ocrx_word' id='word_1_634' title='bbox 974 970 1062 997; x_wconf 87' lang='lat' dir='ltr'><strong>anima</strong></span> <span class='ocrx_word' id='word_1_635' title='bbox 1083 975 1173 998; x_wconf 87' lang='lat' dir='ltr'><strong>nostra</strong></span> <span class='ocrx_word' id='word_1_636' title='bbox 1186 975 1299 999; x_wconf 77' lang='lat' dir='ltr'><strong>exuatur</strong></span> <span class='ocrx_word' id='word_1_637' title='bbox 1318 972 1499 1007; x_wconf 83' lang='lat' dir='ltr'><strong>illusionibus,</strong></span> <span class='ocrx_word' id='word_1_638' title='bbox 1520 979 1547 1001; x_wconf 85' lang='lat' dir='ltr'><strong>et</strong></span> <span class='ocrx_word' id='word_1_639' title='bbox 1559 982 1655 1010; x_wconf 90' lang='lat' dir='ltr'><strong>corpus</strong></span> <span class='ocrx_word' id='word_1_640' title='bbox 1676 984 1725 1002; x_wconf 90' lang='lat' dir='ltr'><strong>no-</strong></span> 
     </span>
    </p>
   </div>
   <div class='ocr_carea' id='block_1_79' title="bbox 936 1015 1724 1055">
    <p class='ocr_par' dir='ltr' id='par_1_79' title="bbox 936 1015 1724 1055">
     <span class='ocr_line' id='line_1_79' title="bbox 936 1015 1724 1055; baseline 0.009 -14"><span class='ocrx_word' id='word_1_641' title='bbox 936 1018 1020 1042; x_wconf 89' lang='lat' dir='ltr'><strong>strum</strong></span> <span class='ocrx_word' id='word_1_642' title='bbox 1034 1015 1157 1043; x_wconf 90' lang='lat' dir='ltr'><strong>induatur</strong></span> <span class='ocrx_word' id='word_1_643' title='bbox 1170 1017 1293 1045; x_wconf 87' lang='lat' dir='ltr'><strong>sanitate.</strong></span> <span class='ocrx_word' id='word_1_644' title='bbox 1310 1017 1355 1045; x_wconf 88' lang='lat' dir='ltr'><strong>Illa</strong></span> <span class='ocrx_word' id='word_1_645' title='bbox 1375 1022 1417 1046; x_wconf 85' lang='lat' dir='ltr'><strong>est</strong></span> <span class='ocrx_word' id='word_1_646' title='bbox 1435 1019 1506 1047; x_wconf 87' lang='lat' dir='ltr'><strong>enim</strong></span> <span class='ocrx_word' id='word_1_647' title='bbox 1526 1028 1587 1047; x_wconf 90' lang='lat' dir='ltr'><strong>vera</strong></span> <span class='ocrx_word' id='word_1_648' title='bbox 1609 1021 1724 1055; x_wconf 88' lang='lat' dir='ltr'><strong>sanitas,</strong></span> 
     </span>
    </p>
   </div>
   <div class='ocr_carea' id='block_1_80' title="bbox 936 1055 1724 1097">
    <p class='ocr_par' dir='ltr' id='par_1_80' title="bbox 936 1055 1724 1097">
     <span class='ocr_line' id='line_1_80' title="bbox 936 1055 1724 1097; baseline 0.01 -10"><span class='ocrx_word' id='word_1_649' title='bbox 936 1068 996 1095; x_wconf 75' lang='lat' dir='ltr'><strong>qua:</strong></span> <span class='ocrx_word' id='word_1_650' title='bbox 1014 1066 1055 1088; x_wconf 84' lang='lat' dir='ltr'><strong>cst</strong></span> <span class='ocrx_word' id='word_1_651' title='bbox 1074 1062 1269 1091; x_wconf 87' lang='lat' dir='ltr'><strong>immortalitas.</strong></span> <span class='ocrx_word' id='word_1_652' title='bbox 1285 1055 1397 1097; x_wconf 66' lang='lat' dir='ltr'><strong>Quantae</strong></span> <span class='ocrx_word' id='word_1_653' title='bbox 1418 1065 1472 1092; x_wconf 86' lang='lat' dir='ltr'><strong>sint</strong></span> <span class='ocrx_word' id='word_1_654' title='bbox 1484 1070 1573 1093; x_wconf 89' lang='lat' dir='ltr'><strong>autem</strong></span> <span class='ocrx_word' id='word_1_655' title='bbox 1590 1066 1724 1096; x_wconf 79' lang='lat' dir='ltr'><strong>illusiuncs</strong></span> 
     </span>
    </p>
   </div>
   <div class='ocr_carea' id='block_1_81' title="bbox 935 1105 1726 1145">
    <p class='ocr_par' dir='ltr' id='par_1_81' title="bbox 935 1105 1726 1145">
     <span class='ocr_line' id='line_1_81' title="bbox 935 1105 1726 1145; baseline 0.01 -13"><span class='ocrx_word' id='word_1_656' title='bbox 935 1105 1049 1139; x_wconf 71' lang='lat' dir='ltr'><strong>animai,</strong></span> <span class='ocrx_word' id='word_1_657' title='bbox 1070 1107 1092 1134; x_wconf 86' lang='lat' dir='ltr'><strong>si</strong></span> <span class='ocrx_word' id='word_1_658' title='bbox 1111 1108 1223 1136; x_wconf 88' lang='lat' dir='ltr'><strong>voluero</strong></span> <span class='ocrx_word' id='word_1_659' title='bbox 1244 1108 1344 1143; x_wconf 83' lang='lat' dir='ltr'><strong>dicere,</strong></span> <span class='ocrx_word' id='word_1_660' title='bbox 1358 1114 1464 1144; x_wconf 85' lang='lat' dir='ltr'><strong>tempus</strong></span> <span class='ocrx_word' id='word_1_661' title='bbox 1485 1111 1590 1145; x_wconf 86' lang='lat' dir='ltr'><strong>quando</strong></span> <span class='ocrx_word' id='word_1_662' title='bbox 1604 1112 1726 1140; x_wconf 74' lang='lat' dir='ltr'><strong>sufficit?</strong></span> 
     </span>
    </p>
   </div>
   <div class='ocr_carea' id='block_1_82' title="bbox 935 1151 1724 1193">
    <p class='ocr_par' dir='ltr' id='par_1_82' title="bbox 935 1151 1724 1193">
     <span class='ocr_line' id='line_1_82' title="bbox 935 1151 1724 1193; baseline 0.006 -13"><span class='ocrx_word' id='word_1_663' title='bbox 935 1151 1016 1187; x_wconf 89' lang='lat' dir='ltr'><strong>Cujus</strong></span> <span class='ocrx_word' id='word_1_664' title='bbox 1030 1153 1101 1180; x_wconf 88' lang='lat' dir='ltr'><strong>enim</strong></span> <span class='ocrx_word' id='word_1_665' title='bbox 1119 1153 1209 1182; x_wconf 85' lang='lat' dir='ltr'><strong>anima</strong></span> <span class='ocrx_word' id='word_1_666' title='bbox 1231 1154 1281 1183; x_wconf 87' lang='lat' dir='ltr'><strong>ista</strong></span> <span class='ocrx_word' id='word_1_667' title='bbox 1300 1162 1353 1183; x_wconf 87' lang='lat' dir='ltr'><strong>non</strong></span> <span class='ocrx_word' id='word_1_668' title='bbox 1369 1156 1488 1191; x_wconf 82' lang='lat' dir='ltr'><strong>patitur?</strong></span> <span class='ocrx_word' id='word_1_669' title='bbox 1507 1156 1590 1184; x_wconf 87' lang='lat' dir='ltr'><strong>Breve</strong></span> <span class='ocrx_word' id='word_1_670' title='bbox 1602 1162 1643 1185; x_wconf 89' lang='lat' dir='ltr'><strong>est</strong></span> <span class='ocrx_word' id='word_1_671' title='bbox 1655 1159 1724 1193; x_wconf 88' lang='lat' dir='ltr'><strong>quod</strong></span> 
     </span>
    </p>
   </div>
   <div class='ocr_carea' id='block_1_83' title="bbox 935 1199 1722 1237">
    <p class='ocr_par' dir='ltr' id='par_1_83' title="bbox 935 1199 1722 1237">
     <span class='ocr_line' id='line_1_83' title="bbox 935 1199 1722 1237; baseline 0.006 -11"><span class='ocrx_word' id='word_1_672' title='bbox 935 1199 1076 1231; x_wconf 85' lang='lat' dir='ltr'><strong>admoneo.</strong></span> <span class='ocrx_word' id='word_1_673' title='bbox 1089 1200 1222 1235; x_wconf 90' lang='lat' dir='ltr'><strong>quomodo</strong></span> <span class='ocrx_word' id='word_1_674' title='bbox 1231 1200 1318 1229; x_wconf 88' lang='lat' dir='ltr'><strong>anima</strong></span> <span class='ocrx_word' id='word_1_675' title='bbox 1329 1205 1418 1229; x_wconf 88' lang='lat' dir='ltr'><strong>nostra</strong></span> <span class='ocrx_word' id='word_1_676' title='bbox 1428 1202 1558 1237; x_wconf 79' lang='lat' dir='ltr'><strong>completa</strong></span> <span class='ocrx_word' id='word_1_677' title='bbox 1569 1208 1610 1230; x_wconf 90' lang='lat' dir='ltr'><strong>est</strong></span> <span class='ocrx_word' id='word_1_678' title='bbox 1621 1203 1722 1231; x_wconf 77' lang='lat' dir='ltr'><strong>illusio-</strong></span> 
     </span>
    </p>
   </div>
   <div class='ocr_carea' id='block_1_84' title="bbox 935 1244 1725 1284">
    <p class='ocr_par' dir='ltr' id='par_1_84' title="bbox 935 1244 1725 1284">
     <span class='ocr_line' id='line_1_84' title="bbox 935 1244 1725 1284; baseline 0.008 -13"><span class='ocrx_word' id='word_1_679' title='bbox 935 1244 1023 1272; x_wconf 88' lang='lat' dir='ltr'><strong>nibus.</strong></span> <span class='ocrx_word' id='word_1_680' title='bbox 1038 1245 1060 1273; x_wconf 86' lang='lat' dir='ltr'><strong>A</strong></span> <span class='ocrx_word' id='word_1_681' title='bbox 1076 1245 1142 1273; x_wconf 80' lang='lat' dir='ltr'><strong>facie</strong></span> <span class='ocrx_word' id='word_1_682' title='bbox 1156 1246 1272 1283; x_wconf 85' lang='lat' dir='ltr'><strong>ipsarum</strong></span> <span class='ocrx_word' id='word_1_683' title='bbox 1287 1247 1450 1282; x_wconf 89' lang='lat' dir='ltr'><strong>illusionum,</strong></span> <span class='ocrx_word' id='word_1_684' title='bbox 1464 1249 1606 1284; x_wconf 87' lang='lat' dir='ltr'><strong>aliquando</strong></span> <span class='ocrx_word' id='word_1_685' title='bbox 1616 1250 1659 1277; x_wconf 76' lang='lat' dir='ltr'><strong>vix</strong></span> <span class='ocrx_word' id='word_1_686' title='bbox 1669 1256 1725 1277; x_wconf 57' lang='lat' dir='ltr'><strong>orat</strong></span> 
     </span>
    </p>
   </div>
   <div class='ocr_carea' id='block_1_85' title="bbox 935 1291 1724 1329">
    <p class='ocr_par' dir='ltr' id='par_1_85' title="bbox 935 1291 1724 1329">
     <span class='ocr_line' id='line_1_85' title="bbox 935 1291 1724 1329; baseline 0.008 -12"><span class='ocrx_word' id='word_1_687' title='bbox 935 1298 964 1318; x_wconf 89' lang='lat' dir='ltr'><strong>re</strong></span> <span class='ocrx_word' id='word_1_688' title='bbox 979 1291 1166 1326; x_wconf 89' lang='lat' dir='ltr'><strong>permittimur.</strong></span> <span class='ocrx_word' id='word_1_689' title='bbox 1180 1293 1218 1320; x_wconf 90' lang='lat' dir='ltr'><strong>De</strong></span> <span class='ocrx_word' id='word_1_690' title='bbox 1232 1294 1388 1328; x_wconf 90' lang='lat' dir='ltr'><strong>corporibus</strong></span> <span class='ocrx_word' id='word_1_691' title='bbox 1402 1294 1519 1329; x_wconf 76' lang='lat' dir='ltr'><strong>cogitare</strong></span> <span class='ocrx_word' id='word_1_692' title='bbox 1537 1302 1588 1322; x_wconf 92' lang='lat' dir='ltr'><strong>non</strong></span> <span class='ocrx_word' id='word_1_693' title='bbox 1602 1296 1724 1323; x_wconf 79' lang='lat' dir='ltr'><strong>nerimus</strong></span> 
     </span>
    </p>
   </div>
   <div class='ocr_carea' id='block_1_86' title="bbox 935 1337 1722 1377">
    <p class='ocr_par' dir='ltr' id='par_1_86' title="bbox 935 1337 1722 1377">
     <span class='ocr_line' id='line_1_86' title="bbox 935 1337 1722 1377; baseline 0.006 -13"><span class='ocrx_word' id='word_1_694' title='bbox 935 1337 986 1365; x_wconf 86' lang='lat' dir='ltr'><strong>nisi</strong></span> <span class='ocrx_word' id='word_1_695' title='bbox 1001 1337 1145 1373; x_wconf 79' lang='lat' dir='ltr'><strong>imagines;</strong></span> <span class='ocrx_word' id='word_1_696' title='bbox 1165 1343 1192 1366; x_wconf 90' lang='lat' dir='ltr'><strong>et</strong></span> <span class='ocrx_word' id='word_1_697' title='bbox 1206 1346 1278 1374; x_wconf 70' lang='lat' dir='ltr'><strong>saape</strong></span> <span class='ocrx_word' id='word_1_698' title='bbox 1299 1339 1405 1367; x_wconf 89' lang='lat' dir='ltr'><strong>irruunt</strong></span> <span class='ocrx_word' id='word_1_699' title='bbox 1417 1348 1483 1375; x_wconf 89' lang='lat' dir='ltr'><strong>quas</strong></span> <span class='ocrx_word' id='word_1_700' title='bbox 1501 1349 1553 1368; x_wconf 89' lang='lat' dir='ltr'><strong>non</strong></span> <span class='ocrx_word' id='word_1_701' title='bbox 1568 1342 1722 1377; x_wconf 71' lang='lat' dir='ltr'><strong>quazrimus,</strong></span> 
     </span>
    </p>
   </div>
   <div class='ocr_carea' id='block_1_87' title="bbox 934 1383 1723 1419">
    <p class='ocr_par' dir='ltr' id='par_1_87' title="bbox 934 1383 1723 1419">
     <span class='ocr_line' id='line_1_87' title="bbox 934 1383 1723 1419; baseline 0.008 -10"><span class='ocrx_word' id='word_1_702' title='bbox 934 1387 961 1410; x_wconf 89' lang='lat' dir='ltr'><strong>et</strong></span> <span class='ocrx_word' id='word_1_703' title='bbox 973 1383 1131 1411; x_wconf 79' lang='lat' dir='ltr'><strong>volumusex</strong></span> <span class='ocrx_word' id='word_1_704' title='bbox 1144 1384 1226 1412; x_wconf 88' lang='lat' dir='ltr'><strong>hacin</strong></span> <span class='ocrx_word' id='word_1_705' title='bbox 1239 1385 1307 1413; x_wconf 91' lang='lat' dir='ltr'><strong>hanc</strong></span> <span class='ocrx_word' id='word_1_706' title='bbox 1317 1385 1365 1419; x_wconf 89' lang='lat' dir='ltr'><strong>ire,</strong></span> <span class='ocrx_word' id='word_1_707' title='bbox 1377 1390 1404 1413; x_wconf 86' lang='lat' dir='ltr'><strong>et</strong></span> <span class='ocrx_word' id='word_1_708' title='bbox 1417 1387 1450 1414; x_wconf 88' lang='lat' dir='ltr'><strong>ab</strong></span> <span class='ocrx_word' id='word_1_709' title='bbox 1461 1387 1503 1414; x_wconf 87' lang='lat' dir='ltr'><strong>illa</strong></span> <span class='ocrx_word' id='word_1_710' title='bbox 1515 1387 1540 1414; x_wconf 94' lang='lat' dir='ltr'><strong>in</strong></span> <span class='ocrx_word' id='word_1_711' title='bbox 1553 1387 1623 1414; x_wconf 88' lang='lat' dir='ltr'><strong>iliam</strong></span> <span class='ocrx_word' id='word_1_712' title='bbox 1636 1392 1723 1415; x_wconf 76' lang='lat' dir='ltr'><strong>trans-</strong></span> 
     </span>
    </p>
   </div>
   <div class='ocr_carea' id='block_1_88' title="bbox 935 1429 1732 1468">
    <p class='ocr_par' dir='ltr' id='par_1_88' title="bbox 935 1429 1732 1468">
     <span class='ocr_line' id='line_1_88' title="bbox 935 1429 1732 1468; baseline 0.006 -13"><span class='ocrx_word' id='word_1_713' title='bbox 935 1429 991 1460; x_wconf 89' lang='lat' dir='ltr'><strong>ire;</strong></span> <span class='ocrx_word' id='word_1_714' title='bbox 1006 1433 1034 1456; x_wconf 89' lang='lat' dir='ltr'><strong>et</strong></span> <span class='ocrx_word' id='word_1_715' title='bbox 1058 1429 1200 1463; x_wconf 88' lang='lat' dir='ltr'><strong>aliquando</strong></span> <span class='ocrx_word' id='word_1_716' title='bbox 1220 1430 1257 1457; x_wconf 89' lang='lat' dir='ltr'><strong>vis</strong></span> <span class='ocrx_word' id='word_1_717' title='bbox 1279 1430 1367 1458; x_wconf 86' lang='lat' dir='ltr'><strong>redire</strong></span> <span class='ocrx_word' id='word_1_718' title='bbox 1379 1431 1413 1458; x_wconf 81' lang='lat' dir='ltr'><strong>ad</strong></span> <span class='ocrx_word' id='word_1_719' title='bbox 1433 1431 1458 1458; x_wconf 90' lang='lat' dir='ltr'><strong>id</strong></span> <span class='ocrx_word' id='word_1_720' title='bbox 1482 1432 1553 1466; x_wconf 89' lang='lat' dir='ltr'><strong>quod</strong></span> <span class='ocrx_word' id='word_1_721' title='bbox 1573 1433 1732 1468; x_wconf 75' lang='lat' dir='ltr'><strong>cogitabas,-</strong></span> 
     </span>
    </p>
   </div>
   <div class='ocr_carea' id='block_1_89' title="bbox 933 1473 1723 1510">
    <p class='ocr_par' dir='ltr' id='par_1_89' title="bbox 933 1473 1723 1510">
     <span class='ocr_line' id='line_1_89' title="bbox 933 1473 1723 1510; baseline 0.008 -10"><span class='ocrx_word' id='word_1_722' title='bbox 933 1478 960 1501; x_wconf 91' lang='lat' dir='ltr'><strong>et</strong></span> <span class='ocrx_word' id='word_1_723' title='bbox 976 1473 1109 1501; x_wconf 88' lang='lat' dir='ltr'><strong>dimittere</strong></span> <span class='ocrx_word' id='word_1_724' title='bbox 1121 1474 1192 1501; x_wconf 89' lang='lat' dir='ltr'><strong>unde</strong></span> <span class='ocrx_word' id='word_1_725' title='bbox 1203 1475 1304 1510; x_wconf 78' lang='lat' dir='ltr'><strong>cogitas</strong></span> <span class='ocrx_word' id='word_1_726' title='bbox 1314 1496 1321 1508; x_wconf 93' lang='lat'><strong>,</strong></span> <span class='ocrx_word' id='word_1_727' title='bbox 1340 1480 1367 1503; x_wconf 88' lang='lat' dir='ltr'><strong>et</strong></span> <span class='ocrx_word' id='word_1_728' title='bbox 1385 1476 1456 1504; x_wconf 88' lang='lat' dir='ltr'><strong>aliud</strong></span> <span class='ocrx_word' id='word_1_729' title='bbox 1470 1477 1517 1504; x_wconf 88' lang='lat' dir='ltr'><strong>tibi</strong></span> <span class='ocrx_word' id='word_1_730' title='bbox 1530 1479 1646 1506; x_wconf 75' lang='lat' dir='ltr'><strong>occurrit</strong></span> <span class='ocrx_word' id='word_1_731' title='bbox 1660 1488 1667 1505; x_wconf 91' lang='lat'>:</span> <span class='ocrx_word' id='word_1_732' title='bbox 1683 1480 1723 1506; x_wconf 83' lang='lat' dir='ltr'><strong>vis</strong></span> 
     </span>
    </p>
   </div>
   <div class='ocr_carea' id='block_1_90' title="bbox 933 1519 1721 1555">
    <p class='ocr_par' dir='ltr' id='par_1_90' title="bbox 933 1519 1721 1555">
     <span class='ocr_line' id='line_1_90' title="bbox 933 1519 1721 1555; baseline 0.006 -9"><span class='ocrx_word' id='word_1_733' title='bbox 933 1519 1066 1547; x_wconf 85' lang='lat' dir='ltr'><strong>recordari</strong></span> <span class='ocrx_word' id='word_1_734' title='bbox 1081 1520 1151 1555; x_wconf 92' lang='lat' dir='ltr'><strong>quod</strong></span> <span class='ocrx_word' id='word_1_735' title='bbox 1162 1520 1260 1548; x_wconf 88' lang='lat' dir='ltr'><strong>oblitus</strong></span> <span class='ocrx_word' id='word_1_736' title='bbox 1271 1528 1345 1554; x_wconf 85' lang='lat' dir='ltr'><strong>eras;</strong></span> <span class='ocrx_word' id='word_1_737' title='bbox 1359 1526 1450 1549; x_wconf 88' lang='lat' dir='ltr'><strong>etnon</strong></span> <span class='ocrx_word' id='word_1_738' title='bbox 1461 1521 1508 1549; x_wconf 91' lang='lat' dir='ltr'><strong>tibi</strong></span> <span class='ocrx_word' id='word_1_739' title='bbox 1519 1523 1594 1551; x_wconf 89' lang='lat' dir='ltr'><strong>venit</strong></span> <span class='ocrx_word' id='word_1_740' title='bbox 1608 1524 1721 1551; x_wconf 75' lang='lat' dir='ltr'><strong>inmen-</strong></span> 
     </span>
    </p>
   </div>
   <div class='ocr_carea' id='block_1_91' title="bbox 933 1566 1722 1603">
    <p class='ocr_par' dir='ltr' id='par_1_91' title="bbox 933 1566 1722 1603">
     <span class='ocr_line' id='line_1_91' title="bbox 933 1566 1722 1603; baseline 0.009 -12"><span class='ocrx_word' id='word_1_741' title='bbox 933 1569 996 1597; x_wconf 88' lang='lat' dir='ltr'><strong>tem,</strong></span> <span class='ocrx_word' id='word_1_742' title='bbox 1010 1569 1038 1593; x_wconf 90' lang='lat' dir='ltr'><strong>et</strong></span> <span class='ocrx_word' id='word_1_743' title='bbox 1058 1566 1130 1593; x_wconf 84' lang='lat' dir='ltr'><strong>venit</strong></span> <span class='ocrx_word' id='word_1_744' title='bbox 1147 1566 1233 1601; x_wconf 89' lang='lat' dir='ltr'><strong>potius</strong></span> <span class='ocrx_word' id='word_1_745' title='bbox 1254 1566 1324 1594; x_wconf 87' lang='lat' dir='ltr'><strong>aliud</strong></span> <span class='ocrx_word' id='word_1_746' title='bbox 1342 1567 1413 1603; x_wconf 92' lang='lat' dir='ltr'><strong>quod</strong></span> <span class='ocrx_word' id='word_1_747' title='bbox 1435 1568 1556 1596; x_wconf 85' lang='lat' dir='ltr'><strong>nolebas.</strong></span> <span class='ocrx_word' id='word_1_748' title='bbox 1573 1569 1640 1598; x_wconf 90' lang='lat' dir='ltr'><strong>Ubi&#39;</strong></span> <span class='ocrx_word' id='word_1_749' title='bbox 1664 1576 1722 1599; x_wconf 82' lang='lat' dir='ltr'><strong>crat</strong></span> 
     </span>
    </p>
   </div>
   <div class='ocr_carea' id='block_1_92' title="bbox 932 1611 1717 1650">
    <p class='ocr_par' dir='ltr' id='par_1_92' title="bbox 932 1611 1717 1650">
     <span class='ocr_line' id='line_1_92' title="bbox 932 1611 1717 1650; baseline 0.009 -13"><span class='ocrx_word' id='word_1_750' title='bbox 932 1611 1002 1646; x_wconf 90' lang='lat' dir='ltr'><strong>quod</strong></span> <span class='ocrx_word' id='word_1_751' title='bbox 1013 1611 1109 1639; x_wconf 88' lang='lat' dir='ltr'><strong>oblitus</strong></span> <span class='ocrx_word' id='word_1_752' title='bbox 1117 1612 1195 1640; x_wconf 84' lang='lat' dir='ltr'><strong>eras?</strong></span> <span class='ocrx_word' id='word_1_753' title='bbox 1205 1612 1270 1640; x_wconf 83' lang='lat' dir='ltr'><strong>Nam</strong></span> <span class='ocrx_word' id='word_1_754' title='bbox 1278 1621 1361 1648; x_wconf 89' lang='lat' dir='ltr'><strong>quare</strong></span> <span class='ocrx_word' id='word_1_755' title='bbox 1372 1618 1462 1649; x_wconf 86' lang='lat' dir='ltr'><strong>postea</strong></span> <span class='ocrx_word' id='word_1_756' title='bbox 1471 1615 1543 1642; x_wconf 87' lang='lat' dir='ltr'><strong>venit</strong></span> <span class='ocrx_word' id='word_1_757' title='bbox 1554 1615 1580 1642; x_wconf 94' lang='lat' dir='ltr'><strong>in</strong></span> <span class='ocrx_word' id='word_1_758' title='bbox 1591 1621 1717 1650; x_wconf 80' lang='lat' dir='ltr'><strong>mentem,</strong></span> 
     </span>
    </p>
   </div>
   <div class='ocr_carea' id='block_1_93' title="bbox 932 1656 1717 1696">
    <p class='ocr_par' dir='ltr' id='par_1_93' title="bbox 932 1656 1717 1696">
     <span class='ocr_line' id='line_1_93' title="bbox 932 1656 1717 1696; baseline 0.009 -13"><span class='ocrx_word' id='word_1_759' title='bbox 932 1664 990 1683; x_wconf 91' lang='lat' dir='ltr'><strong>cum</strong></span> <span class='ocrx_word' id='word_1_760' title='bbox 1009 1656 1063 1691; x_wconf 88' lang='lat' dir='ltr'><strong>jam</strong></span> <span class='ocrx_word' id='word_1_761' title='bbox 1084 1665 1137 1684; x_wconf 90' lang='lat' dir='ltr'><strong>non</strong></span> <span class='ocrx_word' id='word_1_762' title='bbox 1152 1659 1332 1692; x_wconf 69' lang='lat' dir='ltr'><strong>quatrcretur?</strong></span> <span class='ocrx_word' id='word_1_763' title='bbox 1345 1658 1411 1687; x_wconf 89' lang='lat' dir='ltr'><strong>Cum</strong></span> <span class='ocrx_word' id='word_1_764' title='bbox 1433 1664 1522 1688; x_wconf 79' lang='lat' dir='ltr'><strong>autem</strong></span> <span class='ocrx_word' id='word_1_765' title='bbox 1543 1667 1717 1696; x_wconf 72' lang='lat' dir='ltr'><strong>quaareretur,</strong></span> 
     </span>
    </p>
   </div>
   <div class='ocr_carea' id='block_1_94' title="bbox 932 1703 1721 1742">
    <p class='ocr_par' dir='ltr' id='par_1_94' title="bbox 932 1703 1721 1742">
     <span class='ocr_line' id='line_1_94' title="bbox 932 1703 1721 1742; baseline 0.009 -13"><span class='ocrx_word' id='word_1_766' title='bbox 932 1707 1103 1730; x_wconf 81' lang='lat' dir='ltr'><strong>occurrerunt</strong></span> <span class='ocrx_word' id='word_1_767' title='bbox 1117 1711 1163 1738; x_wconf 90' lang='lat' dir='ltr'><strong>pro</strong></span> <span class='ocrx_word' id='word_1_768' title='bbox 1178 1703 1224 1731; x_wconf 91' lang='lat' dir='ltr'><strong>illo</strong></span> <span class='ocrx_word' id='word_1_769' title='bbox 1245 1704 1447 1733; x_wconf 88' lang='lat' dir='ltr'><strong>innumerabilia</strong></span> <span class='ocrx_word' id='word_1_770' title='bbox 1468 1714 1528 1742; x_wconf 59' lang='lat' dir='ltr'><strong>qua}</strong></span> <span class='ocrx_word' id='word_1_771' title='bbox 1543 1714 1595 1734; x_wconf 93' lang='lat' dir='ltr'><strong>non</strong></span> <span class='ocrx_word' id='word_1_772' title='bbox 1616 1715 1721 1742; x_wconf 71' lang='lat' dir='ltr'><strong>quzerc-</strong></span> 
     </span>
    </p>
   </div>
   <div class='ocr_carea' id='block_1_95' title="bbox 932 1748 1721 1789">
    <p class='ocr_par' dir='ltr' id='par_1_95' title="bbox 932 1748 1721 1789">
     <span class='ocr_line' id='line_1_95' title="bbox 932 1748 1721 1789; baseline 0.009 -15"><span class='ocrx_word' id='word_1_773' title='bbox 932 1748 1037 1775; x_wconf 56' lang='lat' dir='ltr'><strong>lxantur.</strong></span> <span class='ocrx_word' id='word_1_774' title='bbox 1048 1748 1113 1775; x_wconf 78' lang='lat' dir='ltr'><strong>Rem</strong></span> <span class='ocrx_word' id='word_1_775' title='bbox 1121 1748 1174 1776; x_wconf 79' lang='lat' dir='ltr'><strong>dixi</strong></span> <span class='ocrx_word' id='word_1_776' title='bbox 1186 1749 1304 1783; x_wconf 87' lang='lat' dir='ltr'><strong>brevem,</strong></span> <span class='ocrx_word' id='word_1_777' title='bbox 1319 1750 1430 1789; x_wconf 77' lang='lat' dir='ltr'><strong>fratres:</strong></span> <span class='ocrx_word' id='word_1_778' title='bbox 1443 1753 1544 1787; x_wconf 87' lang='lat' dir='ltr'><strong>aspersi</strong></span> <span class='ocrx_word' id='word_1_779' title='bbox 1557 1753 1648 1781; x_wconf 87' lang='lat' dir='ltr'><strong>nescio</strong></span> <span class='ocrx_word' id='word_1_780' title='bbox 1658 1754 1721 1789; x_wconf 88' lang='lat' dir='ltr'><strong>quid</strong></span> 
     </span>
    </p>
   </div>
   <div class='ocr_carea' id='block_1_96' title="bbox 932 1787 1720 1832">
    <p class='ocr_par' dir='ltr' id='par_1_96' title="bbox 932 1787 1720 1832">
     <span class='ocr_line' id='line_1_96' title="bbox 932 1787 1720 1832; baseline 0.008 -12"><span class='ocrx_word' id='word_1_781' title='bbox 932 1793 1017 1827; x_wconf 87' lang='lat' dir='ltr'><strong>vobis,</strong></span> <span class='ocrx_word' id='word_1_782' title='bbox 1030 1801 1082 1828; x_wconf 91' lang='lat' dir='ltr'><strong>quo</strong></span> <span class='ocrx_word' id='word_1_783' title='bbox 1096 1799 1205 1829; x_wconf 83' lang='lat' dir='ltr'><strong>accepto</strong></span> <span class='ocrx_word' id='word_1_784' title='bbox 1219 1800 1316 1823; x_wconf 81' lang='lat' dir='ltr'><strong>ca-tera</strong></span> <span class='ocrx_word' id='word_1_785' title='bbox 1336 1787 1390 1823; x_wconf 28' lang='lat' dir='ltr'><strong>vos.</strong></span> <span class='ocrx_word' id='word_1_786' title='bbox 1403 1796 1452 1831; x_wconf 88' lang='lat' dir='ltr'><strong>ipsi</strong></span> <span class='ocrx_word' id='word_1_787' title='bbox 1465 1797 1611 1832; x_wconf 77' lang='lat' dir='ltr'><strong>cogitantes</strong></span> <span class='ocrx_word' id='word_1_788' title='bbox 1621 1818 1629 1831; x_wconf 92' lang='lat'><strong>,</strong></span> <span class='ocrx_word' id='word_1_789' title='bbox 1646 1787 1720 1826; x_wconf 73' lang='lat' dir='ltr'><strong>iuve-</strong></span> 
     </span>
    </p>
   </div>
   <div class='ocr_carea' id='block_1_97' title="bbox 932 1839 1721 1874">
    <p class='ocr_par' dir='ltr' id='par_1_97' title="bbox 932 1839 1721 1874">
     <span class='ocr_line' id='line_1_97' title="bbox 932 1839 1721 1874; baseline 0.006 -9"><span class='ocrx_word' id='word_1_790' title='bbox 932 1839 1010 1866; x_wconf 85' lang='lat' dir='ltr'><strong>niatis</strong></span> <span class='ocrx_word' id='word_1_791' title='bbox 1022 1839 1084 1874; x_wconf 92' lang='lat' dir='ltr'><strong>quid</strong></span> <span class='ocrx_word' id='word_1_792' title='bbox 1097 1839 1131 1867; x_wconf 90' lang='lat' dir='ltr'><strong>sit</strong></span> <span class='ocrx_word' id='word_1_793' title='bbox 1143 1840 1268 1874; x_wconf 70' lang='lat' dir='ltr'><strong>plangere</strong></span> <span class='ocrx_word' id='word_1_794' title='bbox 1283 1840 1419 1868; x_wconf 77' lang='lat' dir='ltr'><strong>illusioues</strong></span> <span class='ocrx_word' id='word_1_795' title='bbox 1432 1841 1527 1868; x_wconf 73' lang='lat' dir='ltr'><strong>anima:</strong></span> <span class='ocrx_word' id='word_1_796' title='bbox 1540 1847 1650 1869; x_wconf 67' lang='lat' dir='ltr'><strong>nostrae.</strong></span> <span class='ocrx_word' id='word_1_797' title='bbox 1667 1844 1721 1870; x_wconf 83' lang='lat' dir='ltr'><strong>Ac-</strong></span> 
     </span>
    </p>
   </div>
   <div class='ocr_carea' id='block_1_98' title="bbox 932 1885 1721 1919">
    <p class='ocr_par' dir='ltr' id='par_1_98' title="bbox 932 1885 1721 1919">
     <span class='ocr_line' id='line_1_98' title="bbox 932 1885 1721 1919; baseline 0.005 -7"><span class='ocrx_word' id='word_1_798' title='bbox 932 1885 1001 1919; x_wconf 88' lang='lat' dir='ltr'><strong>cepit</strong></span> <span class='ocrx_word' id='word_1_799' title='bbox 1013 1892 1076 1919; x_wconf 80' lang='lat' dir='ltr'><strong>ergo</strong></span> <span class='ocrx_word' id='word_1_800' title='bbox 1097 1892 1202 1919; x_wconf 61' lang='lat' dir='ltr'><strong>pinnam</strong></span> <span class='ocrx_word' id='word_1_801' title='bbox 1218 1885 1363 1919; x_wconf 88' lang='lat' dir='ltr'><strong>illnsionis,</strong></span> <span class='ocrx_word' id='word_1_802' title='bbox 1377 1887 1466 1914; x_wconf 83' lang='lat' dir='ltr'><strong>amisit</strong></span> <span class='ocrx_word' id='word_1_803' title='bbox 1480 1888 1631 1915; x_wconf 88' lang='lat' dir='ltr'><strong>veritatem.</strong></span> <span class='ocrx_word' id='word_1_804' title='bbox 1647 1888 1721 1916; x_wconf 85' lang='lat' dir='ltr'><strong>Sicut</strong></span> 
     </span>
    </p>
   </div>
   <div class='ocr_carea' id='block_1_99' title="bbox 932 1930 1720 1966">
    <p class='ocr_par' dir='ltr' id='par_1_99' title="bbox 932 1930 1720 1966">
     <span class='ocr_line' id='line_1_99' title="bbox 932 1930 1720 1966; baseline 0.008 -10"><span class='ocrx_word' id='word_1_805' title='bbox 932 1930 1002 1957; x_wconf 91' lang='lat' dir='ltr'><strong>enim</strong></span> <span class='ocrx_word' id='word_1_806' title='bbox 1014 1937 1091 1964; x_wconf 66' lang='lat' dir='ltr'><strong>ptena</strong></span> <span class='ocrx_word' id='word_1_807' title='bbox 1102 1934 1143 1957; x_wconf 82' lang='lat' dir='ltr'><strong>est</strong></span> <span class='ocrx_word' id='word_1_808' title='bbox 1155 1930 1250 1958; x_wconf 70' lang='lat' dir='ltr'><strong>animte</strong></span> <span class='ocrx_word' id='word_1_809' title='bbox 1262 1931 1359 1964; x_wconf 88' lang='lat' dir='ltr'><strong>illusio,</strong></span> <span class='ocrx_word' id='word_1_810' title='bbox 1366 1931 1408 1963; x_wconf 81' lang='lat' dir='ltr'><strong>sic</strong></span> <span class='ocrx_word' id='word_1_811' title='bbox 1421 1933 1556 1966; x_wconf 68' lang='lat' dir='ltr'><strong>praemium</strong></span> <span class='ocrx_word' id='word_1_812' title='bbox 1569 1934 1664 1962; x_wconf 66' lang='lat' dir='ltr'><strong>animae</strong></span> <span class='ocrx_word' id='word_1_813' title='bbox 1674 1942 1720 1962; x_wconf 77' lang='lat' dir='ltr'><strong>vc-</strong></span> 
     </span>
    </p>
   </div>
   <div class='ocr_carea' id='block_1_100' title="bbox 933 1975 1719 2015">
    <p class='ocr_par' dir='ltr' id='par_1_100' title="bbox 933 1975 1719 2015">
     <span class='ocr_line' id='line_1_100' title="bbox 933 1975 1719 2015; baseline 0.008 -13"><span class='ocrx_word' id='word_1_814' title='bbox 933 1975 1006 2002; x_wconf 89' lang='lat' dir='ltr'><strong>rilas.</strong></span> <span class='ocrx_word' id='word_1_815' title='bbox 1017 1975 1069 2003; x_wconf 85' lang='lat' dir='ltr'><strong>Sed</strong></span> <span class='ocrx_word' id='word_1_816' title='bbox 1084 1975 1109 2002; x_wconf 92' lang='lat' dir='ltr'><strong>in</strong></span> <span class='ocrx_word' id='word_1_817' title='bbox 1124 1975 1165 2002; x_wconf 90' lang='lat' dir='ltr'><strong>his</strong></span> <span class='ocrx_word' id='word_1_818' title='bbox 1178 1975 1343 2003; x_wconf 83' lang='lat' dir='ltr'><strong>illusioaibus</strong></span> <span class='ocrx_word' id='word_1_819' title='bbox 1359 1978 1493 2005; x_wconf 91' lang='lat' dir='ltr'><strong>constituti</strong></span> <span class='ocrx_word' id='word_1_820' title='bbox 1507 1986 1566 2006; x_wconf 91' lang='lat' dir='ltr'><strong>cum</strong></span> <span class='ocrx_word' id='word_1_821' title='bbox 1582 1987 1719 2015; x_wconf 83' lang='lat' dir='ltr'><strong>essemus,</strong></span> 
     </span>
    </p>
   </div>
   <div class='ocr_carea' id='block_1_101' title="bbox 932 2020 1719 2059">
    <p class='ocr_par' dir='ltr' id='par_1_101' title="bbox 932 2020 1719 2059">
     <span class='ocr_line' id='line_1_101' title="bbox 932 2020 1719 2059; baseline 0.006 -12"><span class='ocrx_word' id='word_1_822' title='bbox 932 2021 1003 2048; x_wconf 78' lang='lat' dir='ltr'><strong>venit</strong></span> <span class='ocrx_word' id='word_1_823' title='bbox 1017 2020 1049 2048; x_wconf 88' lang='lat' dir='ltr'><strong>ad</strong></span> <span class='ocrx_word' id='word_1_824' title='bbox 1063 2029 1113 2048; x_wconf 91' lang='lat' dir='ltr'><strong>nos</strong></span> <span class='ocrx_word' id='word_1_825' title='bbox 1121 2021 1230 2053; x_wconf 83' lang='lat' dir='ltr'><strong>veritas,</strong></span> <span class='ocrx_word' id='word_1_826' title='bbox 1245 2025 1272 2048; x_wconf 90' lang='lat' dir='ltr'><strong>et</strong></span> <span class='ocrx_word' id='word_1_827' title='bbox 1284 2021 1384 2049; x_wconf 72' lang='lat' dir='ltr'><strong>invenit</strong></span> <span class='ocrx_word' id='word_1_828' title='bbox 1404 2030 1452 2050; x_wconf 89' lang='lat' dir='ltr'><strong>nos</strong></span> <span class='ocrx_word' id='word_1_829' title='bbox 1463 2030 1603 2059; x_wconf 86' lang='lat' dir='ltr'><strong>coopertos</strong></span> <span class='ocrx_word' id='word_1_830' title='bbox 1616 2025 1719 2052; x_wconf 87' lang='lat' dir='ltr'><strong>illusio-</strong></span> 
     </span>
    </p>
   </div>
   <div class='ocr_carea' id='block_1_102' title="bbox 933 2067 1716 2106">
    <p class='ocr_par' dir='ltr' id='par_1_102' title="bbox 933 2067 1716 2106">
     <span class='ocr_line' id='line_1_102' title="bbox 933 2067 1716 2106; baseline 0.006 -12"><span class='ocrx_word' id='word_1_831' title='bbox 933 2067 1019 2101; x_wconf 88' lang='lat' dir='ltr'><strong>nibus,</strong></span> <span class='ocrx_word' id='word_1_832' title='bbox 1036 2068 1151 2103; x_wconf 80' lang='lat' dir='ltr'><strong>suscepit</strong></span> <span class='ocrx_word' id='word_1_833' title='bbox 1166 2075 1273 2096; x_wconf 87' lang='lat' dir='ltr'><strong>carnem</strong></span> <span class='ocrx_word' id='word_1_834' title='bbox 1290 2073 1420 2102; x_wconf 90' lang='lat' dir='ltr'><strong>nostram,</strong></span> <span class='ocrx_word' id='word_1_835' title='bbox 1436 2070 1477 2097; x_wconf 82' lang='lat' dir='ltr'><strong>vel</strong></span> <span class='ocrx_word' id='word_1_836' title='bbox 1492 2072 1579 2105; x_wconf 87' lang='lat' dir='ltr'><strong>potius</strong></span> <span class='ocrx_word' id='word_1_837' title='bbox 1591 2080 1605 2098; x_wconf 90' lang='lat' dir='ltr'><strong>a</strong></span> <span class='ocrx_word' id='word_1_838' title='bbox 1622 2073 1697 2100; x_wconf 73' lang='lat' dir='ltr'><strong>nobis</strong></span> <span class='ocrx_word' id='word_1_839' title='bbox 1710 2094 1716 2106; x_wconf 89' lang='lat'><strong>,</strong></span> 
     </span>
    </p>
   </div>
   <div class='ocr_carea' id='block_1_103' title="bbox 932 2113 1716 2150">
    <p class='ocr_par' dir='ltr' id='par_1_103' title="bbox 932 2113 1716 2150">
     <span class='ocr_line' id='line_1_103' title="bbox 932 2113 1716 2150; baseline 0.006 -10"><span class='ocrx_word' id='word_1_840' title='bbox 932 2113 958 2140; x_wconf 90' lang='lat' dir='ltr'><strong>id</strong></span> <span class='ocrx_word' id='word_1_841' title='bbox 971 2119 1011 2140; x_wconf 87' lang='lat' dir='ltr'><strong>est</strong></span> <span class='ocrx_word' id='word_1_842' title='bbox 1026 2121 1040 2140; x_wconf 88' lang='lat' dir='ltr'><strong>a</strong></span> <span class='ocrx_word' id='word_1_843' title='bbox 1052 2121 1149 2149; x_wconf 79' lang='lat' dir='ltr'><strong>genere</strong></span> <span class='ocrx_word' id='word_1_844' title='bbox 1163 2114 1288 2141; x_wconf 88' lang='lat' dir='ltr'><strong>humano.</strong></span> <span class='ocrx_word' id='word_1_845' title='bbox 1307 2115 1435 2149; x_wconf 80' lang='lat' dir='ltr'><strong>Apparuit</strong></span> <span class='ocrx_word' id='word_1_846' title='bbox 1452 2116 1552 2143; x_wconf 81' lang='lat' dir='ltr'><strong>oculis&#39;</strong></span> <span class='ocrx_word' id='word_1_847' title='bbox 1574 2118 1661 2144; x_wconf 87' lang='lat' dir='ltr'><strong>carnis</strong></span> <span class='ocrx_word' id='word_1_848' title='bbox 1671 2138 1678 2150; x_wconf 87' lang='lat'><strong>,</strong></span> <span class='ocrx_word' id='word_1_849' title='bbox 1693 2123 1716 2145; x_wconf 87' lang='lat' dir='ltr'><strong>ut</strong></span> 
     </span>
    </p>
   </div>
   <div class='ocr_carea' id='block_1_104' title="bbox 932 2150 1720 2197">
    <p class='ocr_par' dir='ltr' id='par_1_104' title="bbox 932 2150 1720 2197">
     <span class='ocr_line' id='line_1_104' title="bbox 932 2150 1720 2197; baseline 0.008 -11"><span class='ocrx_word' id='word_1_850' title='bbox 932 2167 980 2195; x_wconf 88' lang='lat' dir='ltr'><strong>per</strong></span> <span class='ocrx_word' id='word_1_851' title='bbox 997 2160 1075 2187; x_wconf 85' lang='lat' dir='ltr'><strong>fidem</strong></span> <span class='ocrx_word' id='word_1_852' title='bbox 1095 2165 1200 2188; x_wconf 79' lang='lat' dir='ltr'><strong>satiaret</strong></span> <span class='ocrx_word' id='word_1_853' title='bbox 1216 2168 1264 2188; x_wconf 88' lang='lat' dir='ltr'><strong>eos</strong></span> <span class='ocrx_word' id='word_1_854' title='bbox 1281 2161 1377 2197; x_wconf 87' lang='lat' dir='ltr'><strong>quibus</strong></span> <span class='ocrx_word' id='word_1_855' title='bbox 1392 2163 1529 2191; x_wconf 82' lang='lat' dir='ltr'><strong>veritatem</strong></span> <span class='ocrx_word' id='word_1_856' title='bbox 1545 2150 1720 2192; x_wconf 66' lang='lat' dir='ltr'><strong>fuera&#39;mon-</strong></span> 
     </span>
    </p>
   </div>
   <div class='ocr_carea' id='block_1_105' title="bbox 932 2207 1720 2246">
    <p class='ocr_par' dir='ltr' id='par_1_105' title="bbox 932 2207 1720 2246">
     <span class='ocr_line' id='line_1_105' title="bbox 932 2207 1720 2246; baseline 0.009 -15"><span class='ocrx_word' id='word_1_857' title='bbox 932 2210 1084 2233; x_wconf 87' lang='lat' dir='ltr'><strong>straturus:</strong></span> <span class='ocrx_word' id='word_1_858' title='bbox 1101 2211 1129 2232; x_wconf 91' lang='lat' dir='ltr'><strong>ut</strong></span> <span class='ocrx_word' id='word_1_859' title='bbox 1149 2211 1242 2234; x_wconf 83' lang='lat' dir='ltr'><strong>sanato</strong></span> <span class='ocrx_word' id='word_1_860' title='bbox 1261 2207 1339 2234; x_wconf 90' lang='lat' dir='ltr'><strong>oculo</strong></span> <span class='ocrx_word' id='word_1_861' title='bbox 1361 2208 1457 2236; x_wconf 90' lang='lat' dir='ltr'><strong>veritas</strong></span> <span class='ocrx_word' id='word_1_862' title='bbox 1477 2214 1635 2244; x_wconf 83' lang='lat' dir='ltr'><strong>putesceret.</strong></span> <span class='ocrx_word' id='word_1_863' title='bbox 1661 2210 1720 2246; x_wconf 85' lang='lat' dir='ltr'><strong>Ipse</strong></span> 
     </span>
    </p>
   </div>
   <div class='ocr_carea' id='block_1_106' title="bbox 931 2251 1716 2290">
    <p class='ocr_par' dir='ltr' id='par_1_106' title="bbox 931 2251 1716 2290">
     <span class='ocr_line' id='line_1_106' title="bbox 931 2251 1716 2290; baseline 0.008 -12"><span class='ocrx_word' id='word_1_864' title='bbox 931 2251 1001 2278; x_wconf 88' lang='lat' dir='ltr'><strong>enim</strong></span> <span class='ocrx_word' id='word_1_865' title='bbox 1017 2256 1058 2279; x_wconf 89' lang='lat' dir='ltr'><strong>est</strong></span> <span class='ocrx_word' id='word_1_866' title='bbox 1068 2251 1175 2284; x_wconf 72' lang='lat' dir='ltr'><strong>veritas,</strong></span> <span class='ocrx_word' id='word_1_867' title='bbox 1190 2259 1269 2287; x_wconf 88' lang='lat' dir='ltr'><strong>quam</strong></span> <span class='ocrx_word' id='word_1_868' title='bbox 1282 2253 1359 2280; x_wconf 91' lang='lat' dir='ltr'><strong>nobis</strong></span> <span class='ocrx_word' id='word_1_869' title='bbox 1371 2254 1501 2289; x_wconf 86' lang='lat' dir='ltr'><strong>promisit,</strong></span> <span class='ocrx_word' id='word_1_870' title='bbox 1514 2262 1573 2282; x_wconf 86' lang='lat' dir='ltr'><strong>cum</strong></span> <span class='ocrx_word' id='word_1_871' title='bbox 1587 2263 1650 2283; x_wconf 88' lang='lat' dir='ltr'><strong>caro</strong></span> <span class='ocrx_word' id='word_1_872' title='bbox 1662 2256 1716 2290; x_wconf 79' lang='lat' dir='ltr'><strong>ejus</strong></span> 
     </span>
    </p>
   </div>
   <div class='ocr_carea' id='block_1_107' title="bbox 932 2296 1717 2336">
    <p class='ocr_par' dir='ltr' id='par_1_107' title="bbox 932 2296 1717 2336">
     <span class='ocr_line' id='line_1_107' title="bbox 932 2296 1717 2336; baseline 0.01 -14"><span class='ocrx_word' id='word_1_873' title='bbox 932 2297 1075 2327; x_wconf 81' lang='lat' dir='ltr'><strong>videretur,</strong></span> <span class='ocrx_word' id='word_1_874' title='bbox 1092 2301 1120 2323; x_wconf 92' lang='lat' dir='ltr'><strong>ut</strong></span> <span class='ocrx_word' id='word_1_875' title='bbox 1132 2296 1198 2324; x_wconf 87' lang='lat' dir='ltr'><strong>fides</strong></span> <span class='ocrx_word' id='word_1_876' title='bbox 1212 2297 1393 2333; x_wconf 86' lang='lat' dir='ltr'><strong>inchoaretur,</strong></span> <span class='ocrx_word' id='word_1_877' title='bbox 1407 2300 1482 2335; x_wconf 88' lang='lat' dir='ltr'><strong>cujus</strong></span> <span class='ocrx_word' id='word_1_878' title='bbox 1500 2301 1638 2336; x_wconf 71' lang='lat' dir='ltr'><strong>prtcmium</strong></span> <span class='ocrx_word' id='word_1_879' title='bbox 1651 2304 1717 2330; x_wconf 80' lang='lat' dir='ltr'><strong>veri-</strong></span> 
     </span>
    </p>
   </div>
   <div class='ocr_carea' id='block_1_108' title="bbox 933 2342 1719 2380">
    <p class='ocr_par' dir='ltr' id='par_1_108' title="bbox 933 2342 1719 2380">
     <span class='ocr_line' id='line_1_108' title="bbox 933 2342 1719 2380; baseline 0.01 -11"><span class='ocrx_word' id='word_1_880' title='bbox 933 2348 975 2370; x_wconf 86' lang='lat' dir='ltr'><strong>tas</strong></span> <span class='ocrx_word' id='word_1_881' title='bbox 986 2348 1068 2370; x_wconf 79' lang='lat' dir='ltr'><strong>esset.</strong></span> <span class='ocrx_word' id='word_1_882' title='bbox 1081 2342 1138 2370; x_wconf 92' lang='lat' dir='ltr'><strong>Non</strong></span> <span class='ocrx_word' id='word_1_883' title='bbox 1151 2344 1222 2371; x_wconf 89' lang='lat' dir='ltr'><strong>enim</strong></span> <span class='ocrx_word' id='word_1_884' title='bbox 1241 2352 1270 2372; x_wconf 88' lang='lat' dir='ltr'><strong>se</strong></span> <span class='ocrx_word' id='word_1_885' title='bbox 1285 2345 1341 2380; x_wconf 87' lang='lat' dir='ltr'><strong>ipse</strong></span> <span class='ocrx_word' id='word_1_886' title='bbox 1353 2345 1476 2373; x_wconf 86' lang='lat' dir='ltr'><strong>Christus</strong></span> <span class='ocrx_word' id='word_1_887' title='bbox 1487 2346 1679 2376; x_wconf 88' lang='lat' dir='ltr'><strong>demonstravit</strong></span> <span class='ocrx_word' id='word_1_888' title='bbox 1694 2350 1719 2377; x_wconf 87' lang='lat' dir='ltr'><strong>in</strong></span> 
     </span>
    </p>
   </div>
   <div class='ocr_carea' id='block_1_109' title="bbox 933 2388 1719 2423">
    <p class='ocr_par' dir='ltr' id='par_1_109' title="bbox 933 2388 1719 2423">
     <span class='ocr_line' id='line_1_109' title="bbox 933 2388 1719 2423; baseline 0.01 -8"><span class='ocrx_word' id='word_1_889' title='bbox 933 2393 1019 2421; x_wconf 89' lang='lat' dir='ltr'><strong>terra,</strong></span> <span class='ocrx_word' id='word_1_890' title='bbox 1039 2388 1085 2415; x_wconf 88' lang='lat' dir='ltr'><strong>sed</strong></span> <span class='ocrx_word' id='word_1_891' title='bbox 1104 2388 1297 2417; x_wconf 81' lang='lat' dir='ltr'><strong>demonstravit</strong></span> <span class='ocrx_word' id='word_1_892' title='bbox 1315 2397 1422 2417; x_wconf 85' lang='lat' dir='ltr'><strong>carnem</strong></span> <span class='ocrx_word' id='word_1_893' title='bbox 1437 2398 1522 2418; x_wconf 90' lang='lat' dir='ltr'><strong>suam.</strong></span> <span class='ocrx_word' id='word_1_894' title='bbox 1544 2392 1610 2420; x_wconf 87' lang='lat' dir='ltr'><strong>Nam</strong></span> <span class='ocrx_word' id='word_1_895' title='bbox 1634 2394 1658 2422; x_wconf 85' lang='lat' dir='ltr'><strong>si</strong></span> <span class='ocrx_word' id='word_1_896' title='bbox 1676 2403 1719 2423; x_wconf 83' lang='lat' dir='ltr'><strong>se-</strong></span> 
     </span>
    </p>
   </div>
   <div class='ocr_carea' id='block_1_110' title="bbox 933 2434 1720 2476">
    <p class='ocr_par' dir='ltr' id='par_1_110' title="bbox 933 2434 1720 2476">
     <span class='ocr_line' id='line_1_110' title="bbox 933 2434 1720 2476; baseline 0.01 -16"><span class='ocrx_word' id='word_1_897' title='bbox 933 2435 1017 2469; x_wconf 83' lang='lat' dir='ltr'><strong>ipsum</strong></span> <span class='ocrx_word' id='word_1_898' title='bbox 1036 2434 1242 2469; x_wconf 87' lang='lat' dir='ltr'><strong>demonstraret,</strong></span> <span class='ocrx_word' id='word_1_899' title='bbox 1256 2435 1377 2463; x_wconf 87' lang='lat' dir='ltr'><strong>viderent</strong></span> <span class='ocrx_word' id='word_1_900' title='bbox 1395 2436 1468 2464; x_wconf 93' lang='lat' dir='ltr'><strong>illum</strong></span> <span class='ocrx_word' id='word_1_901' title='bbox 1481 2437 1564 2466; x_wconf 57' lang='lat' dir='ltr'><strong>Judaei</strong></span> <span class='ocrx_word' id='word_1_902' title='bbox 1577 2444 1603 2467; x_wconf 90' lang='lat' dir='ltr'><strong>ct</strong></span> <span class='ocrx_word' id='word_1_903' title='bbox 1620 2448 1720 2476; x_wconf 78' lang='lat' dir='ltr'><strong>cogno-</strong></span> 
     </span>
    </p>
   </div>
   <div class='ocr_carea' id='block_1_111' title="bbox 933 2481 1720 2518">
    <p class='ocr_par' dir='ltr' id='par_1_111' title="bbox 933 2481 1720 2518">
     <span class='ocr_line' id='line_1_111' title="bbox 933 2481 1720 2518; baseline 0.009 -11"><span class='ocrx_word' id='word_1_904' title='bbox 933 2485 1038 2508; x_wconf 86' lang='lat' dir='ltr'><strong>sccrent</strong></span> <span class='ocrx_word' id='word_1_905' title='bbox 1055 2489 1061 2507; x_wconf 94' lang='lat'><strong>:</strong></span> <span class='ocrx_word' id='word_1_906' title='bbox 1078 2481 1125 2508; x_wconf 85' lang='lat' dir='ltr'><strong>sed</strong></span> <span class='ocrx_word' id='word_1_907' title='bbox 1147 2481 1169 2508; x_wconf 89' lang='lat' dir='ltr'><strong>si</strong></span> <span class='ocrx_word' id='word_1_908' title='bbox 1191 2482 1394 2516; x_wconf 74' lang='lat' dir='ltr'><strong>cognovissent,</strong></span> <span class='ocrx_word' id='word_1_909' title='bbox 1420 2490 1553 2518; x_wconf 88' lang='lat' dir='ltr'><strong>nunquam</strong></span> <span class='ocrx_word' id='word_1_910' title='bbox 1581 2485 1720 2514; x_wconf 88' lang='lat' dir='ltr'><strong>Dominum</strong></span> 
     </span>
    </p>
   </div>
   <div class='ocr_carea' id='block_1_112' title="bbox 932 2527 1721 2568">
    <p class='ocr_par' dir='ltr' id='par_1_112' title="bbox 932 2527 1721 2568">
     <span class='ocr_line' id='line_1_112' title="bbox 932 2527 1721 2568; baseline 0.01 -15"><span class='ocrx_word' id='word_1_911' title='bbox 932 2527 1024 2562; x_wconf 75' lang='lat' dir='ltr'><strong>gloria:</strong></span> <span class='ocrx_word' id='word_1_912' title='bbox 1038 2527 1234 2555; x_wconf 79' lang='lat' dir='ltr'><strong>crucitixissent</strong></span> <span class='ocrx_word' id='word_1_913' title='bbox 1244 2527 1266 2563; x_wconf 94' lang='grc' dir='ltr'><strong>(Ι</strong></span> <span class='ocrx_word' id='word_1_914' title='bbox 1282 2527 1341 2555; x_wconf 89' lang='lat' dir='ltr'><strong>Cor.</strong></span> <span class='ocrx_word' id='word_1_915' title='bbox 1353 2536 1381 2561; x_wconf 85' lang='grc' dir='ltr'>ιι,</span> <span class='ocrx_word' id='word_1_916' title='bbox 1396 2528 1434 2565; x_wconf 90' lang='lat'><strong>8).</strong></span> <span class='ocrx_word' id='word_1_917' title='bbox 1448 2528 1501 2557; x_wconf 86' lang='lat' dir='ltr'><strong>Sed</strong></span> <span class='ocrx_word' id='word_1_918' title='bbox 1519 2530 1587 2559; x_wconf 81' lang='lat' dir='ltr'><strong>forte</strong></span> <span class='ocrx_word' id='word_1_919' title='bbox 1599 2531 1721 2568; x_wconf 83' lang='lat' dir='ltr'><strong>discipuli</strong></span> 
     </span>
    </p>
   </div>
   <div class='ocr_carea' id='block_1_113' title="bbox 933 2573 1721 2611">
    <p class='ocr_par' dir='ltr' id='par_1_113' title="bbox 933 2573 1721 2611">
     <span class='ocr_line' id='line_1_113' title="bbox 933 2573 1721 2611; baseline 0.008 -11"><span class='ocrx_word' id='word_1_920' title='bbox 933 2573 1068 2604; x_wconf 84' lang='lat' dir='ltr'><strong>viderunt,</strong></span> <span class='ocrx_word' id='word_1_921' title='bbox 1083 2573 1190 2608; x_wconf 88' lang='lat' dir='ltr'><strong>quando</strong></span> <span class='ocrx_word' id='word_1_922' title='bbox 1205 2573 1241 2600; x_wconf 90' lang='lat' dir='ltr'><strong>illi</strong></span> <span class='ocrx_word' id='word_1_923' title='bbox 1251 2573 1392 2602; x_wconf 85' lang='lat' dir='ltr'><strong>dicebant:</strong></span> <span class='ocrx_word' id='word_1_924' title='bbox 1406 2574 1515 2603; x_wconf 73' lang='lat' dir='ltr'><strong>Ostende</strong></span> <span class='ocrx_word' id='word_1_925' title='bbox 1525 2577 1595 2605; x_wconf 75' lang='lat' dir='ltr'><strong>nobis</strong></span> <span class='ocrx_word' id='word_1_926' title='bbox 1606 2577 1721 2611; x_wconf 75' lang='lat' dir='ltr'><strong>Patrem,</strong></span> 
     </span>
    </p>
   </div>
   <div class='ocr_carea' id='block_1_114' title="bbox 933 2619 1723 2654">
    <p class='ocr_par' dir='ltr' id='par_1_114' title="bbox 933 2619 1723 2654">
     <span class='ocr_line' id='line_1_114' title="bbox 933 2619 1723 2654; baseline 0.01 -9"><span class='ocrx_word' id='word_1_927' title='bbox 933 2625 957 2646; x_wconf 83' lang='lat' dir='ltr'><strong>et</strong></span> <span class='ocrx_word' id='word_1_928' title='bbox 977 2619 1065 2654; x_wconf 65' lang='lat' dir='ltr'><strong>sufﬁcit</strong></span> <span class='ocrx_word' id='word_1_929' title='bbox 1080 2619 1161 2646; x_wconf 75' lang='lat' dir='ltr'><strong>nobis.</strong></span> <span class='ocrx_word' id='word_1_930' title='bbox 1178 2619 1211 2646; x_wconf 85' lang='lat' dir='ltr'><strong>Et</strong></span> <span class='ocrx_word' id='word_1_931' title='bbox 1231 2619 1275 2647; x_wconf 89' lang='lat' dir='ltr'><strong>ille</strong></span> <span class='ocrx_word' id='word_1_932' title='bbox 1296 2625 1325 2647; x_wconf 92' lang='lat' dir='ltr'><strong>ut</strong></span> <span class='ocrx_word' id='word_1_933' title='bbox 1336 2620 1370 2648; x_wconf 89' lang='lat' dir='ltr'><strong>ab</strong></span> <span class='ocrx_word' id='word_1_934' title='bbox 1389 2621 1427 2649; x_wconf 87' lang='lat' dir='ltr'><strong>eis</strong></span> <span class='ocrx_word' id='word_1_935' title='bbox 1442 2630 1471 2649; x_wconf 90' lang='lat' dir='ltr'><strong>se</strong></span> <span class='ocrx_word' id='word_1_936' title='bbox 1490 2631 1543 2650; x_wconf 91' lang='lat' dir='ltr'><strong>non</strong></span> <span class='ocrx_word' id='word_1_937' title='bbox 1564 2624 1648 2651; x_wconf 91' lang='lat' dir='ltr'><strong>visum</strong></span> <span class='ocrx_word' id='word_1_938' title='bbox 1663 2632 1723 2653; x_wconf 81' lang='lat' dir='ltr'><strong>csse</strong></span> 
     </span>
    </p>
   </div>
   <div class='ocr_carea' id='block_1_115' title="bbox 934 2665 1723 2703">
    <p class='ocr_par' dir='ltr' id='par_1_115' title="bbox 934 2665 1723 2703">
     <span class='ocr_line' id='line_1_115' title="bbox 934 2665 1723 2703; baseline 0.006 -10"><span class='ocrx_word' id='word_1_939' title='bbox 934 2670 1102 2698; x_wconf 77' lang='lat' dir='ltr'><strong>monstraret,</strong></span> <span class='ocrx_word' id='word_1_940' title='bbox 1118 2665 1250 2700; x_wconf 87' lang='lat' dir='ltr'><strong>subjecit:</strong></span> <span class='ocrx_word' id='word_1_941' title='bbox 1263 2665 1350 2693; x_wconf 80' lang='lat' dir='ltr'><strong>Tanto</strong></span> <span class='ocrx_word' id='word_1_942' title='bbox 1359 2671 1470 2703; x_wconf 83' lang='lat' dir='ltr'><strong>tempore</strong></span> <span class='ocrx_word' id='word_1_943' title='bbox 1484 2670 1610 2697; x_wconf 81' lang='lat' dir='ltr'><strong>vobiscum</strong></span> <span class='ocrx_word' id='word_1_944' title='bbox 1621 2679 1687 2703; x_wconf 75' lang='lat' dir='ltr'><strong>sum,</strong></span> <span class='ocrx_word' id='word_1_945' title='bbox 1699 2675 1723 2698; x_wconf 89' lang='lat' dir='ltr'><strong>et</strong></span> 
     </span>
    </p>
   </div>
   <div class='ocr_carea' id='block_1_116' title="bbox 934 2710 1722 2749">
    <p class='ocr_par' dir='ltr' id='par_1_116' title="bbox 934 2710 1722 2749">
     <span class='ocr_line' id='line_1_116' title="bbox 934 2710 1722 2749; baseline 0.008 -12"><span class='ocrx_word' id='word_1_946' title='bbox 934 2719 984 2738; x_wconf 80' lang='lat' dir='ltr'><strong>non</strong></span> <span class='ocrx_word' id='word_1_947' title='bbox 994 2711 1143 2746; x_wconf 70' lang='lat' dir='ltr'><strong>cognovisti:</strong></span> <span class='ocrx_word' id='word_1_948' title='bbox 1155 2712 1213 2738; x_wconf 82' lang='lat' dir='ltr'><strong>me?</strong></span> <span class='ocrx_word' id='word_1_949' title='bbox 1224 2710 1355 2748; x_wconf 80' lang='lat' dir='ltr'><strong>Philippe,</strong></span> <span class='ocrx_word' id='word_1_950' title='bbox 1368 2715 1412 2749; x_wconf 76' lang='lat' dir='ltr'><strong>qui</strong></span> <span class='ocrx_word' id='word_1_951' title='bbox 1424 2723 1463 2741; x_wconf 86' lang='lat' dir='ltr'><strong>me</strong></span> <span class='ocrx_word' id='word_1_952' title='bbox 1472 2715 1547 2749; x_wconf 79' lang='lat' dir='ltr'><strong>videt,</strong></span> <span class='ocrx_word' id='word_1_953' title='bbox 1561 2716 1625 2743; x_wconf 70' lang='lat' dir='ltr'><strong>videt</strong></span> <span class='ocrx_word' id='word_1_954' title='bbox 1638 2722 1661 2742; x_wconf 84' lang='lat' dir='ltr'><strong>et</strong></span> <span class='ocrx_word' id='word_1_955' title='bbox 1676 2716 1722 2742; x_wconf 77' lang='lat' dir='ltr'><strong>I’a-</strong></span> 
     </span>
    </p>
   </div>
   <div class='ocr_carea' id='block_1_117' title="bbox 935 2756 1722 2795">
    <p class='ocr_par' dir='ltr' id='par_1_117' title="bbox 935 2756 1722 2795">
     <span class='ocr_line' id='line_1_117' title="bbox 935 2756 1722 2795; baseline 0.006 -12"><span class='ocrx_word' id='word_1_956' title='bbox 935 2761 1007 2783; x_wconf 75' lang='lat' dir='ltr'><strong>trem.</strong></span> <span class='ocrx_word' id='word_1_957' title='bbox 1022 2756 1050 2784; x_wconf 90' lang='lat' dir='ltr'><strong>Si</strong></span> <span class='ocrx_word' id='word_1_958' title='bbox 1063 2764 1126 2792; x_wconf 76' lang='lat' dir='ltr'><strong>ergo</strong></span> <span class='ocrx_word' id='word_1_959' title='bbox 1138 2756 1271 2785; x_wconf 82' lang='lat' dir='ltr'><strong>Christum</strong></span> <span class='ocrx_word' id='word_1_960' title='bbox 1282 2758 1415 2793; x_wconf 86' lang='lat' dir='ltr'><strong>videbant,</strong></span> <span class='ocrx_word' id='word_1_961' title='bbox 1428 2761 1562 2795; x_wconf 87' lang='lat' dir='ltr'><strong>quomodo</strong></span> <span class='ocrx_word' id='word_1_962' title='bbox 1573 2760 1659 2788; x_wconf 86' lang='lat' dir='ltr'><strong>adhuc</strong></span> <span class='ocrx_word' id='word_1_963' title='bbox 1672 2761 1722 2787; x_wconf 84' lang='lat' dir='ltr'><strong>Pa-</strong></span> 
     </span>
    </p>
   </div>
   <div class='ocr_carea' id='block_1_118' title="bbox 935 2802 1720 2840">
    <p class='ocr_par' dir='ltr' id='par_1_118' title="bbox 935 2802 1720 2840">
     <span class='ocr_line' id='line_1_118' title="bbox 935 2802 1720 2840; baseline 0.006 -12"><span class='ocrx_word' id='word_1_964' title='bbox 935 2806 1002 2829; x_wconf 82' lang='lat' dir='ltr'><strong>trem</strong></span> <span class='ocrx_word' id='word_1_965' title='bbox 1017 2802 1192 2837; x_wconf 74' lang='lat' dir='ltr'><strong>quxerebant?</strong></span> <span class='ocrx_word' id='word_1_966' title='bbox 1207 2802 1235 2831; x_wconf 91' lang='lat' dir='ltr'><strong>Si</strong></span> <span class='ocrx_word' id='word_1_967' title='bbox 1250 2804 1321 2831; x_wconf 84' lang='lat' dir='ltr'><strong>enim</strong></span> <span class='ocrx_word' id='word_1_968' title='bbox 1335 2805 1458 2833; x_wconf 89' lang='lat' dir='ltr'><strong>viderent</strong></span> <span class='ocrx_word' id='word_1_969' title='bbox 1478 2806 1612 2834; x_wconf 81' lang='lat' dir='ltr'><strong>Christum</strong></span> <span class='ocrx_word' id='word_1_970' title='bbox 1625 2826 1633 2840; x_wconf 91' lang='lat'><strong>,</strong></span> <span class='ocrx_word' id='word_1_971' title='bbox 1648 2806 1720 2833; x_wconf 85' lang='lat' dir='ltr'><strong>vide—</strong></span> 
     </span>
    </p>
   </div>
   <div class='ocr_carea' id='block_1_119' title="bbox 968 2879 1374 2918">
    <p class='ocr_par' dir='ltr' id='par_1_119' title="bbox 968 2879 1374 2918">
     <span class='ocr_line' id='line_1_119' title="bbox 968 2879 1374 2918; baseline 0 0"><span class='ocrx_word' id='word_1_972' title='bbox 968 2879 1158 2918; x_wconf 54' lang='grc' dir='ltr'>ιθιίιιιιοψεεη</span> <span class='ocrx_word' id='word_1_973' title='bbox 1171 2881 1254 2918; x_wconf 40' lang='lat' dir='ltr'><strong>at”</strong></span> <span class='ocrx_word' id='word_1_974' title='bbox 1369 2913 1374 2918; x_wconf 94' lang='lat'><strong>.</strong></span> 
     </span>
    </p>
   </div>
   <div class='ocr_carea' id='block_1_120' title="bbox 971 2912 1479 2946">
    <p class='ocr_par' dir='ltr' id='par_1_120' title="bbox 971 2912 1479 2946">
     <span class='ocr_line' id='line_1_120' title="bbox 971 2912 1479 2946; baseline 0.004 -10"><span class='ocrx_word' id='word_1_975' title='bbox 971 2913 982 2929; x_wconf 68' lang='grc'><strong>⁵</strong></span> <span class='ocrx_word' id='word_1_976' title='bbox 993 2915 1026 2937; x_wconf 78' lang='lat' dir='ltr'><strong>tu</strong></span> <span class='ocrx_word' id='word_1_977' title='bbox 1037 2912 1061 2936; x_wconf 93' lang='lat' dir='ltr'><strong>in</strong></span> <span class='ocrx_word' id='word_1_978' title='bbox 1136 2917 1162 2938; x_wconf 80' lang='lat' dir='ltr'><strong>At</strong></span> <span class='ocrx_word' id='word_1_979' title='bbox 1173 2914 1197 2937; x_wconf 90' lang='lat' dir='ltr'><strong>in</strong></span> <span class='ocrx_word' id='word_1_980' title='bbox 1208 2912 1275 2945; x_wconf 58' lang='lat' dir='ltr'><strong>add,</strong></span> <span class='ocrx_word' id='word_1_981' title='bbox 1289 2913 1383 2946; x_wconf 66' lang='lat' dir='ltr'><strong>Aperuit</strong></span> <span class='ocrx_word' id='word_1_982' title='bbox 1391 2914 1479 2940; x_wconf 77' lang='lat' dir='ltr'><strong>oculos.</strong></span> 
     </span>
    </p>
   </div>
  </div>
