3972 6198
465 353 561 409 105

459 481 574 523 ient
605 479 658 524 et
693 469 920 524 Patrem.
954 463 1198 520 Nondum
1233 463 1411 534 itaque
1432 460 1706 518 Christum
1739 461 1987 518 videbant
2007 504 2021 526 ,

459 563 544 630 qui
574 561 782 613 Patrem
804 557 904 611 sibi
927 553 1136 610 ostendi
1165 553 1466 625 cupiebant.
1491 552 1627 608 Audi
1648 553 1766 622 quia
1789 551 2024 607 nonduin

459 651 699 704 videbant
730 666 744 700 :
774 647 830 702 lu
859 646 1079 716 praemio
1106 645 1233 700 illud
1260 644 1502 715 promisit
1525 644 1628 699 alio
1656 645 1790 709 loco,
1820 644 2025 710 dicens,

461 741 560 806 Qui
589 738 751 808 diligit
773 755 870 802 me,
899 737 1138 790 mandata
1165 753 1275 790 mea
1301 736 1614 790 custodit:et
1638 737 1724 806 qui
1745 737 1908 808 diligit
1927 754 2028 803 me,

459 833 697 902 diligetur
722 847 750 882 a
789 829 939 883 Patre
967 846 1094 894 meo,
1117 839 1162 882 et
1189 845 1278 900 ego
1298 829 1507 898 diligam
1529 845 1662 882 eum.
1691 828 1756 882 Et
1780 839 2027 898 tanquam

457 925 725 977 diceretur
749 921 798 976 ei
816 963 832 986 ,
869 921 1003 988 Quid
1031 921 1102 973 illi
1133 920 1301 981 dabis,
1327 919 1558 988 diligens
1581 920 1742 972 eum?
1771 917 1842 972 Et
1859 929 2027 973 osten-

459 1015 608 1078 dum,
663 1013 861 1083 inquit,
919 1013 1161 1081 meipsum
1213 1010 1288 1065 illi
1321 1009 1515 1081 (Joan.
1555 1026 1668 1074 ιιν,
1693 1011 1757 1076 8,
1793 1010 1859 1075 9,
1892 1009 1958 1064 ει
1984 1010 2024 1079 ).

459 1107 514 1159 Si
556 1122 689 1174 ergo
727 1105 1066 1175 diligentibus
1092 1119 1214 1158 eum
1261 1105 1360 1157 hoc
1409 1104 1462 1156 in
1503 1103 1721 1172 primulo
1752 1095 2025 1173 promisit,

458 1202 579 1270 quia
611 1200 854 1256 ostendet
884 1199 1114 1266 seipsutn
1147 1197 1253 1251 illis
1276 1213 1290 1260 ;
1315 1195 1656 1250 manifestum
1677 1207 1778 1262 est,
1802 1197 1922 1264 quia
1941 1196 2026 1249 iila

462 1293 593 1346 visio
635 1293 870 1346 veritatis
905 1292 1022 1345 talis
1069 1291 1223 1346 llOblS
1266 1290 1621 1358 promittitur,
1653 1305 1758 1358 qua
1785 1283 1893 1344 visa
1919 1290 2030 1359 jam

461 1400 564 1440 non
591 1385 852 1448 dicatum,
882 1383 1101 1452 lmpleta
1122 1391 1193 1436 est
1217 1384 1388 1435 anima
1415 1398 1528 1434 mea
1551 1381 1886 1436 illusienibus.

532 1475 619 1530 l9.
652 1475 800 1548 [rem
824 1473 903 1546 9.]
933 1473 1225 1543 Inﬁrmatus
1241 1491 1359 1528 sunt
1374 1483 1421 1527 et
1435 1473 1734 1528 htmsiliatus
1745 1491 1853 1528 sum
1874 1489 2034 1543 usque

459 1568 629 1622 uitatis.
657 1567 759 1636 Qui
786 1567 1095 1621 recordatur
1119 1566 1458 1621 altitudinem
1482 1566 1710 1632 sabbati,
1751 1567 1866 1637 ipse
1888 1566 2035 1621 videt

461 1669 716 1731 quantum
743 1661 811 1714 sit
842 1660 1170 1714 humiliatus.
1192 1658 1325 1714 Nam
1351 1659 1444 1730 qui
1465 1674 1570 1714 non
1603 1669 1778 1729 potest
1799 1661 2032 1730 cogitare

461 1765 580 1819 qua:
604 1751 674 1804 sit
700 1749 785 1803 illa
815 1750 1006 1820 quietis
1033 1749 1276 1815 altitudo,
1308 1766 1414 1805 non
1456 1750 1598 1806 videt
1626 1751 1720 1806 ubi
1741 1766 1880 1805 nunc
1903 1752 1971 1806 sit
1989 1753 2028 1806 ⁸.

461 1841 746 1912 Propterea
771 1842 905 1896 alius
932 1842 1165 1911 psalmus
1191 1841 1348 1906 dixit,
1376 1839 1490 1912 Ego
1507 1842 1614 1894 diti
1640 1842 1692 1895 in
1707 1843 1884 1896 ccstasi
1900 1858 2030 1896 mea:

459 1935 732 2006 Profectus
769 1951 936 1990 ruma
965 1935 1097 2004 [acie
1121 1934 1386 1988 oculorum
1411 1943 1610 1988 tuorum
1649 1934 1667 2005 (
1693 1934 1836 1988 Psal.
1887 1950 1988 1990 ιιι
2011 1976 2026 2000 ,

460 2029 532 2084 25
553 2027 594 2100 ).
617 2030 900 2098 Assumpta
924 2028 1064 2082 enim
1091 2037 1274 2082 mitte
1289 2025 1420 2080 vidit
1439 2027 1626 2081 nescio
1641 2025 1765 2097 quid
1782 2025 2028 2090 sublime,

463 2129 521 2175 et
548 2120 692 2191 quod
720 2121 851 2175 vidit
877 2120 1110 2174 nondum
1141 2118 1212 2173 ibi
1258 2128 1400 2174 totus
1423 2127 1537 2173 erat
1568 2136 1582 2171 :
1611 2127 1666 2173 et
1707 2117 1953 2189 quadam,
1986 2119 2030 2172 si

461 2212 567 2268 diei
595 2222 790 2282 potest,
820 2198 968 2282 φίεεί
1003 2211 1372 2268 conlocatione
1410 2209 1546 2266 facta
1573 2211 1788 2265 luminis
1810 2212 1993 2266 eterni
2014 2253 2029 2276 ,

463 2305 552 2359 ubi
577 2306 876 2378 sensit'nun
905 2319 964 2359 se
989 2305 1061 2359 ibi
1083 2320 1236 2370 esse,
1269 2305 1410 2375 qmd
1439 2306 1608 2374 potuit
1633 2314 1918 2374 utcumque
1947 2306 2033 2358 itt-

464 2397 729 2466 telligere,
757 2397 888 2450 vidit
914 2397 1004 2452 ubi
1025 2406 1190 2463 essm,
1219 2408 1274 2452 et
1301 2397 1749 2466 quemadmodum
1774 2399 1924 2451 malis
1947 2400 2036 2450 hn-

463 2491 635 2546 tnanis
665 2491 960 2544 inﬁrmatus
987 2500 1040 2543 et
1059 2499 1355 2543 coarctatae
1379 2497 1523 2544 esset
1550 2507 1564 2542 :
1595 2499 1652 2544 ct
1677 2491 1767 2555 ait,
1797 2489 1905 2559 Ego
1926 2490 2036 2543 diei

461 2583 514 2636 iu
541 2583 718 2637 ccstasi
742 2597 894 2635 mea:
921 2580 1182 2653 Prqiectus
1205 2598 1318 2634 sum
1341 2598 1374 2634 a
1393 2581 1520 2652 facie
1532 2581 1793 2635 oculorum
1810 2592 2029 2634 tuorum.

463 2675 593 2731 Tale
633 2685 713 2730 eat
760 2675 946 2730 nescio
984 2674 1113 2744 quid
1139 2674 1278 2744 quod
1324 2675 1430 2728 vidi
1477 2675 1530 2728 in
1559 2676 1749 2728 ecstasi
1774 2717 1788 2739 ,
1825 2684 1882 2728 ut
1911 2675 2036 2729 inde

463 2769 692 2823 sentiam
716 2784 872 2838 quam
903 2768 1058 2838 loge
1096 2781 1236 2831 sum,
1267 2768 1355 2837 qui
1385 2767 1618 2821 nondum
1651 2766 1722 2820 ibi
1747 2781 1885 2821 sum.
1915 2767 2031 2820 iam

463 2859 534 2913 ibi
557 2871 670 2914 erat
697 2861 786 2928 qui
810 2860 946 2914 dixit
967 2868 1295 2927 assumptum
1327 2875 1388 2914 se
1414 2861 1468 2912 in
1494 2860 1706 2912 tertium
1732 2859 1948 2922 emtum,
1979 2871 2035 2913 et

464 2950 535 3005 ibi
575 2950 822 3004 audiebat
862 2949 1144 3004 iuell'abilia
1176 2950 1354 3012 verba,
1385 2965 1506 3019 qtae
1531 2965 1634 3003 non
1666 2950 1788 3003 licet
1831 2949 2032 3004 homini

466 3040 628 3109 loqui.
669 3039 774 3093 Sed
821 3048 1103 3094 revocatus
1130 3049 1213 3094 est
1251 3039 1319 3092 ad
1347 3054 1445 3092 nos
1469 3081 1483 3101 ,
1516 3051 1572 3093 ut
1608 3050 1847 3107 gemeret
1889 3041 2036 3110 prius

465 3131 819 3201 perliciendus
846 3132 900 3185 in
929 3131 1232 3185 inﬁrmitate
1252 3174 1267 3196 ,
1307 3141 1362 3185 et
1395 3133 1471 3185 sic
1510 3140 1694 3201 postea
1723 3133 2034 3188 iuduerctm'

464 3225 659 3278 virtute
687 3241 700 3276 :
731 3223 992 3277 animatus
1014 3233 1210 3286 tamen,
1239 3224 1357 3292 quia
1385 3223 1514 3278 vidit
1548 3223 1745 3292 aliquid
1768 3241 1942 3278 rerum
1967 3224 2032 3278 il-

463 3313 638 3368 larum
676 3328 775 3382 pro
813 3312 1208 3383 dispensatione
1233 3311 1396 3366 cilicii
1439 3313 1559 3377 sui,
1585 3313 1780 3382 adjecit
1820 3313 2025 3378 dicens,

465 3406 650 3460 Audivi
688 3403 971 3471 inefabilia
1000 3406 1180 3467 verba,
1228 3421 1342 3475 quer
1370 3421 1470 3458 non
1513 3405 1626 3458 licet
1665 3405 1854 3459 homini
1899 3407 2034 3476 loqui

463 3497 546 3570 (ll
575 3497 690 3553 Cor.
720 3513 789 3552 xu
811 3539 830 3564 ,
856 3497 982 3552 2-H)
1001 3497 1039 3569 ).
1078 3497 1197 3576 1am
1223 3513 1350 3568 ergo
1377 3498 1500 3567 quid
1527 3513 1658 3568 opus
1687 3508 1769 3554 est
1809 3508 1864 3554 ut
1891 3516 1922 3554 a
1948 3517 2034 3556 me

462 3598 556 3644 aut
584 3606 615 3642 a
640 3605 904 3660 quoquam
927 3590 1177 3660 quzeratis
1198 3605 1315 3657 qua:
1345 3606 1448 3643 non
1477 3589 1601 3644 licet
1625 3590 1823 3645 homini
1848 3591 1991 3661 loqui
2015 3610 2028 3646 :

462 3681 508 3736 si
541 3681 613 3736 illi
641 3697 745 3735 non
784 3681 934 3736 licuit
959 3681 1102 3751 loqui
1126 3722 1141 3745 ,
1175 3682 1257 3735 eui
1287 3681 1432 3735 licuit
1469 3680 1688 3736 audire?
1718 3681 2033 3753 Plaugamus

465 3783 642 3826 tamen
673 3783 727 3827 et
767 3788 1040 3840 garriamus
1071 3773 1123 3826 in
1151 3771 1487 3828 confessione
1506 3814 1521 3838 ,
1552 3788 1901 3843 agnoscamus
1943 3777 2033 3830 ubi

461 3865 648 3928 simus,
683 3863 1027 3918 recordemur
1057 3863 1358 3925 sabbatum,
1387 3874 1440 3917 et
1469 3864 1726 3933 patienter
1752 3878 2031 3935 exspecte-

462 3969 584 4008 mus
601 3954 741 4023 quod
767 3954 857 4008 ille
886 3955 1145 4023 promisit,
1175 3957 1263 4025 qui
1291 3956 1442 4011 nobis
1467 3966 1522 4012 et
1549 3958 1602 4011 in
1631 3973 1689 4012 se
1721 3960 1838 4028 ipso
1859 3976 2033 4015 exeni-

462 4045 606 4115 plum
636 4045 901 4114 patientiae
927 4040 1328 4102 demonstravit.
1352 4047 1648 4117 lit/innatus
1669 4069 1779 4104 sum
1800 4062 1844 4106 et
1866 4054 2032 4106 Immi-

460 4135 613 4189 liatus
639 4150 748 4188 sum
771 4151 925 4201 usque
947 4138 1112 4191 nimis.

533 4226 617 4280 15.
651 4224 934 4296 [fugiebam
947 4244 977 4278 a
993 4229 1175 4297 gemitu
1195 4229 1358 4282 cordis
1377 4233 1489 4284 mei.
1511 4234 1790 4287 Altenditis
1808 4236 2032 4304 plerum-

459 4332 562 4386 qtte
591 4313 929 4394 interpellare
973 4318 1254 4385 gemitibus
1300 4335 1482 4384 servos
1524 4324 1648 4386 Dei,
1695 4334 1748 4378 et
1776 4328 2030 4394 quaeritur

458 4421 620 4460 causa
648 4425 660 4460 :
685 4416 739 4462 et
767 4423 874 4462 non
893 4417 1110 4476 apparet
1132 4407 1234 4461 nisi
1256 4411 1480 4474 gemitus
1509 4413 1730 4480 alicujus
1751 4415 1887 4468 servi
1915 4416 2025 4481 Dei;

461 4501 506 4554 si
535 4511 710 4556 tamen
733 4500 799 4554 ad
827 4516 981 4554 aures
1007 4500 1236 4554 hominis
1261 4502 1400 4554 circa
1430 4505 1575 4557 illum
1603 4507 1755 4570 positi
1783 4523 2029 4576 pervene-

458 4592 546 4646 rit.
577 4592 671 4646 Est
693 4592 834 4648 enim
860 4591 1087 4661 gemitus
1108 4592 1346 4646 occultus
1373 4594 1462 4662 qui
1490 4594 1555 4647 ab
1585 4596 1798 4651 homine
1818 4613 1920 4652 non
1941 4615 2029 4652 au-

460 4682 602 4736 ditur
633 4701 647 4736 :
682 4693 862 4739 tamen
883 4683 930 4762 si
957 4692 1096 4736 tanta
1128 4686 1466 4752 occupaverit
1492 4701 1584 4738 cor
1609 4689 1860 4756 cogitatio
1886 4690 2029 4746 desi-

460 4775 596 4830 derii
631 4776 937 4843 cujusdam,
977 4787 1032 4830 ut
1062 4790 1191 4831 voce
1217 4776 1445 4830 clariore
1474 4779 1799 4847 exprimatur
1839 4783 2027 4837 vulnus

457 4867 726 4922 interioris
764 4867 994 4922 hominis
1018 4911 1032 4927 .
1081 4869 1336 4939 quaeritur
1364 4883 1553 4929 causa;
1603 4879 1656 4922 et
1697 4870 1823 4924 dicit
1869 4874 2029 4929 homo

457 4958 592 5027 apud
621 4960 986 5028 semetipsum,
1018 4960 1178 5016 Forte
1205 4960 1329 5013 illud
1357 4971 1439 5013 est
1470 4961 1608 5014 unde
1639 4964 1819 5031 gemit,
1848 4975 1902 5018 et
1927 4965 2026 5018 for-

455 5061 507 5103 te
539 5050 665 5104 illud
712 5050 783 5104 illi
816 5049 1011 5105 factum
1056 5063 1154 5106 est.
1187 5053 1316 5119 Quis
1348 5062 1519 5122 potest
1566 5055 1891 5124 intelligere,
1924 5059 2023 5112 nisi

457 5143 544 5195 ille
577 5142 630 5195 in
668 5141 818 5211 cujus
847 5143 1013 5196 oculis
1048 5151 1103 5196 et
1129 5144 1345 5197 auribus
1381 5145 1588 5213 gemit?
1616 5146 1901 5215 Propterea
1932 5166 2021 5202 ru-

451 5233 678 5305 gicbam,
698 5233 894 5308 inquit,
929 5250 962 5285 a
987 5235 1170 5303 gemitu
1195 5235 1359 5289 cordis
1390 5239 1484 5288 neci
1513 5255 1530 5290 :
1556 5239 1678 5306 quia
1707 5238 1949 5294 homines
1977 5242 2020 5295 si

452 5325 664 5392 quando
702 5322 921 5379 audiunt
969 5327 1222 5394 gemitum
1261 5326 1490 5382 hominis
1514 5371 1529 5394 ,
1578 5331 1888 5402 plerumque
1927 5350 2022 5404 ge-

452 5421 634 5474 mitum
695 5421 870 5474 carnis
925 5418 1174 5482 audiunt;
1221 5435 1518 5488 gementem
1573 5441 1600 5476 a
1658 5422 1852 5495 gemitu
1899 5447 2022 5482 cor-

448 5509 532 5564 dis
559 5525 664 5565 non
692 5510 930 5564 audiunt.
959 5511 1189 5564 Abstulit
1216 5514 1394 5566 nescio
1421 5516 1536 5582 quis
1588 5533 1674 5568 res
1715 5518 1899 5585 hujus;
1936 5539 2021 5573 m-

449 5603 643 5674 giebat,
670 5601 764 5657 sed
789 5617 894 5656 non
919 5617 949 5655 a
979 5603 1178 5670 gemitu
1206 5603 1380 5655 cordis
1410 5621 1422 5654 :
1456 5607 1618 5669 alius,
1649 5610 1766 5675 quia
1795 5612 1979 5664 extulit
2001 5616 2019 5644 ³

505 5719 521 5749 ¹
545 5717 624 5767 Sic
646 5722 717 5764 Er.
737 5724 789 5765 et.
821 5723 924 5764 Mss.
956 5722 1008 5762 Αι
1029 5721 1155 5771 t.ov.,
1175 5728 1265 5764 non
1290 5715 1413 5766 ridet
1438 5717 1518 5767 ubi
1535 5732 1623 5768 non
1645 5726 1720 5766 ενι.

510 5779 684 5888 mihi,
709 5778 903 5830 abstulit
924 5774 1099 5841 ﬁlium.
1115 5785 1284 5828 Verius
1306 5787 1430 5840 3235..
1452 5784 1620 5832 catum
1646 5795 1661 5831 :
1683 5784 1727 5831 id
1749 5793 1838 5834 est.
1865 5787 1922 5834 ad
1941 5802 2017 5836 sc-

448 5851 510 5898 pu
582 5853 699 5889 ruat.

1686 346 1746 404 S.
1785 344 2147 402 AUGUSTINI
2168 345 2471 406 liPlSCOl‘l

3597 349 3706 408 40⁵6

2137 462 2332 526 tilium;
2385 464 2536 524 alius.
2585 465 2708 533 quia
2746 479 3004 532 uxorem;
3034 464 3193 534 alius,
3230 467 3355 535 quia
3391 466 3706 537 panditur:

2135 564 2216 608 est
2237 555 2409 620 vinea,
2455 554 2579 624 quia
2601 571 2769 625 cuppa
2811 557 2969 622 acuit,
2990 555 3113 627 quia
3148 556 3370 627 diripuit
3404 557 3709 627 jumentusn

2136 646 2302 716 ipsius
2357 647 2536 701 nescio
2585 648 2736 717 quis;
2787 647 2956 713 alius,
3014 648 3134 718 quia
3191 647 3444 703 demtum
3491 649 3709 720 aliquod

2136 755 2326 810 passus
2365 750 2480 801 est;
2534 741 2702 802 alius,
2729 741 2851 810 quia
2898 742 3046 796 timet
3077 741 3346 796 hominem
3392 740 3710 796 inimicum.

2135 845 2320 886 omnes
2359 832 2444 886 isti
2477 847 2510 885 s
2543 833 2742 902 gemitu
2780 831 2955 888 carnis
2997 833 3230 904 rugiuat.
3263 834 3332 888 At
3357 847 3482 889 vero
3519 847 3714 889 servus

2138 920 2253 986 Dei,
2281 922 2401 992 quia
2443 937 2504 976 er
2547 921 2918 978 recordatione
2941 923 3149 978 sabbati
3174 924 3314 993 rugit
3333 963 3349 990 ,
3380 924 3466 980 ubi
3507 933 3594 980 est
3619 940 3712 979 re-

2134 1027 2296 1081 gnum
2333 1013 2463 1078 Dei,
2503 1012 2641 1082 quod
2678 1027 2809 1068 caro
2845 1023 2901 1068 et
2941 1015 3156 1084 sanguis
3205 1029 3309 1069 non
3364 1013 3719 1084 possidebunt

2137 1103 2176 1174 (Ι
2199 1102 2316 1158 Cor.
2345 1119 2432 1160 xv.
2464 1103 2554 1175 50)
2585 1102 2916 1174 :Rugiebam,
2939 1105 3129 1175 inquit,
3147 1105 3378 1176 agmitu
3400 1105 3571 1160 cordis
3587 1106 3707 1160 and.

2209 1194 2294 1250 ιι.
2336 1193 2486 1266 [rem
2533 1194 2652 1269 ιιι]
2680 1195 2746 1250 Et
2771 1195 2894 1265 quis
2920 1196 3240 1266 agnoscebat
3263 1196 3408 1252 unde
3428 1195 3710 1268 rogitabat?
3759 1233 3763 1248 .

2136 1281 2368 1352 Subjecit
2400 1302 2412 1337 :
2449 1284 2516 1337 lit
2535 1294 2650 1338 ante
2675 1293 2723 1338 te
2753 1294 2826 1339 est
2852 1300 2998 1339 omne
3030 1284 3331 1339 desiderium
3367 1302 3552 1340 meum.
3592 1285 3712 1340 Non

2141 1375 2281 1428 coitu
2311 1385 2435 1428 ante
2467 1375 2734 1442 homines,
2759 1376 2848 1446 qui
2878 1389 2973 1430 cur
2991 1375 3170 1430 videre
3196 1391 3304 1431 non
3329 1385 3548 1447 possunt
3572 1395 3586 1431 :
3613 1377 3712 1432 sed

2135 1476 2249 1519 ante
2272 1474 2319 1520 te
2337 1476 2411 1519 est
2429 1482 2577 1520 omne
2594 1466 2894 1520 desiderium
2910 1482 3096 1520 meum.
3116 1465 3198 1522 Sit
3211 1466 3536 1532 desiderium
3561 1477 3720 1522 tuum

2135 1566 2259 1611 ante
2286 1557 2464 1622 illum;
2493 1566 2547 1611 et
2571 1555 2729 1612 Pater
2755 1557 2843 1628 qui
2870 1556 3017 1612 videt
3057 1559 3110 1612 in
3139 1557 3370 1624 occulto,
3400 1556 3588 1614 reddet
3613 1559 3714 1613 tibi

2137 1645 2360 1718 (Matth.
2386 1663 2472 1712 γι,
2497 1647 2589 1718 6).
2618 1648 2793 1719 Ipsum
2822 1648 2962 1702 enim
2987 1647 3309 1704 desiderium
3335 1657 3502 1714 tutan,
3530 1650 3716 1705 oratio

2132 1748 2227 1796 tua
2251 1750 2332 1795 est
2362 1758 2374 1792 :
2405 1751 2458 1795 et
2485 1742 2529 1795 si
2550 1742 2859 1796 continuum
2882 1740 3228 1803 desiderium,
3250 1740 3502 1796 continua
3515 1741 3712 1796 oratio.

2136 1833 2251 1887 Non
2277 1833 2420 1888 enim
2452 1832 2644 1887 frustra
2671 1834 2806 1889 dixit
2833 1833 3121 1903 Apostolus
3141 1875 3159 1899 ,
3183 1833 3310 1890 Sine
3346 1833 3718 1888 intermissione

2137 1933 2335 1978 orantes
2363 1923 2418 1992 (Ι
2447 1923 2622 1977 Thess.
2652 1923 2860 1993 v,.l'1).
2890 1923 3152 1994 Numquid
3179 1923 3295 1979 sine
3318 1923 3714 1980 intermissione

2135 2029 2272 2085 genu
2294 2014 2573 2077 ﬂectimus,
2603 2030 2794 2083 corpus
2816 2016 3219 2084 prosternimus,
3241 2024 3334 2070 aut
3357 2029 3546 2070 manus
3568 2015 3715 2069 leva-

2137 2121 2276 2170 mus,
2302 2115 2358 2159 ut
2379 2105 2538 2169 dicat,
2569 2105 2694 2161 Sine
2711 2105 3080 2160 intermissione
3105 2106 3280 2160 orate?
3307 2107 3414 2160 Aut
3438 2106 3481 2160 si
3499 2106 3604 2160 sic‘
3625 2104 3715 2160 di-

2137 2196 2309 2251 cimus
2347 2211 2444 2251 nos
2473 2212 2654 2264 orare,
2701 2195 2803 2252 hoc
2844 2207 2972 2267 puto
3018 2198 3134 2253 sine
3172 2197 3566 2253 intermissione
3604 2213 3711 2253 non

2138 2304 2421 2357 possumus
2449 2290 2639 2344 facere.
2669 2290 2764 2344 Est
2787 2290 2889 2344 alia
2918 2291 3142 2345 interior
3169 2290 3288 2347 sine
3313 2290 3712 2346 intermissione

2137 2383 2344 2448 oratio,
2381 2398 2503 2452 quae
2532 2390 2618 2437 est
2639 2381 2982 2437 desiderium.
3009 2381 3276 2453 Quidquid
3301 2382 3443 2438 aliud
3469 2397 3627 2454 agas,
3667 2384 3714 2438 si

2138 2473 2410 2528 desideras
2449 2474 2576 2529 illud
2617 2474 2928 2542 sabbatum,
2959 2489 3068 2529 non
3097 2474 3402 2531 intermittis
3429 2491 3608 2531 orare.
3652 2476 3720 2532 Si.

2139 2579 2243 2618 non
2266 2565 2345 2618 vis
2369 2564 2718 2620 intermittere
2737 2579 2913 2632 orare,
2939 2565 3046 2620 noli
3075 2566 3423 2622 intermittere
3442 2566 3716 2623 desidera-

2140 2670 2216 2709 re.
2269 2653 2588 2710 Continuam
2626 2655 2950 2711 desiderium
2993 2667 3176 2721 tuum,
3205 2657 3456 2713 continua
3492 2673 3595 2712 vox
3623 2667 3715 2712 tua

2138 2758 2240 2800 est.
2266 2747 2520 2812 Tacebis,
2561 2748 2603 2801 si
2643 2762 2824 2804 amare
2845 2747 3137 2804 destiteris.
3160 2749 3262 2817 Qui
3293 2750 3606 2805 tacuerunt?
3638 2750 3718 2806 De

2139 2839 2330 2908 quibus
2351 2839 2548 2893 dictum
2571 2848 2652 2894 est
2671 2857 2683 2892 :
2708 2837 2960 2904 Quoniam
2984 2841 3255 2905 abundauit
3276 2841 3537 2911 iniquitas,
3558 2843 3718 2912 refri-

2140 2940 2300 3002 gescet
2343 2931 2564 2985 charitos
2600 2931 2872 2985 multorum
2919 2931 3144 3004 (Matth.
3175 2948 3331 3000 xxxv,
3364 2931 3492 3004 12).
3523 2932 3720 3003 Frigus

2139 3020 2433 3082 charitatis,
2459 3020 2726 3076 silentium
2753 3022 2931 3077 cordis
2953 3031 3036 3078 est
3068 3040 3082 3077 :
3109 3023 3385 3094 ﬂagrantia
3413 3023 3714 3089 charitatis,

2140 3111 2340 3166 clamor
2366 3110 2544 3166 cordis
2570 3121 2673 3166 est.
2698 3110 2754 3168 Si
2781 3129 2997 3184 semper
3024 3125 3202 3170 manet
3223 3114 3474 3180 charitas,
3499 3130 3718 3184 semper

2139 3202 2375 3266 clamas;
2401 3202 2444 3256 si
2468 3217 2678 3271 semper
2711 3203 2930 3267 clamas,
2969 3220 3183 3274 semper
3209 3203 3513 3270 desideras;
3543 3206 3587 3258 si
3618 3206 3718 3260 de-

2139 3294 2360 3360 sideras,
2388 3294 2621 3364 requiem
2647 3296 2964 3352 recordaris.
2995 3298 3059 3352 Et
3085 3299 3296 3370 rugitus
3315 3298 3496 3354 cordis
3517 3300 3589 3352 tui
3617 3317 3718 3353 an-

2140 3386 2192 3440 te
2219 3401 2378 3455 quem
2406 3387 2510 3451 sit,
2539 3396 2748 3456 oportet
2775 3399 2832 3442 ttt
2861 3389 3143 3461 intelligas.
3171 3390 3292 3445 1am
3315 3392 3472 3462 quale
3495 3391 3714 3446 deside-

2137 3476 2278 3531 rium
2318 3477 2507 3532 debeat
2537 3494 2656 3534 esse
2691 3489 2816 3536 ante
2852 3481 3036 3536 oculos
3074 3482 3186 3544 Dei,
3218 3482 3516 3537 considera.
3549 3482 3718 3536 Num-

2137 3567 2262 3637 quid
2293 3578 2351 3622 ut
2386 3570 2644 3624 moriatur
2674 3571 2916 3626 inimicus
2955 3583 3168 3639 uoster,
3197 3573 3340 3644 quod
3377 3574 3534 3643 quasi
3565 3574 3716 3644 juste

2136 3659 2350 3727 optant‘
2381 3659 2662 3714 homines?
2700 3659 2836 3715 Nam
2861 3661 3144 3731 aliquando
3172 3677 3386 3718 oramus
3415 3664 3558 3734 quod
3604 3681 3716 3719 non

2137 3749 2410 3805 debemus.
2439 3751 2571 3806 Illud
2611 3753 2749 3822 quod
2788 3755 2935 3824 quasi
2976 3756 3122 3824 justo
3146 3763 3306 3810 orant
3338 3755 3603 3816 homines.
3635 3759 3718 3812 vi-

2136 3842 2376 3898 deamus.
2404 3843 2534 3897 Nam
2571 3855 2725 3899 erant
2757 3855 2818 3899 ut
2845 3848 3105 3901 moriatur
3133 3848 3357 3917 aliquis.
3401 3859 3453 3903 et
3489 3849 3555 3903 ad
3593 3850 3716 3906 illus

2137 3933 2420 3989 Inc-reditas
2447 3936 2644 3990 veniat.
2673 3935 2777 3991 Sed
2807 3945 2859 3991 et
2902 3937 2973 3991 illi
3010 3938 3098 4007 qui
3127 3949 3280 3992 oram
3319 3950 3377 3992 ut
3417 3941 3717 3996 moriantur

2136 4023 2372 4092 inimici,
2402 4026 2617 4080 audiant
2647 4027 2926 4082 Dominum
2965 4027 3228 4083 dicentem
3256 4045 3269 4082 :
3307 4029 3460 4084 Orate
3489 4049 3582 4098 pro
3609 4033 3718 4085 iui-

2135 4118 2279 4171 micis
2312 4119 2484 4172 restria
2513 4117 2624 4189 (Id.
2654 4136 2704 4185 v,
2737 4121 2824 4185 44,
2849 4130 2895 4174 et
2920 4119 3048 4174 Luc.
3075 4139 3150 4188 vt,
3175 4123 3290 4192 27).
3314 4123 3431 4178 Νοιι
3452 4140 3582 4195 ergo
3610 4125 3716 4180 hoc

2134 4219 2310 4270 orent,
2339 4218 2395 4262 ut
2423 4210 2716 4264 moriantur
2746 4210 2944 4266 inimici
2975 4229 2988 4266 :
3018 4213 3112 4268 sed
3140 4213 3239 4268 hoc
3265 4224 3437 4279 orent,
3462 4224 3523 4268 ut
3546 4217 3716 4270 corri-

2133 4309 2357 4368 gantur;
2385 4309 2439 4353 ει
2464 4301 2657 4354 mortui
2686 4311 2842 4355 erunt
2869 4302 3104 4368 inimici;
3130 4303 3239 4372 jam
3271 4305 3416 4358 enim
3438 4307 3666 4360 correcti
3695 4348 3718 4372 ,

2137 4402 2246 4442 non
2275 4399 2430 4443 erunt
2459 4389 2677 4444 inimici.
2708 4390 2772 4444 Et
2797 4403 2912 4446 ante
2946 4403 2994 4448 te
3020 4411 3166 4448 omne
3190 4394 3498 4448 desiderium
3522 4413 3712 4452 meum.

2133 4478 2272 4545 Quid
2298 4481 2346 4532 si
2371 4479 2694 4536 desiderium
2733 4493 2858 4538 ante
2884 4483 3034 4538 illum
3063 4496 3180 4552 est,
3224 4497 3282 4542 et
3324 4488 3435 4556 ipse
3479 4489 3722 4559 gemitus

2134 4587 2242 4625 non
2270 4581 2352 4626 est
2384 4581 2507 4626 ante.
2535 4573 2717 4628 illum?
2755 4573 2902 4630 Unde
2927 4575 3040 4630 fieri
3073 4587 3263 4645 potest,
3292 4577 3506 4646 qtuuido
3537 4579 3716 4646 ipsum

2131 4661 2452 4718 desiderium
2476 4664 2496 4696 ³
2517 4680 2702 4721 vocem
2721 4683 2872 4722 suam
2893 4667 3052 4722 habet
3065 4669 3316 4738 gemitum
3335 4672 3358 4722 ’ἰ
3386 4670 3508 4724 Ideo
3535 4674 3716 4741 sequi.

2133 4765 2240 4823 tur,
2267 4755 2340 4810 Et
2366 4760 2578 4826 gemitus
2619 4777 2757 4814 meus
2785 4777 2887 4814 non
2925 4770 2997 4814 est
3028 4760 3346 4816 absconditus
3382 4782 3418 4816 ιι
3455 4776 3524 4818 te.
3570 4769 3611 4818 Δ
3661 4777 3716 4818 tu

2132 4863 2237 4902 non
2291 4859 2374 4904 est
2397 4850 2754 4917 absconditus,
2783 4867 2811 4905 a
2842 4853 3021 4907 multis
3057 4864 3231 4908 autem
3263 4855 3566 4910 hominibus
3589 4859 3714 4909 talas-

2131 4942 2381 4998 conditus
2417 4953 2518 4999 est.
2549 4944 2771 5000 Videtur
2807 4946 3091 5015 aliquando
3144 4947 3360 5001 humilis
3399 4965 3586 5004 servus
3621 4951 3713 5008 [lvi

2130 5032 2306 5088 dicere
2335 5051 2348 5088 :
2382 5033 2444 5087 Et
2478 5036 2687 5106 gemitus
2713 5051 2852 5088 meus
2881 5053 2979 5089 non
3013 5048 3086 5090 est
3119 5037 3434 5091 absconditus
3465 5057 3494 5090 α
3526 5051 3588 5092 te.
3624 5040 3712 5092 Υι-

2130 5123 2285 5178 detur
2305 5123 2585 5192 aliquando
2608 5134 2660 5178 et
2696 5124 2870 5180 ridere
2898 5141 3084 5182 servus
3123 5128 3212 5182 Dei
3242 5147 3253 5179 :
3285 5130 3536 5198 numquid
3563 5129 3712 5184 desi-

2129 5215 2332 5269 derium
2375 5214 2502 5268 illud
2528 5224 2793 5285 mortuum
2829 5225 2912 5271 est
2941 5218 2992 5271 in
3022 5217 3222 5272 corde?
3251 5220 3303 5272 Si
3347 5230 3524 5274 auten:
3577 5224 3718 5275 ιιιεκι

2128 5306 2466 5366 desiderium,
2491 5308 2626 5362 inest
2646 5321 2697 5362 et
2717 5310 2942 5378 gemitus
2971 5327 2981 5363 :
3007 5327 3112 5364 non
3139 5326 3350 5382 semper
3375 5317 3620 5382 pervenit
3645 5326 3713 5370 :ttt

2128 5413 2284 5452 aures
2330 5398 2624 5466 hominum,
2671 5401 2766 5455 sed
2809 5419 3072 5473 nunquam
3118 5405 3316 5458 recedit
3368 5406 3435 5461 ab
3485 5409 3715 5464 auribus

2129 5490 2241 5545 Dei.
2270 5506 2274 5512 '

2191 5607 2204 5635 ¹
2232 5612 2358 5672 l.ov_._.
2384 5612 2466 5654 aut
2489 5605 2768 5672 sidicimus.
2802 5615 2874 5657 Er.
2902 5618 2952 5658 et
2977 5610 3142 5672 plures
3167 5619 3295 5671 Mss,
3324 5619 3410 5662 aut
3438 5613 3563 5664 sicut
3586 5615 3716 5666 αἰτίη

2124 5680 2246 5716 mus.
2271 5667 2372 5724 Alii,
2400 5675 2487 5716 ,mt
2509 5669 2651 5718 sisic.

2194 5733 2209 5757 ³
2235 5728 2397 5777 t'lurt‘s
2419 5737 2545 5787 Mss,
2570 5739 2722 5780 orant.

2164 5792 2208 5857 _3
2233 5789 2451 5858 Plerique
2471 5801 2594 5851 “.55.,
2616 5794 2908 5846 desiderium
2931 5800 2980 5848 tu
3003 5809 3160 5848 vocem
3181 5812 3333 5849 suam.
3361 5805 3487 5861 Duo,
3513 5799 3713 5853 deside-

2127 5865 2251 5902 ιιωιι
2270 5867 2317 5902 ιιι
2339 5866 2444 5906 ιυεε
2466 5870 2570 5907 sua.
