3972 6198
168 333 269 389 ιοδ

236 459 322 512 13.
370 457 520 529 [vers.
572 458 681 527 11.)
728 458 825 513 Cor
864 474 1029 512 meum
1062 456 1407 511 conturbatum
1450 467 1540 511 est.
1590 455 1739 512 Unde

166 552 535 607 conturbatum
564 552 685 607 cst?
716 551 781 604 Et
819 551 1035 605 deseruit
1070 566 1149 603 me
1193 547 1436 618 fortitudo
1463 564 1591 601 mea.
1625 546 1741 602 Ple-

168 660 386 714 rumque
415 644 565 697 irruit
587 644 764 699 nescio
784 643 909 715 quid
936 643 1306 713 repentinum;
1332 642 1387 696 lit
1408 638 1742 697 conturbatio

166 737 339 791 cordis
373 754 387 790 :
419 736 781 791 contremiscit
814 743 951 790 terra
971 777 986 801 ,
1020 734 1243 789 tonitrus
1284 731 1441 788 datur
1478 731 1544 787 de
1568 732 1739 795 cmlo,

168 826 436 882 horribilis
465 827 523 881 tit
565 827 791 895 impetus
817 827 897 882 vel
937 827 1223 897 strepitus,
1255 826 1342 881 leo
1379 825 1514 881 forte
1536 822 1744 880 videtur

168 921 211 971 in
241 919 365 979 via;
401 916 460 971 lit
483 917 816 979 conturbatio
845 933 857 969 :
890 916 1123 972 latrones
1148 916 1495 981 insidiantur;
1527 915 1584 970 lit
1611 929 1741 969 con-

169 1010 397 1064 turbatio
416 1008 613 1073 cordis,
636 1017 875 1079 pavetur,
896 1009 1129 1078 undique
1149 1007 1447 1064 sollicitudo
1470 1007 1739 1061 incutitur.

166 1102 314 1156 Unde
353 1100 492 1156 hoc?
524 1098 654 1169 Quia
685 1101 901 1156 deseruit
938 1118 1016 1156 me
1060 1100 1302 1171 fortitudo
1330 1117 1461 1154 mea.
1508 1098 1564 1154 Si
1601 1101 1742 1154 enim

165 1204 402 1250 maneret
428 1195 514 1249 illa
542 1193 813 1261 fortitudo,
840 1194 964 1265 quid
990 1193 1302 1250 timeretur?
1322 1192 1586 1264 Quidquid
1608 1206 1744 1246 nunc

167 1289 415 1353 tiaretur,
452 1286 705 1357 quidquid
732 1287 1017 1350 frenderet,
1045 1285 1299 1358 quidquid
1328 1294 1560 1349 sonaret,
1590 1284 1744 1354 quid-

166 1380 283 1449 quid
313 1380 565 1446 caderet,
609 1379 861 1449 quidquid
905 1380 1179 1445 horreret,
1212 1396 1317 1433 non
1350 1388 1591 1433 terreret.
1638 1378 1742 1432 Sed

171 1471 306 1526 unde
336 1471 424 1524 illa
461 1471 816 1539 perturbatio?
843 1470 1071 1524 Deseruit
1111 1487 1190 1524 me
1212 1470 1455 1539 fortitudo
1475 1486 1604 1523 mea.
1629 1467 1741 1525 Un-

172 1561 233 1617 de
258 1560 493 1616 deseruit
517 1560 804 1615 fortitudo?
835 1561 899 1615 Et
926 1563 1090 1615 lumen
1116 1562 1376 1616 oculorum
1400 1576 1621 1614 meorum
1642 1576 1743 1613 non

176 1663 241 1706 est
284 1668 493 1706 mecum.
542 1652 786 1707 Latnerat
814 1654 830 1683 ¹
872 1668 1000 1722 ergo
1039 1651 1207 1706 Adam
1248 1652 1425 1706 lumen
1465 1646 1739 1705 oculorum

178 1742 351 1811 ipsius.
378 1741 506 1796 Nam
534 1742 714 1797 lumen
753 1743 1026 1796 oculorum
1066 1741 1231 1813 ipsius
1261 1741 1374 1810 ipse
1412 1741 1552 1796 Deus
1578 1750 1692 1795 erat
1724 1758 1739 1796 :

176 1849 321 1903 quem
343 1849 460 1889 cum
491 1832 818 1897 oll‘endisset,
851 1833 982 1903 fugit
1001 1832 1066 1887 ad
1095 1832 1357 1896 umbram,
1388 1841 1442 1887 et
1460 1829 1741 1887 abscondit

172 1941 228 1979 se
263 1923 397 1979 inter
420 1925 557 1995 ligna
585 1924 814 1994 paradisi
857 1923 1025 1995 (Gen.
1053 1940 1128 1989 nt,
1160 1922 1251 1994 8).
1294 1923 1525 1978 Pavebat
1552 1939 1581 1976 a
1608 1923 1740 1977 faeie

172 2017 281 2083 Dei,
308 2026 362 2071 et
384 2017 630 2087 qumsivit
652 2016 892 2071 umbram
921 2016 1187 2071 arborum.
1218 2016 1332 2071 Jam
1362 2017 1499 2070 inter
1518 2014 1740 2071 arbores

172 2110 338 2164 lumen
367 2110 642 2165 oculorum
670 2125 777 2164 non
804 2109 1050 2174 habebat,
1081 2108 1146 2164 ad
1191 2109 1331 2180 quod
1358 2109 1587 2179 gaudere
1611 2124 1740 2164 con-

170 2209 425 2257 sueverat.
446 2202 501 2257 Si
522 2217 648 2273 ergo
677 2202 767 2257 ille
785 2201 851 2257 de
875 2203 1097 2272 origine,
1125 2212 1178 2258 et
1208 2218 1304 2257 nos
1329 2202 1395 2257 de
1422 2203 1737 2274 propagine;

169 2307 215 2347 rt
241 2294 464 2349 redeunt
483 2294 549 2349 ad
588 2294 735 2349 illum
762 2294 1050 2349 secundum
1077 2294 1157 2349 vel
1195 2294 1536 2349 novissimum
1567 2292 1737 2348 Adam

169 2389 394 2442 membra
421 2388 537 2453 ista,
570 2389 688 2459 quia
724 2387 1039 2443 novissimus
1068 2389 1233 2442 Adam
1257 2390 1307 2442 in
1334 2388 1578 2459 Spiritum
1606 2389 1736 2444 vivi-

170 2481 404 2533 ﬁcantem
433 2479 450 2547 (
475 2478 491 2532 Ι
513 2476 632 2533 Cor.
658 2495 747 2544 xv,
776 2479 877 2549 45)
901 2498 915 2544 ;
948 2490 999 2534 et
1028 2481 1257 2534 clamant
1279 2480 1346 2536 de
1372 2496 1595 2550 corpore
1621 2480 1739 2549 ejus

168 2572 212 2623 in
240 2572 335 2624 ista
359 2572 727 2638 confessione,
770 2572 834 2625 Et
863 2574 1029 2627 lumen
1070 2574 1328 2627 oculorum
1367 2590 1593 2628 meorum
1637 2590 1735 2628 non

167 2678 227 2717 est
248 2682 440 2718 mecum
459 2682 478 2718 :
502 2664 611 2735 jam
634 2664 912 2728 conﬁtens,
933 2665 1040 2734 jam
1068 2666 1392 2733 redemptus,
1414 2666 1522 2734 jam
1544 2666 1596 2721 in
1617 2681 1735 2721 cor-

169 2773 285 2821 pore
327 2757 524 2812 Christi
554 2766 672 2825 est,
713 2766 765 2812 et
796 2758 971 2811 lumen
1001 2759 1272 2811 oculormn
1307 2756 1469 2825 ipsius
1518 2772 1621 2810 non
1653 2768 1736 2813 est

166 2864 273 2903 cum
311 2850 459 2919 ipso?
496 2850 661 2904 Plane
690 2866 792 2903 non
824 2858 904 2903 est
933 2864 1050 2902 cum
1084 2849 1198 2917 ipso
1224 2865 1236 2899 :
1285 2849 1376 2902 sed
1407 2857 1489 2903 est
1517 2849 1732 2917 quidem

168 2952 404 3012 tanquam
440 2941 615 2996 adhuc
652 2941 1041 2996 recordantium
1081 2942 1355 2995 sabbatum
1377 2944 1396 2973 '
1419 2984 1434 3008 ,
1484 2952 1731 3011 tanquam

164 3035 483 3089 cernentium
521 3034 571 3087 in
611 3048 737 3103 Spe;
776 3033 867 3087 sed
908 3032 1144 3087 nondum
1184 3042 1265 3087 est
1295 3033 1420 3087 illud
1466 3034 1640 3089 lumen
1666 3034 1732 3087 de

163 3144 257 3195 quo
285 3127 497 3191 dicitur,
539 3125 811 3181 Ostendam
853 3127 1095 3196 meipsum
1140 3126 1217 3179 illi
1256 3124 1430 3194 (Joan.
1466 3142 1571 3192 xw,
1615 3126 1727 3193 21)

168 3218 252 3271 Est
280 3218 535 3288 quiddam
564 3217 799 3283 luminis,
829 3219 948 3287 quia
981 3217 1071 3270 lilii
1119 3218 1210 3271 Dei
1240 3232 1442 3283 sumus,
1475 3227 1526 3269 et
1555 3218 1733 3286 utique

165 3307 255 3362 hoc
296 3310 350 3362 in
389 3307 491 3363 lide
520 3308 809 3363 retinemus
845 3325 859 3357 :
892 3307 984 3361 sed
1016 3307 1248 3361 nondum
1276 3318 1355 3361 est
1395 3307 1522 3361 illud
1554 3308 1729 3362 lumen

162 3398 293 3465 quod
319 3399 636 3454 videbimus.
668 3398 909 3452 Nondum
930 3400 1060 3451 enim
1087 3401 1323 3469 apparuit
1350 3400 1482 3467 quod
1508 3400 1688 3453 erimus
1710 3417 1730 3453 .°

163 3491 335 3544 scimus
354 3491 473 3561 quia
499 3506 610 3543 cum
635 3491 950 3560 apparuerit,
979 3490 1166 3544 similes
1188 3491 1234 3543 ei
1261 3491 1465 3552 erimus.
1495 3494 1729 3561 quoniam

164 3582 424 3634 ridebimus
451 3598 562 3634 eum
597 3582 746 3635 sicuti
779 3590 849 3635 est
897 3582 914 3652 (
943 3581 957 3633 Ι
987 3580 1144 3635 Joan.
1180 3598 1256 3645 nt,
1284 3582 1319 3635 2
1342 3583 1380 3651 ).
1412 3582 1540 3636 Nam
1574 3585 1731 3637 modo

164 3673 327 3728 lumen
357 3674 480 3729 fidei
508 3683 562 3729 et
579 3675 755 3729 lumen
777 3673 889 3743 spei
911 3682 1010 3728 est.
1039 3673 1291 3738 Quamdiu
1317 3675 1449 3727 enim
1477 3692 1647 3728 sumus
1678 3676 1730 3728 in

163 3783 379 3837 corpore,
418 3767 794 3837 peregrinamur
822 3782 852 3817 a
880 3764 1099 3818 Domino
1120 3782 1139 3817 :
1167 3782 1255 3835 per
1281 3765 1430 3832 ﬁdem
1466 3768 1595 3817 enim
1617 3783 1729 3818 ant-

163 3856 399 3921 bulamus,
426 3874 526 3910 non
544 3873 632 3927 per
660 3858 870 3926 speciem
892 3854 956 3924 (ll
974 3854 1091 3910 Cor.
1134 3871 1186 3919 ν,
1213 3856 1266 3920 6,
1301 3854 1376 3924 7).
1403 3853 1465 3906 Et
1492 3855 1731 3925 quamdiu

161 3953 281 4015 quod
300 3968 401 4004 non
426 3949 647 4003 videmus
664 3965 946 4017 speramus,
977 3964 1063 4016 per
1080 3947 1369 4016 patientiam
1389 3957 1732 4016 exspectamus

160 4040 323 4101 (llom.
357 4058 472 4105 vnt,
494 4040 608 4108 25).
634 4040 800 4095 Voces
817 4049 939 4092 sunt
965 4054 1092 4108 ergo
1114 4040 1227 4092 istae
1256 4039 1726 4108 peregrinantium,

158 4133 383 4185 nondum
428 4132 481 4185 in
526 4132 692 4202 patria
734 4131 1166 4185 constitutorum.
1213 4130 1278 4184 Et
1318 4139 1460 4185 recte
1497 4130 1643 4195 dicit,
1676 4142 1730 4184 et

156 4237 272 4278 vere
299 4224 449 4288 dicit,
484 4232 537 4277 et
563 4223 607 4277 si
633 4238 736 4277 non
768 4223 836 4275 sit
864 4221 1101 4286 dolosas,
1133 4222 1391 4277 veraciter
1411 4224 1724 4276 contitetur:

160 4314 214 4366 l-It
239 4318 410 4369 ltuuen
434 4313 689 4369 oculorum
717 4331 941 4368 meorum
966 4331 1067 4368 non
1092 4325 1163 4368 est
1195 4331 1404 4367 mecum.
1444 4314 1567 4368 [huc
1598 4314 1731 4382 pati-

156 4416 233 4459 tur
258 4407 421 4461 bomo
450 4405 610 4471 intus,
640 4407 706 4459 ibi
737 4422 936 4471 secum,
962 4407 1012 4459 in
1038 4407 1233 4475 seipso,
1258 4416 1311 4460 et
1331 4406 1561 4475 scipsnm
1590 4405 1630 4471 ³,
1661 4407 1730 4462 de

158 4498 360 4550 nemine
387 4496 454 4549 ad
488 4497 752 4550 neminem
788 4507 978 4568 printer
1012 4512 1070 4552 se
1101 4514 1113 4549 :
1149 4497 1259 4551 Itatc
1288 4497 1387 4550 sibi
1420 4498 1529 4567 ipse
1575 4513 1733 4567 patuit

149 4606 236 4641 sia
266 4605 387 4643 esse
418 4590 631 4651 meruit,
665 4590 915 4659 quidquid
943 4590 1185 4659 superius
1210 4593 1557 4645 cnumcravit.

218 4683 304 4736 16.
349 4682 511 4754 (vers.
545 4683 631 4745 1‘2,
664 4680 774 4754 15.]
820 4682 922 4737 Sed
974 4682 1227 4752 numquid
1276 4681 1378 4736 hoc
1426 4684 1601 4737 solum
1647 4695 1729 4738 est

149 4773 284 4838 quod
310 4774 505 4841 patitur
536 4773 733 4826 homo?
763 4775 964 4828 Patitur
1002 4774 1141 4828 enim
1181 4789 1246 4827 ex
1288 4789 1347 4827 se
1390 4774 1726 4840 intrinsecus,

146 4866 442 4919 forinsecus
479 4876 659 4919 autem
711 4882 774 4920 ex
820 4869 897 4921 eis
946 4866 1082 4920 inter
1125 4882 1257 4935 quos
1310 4866 1483 4929 vivit:
1533 4868 1725 4934 patitur

144 4956 280 5007 mala
310 4971 428 5020 sua,
459 4957 665 5025 Cogitur
694 4957 797 5025 pali
828 4967 882 5011 et
919 4958 1110 5011 aliena.
1143 4956 1267 5011 Inde
1305 4966 1429 5010 sunt
1471 4958 1571 5011 ilhc
1611 4962 1727 5012 dire

143 5062 334 5101 voces:
358 5046 432 5099 Ab
452 5048 657 5101 occultis
681 5048 801 5100 meis
832 5048 1017 5099 munda
1047 5064 1144 5111 me,
1180 5046 1410 5111 Domine,
1443 5059 1487 5099 et
1516 5050 1578 5101 ab
1604 5050 1729 5101 alic-

140 5142 215 5191 nis
264 5154 422 5208 parce
447 5155 588 5193 servo
620 5150 706 5191 tuo
736 5137 904 5208 (Psal.
941 5154 1087 5201 xvnt,
1127 5140 1211 5203 15,
1254 5139 1362 5207 14).
1393 5140 1510 5194 Jatn
1539 5140 1606 5193 dc
1633 5156 1725 5194 oc-

138 5232 297 5284 cultis
324 5230 437 5285 suis
460 5230 740 5284 confessus
765 5238 871 5293 est,
904 5244 931 5281 τι
961 5230 1151 5298 quibus
1179 5247 1234 5285 se
1274 5232 1419 5301 cupit
1446 5232 1686 5286 mandari
1709 5250 1723 5286 :

133 5325 284 5377 dicat
333 5331 388 5375 et
432 5320 499 5376 de
542 5322 731 5375 alienis
760 5337 788 5373 a
818 5320 1008 5388 quibus
1053 5322 1153 5374 sibi
1199 5322 1310 5375 vult
1353 5324 1518 5393 parci.
1567 5324 1727 5378 Amici

135 5414 251 5466 ηιεὶ.
274 5411 417 5480 Quid
433 5411 606 5467 dicant
630 5412 737 5481 jam
758 5412 822 5466 de
849 5410 1109 5465 inimicis?
1141 5410 1303 5465 Amici
1323 5415 1419 5467 mei
1440 5425 1485 5468 et
1507 5416 1726 5485 proximi

197 5556 212 5584 ¹
242 5560 351 5601 Duo
374 5560 497 5610 Mss,
521 5548 770 5600 habuerat.

195 5619 216 5645 ²
251 5607 496 5676 Tanquam
517 5612 677 5665 adhuc
700 5609 1054 5676 recordantium
1077 5607 1336 5659 sabbatum.
1363 5617 1456 5660 [loc
1494 5613 1542 5660 in
1574 5614 1725 5661 cumi-

132 5677 222 5723 lius
244 5674 480 5725 (creatas.
508 5683 558 5723 et
584 5676 629 5722 in
653 5683 750 5723 Αιιι.
775 5674 1094 5723 desideratur.

196 5740 213 5769 ³
242 5745 317 5786 tir.
353 5747 402 5787 et
441 5738 660 5799 ῐιυῖἱεμιυ
700 5746 832 5797 Mss,
858 5736 966 5795 sil‘t,
992 5748 1170 5793 .St't‘titll,
1194 5732 1240 5782 in
1280 5732 1431 5795 seipse
1467 5746 1510 5783 ct
1550 5736 1610 5782 ad
1650 5749 1721 5784 sc-

130 5815 198 5861 tps
206 5813 313 5849 um.

1208 337 1600 393 ENARRATIO
1640 336 1704 392 IN
1744 338 2064 393 PSALMUM
2108 340 2366 396 XXXVII.

3327 353 3425 409 406

1846 457 1941 508 mei
1969 456 2231 511 adversum
2256 474 2335 511 me
2354 459 2902 530 appropinquaverunt,
2932 470 2978 515 et
3002 471 3265 522 steterunt.
3310 469 3422 525 Hoc

1848 547 1987 615 quod
2015 549 2110 613 ait,
2139 549 2404 603 adversum
2448 566 2528 603 me
2567 560 2827 619 steterant,
2868 553 3123 627 intelligo.
3176 558 3231 613 Si
3284 563 3427 615 enim

1848 639 2128 694 adversum
2198 656 2285 696 me
2337 651 2630 708 steterunt,
2685 643 2941 701 adversus
2989 662 3048 702 se
3099 652 3422 707 ceciderunt.

1849 732 2011 784 Amici
2036 732 2131 786 mei
2157 741 2201 786 et
2228 733 2446 801 proximi
2474 734 2572 787 mei
2600 735 2861 790 adversum
2887 754 2965 792 me
2992 743 3428 813 appr-epinqu

1849 831 1986 884 runt,
2018 832 2063 875 et
2088 834 2344 876 steterunt.
2374 823 2489 879 Jam
2519 825 2877 896 intelligamus
2903 829 3089 898 capitis
3117 848 3294 899 voces,
3314 833 3424 904 jam

1849 912 2065 982 incipiat
2096 913 2404 969 illucescere
2443 925 2601 984 caput
2643 929 2879 972 nostrum
2924 920 2974 974 in
3023 925 3286 991 passione.
3320 928 3423 983 Sed

1849 1018 2059 1057 rursum
2085 1020 2205 1058 cum
2233 1006 2456 1074 cmperit
2485 1017 2644 1076 caput
2669 1008 2865 1075 dicere,
2898 1012 3001 1064 noli
3032 1014 3153 1068 inde
3180 1030 3428 1087 separare

1850 1110 2061 1165 corpus.
2108 1097 2162 1152 Si
2211 1108 2368 1167 caput
2419 1098 2583 1153 noluit
2628 1115 2687 1154 sc
2730 1115 2978 1170 separare
3004 1118 3031 1156 a
3060 1105 3277 1162 vocibus
3303 1125 3424 1162 cur-

1848 1188 2013 1258 poris,
2043 1204 2237 1258 corpus
2265 1206 2321 1243 se
2352 1190 2545 1246 audeat
2588 1206 2839 1261 separare
2864 1211 2893 1248 a
2920 1196 3252 1264 passionibus
3276 1204 3424 1272 capi-

1850 1280 1955 1334 tis?
1981 1281 2173 1337 Patere
2206 1284 2255 1335 in
2285 1282 2533 1349 Christo;
2564 1285 2686 1355 quia
2714 1295 2959 1355 tanquam
2993 1293 3225 1357 peccavit
3256 1294 3305 1347 in
3346 1295 3425 1349 in.

1848 1372 2097 1428 ﬁrmitate
2127 1384 2213 1428 tua
2253 1375 2514 1430 Christus.
2561 1376 2717 1431 Modo
2755 1378 2895 1433 enim
2942 1391 3153 1449 peccata
3193 1395 3281 1438 tua
3311 1396 3426 1439 tan-

1849 1482 2006 1538 quam
2035 1483 2101 1523 ex
2130 1483 2224 1522 ore
2252 1484 2350 1522 suo
2393 1470 2624 1536 dicebat,
2656 1480 2709 1524 et
2739 1486 2799 1525 ea
2828 1471 3035 1527 dicebat
3063 1490 3177 1530 sua.
3213 1477 3425 1533 Dicebat

1846 1559 2010 1625 enim,
2025 1560 2067 1612 A
2086 1561 2214 1629 facie
2229 1570 2541 1631 peccatorum
2560 1578 2804 1629 meorum,
2822 1578 2939 1632 qum
2953 1579 3055 1639 non
3075 1577 3225 1622 erant
3239 1569 3420 1639 ipsius.

1846 1650 2124 1720 Quomodo
2146 1668 2272 1723 ergo
2304 1662 2518 1723 peccata
2549 1666 2726 1709 nostra
2750 1671 2843 1710 sua
2867 1636 2991 1711 esse
3016 1659 3181 1714 voluit
3210 1636 3426 1733 preptcr

1845 1756 2039 1814 corpus
2068 1758 2243 1821 suum,
2273 1744 2350 1799 sic
2378 1754 2431 1799 et
2468 1760 2565 1798 nos
2598 1746 2871 1813 passiones
2910 1747 3025 1816 ejus
3070 1762 3280 1807 nostras
3305 1768 3423 1810 esse

1846 1836 2070 1890 velimus
2111 1845 2327 1905 prepter
2369 1846 2528 1905 caput
2574 1845 2834 1890 nostrutn.
2881 1837 2995 1892 Non
3041 1842 3182 1896 enim
3236 1844 3322 1898 ille
3358 1863 3421 1901 ex

1844 1928 2031 1983 amicis
2068 1941 2252 1999 passus
2277 1937 2359 1983 est
2386 1929 2647 1995 inimicos,
2690 1938 2744 1984 et
2783 1944 2881 1984 nos
2922 1946 3048 1986 non.
3082 1933 3191 1989 lmo
3229 1943 3284 1990 ct
3326 1954 3421 1994 nos

1842 2024 1909 2079 ad
1942 2027 2039 2081 hoc
2082 2042 2332 2096 paremus
2360 2027 2412 2081 in
2444 2028 2631 2083 eodem
2672 2030 2940 2085 convivari
2975 2048 2985 2083 :
3020 2031 3175 2085 talem
3203 2030 3419 2087 calicem
3462 2034 3465 2041 ’

1845 2134 1950 2172 non
1995 2132 2328 2188 reSpuamus,
2351 2128 2410 2174 ut
2451 2120 2780 2176 celsitudinis
2820 2122 2934 2192 ejus
2977 2123 3296 2179 desiderium
3329 2140 3422 2194 per

1844 2209 2193 2266 humilitatem
2220 2210 2337 2279 ejus
2366 2211 2716 2267 inveniamus.
2749 2213 3043 2283 Respondit
3077 2215 3220 2270 enim
3258 2217 3417 2271 celsi-

1844 2300 2011 2355 tudini
2039 2300 2154 2371 ejus
2180 2301 2384 2356 hmrere
2410 2302 2729 2365 volentibus,
2770 2303 2862 2372 qui
2891 2302 3007 2373 ejus
3036 2303 3209 2360 adhuc
3246 2304 3418 2360 intuli-

1842 2392 2041 2447 litatem
2084 2408 2188 2447 non
2234 2394 2556 2463 cogitabant,
2591 2403 2643 2449 ct
2681 2395 2756 2449 ait
2799 2396 2903 2451 illis
2939 2414 2951 2448 :
3002 2395 3218 2451 Potestis
3263 2398 3423 2453 bibere

1842 2484 2048 2539 calicem
2074 2502 2217 2551 quem
2249 2502 2339 2557 ego
2369 2487 2613 2540 bibitur-us
2642 2504 2755 2539 sum
2784 2486 2996 2558 (Matth.
3021 2504 3110 2555 xx,
3128 2488 3257 2556 22)?
3283 2490 3421 2559 Ergo

1840 2586 1896 2631 et
1919 2578 2022 2632 illm
2068 2579 2342 2647 passiones
2386 2577 2614 2639 Domini,
2648 2581 2922 2647 passiones
2951 2590 3144 2633 nostrm
3174 2590 3296 2633 sunt
3325 2599 3339 2635 :
3370 2592 3422 2635 et

1842 2669 2203 2737 unusquisque
2238 2669 2279 2722 si
2322 2668 2455 2722 bene
2480 2669 2675 2722 serviat
2700 2667 2839 2735 Deo,
2874 2670 3010 2724 bene
3035 2678 3211 2725 servet
3238 2672 3416 2738 tidem,

1840 2759 2086 2815 exhibeat
2114 2760 2253 2829 quod
2275 2760 2450 2819 debet.
2476 2770 2530 2814 ct
2560 2769 2801 2814 versetur
2828 2761 2963 2814 inter
2992 2760 3232 2815 homines
3250 2762 3412 2830 justo,

1839 2853 1960 2905 volo
1986 2851 2167 2907 videre
2202 2851 2247 2905 si
2292 2869 2395 2904 non
2426 2852 2639 2922 patitur,
2673 2854 2831 2906 etiam
2861 2853 3000 2921 quod
3029 2852 3113 2907 hic
3137 2864 3413 2908 etnnnerat

1839 2944 1891 2998 in
1923 2944 2167 3013 passione
2196 2962 2287 2999 sua
2316 2943 2575 3000 Christus.

1908 3035 1995 3088 17.
2029 3035 2190 3087 Amici
2214 3036 2309 3089 mei
2337 3046 2381 3088 et
2406 3036 2622 3105 proximi
2643 3038 2739 3089 mei
2759 3037 3021 3091 adversum
3043 3055 3119 3091 me
3133 3038 3413 3107 appropin-

1834 3137 2133 3197 quaverunt,
2148 3138 2191 3181 et
2209 3137 2541 3182 steterunt:et
2570 3113 2785 3196 proximi
2812 3146 2843 3181 a
2872 3129 3017 3199 longe
3039 3136 3294 3181 steterunt.
3318 3127 3417 3195 Qui

1838 3219 2061 3286 proximi
2079 3218 2656 3288 appropinquavernnt,
2670 3228 2720 3273 ct
2740 3219 2827 3287 qui
2849 3218 3071 3288 proximi
3089 3233 3117 3270 a
3136 3217 3290 3287 longe
3307 3230 3417 3271 ste-

1838 3309 2045 3363 terunt?
2071 3307 2304 3363 Proximi
2336 3317 2487 3361 erant
2510 3307 2701 3374 Jndmi,
2720 3308 2841 3378 quia
2873 3307 3081 3377 Cognati
3110 3318 3260 3361 erant
3284 3325 3296 3361 :
3321 3324 3416 3375 ειυς

1837 3400 2340 3469 propinquaverunt,
2360 3408 2414 3453 et
2442 3400 2654 3468 quando
2681 3400 3078 3454 cruciﬁxerunt.
3108 3398 3338 3453 Proximi
3368 3410 3420 3453 ct

1836 3492 2076 3561 Apostoli
2100 3511 2113 3546 :
2135 3501 2186 3547 et
2209 3501 2384 3546 tamen
2422 3492 2518 3560 ipsi
2547 3507 2576 3545 a
2604 3491 2757 3560 longe
2786 3499 3059 3553 steterunt,
3094 3505 3160 3543 ne
3186 3505 3304 3543 cum
3330 3489 3419 3542 illo

1838 3594 2161 3653 paterentur.
2192 3584 2373 3637 Potest
2399 3584 2558 3637 etiam
2595 3583 2695 3637 hoc
2721 3584 2797 3636 sic
2826 3582 3077 3651 intelligi:
3112 3581 3273 3634 Amici
3299 3582 3414 3644 mei,

1836 3675 1887 3729 id
1914 3683 2014 3738 est,
2044 3674 2132 3743 qui
2163 3689 2221 3727 se
2253 3674 2518 3728 tinxerunt
2564 3673 2763 3726 amicos
2810 3686 2975 3725 meos.
3007 3671 3225 3724 Amicos
3270 3672 3413 3724 enim

1835 3781 1894 3819 se
1922 3766 2206 3824 tinxerunt,
2250 3762 2463 3833 quando
2501 3764 2768 3815 dixerunt.
2815 3761 3016 3815 Scimus
3044 3760 3163 3830 quia
3190 3760 3243 3812 in
3285 3762 3387 3812 veri
3401 3792 3415 3800 -

1836 3866 1933 3908 tate
1969 3856 2101 3907 viam
2145 3852 2238 3904 Dei
2280 3853 2427 3905 doces
2474 3850 2585 3922 (Id.
2632 3866 2767 3916 xxn,
2810 3850 2901 3918 16)
2946 3867 2959 3902 :
3010 3849 3223 3919 quando
3269 3849 3415 3903 illum

1837 3955 2040 4000 tentare
2068 3944 2365 4002 voluerunt,
2401 3951 2575 3995 utrum
2618 3939 2933 3995 solvendum
2978 3948 3124 3993 esset
3163 3941 3413 3995 tributum

1834 4038 2065 4099 Caesari,
2111 4035 2323 4106 quando
2375 4033 2493 4088 illos
2540 4033 2769 4087 convicit
2807 4048 2902 4087 ore
2960 4033 3215 4102 ipsorum,
3263 4034 3415 4085 amici

1834 4128 2001 4181 videri
2032 4127 2317 4182 volebant:
2360 4125 2453 4181 sed
2502 4142 2604 4178 non
2636 4124 2707 4177 illi
2738 4133 2853 4178 erat
2881 4139 3014 4193 opus
3056 4132 3112 4177 ut
3137 4125 3415 4194 quisquam

1834 4220 1882 4274 ei
1931 4219 2288 4274 testimonium
2340 4217 2645 4286 perhiberet
2691 4214 2757 4269 de
2815 4215 3059 4279 homine;
3112 4216 3224 4284 ipse
3274 4217 3415 4269 enim

1834 4311 2035 4365 sciebat
2062 4308 2187 4379 quid
2216 4320 2359 4362 esset
2392 4308 2441 4360 in
2487 4308 2701 4359 homine
2746 4305 2922 4377 (Joan.
2952 4321 3008 4369 ll,
3037 4306 3127 4376 25)
3153 4323 3166 4359 :
3200 4304 3334 4359 adeo
3360 4315 3420 4357 ut

1834 4417 1954 4457 cum
1983 4402 2152 4454 amica
2200 4402 2357 4454 verba
2401 4397 2693 4460 dixissent,
2742 4390 3089 4466 responderet
3134 4396 3232 4460 eis,
3284 4395 3420 4462 Quid

1835 4510 1932 4558 me,
1964 4491 2151 4561 inquit,
2186 4490 2388 4542 tentatis
2420 4489 2698 4558 hypocrita:
2728 4486 2938 4559 (Matth.
2964 4503 3096 4552 κιαι,
3121 4485 3251 4553 l8)?
3280 4487 3418 4555 Ergo

1840 4584 2001 4635 Amici
2030 4582 2126 4633 mei
2164 4590 2205 4634 et
2237 4580 2458 4649 proximi
2486 4580 2581 4633 mei
2622 4579 2885 4632 adrersum
2914 4594 2992 4630 me
3034 4576 3417 4647 appropinqua-

1835 4682 2027 4736 rerunt,
2048 4680 2093 4725 et
2123 4679 2395 4725 steterunt:
2421 4681 2466 4724 et
2493 4670 2709 4740 proximi
2733 4687 2762 4720 a
2790 4671 2935 4738 longe
2957 4676 3215 4721 steterunt.
3239 4664 3419 4724 Nostis

1835 4764 1957 4834 quid
1987 4765 2114 4818 dixi.
2151 4764 2430 4818 Proximos
2468 4764 2575 4817 dixi
2604 4764 2693 4832 qui
2732 4760 3340 4830 :qtpropinquaverunt‘,
3368 4770 3421 4815 et

1840 4866 2015 4909 tamen
2063 4871 2090 4908 a
2119 4856 2275 4925 longe
2319 4863 2602 4910 steterunt.
2656 4850 3229 4923 Appropinquavcrunt
3275 4853 3417 4907 enim

1835 4963 2076 5017 corpore,
2106 4948 2202 5002 sed
2234 4948 2387 5016 longe
2416 4954 2678 5000 steterunt
2707 4945 2887 4997 corde.
2919 4943 3017 5010 Qui
3048 4953 3151 4997 tam
3182 4944 3404 5014 propin-

1835 5039 1920 5107 qui
1960 5054 2200 5108 corpore,
2245 5053 2401 5107 quam
2442 5037 2529 5106 qui
2572 5036 2624 5089 in
2664 5051 2876 5089 crucem
2922 5035 3270 5091 levaverunt?
3314 5036 3420 5104 Qui

1837 5140 1941 5182 tam
1969 5130 2123 5198 longe
2166 5128 2345 5191 corde,
2379 5141 2537 5195 quam
2587 5126 2675 5195 qui
2718 5124 3261 5195 blasphemaverunt?
3310 5128 3420 5182 An-

1834 5221 1941 5275 tlite
1987 5222 2139 5274 istam
2182 5218 2620 5287 longinquitatem
2666 5218 2734 5272 ab
2776 5218 2906 5272 lsaia
2938 5219 3216 5290 prepheta,
3241 5220 3415 5275 videte

1834 5315 1989 5369 istam
2019 5311 2465 5382 pr0pinquitatem
2494 5321 2548 5366 et
2572 5309 3013 5382 longinquitatem
3040 5332 3051 5365 :
3084 5312 3316 5384 Populus
3336 5313 3416 5365 hic

1833 5405 1977 5458 labiis
2005 5420 2081 5457 me
2109 5403 2321 5455 honorat
2344 5417 2363 5456 :
2389 5416 2517 5457 ecce
2544 5398 2861 5473 propinquat
2894 5417 3118 5473 corpore
3144 5419 3157 5456 :
3188 5402 3287 5457 Cor
3321 5419 3412 5453 au-

1834 5509 1929 5552 tem
1963 5514 2135 5552 eorum
2157 5498 2302 5568 longe
2326 5505 2396 5551 est
2421 5513 2453 5551 a
2478 5513 2555 5551 me
2581 5493 2730 5569 (lsai.
2759 5512 2911 5564 χχιχ,
2945 5498 3051 5566 15).
3095 5493 3257 5551 Iidem
3289 5509 3410 5565 pro-

1895 5614 1911 5643 ¹
1938 5618 2037 5662 Duo
2060 5619 2183 5670 Mss,
2209 5610 2363 5676 Nostis
2385 5610 2497 5676 quia
2511 5610 2900 5676 dixiprogrinws
2925 5611 3032 5676 Dei,
3052 5611 3132 5672 qui
3140 5603 3413 5676 (appropin-

1833 5681 2108 5732 quarerunt.
2132 5682 2223 5723 Sex
2249 5674 2328 5723 alii
2351 5688 2363 5722 ε
2392 5672 2545 5725 ἆγοωῶ
2561 5672 2675 5736 quia
2697 5674 2805 5725 diri
2828 5673 3085 5736 proximos,
3112 5672 3219 5721 diri
3241 5685 3412 5736 appro-

1834 5736 2191 5795 pinquarerttnt.
2214 5736 2344 5798 Alius
2362 5732 2694 5798 ntroqne'loco
2717 5732 2859 5784 habet
2882 5771 2893 5793 ,
2917 5732 3061 5783 dixit.
3082 5742 3180 5780 Duo
3216 5734 3411 5783 tandem

1836 5799 2071 5850 omittunt.
2098 5797 2243 5848 Nosti:
2267 5798 2381 5860 quid
2408 5796 2515 5848 tlt'ﬁ
2533 5796 2787 5861 proximos.
