3972 6198
486 316 581 371 μιν

487 430 688 500 pinqui,
717 427 875 483 iidem
914 422 1183 495 longinqui
1215 440 1227 475 :
1263 420 1540 497 propinqui
1583 420 1754 486 labiis,
1780 419 2052 492 longinqui

488 521 667 577 corde.
710 518 1081 573 Verumtamen
1121 514 1242 584 quia
1303 512 1461 583 longe
1504 520 1765 568 steterunt
1808 512 2056 569 timentes

487 610 743 682 apostoli,
769 607 1064 681 absolutius
1099 614 1157 663 et
1194 606 1401 676 planius
1424 604 1493 660 de
1520 604 1625 659 illis
1662 603 1973 674 accipimus,
1999 612 2057 657 ut

484 704 614 758 alios
642 698 1203 771 propinquasse,alios
1244 697 1401 768 longe
1429 696 1639 752 stetisse
1668 694 2052 766 intelligamus:

482 789 911 864 quandoquidem
932 798 989 847 et
1012 789 1200 844 Petrus
1223 789 1311 859 qui
1336 786 1592 865 audacius
1621 794 1833 841 secutus
1864 784 2053 850 fuerat,

484 884 555 939 ita
593 883 768 937 adhuc
795 881 952 952 longe
989 890 1124 943 erat.
1153 888 1210 935 ut
1238 880 1589 948 interrogatus
1615 887 1667 932 et
1696 876 2054 947 perturbatus,

484 983 567 1029 ter
594 983 809 1044 negaret
840 972 1145 1035 Dominum,
1182 986 1303 1026 cum
1347 984 1453 1038 quo
1485 985 1544 1023 se
1584 969 1898 1025 moriturum
1938 982 2057 1021 esse

485 1066 802 1133 promiserat
827 1063 1038 1135 (Matth.
1066 1080 1211 1127 χχιιι,
1236 1063 1348 1131 70).
1377 1061 1475 1131 Qui
1526 1070 1708 1131 postea
1749 1075 1814 1115 ex
1854 1059 2058 1129 longin-
2102 1108 2105 1111 ,

482 1172 591 1226 quo
631 1165 690 1210 ut
720 1156 1065 1225 propinquus
1110 1154 1281 1216 fieret.
1308 1152 1511 1207 audivit
1554 1160 1673 1220 post
1710 1150 2057 1207 resurrectio-

485 1263 630 1313 nem,
668 1247 822 1304 Amas
860 1246 979 1303 me?
1015 1254 1071 1300 et
1113 1244 1341 1310 dicebat,
1386 1243 1511 1297 Amo
1540 1242 1560 1315 (
1589 1241 1746 1297 Joan.
1787 1257 1899 1306 XXI,
1944 1238 2056 1312 l7).

484 1338 556 1397 Et
587 1340 813 1398 dicendo
850 1338 1258 1407 propinquabat,
1289 1335 1378 1407 qui
1411 1334 1650 1406 negando
1692 1334 1847 1404 longe
1888 1333 2058 1388 factus

488 1431 813 1498 crat,donec
845 1431 978 1483 trina
1005 1445 1136 1484 voce
1161 1429 1376 1493 amoris,
1402 1429 1632 1483 solveret
1657 1428 1847 1481 trinam
1874 1442 2057 1482 vocem

488 1522 837 1591 negationis'.
870 1519 936 1578 Et
959 1521 1177 1591 proximi
1197 1521 1344 1591 meia
1374 1519 1519 1591 longe
1536 1530 1799 1596 steterunt.

540 1613 645 1669 .18.
690 1611 755 1666 Et
781 1613 879 1664 vim
917 1611 1169 1679 faciebant
1194 1611 1282 1681 qui
1311 1611 1600 1678 quaerebant
1626 1612 1847 1664 animam
1875 1627 2056 1666 meam.

485 1702 602 1761 Jam
634 1702 969 1758 manifestum
1012 1703 1207 1771 estqui
1248 1701 1556 1772 qumrebant
1597 1702 1826 1757 animam
1858 1702 2056 1772 ipsius:

485 1794 575 1864 qui
620 1808 722 1847 non
753 1792 1019 1850 habebant
1053 1793 1284 1848 animam
1329 1792 1466 1862 ejus,
1506 1792 1630 1862 quia
1674 1809 1778 1846 non
1825 1803 1978 1848 erant
2006 1793 2059 1847 in

485 1900 709 1955 corpore
754 1885 889 1953 ejus.
940 1883 1037 1954 Qui
1070 1884 1379 1955 quaerebant
1427 1882 1662 1937 animam
1712 1883 1848 1954 ejus,
1905 1883 2061 1953 longe

485 1987 641 2032 erant
666 1976 732 2032 ab
769 1977 942 2035 anima
972 1977 1087 2046 ejus
1120 1994 1134 2031 :
1165 1974 1259 2036 sed
1305 1976 1615 2046 querebant
1655 1984 1714 2030 ut
1756 1975 2063 2033 occiderent

485 2084 626 2126 earn.
670 2068 936 2139 Quaeritur
980 2072 1122 2124 enim
1166 2070 1343 2124 anima
1371 2068 1490 2138 ejus
1518 2080 1570 2124 et
1598 2069 1759 2125 bene.
1784 2069 1913 2126 Nam
1956 2071 2060 2125 alio

485 2158 803 2227 locoarguit
834 2158 1088 2229 quosdam
1130 2158 1314 2213 dicens
1345 2176 1358 2213 :
1410 2157 1480 2212 Et
1510 2175 1610 2213 non
1635 2169 1706 2216 est
1730 2161 1817 2230 qui
1842 2162 2061 2228 requirat

483 2250 711 2309 optimam
748 2265 909 2317 meam
942 2247 1110 2321 (Psal.
1142 2264 1279 2310 cxu.
1318 2251 1397 2321 5).
1426 2250 1617 2321 Arguit
1657 2251 1913 2320 quosdam
1954 2267 2061 2308 non

485 2346 786 2409 quaerentes
809 2339 1039 2393 animam
1066 2339 1203 2410 ejus,
1234 2350 1289 2395 et
1317 2356 1500 2397 rursus
1539 2342 1712 2411 arguit
1750 2343 1884 2397 alios
1912 2358 2059 2413 qua:-

484 2439 667 2487 rcutes
686 2430 914 2486 animam
930 2427 1076 2498 ejus.
1091 2431 1219 2499 Quis
1242 2441 1325 2486 est
1340 2432 1427 2501 qui
1448 2432 1639 2503 qmcrit
1671 2432 1807 2489 bene
1829 2434 2059 2488 animam

489 2519 693 2589 ipsius?
720 2521 818 2589 Qui
862 2523 981 2589 ejus
1024 2522 1295 2592 passiones
1344 2523 1599 2578 imitatur.
1651 2524 1750 2596 Qui
1801 2533 1925 2580 sunt
1969 2526 2060 2596 qui

485 2612 790 2680 quasrebant
820 2613 956 2671 male
981 2613 1210 2671 animam
1240 2613 1396 2684 ejus?
1432 2614 1532 2685 Qui
1559 2615 1608 2671 ei
1636 2618 1743 2670 vim
1774 2614 2057 2685 faciebant,

485 2713 538 2757 et
563 2703 943 2773 cruciligebant
980 2720 1124 2763 eum.

558 2797 646 2855 19.
681 2796 950 2867 Sequitur,
983 2798 1082 2866 Qui
1105 2799 1392 2868 quaerebant
1420 2799 1558 2854 mala
1583 2816 1715 2867 mea,
1750 2801 1909 2856 locuti
1945 2811 2061 2857 sunt

464 2889 773 2943 ~vanitatem.
817 2889 951 2957 Quid
983 2898 1083 2951 est,
1117 2886 1524 2957 Qui'qua'rebant
1561 2893 1697 2947 mala
1716 2892 1868 2947 mea?
1900 2891 2059 2948 Multa

486 2981 814 3047 qua'rehant,
861 2993 914 3036 et
955 2997 1060 3035 non
1111 2983 1467 3037 inveniebant.
1512 2983 1673 3041 Forte
1716 2986 1818 3041 hoc
1846 2987 2056 3055 dixerit,

488 3071 1066 3137 Qua-rebant'critnina
1112 3089 1249 3128 mea.
1295 3074 1635 3141 Quaesierunt
1675 3078 1817 3132 enim
1846 3094 1964 3147 qua:
2006 3079 2060 3134 in

490 3162 636 3219 illum
664 3163 923 3239 dicerent,
953 3172 1005 3219 ct
1036 3178 1138 3219 non
1183 3165 1523 3220 inveniebant
1553 3165 1764 3239 (Matth.
1795 3185 1937 3235 xxvr,
1967 3170 2057 3234 59,

486 3253 600 3323 60).
642 3232 962 3322 Qumreb-ant
983 3256 1125 3312 enim
1163 3257 1300 3311 mala
1328 3257 1395 3313 de
1424 3232 1586 3324 bono,
1612 3232 2058 3327 quazrebant‘sce;

489 3345 598 3401 tera
625 3346 693 3401 de
720 3346 1000 3403 innocente
1026 3340 1284 3419 {quando
1313 3349 1611 3407 invenirent
1635 3351 1688 3405 in
1729 3367 1794 3407 eo
1822 3354 1909 3423 qui
1938 3355 2057 3408 nul-

488 3439 597 3493 lum
621 3450 892 3507 peccatum
914 3440 1138 3496 habebat
1150 3442 1174 3495 ἲ
1188 3441 1290 3497 Sed
1309 3440 1430 3512 quia
1447 3452 1663 3512 peccata
1680 3446 1988 3515 qumrebant
2005 3447 2057 3502 in

484 3532 651 3600 coqui
675 3531 875 3589 nullum
893 3542 1166 3601 peccatum
1190 3532 1435 3597 habebat,
1454 3534 1691 3589 restabat
1720 3542 1776 3590 ut
1801 3534 2060 3604 fingerent

485 3622 622 3691 quod
647 3638 750 3675 non
771 3622 1126 3680 inveniebant.
1149 3623 1292 3689 Ideo,
1326 3623 1427 3691 Qui
1451 3625 1736 3694 quaerebant
1765 3629 1900 3681 mala
1925 3645 2055 3689 mea.

484 3713 639 3766 locuti
661 3725 777 3768 sunt
800 3715 1087 3779 vanitatem,
1120 3731 1225 3769 non
1254 3716 1552 3773 veritatem.
1581 3715 1650 3770 Et
1669 3716 1840 3771 dolum
1860 3727 1963 3772 tota
1979 3721 2063 3776 die

484 3804 853 3858 meditabantur
872 3821 891 3858 :
912 3804 1011 3861 hoc
1036 3816 1137 3871 est,
1160 3805 1421 3862 fallaciam
1443 3808 1556 3865 sine
1573 3810 1866 3866 cessatione
1893 3812 2060 3867 medi-

490 3895 753 3950 cibantur.
774 3894 950 3950 Nostis
976 3906 1171 3965 quanta
1193 3897 1321 3953 falsa
1363 3899 1661 3955 testimonia
1688 3901 1825 3957 dicta
1852 3914 1976 3958 sunt
2004 3904 2056 3959 in

490 3984 790 4045 Dominum.
819 3996 1102 4057 antequam
1149 3999 1438 4058 pateretur.
1483 3990 1661 4047 Nostis
1687 4005 1881 4063 quanta
1926 3994 2057 4052 falsa

488 4078 788 4134 testimonia
820 4078 957 4133 dicta
994 4091 1133 4145 sunt,
1166 4083 1326 4137 etiam
1353 4099 1471 4138 cum
1500 4089 1900 4144 resurrexissct.
1929 4088 2058 4143 Nam

486 4168 560 4221 illi
602 4169 796 4223 milites
822 4169 1071 4225 custodes
1105 4174 1356 4241 sepulcri,
1386 4175 1453 4230 de
1491 4177 1683 4245 quibus
1709 4177 1870 4232 Isaias
1896 4180 2053 4245 dixit,

488 4253 687 4315 Ponant
725 4257 886 4312 malos
911 4276 1003 4328 pro
1028 4262 1286 4330 sepultura
1326 4266 1434 4336 ejus
1483 4264 1632 4335 (Isai.
1680 4283 1787 4331 Llll,
1812 4268 1908 4341 9)(
1934 4270 2057 4325 mali

485 4349 625 4402 enim
672 4356 842 4411 erant,
884 4358 938 4402 et
967 4352 1238 4406 veritatem
1284 4352 1463 4410 dicere
1512 4356 1814 4424 noluerunt,
1846 4369 1898 4412 et
1938 4374 2057 4413 cor-

483 4440 624 4509 rupti
679 4438 1013 4494 mendacium
1061 4443 1480 4514 seminaverunt)
1513 4465 1525 4500 :
1554 4448 1809 4503 attendite
1848 4451 2056 4518 qualem

484 4532 772 4591 vanitatem
810 4532 973 4587 locuti
1000 4542 1141 4589 sunt.
1174 4534 1485 4607 Interrogati
1517 4549 1642 4593 sunt
1669 4541 1826 4595 etiam
1855 4541 1975 4610 ipsi,
2004 4553 2060 4598 et

474 4622 775 4687 dixerunt:
804 4622 928 4677 Cum
974 4624 1326 4703 dormiremus,
1368 4639 1605 4682 venerunt
1644 4631 1882 4700 discipuli
1923 4634 2053 4704 ejus,

484 4724 531 4766 et
550 4710 864 4771 abstulerunt
893 4732 1006 4770 eum
1041 4715 1250 4789 (Matth.
1284 4733 1474 4781 xxvm,
1506 4719 1617 4791 15).
1656 4721 1768 4777 Hoc
1805 4735 1885 4778 est
1914 4725 2055 4796 loqui

484 4807 791 4863 vanitatem.
834 4809 889 4865 Si
927 4810 1066 4867 enim
1104 4810 1459 4879 dormiebant,
1488 4812 1626 4868 unde
1652 4815 1889 4871 sciebant
1916 4818 2055 4889 quod

483 4905 687 4967 gestum
730 4901 883 4957 erat?

555 4990 641 5044 2t).
686 4988 855 5063 l'vers.
901 4993 1001 5056 Η,
1052 4991 1183 5067 15.].
1239 4994 1380 5065 Ergo
1423 4995 1516 5061 ait,
1564 4994 1677 5068 Ego
1718 5008 1887 5052 autent
1926 5002 2057 5055 velut

481 5083 664 5142 surdus
706 5100 806 5137 non
832 5086 1115 5141 audiebam.
1146 5086 1247 5155 Qui
1291 5088 1357 5145 ad
1399 5103 1460 5144 ea
1501 5106 1620 5159 qure
1657 5091 1905 5147 audiebat
1948 5111 2054 5148 non

482 5176 866 5244 respondebat,
920 5187 1171 5249 tanquam
1232 5196 1338 5237 non
1394 5182 1660 5239 audiebat.
1727 5183 1840 5256 Ego
1891 5197 2057 5242 autent

483 5269 614 5323 velut
634 5268 819 5322 surdus
845 5286 946 5325 non
964 5270 1230 5325 audiebam
1247 5289 1265 5325 :
1287 5282 1335 5326 et
1358 5273 1485 5327 sicut
1511 5285 1679 5330 mutus
1708 5293 1806 5331 non
1828 5280 2059 5348 aperiens

483 5375 539 5413 os
562 5374 727 5413 suum.
760 5358 826 5413 Et
853 5360 1039 5431 repetit
1067 5359 1252 5414 eadem
1280 5378 1295 5414 :
1326 5360 1397 5417 Et
1424 5368 1588 5433 factus
1614 5382 1726 5421 sum
1753 5367 1880 5421 sicut
1909 5368 2058 5423 homo

484 5465 585 5508 non
626 5448 866 5517 audiens,
909 5460 957 5504 et
1000 5466 1102 5504 non
1143 5450 1329 5508 habens
1370 5453 1427 5508 in
1463 5470 1550 5509 ore
1584 5472 1678 5510 suo
1715 5459 2054 5527 argutioues’.

548 5610 560 5635 '
587 5613 701 5655 ueto
721 5611 847 5663 Mss,
871 5602 1071 5656 timoris.

483 5671 565 5778 v;
587 5672 652 5790 ita
690 5667 769 5718 hic
805 5675 856 5718 et
894 5664 1008 5719 alibi
1042 5666 1219 5753 passuri
1242 5675 1341 5721 sm.
1396 5672 1469 5720 Er.
1491 5677 1544 5722 et
1563 5675 1671 5745 uss.
1719 5671 2056 5736 [redargutio-

1634 332 1637 341 ι
1710 305 1766 364 s.
1805 260 2170 361 sonuertnt
2202 298 2508 359 srtscort

3630 307 3738 364 408

2162 416 2323 488 Quasi
2364 434 2470 491 non
2500 426 2646 476 esset
2685 417 2828 490 quod
2873 418 2979 489 illis
3019 417 3243 487 diceret,
3268 419 3418 491 quasi
3451 434 3559 476 non
3593 431 3741 491 esset

2164 506 2305 563 unde
2330 490 2451 563 illos
2485 518 2752 580 argueret.
2783 508 3095 581 Nonnejam
3128 490 3293 583 antea
3308 511 3470 566 multa
3496 490 3743 583 increpa-

2158 586 2329 667 verat,
2357 601 2523 656 multa
2554 601 2783 670 dixerat,
2811 612 2869 659 et
2905 603 3135 673 dixerat,
3174 600 3264 659 Vw
3287 605 3440 672 vobis,
3470 605 3666 662 Scriba
3704 618 3755 677 et
3796 636 3803 653 η

2161 690 2435 762 Phoristei,
2457 693 2735 765 hypocrittz
2760 694 2969 767 (Matth.
3000 712 3152 762 nul,
3178 695 3289 766 l3),
3312 706 3367 753 et
3387 699 3549 754 multa
3570 697 3742 756 talia?

2159 784 2364 841 Tamen
2402 787 2615 857 quando
2657 801 2843 857 passus
2882 796 2986 854 est,
3026 787 3160 844 nihil
3202 787 3392 844 horum
3429 788 3595 844 dixit:
3636 805 3753 844 non

2159 881 2282 950 quia
2312 894 2416 934 non
2448 878 2678 935 habebat
2714 879 2853 950 quod
2896 879 3116 947 diceret,
3155 879 3249 936 sed
3294 879 3635 951 exspectabat
3690 894 3755 937 ut

2159 969 2489 1039 complerent
2516 970 2588 1024 illi
2613 970 2812 1037 omnia,
2841 979 2896 1026 et
2922 971 3272 1041 implerentur
3296 986 3483 1027 omnes
3504 969 3734 1043 prephe-

2160 1060 2249 1115 tia:
2271 1061 2338 1116 de
2367 1060 2479 1127 illo,
2519 1061 2586 1116 de
2613 1076 2721 1132 quo
2744 1061 2942 1117 dictum
2983 1072 3132 1120 erat:
3163 1062 3233 1118 Et
3265 1065 3396 1120 sicut
3422 1065 3527 1121 ovis
3564 1077 3747 1121 coram

2161 1141 2395 1205 tondente
2417 1168 2471 1205 se
2492 1152 2601 1206 sine
2627 1168 2763 1220 voce,
2795 1169 2895 1207 non
2938 1154 3131 1225 aperuit
3170 1171 3226 1209 os
3251 1171 3397 1209 suum
3440 1153 3590 1229 (Isai.
3622 1172 3733 1222 un,

2163 1242 2237 1311 7).
2266 1241 2565 1313 Oportebat.
2596 1260 2723 1315 ergo
2748 1255 2807 1300 ut
2840 1255 3038 1301 taceret
3065 1248 3116 1302 in
3157 1248 3421 1318 passione,
3464 1264 3567 1304 non
3606 1250 3736 1304 taci-

2163 1343 2311 1390 turus
2339 1335 2391 1390 in
2414 1336 2630 1406 judicio.
2651 1336 2973 1395 Judicandus
3001 1340 3142 1392 enim
3171 1349 3410 1403 venerat,
3433 1341 3522 1410 qui
3556 1351 3737 1409 postea

2159 1426 2490 1497 judicaturus
2536 1429 2785 1484 veniret:
2823 1440 2877 1483 et
2915 1428 3036 1484 ideo
3076 1446 3195 1486 cum
3243 1446 3432 1508 magna
3475 1440 3768 1512 potestate‘

2159 1515 2514 1585 judicaturus,
2544 1518 2664 1587 quia
2691 1533 2811 1573 cum
2842 1534 3031 1589 magna
3063 1519 3354 1577 humilitate
3377 1520 3665 1591 judicotus.

2226 1606 2319 1673 εἰ.
2363 1604 2525 1679 [vers.
2599 1606 2711 1680 16.]
2752 1608 3003 1673 Quoniam
3039 1610 3091 1663 in
3128 1620 3194 1674 te,
3235 1608 3470 1679 Domine,
3506 1612 3731 1682 speravi,

2163 1698 2497 1764 tuexaudies,
2528 1698 2760 1768 Domine,
2787 1699 2929 1755 Deus
2963 1717 3118 1756 meus.
3149 1700 3421 1773 Tanquam
3445 1704 3488 1758 si
3516 1704 3563 1758 ei
3589 1704 3740 1760 dicc-

2163 1798 2329 1856 retur,
2359 1790 2535 1859 Quare
2559 1807 2664 1847 non
2691 1793 2941 1863 aperuisti
2972 1809 3034 1848 os
3068 1794 3256 1850 tuum?
3284 1811 3447 1866 quare
3471 1812 3574 1852 non
3604 1797 3747 1852 dixi-

2163 1882 2249 1946 sti,
2298 1881 2547 1937 Parcite?
2592 1898 2758 1953 quare
2803 1899 2907 1939 non
2949 1885 3004 1940 in
3044 1900 3225 1951 cruce,
3251 1886 3486 1957 pendens
3530 1887 3745 1958 iniquos

2163 1972 2426 2042 arguisti?
2464 1974 2715 2044 Sequitur
2752 1984 2806 2031 et
2834 1974 2961 2030 dicit
2990 1993 3004 2031 :
3039 1976 3294 2044 Quoniam
3326 1978 3380 2031 in
3405 1986 3470 2043 te,
3504 1974 3745 2047 Domine,

2162 2066 2359 2137 speravi
2377 2082 2396 2130 ,°
2430 2076 2485 2120 tu
2522 2067 2781 2132 exaudies,
2810 2066 3045 2135 Domine,
3077 2069 3215 2125 Deus
3242 2085 3402 2125 meus.
3446 2070 3646 2127 Monuit
3680 2070 3748 2127 te
3776 2140 3783 2147 ‘

2163 2155 2288 2227 quid
2321 2157 2561 2225 facias,si
2592 2157 2730 2215 forte
2753 2161 3046 2217 occurrerit
3065 2161 3575 2231 tribulatio.Qua:ris
3594 2165 3744 2220 enim

2165 2260 2218 2307 te
2238 2250 2546 2320 defendere,
2562 2261 2615 2307 et
2639 2254 2775 2309 forte
2800 2268 2958 2309 nemo
2980 2255 3547 2324 accipitdefensionem
3574 2265 3745 2336 tuam.

2162 2339 2279 2396 Jam
2310 2350 2364 2395 tu
2402 2343 2750 2411 perturbaris,
2782 2343 2932 2412 quasi
2977 2344 3271 2415 perdideris
3312 2361 3524 2402 causam
3573 2357 3745 2415 tuam,

2166 2433 2286 2503 quia
2317 2433 2512 2487 nullius
2544 2433 2706 2488 habes
2730 2434 3091 2490 defensionem
3116 2446 3205 2491 aut
3233 2438 3614 2493 testimonium.
3644 2438 3748 2494 Cu-

2166 2524 2304 2580 stodi
2355 2523 2498 2579 intus
2549 2525 2905 2581 innocentiam
2955 2536 3118 2588 tuam.
3157 2527 3241 2581 ubi
3290 2543 3445 2582 nemo
3490 2529 3747 2598 opprimit

2164 2630 2378 2670 causam
2404 2626 2571 2680 tuam.
2605 2616 2889 2671 Prmvaluit
2935 2616 2986 2671 in
3030 2627 3080 2673 le
3126 2618 3312 2673 fal~nm
3359 2621 3745 2687 testimonium,

2166 2704 2263 2760 sed
2290 2705 2426 2777 apud
2453 2706 2729 2762 homines:
2766 2708 3017 2778 numquid
3047 2709 3184 2778 apud
3219 2711 3381 2764 Deum
3413 2712 3628 2778 Valebit,
3652 2713 3745 2768 ubi

2165 2813 2323 2854 causa
2347 2808 2430 2853 tua
2455 2799 2679 2855 dicenda
2709 2800 2828 2855 est?
2853 2800 3077 2868 Quando
3106 2801 3244 2857 Deus
3264 2802 3425 2871 judex
3459 2806 3577 2865 erit,
3604 2804 3746 2860 alius

2166 2890 2316 2945 testis
2348 2907 2507 2961 quam
2544 2891 2866 2946 conscientia
2904 2901 2990 2946 tua
3032 2908 3136 2947 non
3167 2894 3289 2949 erit.
3325 2894 3468 2950 Inter
3505 2895 3745 2964 judirem

2160 2979 2361 3050 jusutm
2384 2990 2431 3033 ct
2459 2981 2838 3037 conscientiam
2880 2994 3023 3037 tuam
3048 2984 3154 3037 noli
3188 2984 3373 3040 timere
3401 2985 3502 3039 nisi
3527 3002 3746 3042 causam

2165 3080 2310 3128 tuam
2344 3090 2358 3127 :
2389 3072 2432 3126 si
2462 3088 2672 3130 causam
2702 3074 2894 3129 malam
2925 3090 3029 3129 non
3058 3074 3329 3142 habueris,
3363 3078 3560 3132 nullum
3593 3094 3750 3134 accu-

2164 3174 2394 3217 satorem
2440 3164 2803 3231 pertimesces,
2832 3165 3033 3219 nullum
3064 3165 3251 3222 falsum
3286 3178 3472 3223 testem
3505 3169 3746 3238 refelles,

2165 3252 2367 3307 nullum
2401 3268 2582 3307 verum
2609 3255 2868 3325 requires.
2896 3254 2978 3311 Tu
3016 3265 3216 3312 tantum
3247 3258 3437 3314 boaam
3465 3261 3748 3316 conscien-

2166 3344 2290 3419 tiam
2321 3342 2475 3409 al'fer,
2506 3351 2563 3398 ut
2597 3346 2770 3415 possis
2797 3344 2975 3401 dicere
3006 3364 3021 3402 :
3052 3346 3300 3415 Quoniam
3329 3350 3379 3403 in
3404 3360 3471 3416 te,
3504 3350 3747 3417 Domine,

2162 3434 2390 3503 speravi;
2418 3441 2471 3485 tu
2495 3434 2751 3501 exaudies,
2779 3434 3015 3504 Domine,
3049 3435 3182 3492 Deus
3220 3457 3377 3494 meus.

2231 3521 2321 3575 22.
2351 3521 2499 3597 [vers.
2534 3522 2645 3597 17.]
2691 3525 2823 3592 Quia
2864 3527 2973 3581 dixi
3005 3544 3024 3581 :
3056 3527 3339 3599 Nequando
3380 3533 3661 3588 insultent‘
3690 3536 3747 3590 in

2162 3630 2242 3667 me
2268 3615 2459 3668 inimici
2487 3616 2611 3680 mei,
2634 3627 2679 3671 et
2707 3616 2828 3671 dum
2853 3630 3222 3675 commoventur
3255 3606 3406 3693 pedes
3435 3625 3551 3692 mei,
3576 3626 3627 3679 in
3660 3644 3746 3681 nte

2162 3720 2345 3775 magna
2376 3704 2529 3759 locuti
2556 3718 2694 3761 sunt.
2730 3707 2921 3766 lterum
2952 3711 3087 3765 redit
3114 3713 3179 3765 ad
3216 3713 3573 3771 infirmitatem
3613 3733 3745 3773 cor-

2164 3796 2309 3865 poris
2334 3797 2436 3859 sui,
2468 3806 2522 3851 et
2543 3814 2728 3855 rursus
2765 3812 2923 3868 caput
2961 3802 3084 3859 illud
3118 3805 3344 3860 attendit
3368 3808 3532 3876 pedes
3560 3826 3689 3865 suos
3729 3831 3745 3867 :

2168 3901 2275 3941 non
2306 3888 2383 3943 sic
2408 3898 2491 3942 est
2521 3888 2571 3943 in
2598 3891 2755 3954 ctelo,
2786 3901 2843 3945 ut
2865 3892 3076 3948 deserat
3115 3896 3253 3964 quod
3287 3896 3445 3954 habet
3472 3900 3521 3953 in
3553 3912 3695 3957 terra
3729 3921 3745 3957 :

2167 3978 2395 4032 attendit
2427 3980 2602 4049 plane,
2634 3972 2852 4036 et‘videt
2880 3998 2999 4038 nos.
3030 3983 3326 4055 Aliquando
3351 3991 3491 4043 enim
3513 4032 3528 4056 ,
3563 4001 3621 4046 ut
3657 4004 3750 4050 est

2163 4069 2261 4123 ista
2296 4070 2421 4134 vita,
2449 4082 2851 4127 conuuoventur
2894 4074 3055 4143 pedes
3106 4078 3291 4141 nostri,
3329 4090 3381 4135 et
3412 4080 3660 4137 labuntur
3690 4084 3749 4139 in

2162 4159 2342 4228 aliquo
2371 4170 2588 4229 peccato
2617 4180 2629 4215 :
2663 4162 2732 4218 ibi
2753 4176 3044 4235 exsurgunt
3065 4166 3254 4238 lingua:
3279 4172 3619 4240 nequissima:
3641 4175 3749 4230 ini-

2162 4249 2443 4305 micorum.
2476 4251 2610 4306 Hinc
2634 4268 2761 4323 ergo
2789 4255 3150 4328 intelligimus,
3174 4260 3332 4315 etiam
3354 4277 3473 4318 cum
3498 4268 3750 4325 tacebant

2161 4337 2285 4408 quid
2315 4339 2640 4408 quaerebant.
2662 4341 2976 4413 Loquuntur
2993 4355 3116 4403 tunc
3134 4364 3320 4421 aspere
3337 4351 3588 4417 immites,
3605 4372 3747 4427 gau-

2162 4428 2349 4483 dentes
2377 4431 2398 4460 ¹
2423 4445 2480 4484 se
2507 4431 2773 4488 invenisse
2797 4435 2937 4504 quod
2963 4436 3146 4493 dolere
3167 4439 3488 4498 debuerunt.
3511 4445 3574 4499 Et
3589 4447 3702 4501 dixi
3726 4466 3746 4504 :

2165 4516 2247 4573 Ne
2273 4519 2544 4590 aliquando
2576 4523 2812 4579 insultent
2839 4526 2890 4579 in
2922 4544 2999 4580 me
3026 4529 3216 4584 inimici
3249 4533 3362 4587 mei.
3397 4534 3513 4589 Dixi
3540 4537 3660 4603 hoc,
3689 4551 3749 4596 vt

2165 4621 2343 4668 tamen
2367 4612 2500 4668 forte
2525 4614 2589 4668 ad
2613 4617 3035 4674 emendationem
3065 4620 3231 4677 fecisti
3255 4639 3349 4680 eos
3374 4644 3559 4698 magna
3596 4630 3745 4701 loqui

2161 4702 2227 4756 de
2254 4718 2338 4758 me
2360 4745 2374 4769 ,
2409 4705 2528 4758 dum
2554 4720 2866 4762 moverentur
2894 4710 3042 4780 pedes
3080 4715 3197 4777 mei,
3232 4715 3281 4770 id
3308 4726 3389 4770 est
3420 4718 3545 4774 elati
3574 4733 3703 4775 sunt
3725 4768 3744 4790 ,

2162 4792 2325 4846 multa
2356 4793 2491 4849 mala
2505 4796 3309 4882 dixerunt,cumcom‘moverer.
3330 4807 3565 4865 Misereri
3597 4815 3747 4870 enim

2162 4883 2460 4940 debuerunt
2488 4888 2727 4954 infirmis,
2761 4906 2863 4945 non
2894 4892 3178 4963 insultare;
3213 4902 3481 4969 quomodo
3510 4907 3747 4976 Aposto-

2164 4974 2244 5027 lus
2278 4975 2403 5028 dicit
2435 4994 2447 5027 :
2482 4975 2709 5036 Fratres.
2732 4980 2776 5033 si
2802 4997 3182 5054 praeoccupatus
3214 4992 3367 5058 fuerit
3391 4991 3540 5047 homo
3557 4974 3614 5049 in
3638 4997 3747 5051 uti-

2160 5080 2258 5128 quo
2283 5065 2482 5132 delicto,
2512 5084 2596 5121 vos
2616 5072 2702 5136 qui
2720 5071 3010 5139 spiritualrs
3035 5077 3170 5144 estis,
3194 5080 3424 5137 instruite
3445 5084 3748 5156 hujusmodi

2162 5155 2215 5208 in
2240 5156 2422 5225 spiritu
2451 5160 2867 5217 mansuetudinis.
2911 5163 2976 5219 Et
3012 5170 3382 5237 complectitur
3413 5155 3580 5244 quare
3615 5221 3625 5233 .
3656 5180 3714 5234 in
3735 5214 3749 5225 ο

2163 5246 2388 5312 tendens,
2437 5246 2626 5318 inquit,
2660 5252 2894 5321 teipsum,
2923 5272 2985 5309 ne
3012 5268 3058 5311 et
3088 5270 3142 5312 tu
3168 5263 3366 5318 tenteris
3394 5263 3535 5334 (σοι.
3558 5284 3631 5329 Vl.
3669 5272 3747 5340 1).

2161 5335 2274 5390 Non
2304 5347 2456 5392 erant
2478 5340 2562 5423 isti
2592 5342 2740 5407 tales,
2772 5343 2839 5398 de
2862 5344 3051 5415 quibus
3079 5348 3236 5418 dicit,
3273 5352 3338 5406 Et
3363 5357 3486 5410 dum
3515 5335 3747 5416 contuso-

2162 5438 2385 5481 verentur
2406 5429 2555 5500 pedes
2581 5432 2695 5496 mei,
2713 5433 2765 5487 in
2782 5451 2861 5489 me
2882 5452 3065 5508 magna
3093 5440 3247 5496 locuti
3272 5456 3387 5499 sunt
3416 5463 3437 5501 :
3467 5449 3561 5504 sed
3588 5465 3749 5511 erant

2226 5622 2240 5650 ³
2268 5619 2398 5683 Coll).
2428 5627 2509 5670 us.
2535 5634 2563 5670 c
2583 5630 2810 5675 mstanter
2833 5625 2981 5679 habet
2999 5631 3253 5683 exsultent.
3294 5656 3301 5667 ~

2227 5683 2250 5770 ἴ.
2259 5682 2935 5770 Siirliit"9t.”§.s;£12€‘:tsr9-
2954 5690 3186 5770 (νξιεςνωη
3199 5699 3501 5770 memet
3515 5702 3747 5770 έηνιάίιει

2162 5743 2369 5805 qaudent
2390 5743 2455 5805 se,
2484 5754 2575 5795 etc.
2604 5743 3148 5816 uetiuuniatss.,'aspers
3169 5743 3395 5811 inmites:
