  <div class='ocr_page' id='page_1' title='image "/cluster/home/n/w/nwhite01/storage/ocr_20150623/36/hvd.32044096580584/214.png"; bbox 0 0 1986 3099; ppageno 0'>
   <div class='ocr_carea' id='block_1_1' title="bbox 90 165 152 193">
    <p class='ocr_par' dir='ltr' id='par_1_1' title="bbox 90 165 152 193">
     <span class='ocr_line' id='line_1_1' title="bbox 90 165 152 193; baseline 0 0"><span class='ocrx_word' id='word_1_1' title='bbox 90 165 152 193; x_wconf 72' lang='grc' dir='ltr'>ιιῖς</span> 
     </span>
    </p>
   </div>
   <div class='ocr_carea' id='block_1_2' title="bbox 92 220 885 257">
    <p class='ocr_par' dir='ltr' id='par_1_2' title="bbox 92 220 885 257">
     <span class='ocr_line' id='line_1_2' title="bbox 92 220 885 257; baseline -0.005 -8"><span class='ocrx_word' id='word_1_2' title='bbox 92 231 106 248; x_wconf 62' lang='grc' dir='ltr'><strong>ι</strong></span> <span class='ocrx_word' id='word_1_3' title='bbox 115 223 138 249; x_wconf 89' lang='lat' dir='ltr'><strong>it</strong></span> <span class='ocrx_word' id='word_1_4' title='bbox 151 223 200 249; x_wconf 80' lang='lat' dir='ltr'><strong>istc.</strong></span> <span class='ocrx_word' id='word_1_5' title='bbox 213 221 257 257; x_wconf 90' lang='lat' dir='ltr'><strong>qui</strong></span> <span class='ocrx_word' id='word_1_6' title='bbox 270 225 378 249; x_wconf 82' lang='lat' dir='ltr'><strong>vocatur</strong></span> <span class='ocrx_word' id='word_1_7' title='bbox 391 220 553 249; x_wconf 83' lang='lat' dir='ltr'><strong>Transilicns</strong></span> <span class='ocrx_word' id='word_1_8' title='bbox 564 227 619 247; x_wconf 89' lang='lat' dir='ltr'><strong>eos.</strong></span> <span class='ocrx_word' id='word_1_9' title='bbox 634 221 705 253; x_wconf 84' lang='lat' dir='ltr'><strong>Quos</strong></span> <span class='ocrx_word' id='word_1_10' title='bbox 728 220 797 246; x_wconf 91' lang='lat' dir='ltr'><strong>cnim</strong></span> <span class='ocrx_word' id='word_1_11' title='bbox 814 223 885 246; x_wconf 85' lang='lat' dir='ltr'><strong>tran-</strong></span> 
     </span>
    </p>
   </div>
   <div class='ocr_carea' id='block_1_3' title="bbox 92 267 460 299">
    <p class='ocr_par' dir='ltr' id='par_1_3' title="bbox 92 267 460 299">
     <span class='ocr_line' id='line_1_3' title="bbox 92 267 460 299; baseline -0.003 -4"><span class='ocrx_word' id='word_1_12' title='bbox 92 269 192 299; x_wconf 80' lang='lat' dir='ltr'><strong>silivit,</strong></span> <span class='ocrx_word' id='word_1_13' title='bbox 208 268 257 295; x_wconf 90' lang='lat' dir='ltr'><strong>nisi</strong></span> <span class='ocrx_word' id='word_1_14' title='bbox 273 267 460 295; x_wconf 77' lang='lat' dir='ltr'><strong>remanentes?</strong></span> 
     </span>
    </p>
   </div>
   <div class='ocr_carea' id='block_1_4' title="bbox 135 311 885 348">
    <p class='ocr_par' dir='ltr' id='par_1_4' title="bbox 135 311 885 348">
     <span class='ocr_line' id='line_1_4' title="bbox 135 311 885 348; baseline -0.007 -7"><span class='ocrx_word' id='word_1_15' title='bbox 135 314 163 341; x_wconf 79' lang='grc'>2.</span> <span class='ocrx_word' id='word_1_16' title='bbox 184 314 272 341; x_wconf 81' lang='lat' dir='ltr'><strong>Nostis</strong></span> <span class='ocrx_word' id='word_1_17' title='bbox 286 313 414 348; x_wconf 91' lang='lat' dir='ltr'><strong>quosdam</strong></span> <span class='ocrx_word' id='word_1_18' title='bbox 426 313 540 347; x_wconf 81' lang='lat' dir='ltr'><strong>psalmos</strong></span> <span class='ocrx_word' id='word_1_19' title='bbox 555 311 662 339; x_wconf 82' lang='lat' dir='ltr'><strong>inscribi</strong></span> <span class='ocrx_word' id='word_1_20' title='bbox 675 311 810 338; x_wconf 75' lang='lat' dir='ltr'><strong>Canticum</strong></span> <span class='ocrx_word' id='word_1_21' title='bbox 824 318 885 345; x_wconf 81' lang='lat' dir='ltr'><strong>gra-</strong></span> 
     </span>
    </p>
   </div>
   <div class='ocr_carea' id='block_1_5' title="bbox 95 356 886 394">
    <p class='ocr_par' dir='ltr' id='par_1_5' title="bbox 95 356 886 394">
     <span class='ocr_line' id='line_1_5' title="bbox 95 356 886 394; baseline -0.006 -8"><span class='ocrx_word' id='word_1_22' title='bbox 95 360 183 386; x_wconf 88' lang='lat' dir='ltr'><strong>duum</strong></span> <span class='ocrx_word' id='word_1_23' title='bbox 198 368 205 386; x_wconf 89' lang='lat'>:</span> <span class='ocrx_word' id='word_1_24' title='bbox 219 365 247 386; x_wconf 92' lang='lat' dir='ltr'><strong>et</strong></span> <span class='ocrx_word' id='word_1_25' title='bbox 268 358 303 386; x_wconf 87' lang='lat' dir='ltr'><strong>ibi</strong></span> <span class='ocrx_word' id='word_1_26' title='bbox 320 359 426 394; x_wconf 89' lang='lat' dir='ltr'><strong>quidem</strong></span> <span class='ocrx_word' id='word_1_27' title='bbox 442 359 467 385; x_wconf 93' lang='lat' dir='ltr'><strong>in</strong></span> <span class='ocrx_word' id='word_1_28' title='bbox 486 365 570 393; x_wconf 65' lang='lat' dir='ltr'><strong>graeca</strong></span> <span class='ocrx_word' id='word_1_29' title='bbox 585 357 671 391; x_wconf 78' lang='lat' dir='ltr'><strong>lingua</strong></span> <span class='ocrx_word' id='word_1_30' title='bbox 693 357 756 383; x_wconf 90' lang='lat' dir='ltr'><strong>satis</strong></span> <span class='ocrx_word' id='word_1_31' title='bbox 779 356 886 383; x_wconf 87' lang='lat' dir='ltr'><strong>evidens</strong></span> 
     </span>
    </p>
   </div>
   <div class='ocr_carea' id='block_1_6' title="bbox 94 402 887 440">
    <p class='ocr_par' dir='ltr' id='par_1_6' title="bbox 94 402 887 440">
     <span class='ocr_line' id='line_1_6' title="bbox 94 402 887 440; baseline -0.008 -7"><span class='ocrx_word' id='word_1_32' title='bbox 94 411 152 438; x_wconf 81' lang='lat' dir='ltr'><strong>cst,</strong></span> <span class='ocrx_word' id='word_1_33' title='bbox 167 405 230 440; x_wconf 88' lang='lat' dir='ltr'><strong>quid</strong></span> <span class='ocrx_word' id='word_1_34' title='bbox 254 405 323 432; x_wconf 97' lang='lat' dir='ltr'><strong>dicat</strong></span> <span class='ocrx_word' id='word_1_35' title='bbox 348 406 496 438; x_wconf 70' lang='grc' dir='ltr'><strong>ἀναϐαθμῶν.</strong></span> <span class='ocrx_word' id='word_1_36' title='bbox 519 403 675 430; x_wconf 88' lang='lat' dir='ltr'><strong>Anabathmi</strong></span> <span class='ocrx_word' id='word_1_37' title='bbox 700 402 769 428; x_wconf 87' lang='lat' dir='ltr'><strong>enim</strong></span> <span class='ocrx_word' id='word_1_38' title='bbox 790 402 887 436; x_wconf 81' lang='lat' dir='ltr'><strong>gradus</strong></span> 
     </span>
    </p>
   </div>
   <div class='ocr_carea' id='block_1_7' title="bbox 94 448 887 483">
    <p class='ocr_par' dir='ltr' id='par_1_7' title="bbox 94 448 887 483">
     <span class='ocr_line' id='line_1_7' title="bbox 94 448 887 483; baseline -0.006 -5"><span class='ocrx_word' id='word_1_39' title='bbox 94 456 177 483; x_wconf 87' lang='lat' dir='ltr'><strong>sunt,</strong></span> <span class='ocrx_word' id='word_1_40' title='bbox 203 451 250 478; x_wconf 87' lang='lat' dir='ltr'><strong>sed</strong></span> <span class='ocrx_word' id='word_1_41' title='bbox 264 450 462 478; x_wconf 79' lang='lat' dir='ltr'><strong>ascendentium</strong></span> <span class='ocrx_word' id='word_1_42' title='bbox 475 471 481 481; x_wconf 83' lang='lat'><strong>,</strong></span> <span class='ocrx_word' id='word_1_43' title='bbox 499 457 550 476; x_wconf 91' lang='lat' dir='ltr'><strong>non</strong></span> <span class='ocrx_word' id='word_1_44' title='bbox 565 448 791 476; x_wconf 74' lang='lat' dir='ltr'><strong>descendentium.</strong></span> <span class='ocrx_word' id='word_1_45' title='bbox 818 448 887 474; x_wconf 88' lang='lat' dir='ltr'><strong>Lati-</strong></span> 
     </span>
    </p>
   </div>
   <div class='ocr_carea' id='block_1_8' title="bbox 94 493 885 532">
    <p class='ocr_par' dir='ltr' id='par_1_8' title="bbox 94 493 885 532">
     <span class='ocr_line' id='line_1_8' title="bbox 94 493 885 532; baseline -0.008 -8"><span class='ocrx_word' id='word_1_46' title='bbox 94 505 150 526; x_wconf 83' lang='lat' dir='ltr'><strong>nus</strong></span> <span class='ocrx_word' id='word_1_47' title='bbox 166 498 227 532; x_wconf 90' lang='lat' dir='ltr'><strong>quia</strong></span> <span class='ocrx_word' id='word_1_48' title='bbox 242 505 293 523; x_wconf 89' lang='lat' dir='ltr'><strong>non</strong></span> <span class='ocrx_word' id='word_1_49' title='bbox 306 496 388 530; x_wconf 89' lang='lat' dir='ltr'><strong>potuit</strong></span> <span class='ocrx_word' id='word_1_50' title='bbox 399 496 504 531; x_wconf 88' lang='lat' dir='ltr'><strong>proprie</strong></span> <span class='ocrx_word' id='word_1_51' title='bbox 515 495 618 526; x_wconf 77' lang='lat' dir='ltr'><strong>dicere,</strong></span> <span class='ocrx_word' id='word_1_52' title='bbox 633 494 792 528; x_wconf 79' lang='lat' dir='ltr'><strong>generaliter</strong></span> <span class='ocrx_word' id='word_1_53' title='bbox 801 493 885 520; x_wconf 77' lang='lat' dir='ltr'><strong>dixit:</strong></span> 
     </span>
    </p>
   </div>
   <div class='ocr_carea' id='block_1_9' title="bbox 94 539 888 580">
    <p class='ocr_par' dir='ltr' id='par_1_9' title="bbox 94 539 888 580">
     <span class='ocr_line' id='line_1_9' title="bbox 94 539 888 580; baseline -0.009 -8"><span class='ocrx_word' id='word_1_54' title='bbox 94 550 125 572; x_wconf 87' lang='lat' dir='ltr'><strong>ct</strong></span> <span class='ocrx_word' id='word_1_55' title='bbox 151 544 278 580; x_wconf 88' lang='lat' dir='ltr'><strong>quoniam</strong></span> <span class='ocrx_word' id='word_1_56' title='bbox 301 543 399 578; x_wconf 81' lang='lat' dir='ltr'><strong>gradus</strong></span> <span class='ocrx_word' id='word_1_57' title='bbox 425 542 585 577; x_wconf 79' lang='lat' dir='ltr'><strong>appellavit,</strong></span> <span class='ocrx_word' id='word_1_58' title='bbox 611 541 760 575; x_wconf 78' lang='lat' dir='ltr'><strong>ambiguum</strong></span> <span class='ocrx_word' id='word_1_59' title='bbox 784 539 888 574; x_wconf 88' lang='lat' dir='ltr'><strong>reliquit</strong></span> 
     </span>
    </p>
   </div>
   <div class='ocr_carea' id='block_1_10' title="bbox 94 585 888 620">
    <p class='ocr_par' dir='ltr' id='par_1_10' title="bbox 94 585 888 620">
     <span class='ocr_line' id='line_1_10' title="bbox 94 585 888 620; baseline -0.008 -2"><span class='ocrx_word' id='word_1_60' title='bbox 94 597 189 618; x_wconf 89' lang='lat' dir='ltr'><strong>utrum</strong></span> <span class='ocrx_word' id='word_1_61' title='bbox 203 589 403 618; x_wconf 82' lang='lat' dir='ltr'><strong>ascendentium</strong></span> <span class='ocrx_word' id='word_1_62' title='bbox 419 593 524 620; x_wconf 90' lang='lat' dir='ltr'><strong>essent,</strong></span> <span class='ocrx_word' id='word_1_63' title='bbox 540 596 572 614; x_wconf 90' lang='lat' dir='ltr'><strong>an</strong></span> <span class='ocrx_word' id='word_1_64' title='bbox 595 587 822 614; x_wconf 73' lang='lat' dir='ltr'><strong>descendentium.</strong></span> <span class='ocrx_word' id='word_1_65' title='bbox 835 585 888 612; x_wconf 87' lang='lat' dir='ltr'><strong>Sed</strong></span> 
     </span>
    </p>
   </div>
   <div class='ocr_carea' id='block_1_11' title="bbox 95 634 889 672">
    <p class='ocr_par' dir='ltr' id='par_1_11' title="bbox 95 634 889 672">
     <span class='ocr_line' id='line_1_11' title="bbox 95 634 889 672; baseline -0.008 -10"><span class='ocrx_word' id='word_1_66' title='bbox 95 638 160 672; x_wconf 88' lang='lat' dir='ltr'><strong>quia</strong></span> <span class='ocrx_word' id='word_1_67' title='bbox 175 643 228 663; x_wconf 90' lang='lat' dir='ltr'><strong>non</strong></span> <span class='ocrx_word' id='word_1_68' title='bbox 242 641 304 662; x_wconf 88' lang='lat' dir='ltr'><strong>sunt</strong></span> <span class='ocrx_word' id='word_1_69' title='bbox 319 634 430 669; x_wconf 75' lang='lat' dir='ltr'><strong>loquela:</strong></span> <span class='ocrx_word' id='word_1_70' title='bbox 443 642 528 667; x_wconf 85' lang='lat' dir='ltr'><strong>neque</strong></span> <span class='ocrx_word' id='word_1_71' title='bbox 544 640 690 664; x_wconf 85' lang='lat' dir='ltr'><strong>sermones,</strong></span> <span class='ocrx_word' id='word_1_72' title='bbox 708 640 819 667; x_wconf 89' lang='lat' dir='ltr'><strong>quorum</strong></span> <span class='ocrx_word' id='word_1_73' title='bbox 835 639 889 658; x_wconf 88' lang='lat' dir='ltr'><strong>non</strong></span> 
     </span>
    </p>
   </div>
   <div class='ocr_carea' id='block_1_12' title="bbox 97 677 886 713">
    <p class='ocr_par' dir='ltr' id='par_1_12' title="bbox 97 677 886 713">
     <span class='ocr_line' id='line_1_12' title="bbox 97 677 886 713; baseline -0.006 -5"><span class='ocrx_word' id='word_1_74' title='bbox 97 682 242 708; x_wconf 85' lang='lat' dir='ltr'><strong>audiantur</strong></span> <span class='ocrx_word' id='word_1_75' title='bbox 253 688 333 708; x_wconf 87' lang='lat' dir='ltr'><strong>voces</strong></span> <span class='ocrx_word' id='word_1_76' title='bbox 347 687 439 707; x_wconf 88' lang='lat' dir='ltr'><strong>eorum</strong></span> <span class='ocrx_word' id='word_1_77' title='bbox 455 679 540 713; x_wconf 78' lang='lat' dir='ltr'><strong>(Psal.</strong></span> <span class='ocrx_word' id='word_1_78' title='bbox 555 686 618 705; x_wconf 78' lang='lat' dir='ltr'><strong>xvnt</strong></span> <span class='ocrx_word' id='word_1_79' title='bbox 628 699 636 711; x_wconf 83' lang='lat'><strong>,</strong></span> <span class='ocrx_word' id='word_1_80' title='bbox 650 678 678 712; x_wconf 66' lang='grc'><strong>4)</strong></span> <span class='ocrx_word' id='word_1_81' title='bbox 693 699 699 710; x_wconf 85' lang='grc'><em>,</em></span> <span class='ocrx_word' id='word_1_82' title='bbox 715 677 822 711; x_wconf 78' lang='lat' dir='ltr'><strong>exponit</strong></span> <span class='ocrx_word' id='word_1_83' title='bbox 843 684 886 703; x_wconf 92' lang='lat' dir='ltr'><strong>se-</strong></span> 
     </span>
    </p>
   </div>
   <div class='ocr_carea' id='block_1_13' title="bbox 98 723 886 762">
    <p class='ocr_par' dir='ltr' id='par_1_13' title="bbox 98 723 886 762">
     <span class='ocr_line' id='line_1_13' title="bbox 98 723 886 762; baseline -0.008 -8"><span class='ocrx_word' id='word_1_84' title='bbox 98 732 224 762; x_wconf 85' lang='lat' dir='ltr'><strong>quentem</strong></span> <span class='ocrx_word' id='word_1_85' title='bbox 242 726 330 761; x_wconf 80' lang='lat' dir='ltr'><strong>lingua</strong></span> <span class='ocrx_word' id='word_1_86' title='bbox 355 725 526 760; x_wconf 76' lang='lat' dir='ltr'><strong>prmcedens;</strong></span> <span class='ocrx_word' id='word_1_87' title='bbox 551 729 577 751; x_wconf 92' lang='lat' dir='ltr'><strong>et</strong></span> <span class='ocrx_word' id='word_1_88' title='bbox 600 725 627 750; x_wconf 91' lang='lat' dir='ltr'><strong>lit</strong></span> <span class='ocrx_word' id='word_1_89' title='bbox 650 728 750 750; x_wconf 89' lang='lat' dir='ltr'><strong>certum</strong></span> <span class='ocrx_word' id='word_1_90' title='bbox 773 723 798 749; x_wconf 93' lang='lat' dir='ltr'><strong>in</strong></span> <span class='ocrx_word' id='word_1_91' title='bbox 816 723 886 756; x_wconf 87' lang='lat' dir='ltr'><strong>alia,</strong></span> 
     </span>
    </p>
   </div>
   <div class='ocr_carea' id='block_1_14' title="bbox 99 769 886 807">
    <p class='ocr_par' dir='ltr' id='par_1_14' title="bbox 99 769 886 807">
     <span class='ocr_line' id='line_1_14' title="bbox 99 769 886 807; baseline -0.008 -7"><span class='ocrx_word' id='word_1_92' title='bbox 99 772 170 807; x_wconf 87' lang='lat' dir='ltr'><strong>quod</strong></span> <span class='ocrx_word' id='word_1_93' title='bbox 181 772 334 807; x_wconf 82' lang='lat' dir='ltr'><strong>ambiguum</strong></span> <span class='ocrx_word' id='word_1_94' title='bbox 347 771 438 799; x_wconf 85' lang='lat' dir='ltr'><strong>eratin</strong></span> <span class='ocrx_word' id='word_1_95' title='bbox 450 770 511 797; x_wconf 88' lang='lat' dir='ltr'><strong>alia.</strong></span> <span class='ocrx_word' id='word_1_96' title='bbox 525 769 662 803; x_wconf 81' lang='lat' dir='ltr'><strong>Quomodo</strong></span> <span class='ocrx_word' id='word_1_97' title='bbox 671 777 733 803; x_wconf 80' lang='lat' dir='ltr'><strong>ergo</strong></span> <span class='ocrx_word' id='word_1_98' title='bbox 747 769 780 795; x_wconf 88' lang='lat' dir='ltr'><strong>ibi</strong></span> <span class='ocrx_word' id='word_1_99' title='bbox 794 776 886 795; x_wconf 86' lang='lat' dir='ltr'><strong>ascen-</strong></span> 
     </span>
    </p>
   </div>
   <div class='ocr_carea' id='block_1_15' title="bbox 100 814 889 853">
    <p class='ocr_par' dir='ltr' id='par_1_15' title="bbox 100 814 889 853">
     <span class='ocr_line' id='line_1_15' title="bbox 100 814 889 853; baseline -0.008 -8"><span class='ocrx_word' id='word_1_100' title='bbox 100 818 167 845; x_wconf 80' lang='lat' dir='ltr'><strong>dens</strong></span> <span class='ocrx_word' id='word_1_101' title='bbox 179 817 287 853; x_wconf 85' lang='lat' dir='ltr'><strong>quidam</strong></span> <span class='ocrx_word' id='word_1_102' title='bbox 300 820 410 848; x_wconf 89' lang='lat' dir='ltr'><strong>cantat,</strong></span> <span class='ocrx_word' id='word_1_103' title='bbox 435 815 473 843; x_wconf 90' lang='lat' dir='ltr'><strong>sic</strong></span> <span class='ocrx_word' id='word_1_104' title='bbox 485 820 512 842; x_wconf 89' lang='lat' dir='ltr'><strong>et</strong></span> <span class='ocrx_word' id='word_1_105' title='bbox 528 815 570 841; x_wconf 85' lang='lat' dir='ltr'><strong>hic</strong></span> <span class='ocrx_word' id='word_1_106' title='bbox 591 814 753 841; x_wconf 85' lang='lat' dir='ltr'><strong>transiliens.</strong></span> <span class='ocrx_word' id='word_1_107' title='bbox 776 814 822 840; x_wconf 88' lang='lat' dir='ltr'><strong>Est</strong></span> <span class='ocrx_word' id='word_1_108' title='bbox 841 820 889 840; x_wconf 85' lang='lat' dir='ltr'><strong>au—</strong></span> 
     </span>
    </p>
   </div>
   <div class='ocr_carea' id='block_1_16' title="bbox 104 858 888 893">
    <p class='ocr_par' dir='ltr' id='par_1_16' title="bbox 104 858 888 893">
     <span class='ocr_line' id='line_1_16' title="bbox 104 858 888 893; baseline -0.008 -3"><span class='ocrx_word' id='word_1_109' title='bbox 104 868 157 890; x_wconf 89' lang='lat' dir='ltr'><strong>tem</strong></span> <span class='ocrx_word' id='word_1_110' title='bbox 170 863 228 890; x_wconf 64' lang='lat' dir='ltr'><strong>hare</strong></span> <span class='ocrx_word' id='word_1_111' title='bbox 247 861 369 889; x_wconf 84' lang='lat' dir='ltr'><strong>ascensio</strong></span> <span class='ocrx_word' id='word_1_112' title='bbox 391 866 418 888; x_wconf 82' lang='lat' dir='ltr'><strong>et</strong></span> <span class='ocrx_word' id='word_1_113' title='bbox 431 861 480 887; x_wconf 90' lang='lat' dir='ltr'><strong>ista</strong></span> <span class='ocrx_word' id='word_1_114' title='bbox 502 859 641 887; x_wconf 86' lang='lat' dir='ltr'><strong>transilitio</strong></span> <span class='ocrx_word' id='word_1_115' title='bbox 653 880 660 892; x_wconf 85' lang='lat'><strong>,</strong></span> <span class='ocrx_word' id='word_1_116' title='bbox 684 866 736 885; x_wconf 90' lang='lat' dir='ltr'><strong>non</strong></span> <span class='ocrx_word' id='word_1_117' title='bbox 757 858 865 893; x_wconf 82' lang='lat' dir='ltr'><strong>pedibus</strong></span> <span class='ocrx_word' id='word_1_118' title='bbox 878 879 888 893; x_wconf 80' lang='lat'><strong>,</strong></span> 
     </span>
    </p>
   </div>
   <div class='ocr_carea' id='block_1_17' title="bbox 104 904 886 942">
    <p class='ocr_par' dir='ltr' id='par_1_17' title="bbox 104 904 886 942">
     <span class='ocr_line' id='line_1_17' title="bbox 104 904 886 942; baseline -0.006 -6"><span class='ocrx_word' id='word_1_119' title='bbox 104 918 157 936; x_wconf 92' lang='lat' dir='ltr'><strong>non</strong></span> <span class='ocrx_word' id='word_1_120' title='bbox 170 909 262 941; x_wconf 85' lang='lat' dir='ltr'><strong>scalis,</strong></span> <span class='ocrx_word' id='word_1_121' title='bbox 285 915 338 934; x_wconf 91' lang='lat' dir='ltr'><strong>non</strong></span> <span class='ocrx_word' id='word_1_122' title='bbox 353 907 461 942; x_wconf 87' lang='lat' dir='ltr'><strong>pennis;</strong></span> <span class='ocrx_word' id='word_1_123' title='bbox 477 911 503 933; x_wconf 86' lang='lat' dir='ltr'><strong>et</strong></span> <span class='ocrx_word' id='word_1_124' title='bbox 518 910 604 932; x_wconf 87' lang='lat' dir='ltr'><strong>tamen</strong></span> <span class='ocrx_word' id='word_1_125' title='bbox 620 905 643 932; x_wconf 89' lang='lat' dir='ltr'><strong>si</strong></span> <span class='ocrx_word' id='word_1_126' title='bbox 665 904 816 932; x_wconf 87' lang='lat' dir='ltr'><strong>interiorem</strong></span> <span class='ocrx_word' id='word_1_127' title='bbox 837 904 886 932; x_wconf 88' lang='lat' dir='ltr'><strong>ho-</strong></span> 
     </span>
    </p>
   </div>
   <div class='ocr_carea' id='block_1_18' title="bbox 102 950 888 987">
    <p class='ocr_par' dir='ltr' id='par_1_18' title="bbox 102 950 888 987">
     <span class='ocr_line' id='line_1_18' title="bbox 102 950 888 987; baseline -0.006 -5"><span class='ocrx_word' id='word_1_128' title='bbox 102 957 199 982; x_wconf 88' lang='lat' dir='ltr'><strong>minem</strong></span> <span class='ocrx_word' id='word_1_129' title='bbox 211 953 342 986; x_wconf 83' lang='lat' dir='ltr'><strong>attendas,</strong></span> <span class='ocrx_word' id='word_1_130' title='bbox 358 958 383 980; x_wconf 88' lang='lat' dir='ltr'><strong>et</strong></span> <span class='ocrx_word' id='word_1_131' title='bbox 396 952 515 987; x_wconf 83' lang='lat' dir='ltr'><strong>pedibus,</strong></span> <span class='ocrx_word' id='word_1_132' title='bbox 528 957 555 979; x_wconf 88' lang='lat' dir='ltr'><strong>ct</strong></span> <span class='ocrx_word' id='word_1_133' title='bbox 568 951 646 979; x_wconf 87' lang='lat' dir='ltr'><strong>scalis</strong></span> <span class='ocrx_word' id='word_1_134' title='bbox 655 971 663 983; x_wconf 90' lang='lat'><strong>,</strong></span> <span class='ocrx_word' id='word_1_135' title='bbox 672 957 699 978; x_wconf 85' lang='lat' dir='ltr'><strong>et</strong></span> <span class='ocrx_word' id='word_1_136' title='bbox 707 951 807 985; x_wconf 84' lang='lat' dir='ltr'><strong>pennis.</strong></span> <span class='ocrx_word' id='word_1_137' title='bbox 823 950 888 978; x_wconf 85' lang='lat' dir='ltr'><strong>Nam</strong></span> 
     </span>
    </p>
   </div>
   <div class='ocr_carea' id='block_1_19' title="bbox 100 997 888 1037">
    <p class='ocr_par' dir='ltr' id='par_1_19' title="bbox 100 997 888 1037">
     <span class='ocr_line' id='line_1_19' title="bbox 100 997 888 1037; baseline -0.009 -8"><span class='ocrx_word' id='word_1_138' title='bbox 100 1002 123 1029; x_wconf 92' lang='lat' dir='ltr'><strong>si</strong></span> <span class='ocrx_word' id='word_1_139' title='bbox 134 1009 186 1029; x_wconf 83' lang='lat' dir='ltr'><strong>non</strong></span> <span class='ocrx_word' id='word_1_140' title='bbox 198 999 466 1037; x_wconf 84' lang='lat' dir='ltr'><strong>pedibus,quomodo</strong></span> <span class='ocrx_word' id='word_1_141' title='bbox 474 998 536 1025; x_wconf 91' lang='lat' dir='ltr'><strong>dicit</strong></span> <span class='ocrx_word' id='word_1_142' title='bbox 547 1000 625 1025; x_wconf 89' lang='lat' dir='ltr'><strong>homo</strong></span> <span class='ocrx_word' id='word_1_143' title='bbox 639 997 757 1029; x_wconf 87' lang='lat' dir='ltr'><strong>interior,</strong></span> <span class='ocrx_word' id='word_1_144' title='bbox 778 997 837 1023; x_wconf 86' lang='lat' dir='ltr'><strong>Non</strong></span> <span class='ocrx_word' id='word_1_145' title='bbox 848 1005 888 1023; x_wconf 75' lang='grc' dir='ltr'><strong>ιπε-</strong></span> 
     </span>
    </p>
   </div>
   <div class='ocr_carea' id='block_1_20' title="bbox 99 1042 888 1082">
    <p class='ocr_par' dir='ltr' id='par_1_20' title="bbox 99 1042 888 1082">
     <span class='ocr_line' id='line_1_20' title="bbox 99 1042 888 1082; baseline -0.006 -8"><span class='ocrx_word' id='word_1_146' title='bbox 99 1049 154 1074; x_wconf 68' lang='lat' dir='ltr'><strong>nia:</strong></span> <span class='ocrx_word' id='word_1_147' title='bbox 164 1047 227 1074; x_wconf 84' lang='lat' dir='ltr'><strong>mihi</strong></span> <span class='ocrx_word' id='word_1_148' title='bbox 239 1055 282 1082; x_wconf 82' lang='lat' dir='ltr'><strong>pes</strong></span> <span class='ocrx_word' id='word_1_149' title='bbox 295 1046 418 1080; x_wconf 72' lang='lat' dir='ltr'><strong>superbia’</strong></span> <span class='ocrx_word' id='word_1_150' title='bbox 430 1044 513 1079; x_wconf 80' lang='lat' dir='ltr'><strong>(Psal.</strong></span> <span class='ocrx_word' id='word_1_151' title='bbox 529 1052 608 1076; x_wconf 76' lang='lat' dir='ltr'><strong>xxxv,</strong></span> <span class='ocrx_word' id='word_1_152' title='bbox 621 1043 663 1078; x_wconf 66' lang='lat' dir='ltr'><strong>l2)</strong></span> <span class='ocrx_word' id='word_1_153' title='bbox 675 1043 686 1069; x_wconf 91' lang='lat'><strong>?</strong></span> <span class='ocrx_word' id='word_1_154' title='bbox 699 1043 726 1070; x_wconf 90' lang='lat' dir='ltr'><strong>Si</strong></span> <span class='ocrx_word' id='word_1_155' title='bbox 737 1050 789 1070; x_wconf 84' lang='lat' dir='ltr'><strong>non</strong></span> <span class='ocrx_word' id='word_1_156' title='bbox 798 1042 888 1075; x_wconf 77' lang='lat' dir='ltr'><strong>scalis,</strong></span> 
     </span>
    </p>
   </div>
   <div class='ocr_carea' id='block_1_21' title="bbox 98 1087 888 1127">
    <p class='ocr_par' dir='ltr' id='par_1_21' title="bbox 98 1087 888 1127">
     <span class='ocr_line' id='line_1_21' title="bbox 98 1087 888 1127; baseline -0.004 -9"><span class='ocrx_word' id='word_1_157' title='bbox 98 1092 162 1127; x_wconf 90' lang='lat' dir='ltr'><strong>quid</strong></span> <span class='ocrx_word' id='word_1_158' title='bbox 179 1098 242 1120; x_wconf 87' lang='lat' dir='ltr'><strong>sunt</strong></span> <span class='ocrx_word' id='word_1_159' title='bbox 264 1098 330 1126; x_wconf 89' lang='lat' dir='ltr'><strong>quas</strong></span> <span class='ocrx_word' id='word_1_160' title='bbox 348 1090 412 1117; x_wconf 90' lang='lat' dir='ltr'><strong>vidit</strong></span> <span class='ocrx_word' id='word_1_161' title='bbox 436 1090 532 1121; x_wconf 82' lang='lat' dir='ltr'><strong>Jacob,</strong></span> <span class='ocrx_word' id='word_1_162' title='bbox 551 1089 597 1115; x_wconf 89' lang='lat' dir='ltr'><strong>ttbi</strong></span> <span class='ocrx_word' id='word_1_163' title='bbox 616 1092 692 1116; x_wconf 88' lang='lat' dir='ltr'><strong>erant</strong></span> <span class='ocrx_word' id='word_1_164' title='bbox 715 1087 888 1115; x_wconf 76' lang='lat' dir='ltr'><strong>ascendentes</strong></span> 
     </span>
    </p>
   </div>
   <div class='ocr_carea' id='block_1_22' title="bbox 99 1134 886 1174">
    <p class='ocr_par' dir='ltr' id='par_1_22' title="bbox 99 1134 886 1174">
     <span class='ocr_line' id='line_1_22' title="bbox 99 1134 886 1174; baseline -0.009 -8"><span class='ocrx_word' id='word_1_165' title='bbox 99 1139 193 1174; x_wconf 81' lang='lat' dir='ltr'><strong>Augeli</strong></span> <span class='ocrx_word' id='word_1_166' title='bbox 208 1143 236 1166; x_wconf 86' lang='lat' dir='ltr'><strong>et</strong></span> <span class='ocrx_word' id='word_1_167' title='bbox 246 1137 439 1165; x_wconf 77' lang='lat' dir='ltr'><strong>descendentes</strong></span> <span class='ocrx_word' id='word_1_168' title='bbox 467 1135 542 1170; x_wconf 77' lang='lat' dir='ltr'><strong>(Gen.</strong></span> <span class='ocrx_word' id='word_1_169' title='bbox 560 1143 661 1168; x_wconf 76' lang='lat' dir='ltr'><strong>xxvnt,</strong></span> <span class='ocrx_word' id='word_1_170' title='bbox 686 1134 759 1169; x_wconf 52' lang='grc' dir='ltr'><strong>ην</strong></span> <span class='ocrx_word' id='word_1_171' title='bbox 782 1134 810 1161; x_wconf 86' lang='lat' dir='ltr'><strong>Si</strong></span> <span class='ocrx_word' id='word_1_172' title='bbox 835 1142 886 1161; x_wconf 90' lang='lat' dir='ltr'><strong>non</strong></span> 
     </span>
    </p>
   </div>
   <div class='ocr_carea' id='block_1_23' title="bbox 98 1180 888 1220">
    <p class='ocr_par' dir='ltr' id='par_1_23' title="bbox 98 1180 888 1220">
     <span class='ocr_line' id='line_1_23' title="bbox 98 1180 888 1220; baseline -0.008 -8"><span class='ocrx_word' id='word_1_173' title='bbox 98 1186 205 1220; x_wconf 76' lang='lat' dir='ltr'><strong>pennis,</strong></span> <span class='ocrx_word' id='word_1_174' title='bbox 215 1184 274 1219; x_wconf 86' lang='lat' dir='ltr'><strong>quis</strong></span> <span class='ocrx_word' id='word_1_175' title='bbox 285 1188 325 1210; x_wconf 89' lang='lat' dir='ltr'><strong>est</strong></span> <span class='ocrx_word' id='word_1_176' title='bbox 338 1183 380 1217; x_wconf 88' lang='lat' dir='ltr'><strong>qtti</strong></span> <span class='ocrx_word' id='word_1_177' title='bbox 394 1182 456 1209; x_wconf 84' lang='lat' dir='ltr'><strong>dicit</strong></span> <span class='ocrx_word' id='word_1_178' title='bbox 467 1203 474 1212; x_wconf 83' lang='grc'>,</span> <span class='ocrx_word' id='word_1_179' title='bbox 491 1182 551 1213; x_wconf 80' lang='lat' dir='ltr'><strong>Quis</strong></span> <span class='ocrx_word' id='word_1_180' title='bbox 566 1180 635 1206; x_wconf 83' lang='lat' dir='ltr'><strong>dabit</strong></span> <span class='ocrx_word' id='word_1_181' title='bbox 648 1180 708 1207; x_wconf 85' lang='lat' dir='ltr'><strong>mihi</strong></span> <span class='ocrx_word' id='word_1_182' title='bbox 722 1188 816 1214; x_wconf 74' lang='lat' dir='ltr'><strong>pennas</strong></span> <span class='ocrx_word' id='word_1_183' title='bbox 825 1180 888 1206; x_wconf 80' lang='lat' dir='ltr'><strong>sicut</strong></span> 
     </span>
    </p>
   </div>
   <div class='ocr_carea' id='block_1_24' title="bbox 97 1225 887 1261">
    <p class='ocr_par' dir='ltr' id='par_1_24' title="bbox 97 1225 887 1261">
     <span class='ocr_line' id='line_1_24' title="bbox 97 1225 887 1261; baseline -0.006 -4"><span class='ocrx_word' id='word_1_184' title='bbox 97 1231 234 1261; x_wconf 63' lang='lat' dir='ltr'><strong>columba,</strong></span> <span class='ocrx_word' id='word_1_185' title='bbox 253 1234 276 1255; x_wconf 83' lang='lat' dir='ltr'><strong>et</strong></span> <span class='ocrx_word' id='word_1_186' title='bbox 288 1229 392 1259; x_wconf 72' lang='lat' dir='ltr'><strong>volabo,</strong></span> <span class='ocrx_word' id='word_1_187' title='bbox 411 1233 433 1254; x_wconf 83' lang='lat' dir='ltr'><strong>et</strong></span> <span class='ocrx_word' id='word_1_188' title='bbox 449 1227 599 1260; x_wconf 63' lang='lat' dir='ltr'><strong>requiescant</strong></span> <span class='ocrx_word' id='word_1_189' title='bbox 612 1225 698 1261; x_wconf 76' lang='lat' dir='ltr'><strong>(Psal.</strong></span> <span class='ocrx_word' id='word_1_190' title='bbox 712 1234 762 1257; x_wconf 81' lang='lat' dir='ltr'><strong>Liv,</strong></span> <span class='ocrx_word' id='word_1_191' title='bbox 780 1226 817 1261; x_wconf 82' lang='lat'><strong>7).</strong></span> <span class='ocrx_word' id='word_1_192' title='bbox 834 1225 887 1253; x_wconf 86' lang='lat' dir='ltr'><strong>Sed</strong></span> 
     </span>
    </p>
   </div>
   <div class='ocr_carea' id='block_1_25' title="bbox 97 1271 886 1308">
    <p class='ocr_par' dir='ltr' id='par_1_25' title="bbox 97 1271 886 1308">
     <span class='ocr_line' id='line_1_25' title="bbox 97 1271 886 1308; baseline -0.008 -5"><span class='ocrx_word' id='word_1_193' title='bbox 97 1277 126 1303; x_wconf 90' lang='lat' dir='ltr'><strong>in</strong></span> <span class='ocrx_word' id='word_1_194' title='bbox 141 1276 224 1303; x_wconf 84' lang='lat' dir='ltr'><strong>rebus</strong></span> <span class='ocrx_word' id='word_1_195' title='bbox 234 1273 416 1308; x_wconf 85' lang='lat' dir='ltr'><strong>c0rporalibus</strong></span> <span class='ocrx_word' id='word_1_196' title='bbox 429 1272 499 1299; x_wconf 85' lang='lat' dir='ltr'><strong>aliud</strong></span> <span class='ocrx_word' id='word_1_197' title='bbox 514 1276 576 1298; x_wconf 88' lang='lat' dir='ltr'><strong>sunt</strong></span> <span class='ocrx_word' id='word_1_198' title='bbox 593 1272 672 1305; x_wconf 85' lang='lat' dir='ltr'><strong>pedes</strong></span> <span class='ocrx_word' id='word_1_199' title='bbox 682 1292 689 1304; x_wconf 89' lang='lat'><strong>,</strong></span> <span class='ocrx_word' id='word_1_200' title='bbox 705 1271 773 1298; x_wconf 86' lang='lat' dir='ltr'><strong>aliud</strong></span> <span class='ocrx_word' id='word_1_201' title='bbox 790 1271 867 1298; x_wconf 72' lang='lat' dir='ltr'><strong>scobe</strong></span> <span class='ocrx_word' id='word_1_202' title='bbox 878 1291 886 1302; x_wconf 83' lang='lat'><strong>,</strong></span> 
     </span>
    </p>
   </div>
   <div class='ocr_carea' id='block_1_26' title="bbox 96 1317 889 1355">
    <p class='ocr_par' dir='ltr' id='par_1_26' title="bbox 96 1317 889 1355">
     <span class='ocr_line' id='line_1_26' title="bbox 96 1317 889 1355; baseline -0.006 -7"><span class='ocrx_word' id='word_1_203' title='bbox 96 1321 171 1348; x_wconf 80' lang='lat' dir='ltr'><strong>aliud</strong></span> <span class='ocrx_word' id='word_1_204' title='bbox 186 1328 290 1355; x_wconf 80' lang='lat' dir='ltr'><strong>pennae.</strong></span> <span class='ocrx_word' id='word_1_205' title='bbox 307 1319 378 1345; x_wconf 79' lang='lat' dir='ltr'><strong>intus</strong></span> <span class='ocrx_word' id='word_1_206' title='bbox 392 1322 479 1344; x_wconf 85' lang='lat' dir='ltr'><strong>autem</strong></span> <span class='ocrx_word' id='word_1_207' title='bbox 495 1322 522 1344; x_wconf 90' lang='lat' dir='ltr'><strong>ct</strong></span> <span class='ocrx_word' id='word_1_208' title='bbox 535 1317 625 1349; x_wconf 73' lang='lat' dir='ltr'><strong>pedes,</strong></span> <span class='ocrx_word' id='word_1_209' title='bbox 640 1323 667 1343; x_wconf 82' lang='lat' dir='ltr'><strong>et</strong></span> <span class='ocrx_word' id='word_1_210' title='bbox 680 1317 768 1347; x_wconf 66' lang='lat' dir='ltr'><strong>scalze.</strong></span> <span class='ocrx_word' id='word_1_211' title='bbox 784 1322 811 1344; x_wconf 89' lang='lat' dir='ltr'><strong>et</strong></span> <span class='ocrx_word' id='word_1_212' title='bbox 824 1324 889 1351; x_wconf 78' lang='lat' dir='ltr'><strong>pen-</strong></span> 
     </span>
    </p>
   </div>
   <div class='ocr_carea' id='block_1_27' title="bbox 98 1361 885 1394">
    <p class='ocr_par' dir='ltr' id='par_1_27' title="bbox 98 1361 885 1394">
     <span class='ocr_line' id='line_1_27' title="bbox 98 1361 885 1394; baseline -0.008 0"><span class='ocrx_word' id='word_1_213' title='bbox 98 1375 140 1394; x_wconf 64' lang='lat' dir='ltr'><strong>nae</strong></span> <span class='ocrx_word' id='word_1_214' title='bbox 154 1367 265 1394; x_wconf 67' lang='lat' dir='ltr'><strong>allectus</strong></span> <span class='ocrx_word' id='word_1_215' title='bbox 275 1369 337 1391; x_wconf 89' lang='lat' dir='ltr'><strong>sunt</strong></span> <span class='ocrx_word' id='word_1_216' title='bbox 348 1364 422 1391; x_wconf 73' lang='lat' dir='ltr'><strong>bona:</strong></span> <span class='ocrx_word' id='word_1_217' title='bbox 440 1363 580 1389; x_wconf 88' lang='lat' dir='ltr'><strong>voluntatis</strong></span> <span class='ocrx_word' id='word_1_218' title='bbox 595 1362 603 1377; x_wconf 80' lang='grc'>¹</span> <span class='ocrx_word' id='word_1_219' title='bbox 621 1381 627 1387; x_wconf 92' lang='grc'>.</span> <span class='ocrx_word' id='word_1_220' title='bbox 645 1361 691 1388; x_wconf 79' lang='lat' dir='ltr'><strong>llis</strong></span> <span class='ocrx_word' id='word_1_221' title='bbox 702 1362 867 1388; x_wconf 73' lang='lat' dir='ltr'><strong>ambulemus</strong></span> <span class='ocrx_word' id='word_1_222' title='bbox 878 1382 885 1393; x_wconf 87' lang='lat'><strong>,</strong></span> 
     </span>
    </p>
   </div>
   <div class='ocr_carea' id='block_1_28' title="bbox 98 1406 887 1442">
    <p class='ocr_par' dir='ltr' id='par_1_28' title="bbox 98 1406 887 1442">
     <span class='ocr_line' id='line_1_28' title="bbox 98 1406 887 1442; baseline -0.009 -2"><span class='ocrx_word' id='word_1_223' title='bbox 98 1413 142 1440; x_wconf 85' lang='lat' dir='ltr'><strong>his</strong></span> <span class='ocrx_word' id='word_1_224' title='bbox 155 1411 332 1438; x_wconf 82' lang='lat' dir='ltr'><strong>ascendatnus</strong></span> <span class='ocrx_word' id='word_1_225' title='bbox 345 1431 353 1442; x_wconf 91' lang='lat'><strong>,</strong></span> <span class='ocrx_word' id='word_1_226' title='bbox 369 1409 409 1436; x_wconf 89' lang='lat' dir='ltr'><strong>his</strong></span> <span class='ocrx_word' id='word_1_227' title='bbox 424 1409 552 1436; x_wconf 72' lang='lat' dir='ltr'><strong>volemus.</strong></span> <span class='ocrx_word' id='word_1_228' title='bbox 567 1408 632 1434; x_wconf 88' lang='lat' dir='ltr'><strong>Cum</strong></span> <span class='ocrx_word' id='word_1_229' title='bbox 651 1415 715 1441; x_wconf 75' lang='lat' dir='ltr'><strong>ergo</strong></span> <span class='ocrx_word' id='word_1_230' title='bbox 726 1406 799 1433; x_wconf 87' lang='lat' dir='ltr'><strong>audit</strong></span> <span class='ocrx_word' id='word_1_231' title='bbox 813 1407 887 1441; x_wconf 83' lang='lat' dir='ltr'><strong>quis-</strong></span> 
     </span>
    </p>
   </div>
   <div class='ocr_carea' id='block_1_29' title="bbox 98 1452 890 1492">
    <p class='ocr_par' dir='ltr' id='par_1_29' title="bbox 98 1452 890 1492">
     <span class='ocr_line' id='line_1_29' title="bbox 98 1452 890 1492; baseline -0.006 -8"><span class='ocrx_word' id='word_1_232' title='bbox 98 1465 150 1492; x_wconf 86' lang='lat' dir='ltr'><strong>que</strong></span> <span class='ocrx_word' id='word_1_233' title='bbox 164 1457 357 1484; x_wconf 80' lang='lat' dir='ltr'><strong>transilientem</strong></span> <span class='ocrx_word' id='word_1_234' title='bbox 372 1455 442 1481; x_wconf 87' lang='lat' dir='ltr'><strong>hunc</strong></span> <span class='ocrx_word' id='word_1_235' title='bbox 454 1475 460 1486; x_wconf 86' lang='lat'><strong>,</strong></span> <span class='ocrx_word' id='word_1_236' title='bbox 475 1459 500 1480; x_wconf 91' lang='lat' dir='ltr'><strong>ct</strong></span> <span class='ocrx_word' id='word_1_237' title='bbox 514 1453 609 1480; x_wconf 88' lang='lat' dir='ltr'><strong>imitari</strong></span> <span class='ocrx_word' id='word_1_238' title='bbox 623 1452 711 1487; x_wconf 77' lang='lat' dir='ltr'><strong>eligit,</strong></span> <span class='ocrx_word' id='word_1_239' title='bbox 723 1461 775 1479; x_wconf 88' lang='lat' dir='ltr'><strong>non</strong></span> <span class='ocrx_word' id='word_1_240' title='bbox 787 1457 890 1486; x_wconf 80' lang='lat' dir='ltr'><strong>qn:erat</strong></span> 
     </span>
    </p>
   </div>
   <div class='ocr_carea' id='block_1_30' title="bbox 100 1498 887 1536">
    <p class='ocr_par' dir='ltr' id='par_1_30' title="bbox 100 1498 887 1536">
     <span class='ocr_line' id='line_1_30' title="bbox 100 1498 887 1536; baseline -0.01 -5"><span class='ocrx_word' id='word_1_241' title='bbox 100 1504 207 1531; x_wconf 85' lang='lat' dir='ltr'><strong>levitate</strong></span> <span class='ocrx_word' id='word_1_242' title='bbox 218 1502 337 1536; x_wconf 87' lang='lat' dir='ltr'><strong>corporis</strong></span> <span class='ocrx_word' id='word_1_243' title='bbox 360 1499 490 1527; x_wconf 88' lang='lat' dir='ltr'><strong>transilire</strong></span> <span class='ocrx_word' id='word_1_244' title='bbox 510 1498 611 1530; x_wconf 78' lang='lat' dir='ltr'><strong>fossas.</strong></span> <span class='ocrx_word' id='word_1_245' title='bbox 627 1503 671 1524; x_wconf 88' lang='lat' dir='ltr'><strong>aut</strong></span> <span class='ocrx_word' id='word_1_246' title='bbox 685 1498 771 1532; x_wconf 82' lang='lat' dir='ltr'><strong>aliqua</strong></span> <span class='ocrx_word' id='word_1_247' title='bbox 794 1499 887 1524; x_wconf 78' lang='lat' dir='ltr'><strong>altius-</strong></span> 
     </span>
    </p>
   </div>
   <div class='ocr_carea' id='block_1_31' title="bbox 98 1543 889 1583">
    <p class='ocr_par' dir='ltr' id='par_1_31' title="bbox 98 1543 889 1583">
     <span class='ocr_line' id='line_1_31' title="bbox 98 1543 889 1583; baseline -0.006 -8"><span class='ocrx_word' id='word_1_248' title='bbox 98 1549 159 1575; x_wconf 79' lang='lat' dir='ltr'><strong>cula</strong></span> <span class='ocrx_word' id='word_1_249' title='bbox 174 1547 322 1583; x_wconf 65' lang='lat' dir='ltr'><strong>precvolare</strong></span> <span class='ocrx_word' id='word_1_250' title='bbox 334 1545 452 1573; x_wconf 87' lang='lat' dir='ltr'><strong>saliendo</strong></span> <span class='ocrx_word' id='word_1_251' title='bbox 464 1553 470 1570; x_wconf 88' lang='lat'>:</span> <span class='ocrx_word' id='word_1_252' title='bbox 486 1544 531 1571; x_wconf 89' lang='lat' dir='ltr'><strong>scd</strong></span> <span class='ocrx_word' id='word_1_253' title='bbox 545 1543 615 1578; x_wconf 88' lang='lat' dir='ltr'><strong>quod</strong></span> <span class='ocrx_word' id='word_1_254' title='bbox 628 1543 660 1570; x_wconf 85' lang='lat' dir='ltr'><strong>ad</strong></span> <span class='ocrx_word' id='word_1_255' title='bbox 672 1551 782 1577; x_wconf 88' lang='lat' dir='ltr'><strong>corpora</strong></span> <span class='ocrx_word' id='word_1_256' title='bbox 794 1544 889 1570; x_wconf 85' lang='lat' dir='ltr'><strong>attinet</strong></span> 
     </span>
    </p>
   </div>
   <div class='ocr_carea' id='block_1_32' title="bbox 98 1588 887 1624">
    <p class='ocr_par' dir='ltr' id='par_1_32' title="bbox 98 1588 887 1624">
     <span class='ocr_line' id='line_1_32' title="bbox 98 1588 887 1624; baseline -0.008 -3"><span class='ocrx_word' id='word_1_257' title='bbox 98 1595 161 1621; x_wconf 87' lang='lat' dir='ltr'><strong>dico</strong></span> <span class='ocrx_word' id='word_1_258' title='bbox 174 1602 181 1620; x_wconf 85' lang='lat'><strong>:</strong></span> <span class='ocrx_word' id='word_1_259' title='bbox 194 1601 255 1620; x_wconf 89' lang='lat' dir='ltr'><strong>nam</strong></span> <span class='ocrx_word' id='word_1_260' title='bbox 267 1592 353 1619; x_wconf 82' lang='lat' dir='ltr'><strong>fossas</strong></span> <span class='ocrx_word' id='word_1_261' title='bbox 369 1591 448 1618; x_wconf 86' lang='lat' dir='ltr'><strong>etiam</strong></span> <span class='ocrx_word' id='word_1_262' title='bbox 465 1589 587 1616; x_wconf 88' lang='lat' dir='ltr'><strong>transilit.</strong></span> <span class='ocrx_word' id='word_1_263' title='bbox 605 1589 733 1616; x_wconf 75' lang='lat' dir='ltr'><strong>Sucreusa</strong></span> <span class='ocrx_word' id='word_1_264' title='bbox 748 1588 801 1624; x_wconf 84' lang='lat' dir='ltr'><strong>igni</strong></span> <span class='ocrx_word' id='word_1_265' title='bbox 814 1594 836 1615; x_wconf 89' lang='lat' dir='ltr'><strong>et</strong></span> <span class='ocrx_word' id='word_1_266' title='bbox 848 1589 887 1623; x_wconf 71' lang='lat' dir='ltr'><strong>ef-</strong></span> 
     </span>
    </p>
   </div>
   <div class='ocr_carea' id='block_1_33' title="bbox 99 1634 887 1676">
    <p class='ocr_par' dir='ltr' id='par_1_33' title="bbox 99 1634 887 1676">
     <span class='ocr_line' id='line_1_33' title="bbox 99 1634 887 1676; baseline -0.008 -8"><span class='ocrx_word' id='word_1_267' title='bbox 99 1642 157 1676; x_wconf 79' lang='lat' dir='ltr'><strong>fosa</strong></span> <span class='ocrx_word' id='word_1_268' title='bbox 170 1662 177 1673; x_wconf 88' lang='grc'><strong>,</strong></span> <span class='ocrx_word' id='word_1_269' title='bbox 201 1647 257 1674; x_wconf 67' lang='lat' dir='ltr'><strong>qum</strong></span> <span class='ocrx_word' id='word_1_270' title='bbox 275 1639 306 1665; x_wconf 83' lang='lat' dir='ltr'><strong>ab</strong></span> <span class='ocrx_word' id='word_1_271' title='bbox 324 1637 493 1672; x_wconf 79' lang='lat' dir='ltr'><strong>increpatione</strong></span> <span class='ocrx_word' id='word_1_272' title='bbox 511 1636 592 1662; x_wconf 78' lang='lat' dir='ltr'><strong>vullua</strong></span> <span class='ocrx_word' id='word_1_273' title='bbox 611 1636 647 1661; x_wconf 87' lang='lat' dir='ltr'><strong>tui</strong></span> <span class='ocrx_word' id='word_1_274' title='bbox 669 1635 783 1670; x_wconf 80' lang='lat' dir='ltr'><strong>peribunt</strong></span> <span class='ocrx_word' id='word_1_275' title='bbox 801 1634 887 1670; x_wconf 84' lang='lat' dir='ltr'><strong>(Psal.</strong></span> 
     </span>
    </p>
   </div>
   <div class='ocr_carea' id='block_1_34' title="bbox 99 1680 887 1721">
    <p class='ocr_par' dir='ltr' id='par_1_34' title="bbox 99 1680 887 1721">
     <span class='ocr_line' id='line_1_34' title="bbox 99 1680 887 1721; baseline -0.01 -7"><span class='ocrx_word' id='word_1_276' title='bbox 99 1694 196 1718; x_wconf 69' lang='lat' dir='ltr'><strong>una,</strong></span> <span class='ocrx_word' id='word_1_277' title='bbox 215 1686 247 1713; x_wconf 80' lang='grc' dir='ltr'><strong><em>Π</em></strong></span> <span class='ocrx_word' id='word_1_278' title='bbox 293 1684 356 1717; x_wconf 68' lang='lat' dir='ltr'><strong>Qua:</strong></span> <span class='ocrx_word' id='word_1_279' title='bbox 377 1687 437 1709; x_wconf 93' lang='lat' dir='ltr'><strong>sunt</strong></span> <span class='ocrx_word' id='word_1_280' title='bbox 450 1682 519 1709; x_wconf 87' lang='lat' dir='ltr'><strong>enitn</strong></span> <span class='ocrx_word' id='word_1_281' title='bbox 534 1689 652 1708; x_wconf 79' lang='lat' dir='ltr'><strong>succensa</strong></span> <span class='ocrx_word' id='word_1_282' title='bbox 664 1680 715 1716; x_wconf 81' lang='lat' dir='ltr'><strong>igni</strong></span> <span class='ocrx_word' id='word_1_283' title='bbox 730 1685 753 1707; x_wconf 81' lang='lat' dir='ltr'><strong>et</strong></span> <span class='ocrx_word' id='word_1_284' title='bbox 774 1680 866 1713; x_wconf 75' lang='lat' dir='ltr'><strong>effossa</strong></span> <span class='ocrx_word' id='word_1_285' title='bbox 880 1701 887 1713; x_wconf 92' lang='lat'><strong>,</strong></span> 
     </span>
    </p>
   </div>
   <div class='ocr_carea' id='block_1_35' title="bbox 99 1727 887 1767">
    <p class='ocr_par' dir='ltr' id='par_1_35' title="bbox 99 1727 887 1767">
     <span class='ocr_line' id='line_1_35' title="bbox 99 1727 887 1767; baseline -0.009 -7"><span class='ocrx_word' id='word_1_286' title='bbox 99 1741 158 1767; x_wconf 65' lang='lat' dir='ltr'><strong>qua:</strong></span> <span class='ocrx_word' id='word_1_287' title='bbox 180 1731 212 1759; x_wconf 76' lang='lat' dir='ltr'><strong>ab</strong></span> <span class='ocrx_word' id='word_1_288' title='bbox 232 1730 402 1765; x_wconf 74' lang='lat' dir='ltr'><strong>increpatione</strong></span> <span class='ocrx_word' id='word_1_289' title='bbox 423 1728 524 1755; x_wconf 83' lang='lat' dir='ltr'><strong>Domini</strong></span> <span class='ocrx_word' id='word_1_290' title='bbox 540 1727 670 1762; x_wconf 79' lang='lat' dir='ltr'><strong>peribunt,</strong></span> <span class='ocrx_word' id='word_1_291' title='bbox 686 1727 735 1754; x_wconf 88' lang='lat' dir='ltr'><strong>nisi</strong></span> <span class='ocrx_word' id='word_1_292' title='bbox 761 1727 887 1761; x_wconf 80' lang='lat' dir='ltr'><strong>peccata?</strong></span> 
     </span>
    </p>
   </div>
   <div class='ocr_carea' id='block_1_36' title="bbox 100 1773 886 1811">
    <p class='ocr_par' dir='ltr' id='par_1_36' title="bbox 100 1773 886 1811">
     <span class='ocr_line' id='line_1_36' title="bbox 100 1773 886 1811; baseline -0.009 -5"><span class='ocrx_word' id='word_1_293' title='bbox 100 1779 234 1806; x_wconf 77' lang='lat' dir='ltr'><strong>Succensa</strong></span> <span class='ocrx_word' id='word_1_294' title='bbox 250 1776 302 1811; x_wconf 77' lang='lat' dir='ltr'><strong>igni</strong></span> <span class='ocrx_word' id='word_1_295' title='bbox 313 1780 384 1807; x_wconf 79' lang='lat' dir='ltr'><strong>sunt,</strong></span> <span class='ocrx_word' id='word_1_296' title='bbox 401 1782 459 1808; x_wconf 75' lang='lat' dir='ltr'><strong>qua:</strong></span> <span class='ocrx_word' id='word_1_297' title='bbox 474 1774 534 1800; x_wconf 76' lang='lat' dir='ltr'><strong>facit</strong></span> <span class='ocrx_word' id='word_1_298' title='bbox 546 1775 613 1800; x_wconf 88' lang='lat' dir='ltr'><strong>tnale</strong></span> <span class='ocrx_word' id='word_1_299' title='bbox 627 1773 723 1800; x_wconf 83' lang='lat' dir='ltr'><strong>ardens</strong></span> <span class='ocrx_word' id='word_1_300' title='bbox 737 1773 867 1808; x_wconf 83' lang='lat' dir='ltr'><strong>cupiditas</strong></span> <span class='ocrx_word' id='word_1_301' title='bbox 881 1783 886 1800; x_wconf 97' lang='lat'><strong>:</strong></span> 
     </span>
    </p>
   </div>
   <div class='ocr_carea' id='block_1_37' title="bbox 102 1818 890 1857">
    <p class='ocr_par' dir='ltr' id='par_1_37' title="bbox 102 1818 890 1857">
     <span class='ocr_line' id='line_1_37' title="bbox 102 1818 890 1857; baseline -0.009 -4"><span class='ocrx_word' id='word_1_302' title='bbox 102 1830 126 1853; x_wconf 89' lang='lat' dir='ltr'><strong>cl</strong></span> <span class='ocrx_word' id='word_1_303' title='bbox 140 1818 236 1852; x_wconf 73' lang='lat' dir='ltr'><strong>elIossa</strong></span> <span class='ocrx_word' id='word_1_304' title='bbox 247 1827 308 1850; x_wconf 87' lang='lat' dir='ltr'><strong>sunt</strong></span> <span class='ocrx_word' id='word_1_305' title='bbox 320 1844 327 1855; x_wconf 96' lang='lat'><strong>,</strong></span> <span class='ocrx_word' id='word_1_306' title='bbox 344 1830 403 1857; x_wconf 76' lang='lat' dir='ltr'><strong>qua:</strong></span> <span class='ocrx_word' id='word_1_307' title='bbox 418 1821 480 1848; x_wconf 77' lang='lat' dir='ltr'><strong>facit</strong></span> <span class='ocrx_word' id='word_1_308' title='bbox 494 1821 562 1847; x_wconf 86' lang='lat' dir='ltr'><strong>male</strong></span> <span class='ocrx_word' id='word_1_309' title='bbox 571 1821 662 1854; x_wconf 80' lang='lat' dir='ltr'><strong>jacens</strong></span> <span class='ocrx_word' id='word_1_310' title='bbox 675 1819 810 1847; x_wconf 77' lang='lat' dir='ltr'><strong>timiditas.</strong></span> <span class='ocrx_word' id='word_1_311' title='bbox 823 1820 890 1847; x_wconf 84' lang='lat' dir='ltr'><strong>lliuc</strong></span> 
     </span>
    </p>
   </div>
   <div class='ocr_carea' id='block_1_38' title="bbox 102 1866 887 1904">
    <p class='ocr_par' dir='ltr' id='par_1_38' title="bbox 102 1866 887 1904">
     <span class='ocr_line' id='line_1_38' title="bbox 102 1866 887 1904; baseline -0.009 -5"><span class='ocrx_word' id='word_1_312' title='bbox 102 1872 175 1899; x_wconf 83' lang='lat' dir='ltr'><strong>enim</strong></span> <span class='ocrx_word' id='word_1_313' title='bbox 199 1874 306 1904; x_wconf 78' lang='lat' dir='ltr'><strong>peccata</strong></span> <span class='ocrx_word' id='word_1_314' title='bbox 329 1868 433 1898; x_wconf 88' lang='lat' dir='ltr'><strong>omnia,</strong></span> <span class='ocrx_word' id='word_1_315' title='bbox 458 1873 503 1893; x_wconf 88' lang='lat' dir='ltr'><strong>attt</strong></span> <span class='ocrx_word' id='word_1_316' title='bbox 525 1866 671 1901; x_wconf 84' lang='lat' dir='ltr'><strong>cupiendo,</strong></span> <span class='ocrx_word' id='word_1_317' title='bbox 694 1871 739 1892; x_wconf 86' lang='lat' dir='ltr'><strong>aut</strong></span> <span class='ocrx_word' id='word_1_318' title='bbox 761 1866 887 1893; x_wconf 87' lang='lat' dir='ltr'><strong>timendo.</strong></span> 
     </span>
    </p>
   </div>
   <div class='ocr_carea' id='block_1_39' title="bbox 103 1907 889 1949">
    <p class='ocr_par' dir='ltr' id='par_1_39' title="bbox 103 1907 889 1949">
     <span class='ocr_line' id='line_1_39' title="bbox 103 1907 889 1949; baseline -0.009 -4"><span class='ocrx_word' id='word_1_319' title='bbox 103 1917 247 1946; x_wconf 78' lang='lat' dir='ltr'><strong>Transiliat</strong></span> <span class='ocrx_word' id='word_1_320' title='bbox 265 1924 327 1949; x_wconf 61' lang='lat' dir='ltr'><strong>ergo</strong></span> <span class='ocrx_word' id='word_1_321' title='bbox 348 1915 396 1941; x_wconf 85' lang='lat' dir='ltr'><strong>iste</strong></span> <span class='ocrx_word' id='word_1_322' title='bbox 419 1914 506 1941; x_wconf 84' lang='lat' dir='ltr'><strong>omnia</strong></span> <span class='ocrx_word' id='word_1_323' title='bbox 527 1914 620 1948; x_wconf 77' lang='lat' dir='ltr'><strong>quibus</strong></span> <span class='ocrx_word' id='word_1_324' title='bbox 635 1907 725 1939; x_wconf 68' lang='lat' dir='ltr'><strong>teneri</strong></span> <span class='ocrx_word' id='word_1_325' title='bbox 751 1918 838 1947; x_wconf 82' lang='lat' dir='ltr'><strong>posset</strong></span> <span class='ocrx_word' id='word_1_326' title='bbox 864 1913 889 1938; x_wconf 90' lang='lat' dir='ltr'><strong>in</strong></span> 
     </span>
    </p>
   </div>
   <div class='ocr_carea' id='block_1_40' title="bbox 104 1958 889 1995">
    <p class='ocr_par' dir='ltr' id='par_1_40' title="bbox 104 1958 889 1995">
     <span class='ocr_line' id='line_1_40' title="bbox 104 1958 889 1995; baseline -0.011 -4"><span class='ocrx_word' id='word_1_327' title='bbox 104 1969 175 1991; x_wconf 80' lang='lat' dir='ltr'><strong>terra</strong></span> <span class='ocrx_word' id='word_1_328' title='bbox 191 1972 198 1990; x_wconf 85' lang='lat'><strong>:</strong></span> <span class='ocrx_word' id='word_1_329' title='bbox 214 1962 298 1995; x_wconf 72' lang='lat' dir='ltr'><strong>erigat</strong></span> <span class='ocrx_word' id='word_1_330' title='bbox 318 1961 404 1987; x_wconf 87' lang='lat' dir='ltr'><strong>scalas</strong></span> <span class='ocrx_word' id='word_1_331' title='bbox 423 1968 494 1990; x_wconf 83' lang='lat' dir='ltr'><strong>suas,</strong></span> <span class='ocrx_word' id='word_1_332' title='bbox 521 1963 625 1986; x_wconf 83' lang='lat' dir='ltr'><strong>cxsct‘at</strong></span> <span class='ocrx_word' id='word_1_333' title='bbox 640 1966 741 1993; x_wconf 84' lang='lat' dir='ltr'><strong>pennas</strong></span> <span class='ocrx_word' id='word_1_334' title='bbox 754 1965 815 1984; x_wconf 83' lang='lat' dir='ltr'><strong>suas</strong></span> <span class='ocrx_word' id='word_1_335' title='bbox 826 1978 833 1989; x_wconf 94' lang='lat'><strong>,</strong></span> <span class='ocrx_word' id='word_1_336' title='bbox 850 1958 889 1983; x_wconf 82' lang='lat' dir='ltr'><strong>vi-</strong></span> 
     </span>
    </p>
   </div>
   <div class='ocr_carea' id='block_1_41' title="bbox 103 2003 889 2041">
    <p class='ocr_par' dir='ltr' id='par_1_41' title="bbox 103 2003 889 2041">
     <span class='ocr_line' id='line_1_41' title="bbox 103 2003 889 2041; baseline -0.011 -4"><span class='ocrx_word' id='word_1_337' title='bbox 103 2010 166 2037; x_wconf 74' lang='lat' dir='ltr'><strong>deat</strong></span> <span class='ocrx_word' id='word_1_338' title='bbox 185 2013 271 2035; x_wconf 79' lang='lat' dir='ltr'><strong>utrum</strong></span> <span class='ocrx_word' id='word_1_339' title='bbox 293 2007 431 2041; x_wconf 84' lang='lat' dir='ltr'><strong>quisquam</strong></span> <span class='ocrx_word' id='word_1_340' title='bbox 446 2009 570 2037; x_wconf 63' lang='lat' dir='ltr'><strong>agnoscat</strong></span> <span class='ocrx_word' id='word_1_341' title='bbox 591 2003 633 2030; x_wconf 83' lang='lat' dir='ltr'><strong>hic</strong></span> <span class='ocrx_word' id='word_1_342' title='bbox 653 2011 682 2030; x_wconf 87' lang='lat' dir='ltr'><strong>se</strong></span> <span class='ocrx_word' id='word_1_343' title='bbox 698 2012 704 2029; x_wconf 96' lang='lat'><strong>:</strong></span> <span class='ocrx_word' id='word_1_344' title='bbox 721 2003 773 2029; x_wconf 89' lang='lat' dir='ltr'><strong>into</strong></span> <span class='ocrx_word' id='word_1_345' title='bbox 787 2010 849 2029; x_wconf 86' lang='lat' dir='ltr'><strong>vero</strong></span> <span class='ocrx_word' id='word_1_346' title='bbox 864 2003 889 2029; x_wconf 90' lang='lat' dir='ltr'><strong>iu</strong></span> 
     </span>
    </p>
   </div>
   <div class='ocr_carea' id='block_1_42' title="bbox 106 2048 889 2088">
    <p class='ocr_par' dir='ltr' id='par_1_42' title="bbox 106 2048 889 2088">
     <span class='ocr_line' id='line_1_42' title="bbox 106 2048 889 2088; baseline -0.013 -5"><span class='ocrx_word' id='word_1_347' title='bbox 106 2054 210 2083; x_wconf 79' lang='lat' dir='ltr'><strong>Domini</strong></span> <span class='ocrx_word' id='word_1_348' title='bbox 224 2053 306 2088; x_wconf 68' lang='lat' dir='ltr'><strong>gratia</strong></span> <span class='ocrx_word' id='word_1_349' title='bbox 322 2052 396 2078; x_wconf 89' lang='lat' dir='ltr'><strong>multi</strong></span> <span class='ocrx_word' id='word_1_350' title='bbox 408 2059 437 2078; x_wconf 81' lang='lat' dir='ltr'><strong>sc</strong></span> <span class='ocrx_word' id='word_1_351' title='bbox 450 2053 610 2085; x_wconf 75' lang='lat' dir='ltr'><strong>agnoscunt,</strong></span> <span class='ocrx_word' id='word_1_352' title='bbox 627 2049 670 2083; x_wconf 91' lang='lat' dir='ltr'><strong>qui</strong></span> <span class='ocrx_word' id='word_1_353' title='bbox 686 2049 752 2075; x_wconf 75' lang='lat' dir='ltr'><strong>forte</strong></span> <span class='ocrx_word' id='word_1_354' title='bbox 773 2048 827 2082; x_wconf 88' lang='lat' dir='ltr'><strong>jatn</strong></span> <span class='ocrx_word' id='word_1_355' title='bbox 849 2048 889 2074; x_wconf 89' lang='lat' dir='ltr'><strong>vi-</strong></span> 
     </span>
    </p>
   </div>
   <div class='ocr_carea' id='block_1_43' title="bbox 106 2093 891 2128">
    <p class='ocr_par' dir='ltr' id='par_1_43' title="bbox 106 2093 891 2128">
     <span class='ocr_line' id='line_1_43' title="bbox 106 2093 891 2128; baseline -0.009 -1"><span class='ocrx_word' id='word_1_356' title='bbox 106 2101 158 2127; x_wconf 76' lang='lat' dir='ltr'><strong>lem</strong></span> <span class='ocrx_word' id='word_1_357' title='bbox 172 2099 300 2126; x_wconf 80' lang='lat' dir='ltr'><strong>habentes</strong></span> <span class='ocrx_word' id='word_1_358' title='bbox 320 2096 463 2127; x_wconf 80' lang='lat' dir='ltr'><strong>mundum,</strong></span> <span class='ocrx_word' id='word_1_359' title='bbox 478 2100 505 2122; x_wconf 88' lang='lat' dir='ltr'><strong>et</strong></span> <span class='ocrx_word' id='word_1_360' title='bbox 524 2095 610 2121; x_wconf 90' lang='lat' dir='ltr'><strong>otnnia</strong></span> <span class='ocrx_word' id='word_1_361' title='bbox 632 2102 690 2128; x_wconf 79' lang='lat' dir='ltr'><strong>qua:</strong></span> <span class='ocrx_word' id='word_1_362' title='bbox 713 2093 843 2120; x_wconf 82' lang='lat' dir='ltr'><strong>delectant</strong></span> <span class='ocrx_word' id='word_1_363' title='bbox 865 2093 891 2120; x_wconf 91' lang='lat' dir='ltr'><strong>iu</strong></span> 
     </span>
    </p>
   </div>
   <div class='ocr_carea' id='block_1_44' title="bbox 106 2140 892 2178">
    <p class='ocr_par' dir='ltr' id='par_1_44' title="bbox 106 2140 892 2178">
     <span class='ocr_line' id='line_1_44' title="bbox 106 2140 892 2178; baseline -0.009 -5"><span class='ocrx_word' id='word_1_364' title='bbox 106 2146 225 2178; x_wconf 84' lang='lat' dir='ltr'><strong>mundo,</strong></span> <span class='ocrx_word' id='word_1_365' title='bbox 240 2145 340 2178; x_wconf 72' lang='lat' dir='ltr'><strong>eligunt</strong></span> <span class='ocrx_word' id='word_1_366' title='bbox 354 2148 425 2170; x_wconf 86' lang='lat' dir='ltr'><strong>recte</strong></span> <span class='ocrx_word' id='word_1_367' title='bbox 439 2143 538 2173; x_wconf 78' lang='lat' dir='ltr'><strong>virere,</strong></span> <span class='ocrx_word' id='word_1_368' title='bbox 554 2141 616 2167; x_wconf 87' lang='lat' dir='ltr'><strong>dum</strong></span> <span class='ocrx_word' id='word_1_369' title='bbox 629 2141 670 2167; x_wconf 88' lang='lat' dir='ltr'><strong>hic</strong></span> <span class='ocrx_word' id='word_1_370' title='bbox 684 2141 775 2167; x_wconf 89' lang='lat' dir='ltr'><strong>vivunt</strong></span> <span class='ocrx_word' id='word_1_371' title='bbox 789 2140 814 2166; x_wconf 94' lang='lat' dir='ltr'><strong>in</strong></span> <span class='ocrx_word' id='word_1_372' title='bbox 828 2148 892 2174; x_wconf 65' lang='grc' dir='ltr'><strong>επη-</strong></span> 
     </span>
    </p>
   </div>
   <div class='ocr_carea' id='block_1_45' title="bbox 106 2187 891 2227">
    <p class='ocr_par' dir='ltr' id='par_1_45' title="bbox 106 2187 891 2227">
     <span class='ocr_line' id='line_1_45' title="bbox 106 2187 891 2227; baseline -0.009 -7"><span class='ocrx_word' id='word_1_373' title='bbox 106 2194 159 2220; x_wconf 80' lang='lat' dir='ltr'><strong>diis</strong></span> <span class='ocrx_word' id='word_1_374' title='bbox 170 2191 326 2227; x_wconf 80' lang='lat' dir='ltr'><strong>quibusdam</strong></span> <span class='ocrx_word' id='word_1_375' title='bbox 350 2189 538 2224; x_wconf 74' lang='lat' dir='ltr'><strong>spiritualibns.</strong></span> <span class='ocrx_word' id='word_1_376' title='bbox 556 2187 587 2214; x_wconf 83' lang='lat' dir='ltr'><strong>Et</strong></span> <span class='ocrx_word' id='word_1_377' title='bbox 602 2187 658 2214; x_wconf 69' lang='grc' dir='ltr'>ιιωε</span> <span class='ocrx_word' id='word_1_378' title='bbox 673 2187 741 2214; x_wconf 92' lang='lat' dir='ltr'><strong>unde</strong></span> <span class='ocrx_word' id='word_1_379' title='bbox 754 2192 831 2214; x_wconf 89' lang='lat' dir='ltr'><strong>erunt</strong></span> <span class='ocrx_word' id='word_1_380' title='bbox 843 2187 891 2213; x_wconf 43' lang='lat' dir='ltr'><strong>ad-</strong></span> 
     </span>
    </p>
   </div>
   <div class='ocr_carea' id='block_1_46' title="bbox 107 2233 891 2268">
    <p class='ocr_par' dir='ltr' id='par_1_46' title="bbox 107 2233 891 2268">
     <span class='ocr_line' id='line_1_46' title="bbox 107 2233 891 2268; baseline -0.008 -3"><span class='ocrx_word' id='word_1_381' title='bbox 107 2239 158 2266; x_wconf 81' lang='lat' dir='ltr'><strong>huc</strong></span> <span class='ocrx_word' id='word_1_382' title='bbox 172 2236 369 2265; x_wconf 71' lang='lat' dir='ltr'><strong>ambulantibus</strong></span> <span class='ocrx_word' id='word_1_383' title='bbox 385 2243 463 2268; x_wconf 82' lang='lat' dir='ltr'><strong>super</strong></span> <span class='ocrx_word' id='word_1_384' title='bbox 476 2239 572 2260; x_wconf 67' lang='lat' dir='ltr'><strong>lt&#39;l‘lttm</strong></span> <span class='ocrx_word' id='word_1_385' title='bbox 584 2253 591 2265; x_wconf 95' lang='lat'><strong>,</strong></span> <span class='ocrx_word' id='word_1_386' title='bbox 607 2233 656 2260; x_wconf 85' lang='lat' dir='ltr'><strong>nisi</strong></span> <span class='ocrx_word' id='word_1_387' title='bbox 677 2241 710 2260; x_wconf 86' lang='lat' dir='ltr'><strong>ex</strong></span> <span class='ocrx_word' id='word_1_388' title='bbox 726 2233 821 2259; x_wconf 78' lang='lat' dir='ltr'><strong>divinis</strong></span> <span class='ocrx_word' id='word_1_389' title='bbox 835 2233 891 2260; x_wconf 74' lang='lat' dir='ltr'><strong>t-lo-</strong></span> 
     </span>
    </p>
   </div>
   <div class='ocr_carea' id='block_1_47' title="bbox 107 2278 892 2318">
    <p class='ocr_par' dir='ltr' id='par_1_47' title="bbox 107 2278 892 2318">
     <span class='ocr_line' id='line_1_47' title="bbox 107 2278 892 2318; baseline -0.009 -6"><span class='ocrx_word' id='word_1_390' title='bbox 107 2285 192 2318; x_wconf 85' lang='lat' dir='ltr'><strong>quiis,</strong></span> <span class='ocrx_word' id='word_1_391' title='bbox 207 2291 241 2311; x_wconf 79' lang='lat' dir='ltr'><strong>ex</strong></span> <span class='ocrx_word' id='word_1_392' title='bbox 257 2283 337 2309; x_wconf 80' lang='lat' dir='ltr'><strong>verbo</strong></span> <span class='ocrx_word' id='word_1_393' title='bbox 359 2281 403 2308; x_wconf 78' lang='lat' dir='ltr'><strong>Dei</strong></span> <span class='ocrx_word' id='word_1_394' title='bbox 416 2302 423 2311; x_wconf 82' lang='lat'>.</span> <span class='ocrx_word' id='word_1_395' title='bbox 439 2288 472 2307; x_wconf 71' lang='lat' dir='ltr'><strong>ex</strong></span> <span class='ocrx_word' id='word_1_396' title='bbox 495 2279 618 2314; x_wconf 78' lang='lat' dir='ltr'><strong>parabola</strong></span> <span class='ocrx_word' id='word_1_397' title='bbox 638 2279 725 2312; x_wconf 84' lang='lat' dir='ltr'><strong>aliqua</strong></span> <span class='ocrx_word' id='word_1_398' title='bbox 744 2278 892 2313; x_wconf 83' lang='lat' dir='ltr'><strong>Scriptura-</strong></span> 
     </span>
    </p>
   </div>
   <div class='ocr_carea' id='block_1_48' title="bbox 107 2326 892 2363">
    <p class='ocr_par' dir='ltr' id='par_1_48' title="bbox 107 2326 892 2363">
     <span class='ocr_line' id='line_1_48' title="bbox 107 2326 892 2363; baseline -0.011 -3"><span class='ocrx_word' id='word_1_399' title='bbox 107 2340 166 2360; x_wconf 87' lang='lat' dir='ltr'><strong>rum</strong></span> <span class='ocrx_word' id='word_1_400' title='bbox 177 2336 294 2359; x_wconf 79' lang='lat' dir='ltr'><strong>scrutata</strong></span> <span class='ocrx_word' id='word_1_401' title='bbox 306 2335 333 2357; x_wconf 89' lang='lat' dir='ltr'><strong>et</strong></span> <span class='ocrx_word' id='word_1_402' title='bbox 345 2329 510 2363; x_wconf 68' lang='lat' dir='ltr'><strong>investigata,</strong></span> <span class='ocrx_word' id='word_1_403' title='bbox 526 2335 556 2354; x_wconf 80' lang='lat' dir='ltr'><strong>ex</strong></span> <span class='ocrx_word' id='word_1_404' title='bbox 572 2326 710 2354; x_wconf 81' lang='lat' dir='ltr'><strong>dulcedine</strong></span> <span class='ocrx_word' id='word_1_405' title='bbox 723 2326 892 2356; x_wconf 83' lang='lat' dir='ltr'><strong>inventionis,</strong></span> 
     </span>
    </p>
   </div>
   <div class='ocr_carea' id='block_1_49' title="bbox 107 2372 893 2413">
    <p class='ocr_par' dir='ltr' id='par_1_49' title="bbox 107 2372 893 2413">
     <span class='ocr_line' id='line_1_49' title="bbox 107 2372 893 2413; baseline -0.01 -8"><span class='ocrx_word' id='word_1_406' title='bbox 107 2387 186 2413; x_wconf 84' lang='lat' dir='ltr'><strong>quam</strong></span> <span class='ocrx_word' id='word_1_407' title='bbox 212 2376 346 2412; x_wconf 58' lang='lat' dir='ltr'><strong>prmcessit</strong></span> <span class='ocrx_word' id='word_1_408' title='bbox 367 2375 442 2401; x_wconf 86' lang='lat' dir='ltr'><strong>labor</strong></span> <span class='ocrx_word' id='word_1_409' title='bbox 467 2373 662 2408; x_wconf 84' lang='lat' dir='ltr'><strong>inquisitionis?</strong></span> <span class='ocrx_word' id='word_1_410' title='bbox 684 2372 751 2399; x_wconf 88' lang='lat' dir='ltr'><strong>Sunt</strong></span> <span class='ocrx_word' id='word_1_411' title='bbox 773 2372 893 2406; x_wconf 73' lang='lat' dir='ltr'><strong>qua&#39;dain</strong></span> 
     </span>
    </p>
   </div>
   <div class='ocr_carea' id='block_1_50' title="bbox 107 2418 894 2452">
    <p class='ocr_par' dir='ltr' id='par_1_50' title="bbox 107 2418 894 2452">
     <span class='ocr_line' id='line_1_50' title="bbox 107 2418 894 2452; baseline -0.013 0"><span class='ocrx_word' id='word_1_412' title='bbox 107 2425 209 2452; x_wconf 67' lang='lat' dir='ltr'><strong>delicia:</strong></span> <span class='ocrx_word' id='word_1_413' title='bbox 221 2428 319 2450; x_wconf 72' lang='lat' dir='ltr'><strong>sancta:</strong></span> <span class='ocrx_word' id='word_1_414' title='bbox 334 2426 359 2448; x_wconf 86' lang='lat' dir='ltr'><strong>cl</strong></span> <span class='ocrx_word' id='word_1_415' title='bbox 375 2421 449 2447; x_wconf 70' lang='lat' dir='ltr'><strong>bona:</strong></span> <span class='ocrx_word' id='word_1_416' title='bbox 465 2420 490 2446; x_wconf 90' lang='lat' dir='ltr'><strong>in</strong></span> <span class='ocrx_word' id='word_1_417' title='bbox 507 2420 590 2446; x_wconf 89' lang='lat' dir='ltr'><strong>libris.</strong></span> <span class='ocrx_word' id='word_1_418' title='bbox 605 2418 695 2452; x_wconf 82' lang='lat' dir='ltr'><strong>Neque</strong></span> <span class='ocrx_word' id='word_1_419' title='bbox 709 2418 778 2443; x_wconf 90' lang='lat' dir='ltr'><strong>cnim</strong></span> <span class='ocrx_word' id='word_1_420' title='bbox 794 2422 855 2444; x_wconf 86' lang='lat' dir='ltr'><strong>sunt</strong></span> <span class='ocrx_word' id='word_1_421' title='bbox 869 2418 894 2443; x_wconf 91' lang='lat' dir='ltr'><strong>in</strong></span> 
     </span>
    </p>
   </div>
   <div class='ocr_carea' id='block_1_51' title="bbox 106 2464 895 2504">
    <p class='ocr_par' dir='ltr' id='par_1_51' title="bbox 106 2464 895 2504">
     <span class='ocr_line' id='line_1_51' title="bbox 106 2464 895 2504; baseline -0.011 -6"><span class='ocrx_word' id='word_1_422' title='bbox 106 2479 175 2498; x_wconf 81' lang='lat' dir='ltr'><strong>auro</strong></span> <span class='ocrx_word' id='word_1_423' title='bbox 187 2476 213 2497; x_wconf 80' lang='lat' dir='ltr'><strong>ct</strong></span> <span class='ocrx_word' id='word_1_424' title='bbox 237 2475 362 2504; x_wconf 71' lang='lat' dir='ltr'><strong>argento,</strong></span> <span class='ocrx_word' id='word_1_425' title='bbox 383 2468 407 2494; x_wconf 92' lang='lat' dir='ltr'><strong>in</strong></span> <span class='ocrx_word' id='word_1_426' title='bbox 423 2467 507 2500; x_wconf 83' lang='lat' dir='ltr'><strong>epulis</strong></span> <span class='ocrx_word' id='word_1_427' title='bbox 521 2471 600 2499; x_wconf 86' lang='lat' dir='ltr'><strong>atque</strong></span> <span class='ocrx_word' id='word_1_428' title='bbox 615 2464 717 2491; x_wconf 79' lang='lat' dir='ltr'><strong>luxuria</strong></span> <span class='ocrx_word' id='word_1_429' title='bbox 730 2485 738 2496; x_wconf 91' lang='lat'><strong>,</strong></span> <span class='ocrx_word' id='word_1_430' title='bbox 754 2464 780 2490; x_wconf 89' lang='lat' dir='ltr'><strong>in</strong></span> <span class='ocrx_word' id='word_1_431' title='bbox 793 2464 895 2490; x_wconf 78' lang='lat' dir='ltr'><strong>venali-</strong></span> 
     </span>
    </p>
   </div>
   <div class='ocr_carea' id='block_1_52' title="bbox 107 2509 894 2551">
    <p class='ocr_par' dir='ltr' id='par_1_52' title="bbox 107 2509 894 2551">
     <span class='ocr_line' id='line_1_52' title="bbox 107 2509 894 2551; baseline -0.011 -8"><span class='ocrx_word' id='word_1_432' title='bbox 107 2519 158 2544; x_wconf 75' lang='grc' dir='ltr'><strong>Ιπυό</strong></span> <span class='ocrx_word' id='word_1_433' title='bbox 170 2523 195 2543; x_wconf 81' lang='grc' dir='ltr'><strong>ιιι</strong></span> <span class='ocrx_word' id='word_1_434' title='bbox 211 2515 362 2551; x_wconf 69' lang='lat' dir='ltr'><strong>piso-ilibus,</strong></span> <span class='ocrx_word' id='word_1_435' title='bbox 377 2513 402 2539; x_wconf 90' lang='lat' dir='ltr'><strong>in</strong></span> <span class='ocrx_word' id='word_1_436' title='bbox 419 2512 480 2538; x_wconf 87' lang='lat' dir='ltr'><strong>ludo</strong></span> <span class='ocrx_word' id='word_1_437' title='bbox 497 2516 523 2538; x_wconf 89' lang='lat' dir='ltr'><strong>ct</strong></span> <span class='ocrx_word' id='word_1_438' title='bbox 536 2511 606 2545; x_wconf 82' lang='lat' dir='ltr'><strong>joco,</strong></span> <span class='ocrx_word' id='word_1_439' title='bbox 622 2510 647 2536; x_wconf 89' lang='lat' dir='ltr'><strong>in</strong></span> <span class='ocrx_word' id='word_1_440' title='bbox 664 2509 796 2535; x_wconf 83' lang='lat' dir='ltr'><strong>theatricis</strong></span> <span class='ocrx_word' id='word_1_441' title='bbox 809 2509 894 2542; x_wconf 77' lang='lat' dir='ltr'><strong>nugis,</strong></span> 
     </span>
    </p>
   </div>
   <div class='ocr_carea' id='block_1_53' title="bbox 105 2555 895 2594">
    <p class='ocr_par' dir='ltr' id='par_1_53' title="bbox 105 2555 895 2594">
     <span class='ocr_line' id='line_1_53' title="bbox 105 2555 895 2594; baseline -0.013 -3"><span class='ocrx_word' id='word_1_442' title='bbox 105 2566 112 2591; x_wconf 95' lang='lat' dir='ltr'><strong>i</strong></span> <span class='ocrx_word' id='word_1_443' title='bbox 127 2574 135 2590; x_wconf 76' lang='grc' dir='ltr'><strong>ι</strong></span> <span class='ocrx_word' id='word_1_444' title='bbox 148 2562 303 2590; x_wconf 61' lang='lat' dir='ltr'><strong>alienandis</strong></span> <span class='ocrx_word' id='word_1_445' title='bbox 316 2566 343 2586; x_wconf 84' lang='lat' dir='ltr'><strong>et</strong></span> <span class='ocrx_word' id='word_1_446' title='bbox 356 2557 584 2594; x_wconf 83' lang='lat' dir='ltr'><strong>apprehendcndis</strong></span> <span class='ocrx_word' id='word_1_447' title='bbox 596 2556 711 2583; x_wconf 86' lang='lat' dir='ltr'><strong>ruinosis</strong></span> <span class='ocrx_word' id='word_1_448' title='bbox 732 2555 876 2581; x_wconf 87' lang='lat' dir='ltr'><strong>honoribus</strong></span> <span class='ocrx_word' id='word_1_449' title='bbox 888 2562 895 2586; x_wconf 68' lang='grc' dir='ltr'>ς</span> 
     </span>
    </p>
   </div>
   <div class='ocr_carea' id='block_1_54' title="bbox 107 2601 897 2643">
    <p class='ocr_par' dir='ltr' id='par_1_54' title="bbox 107 2601 897 2643">
     <span class='ocr_line' id='line_1_54' title="bbox 107 2601 897 2643; baseline -0.013 -6"><span class='ocrx_word' id='word_1_450' title='bbox 107 2618 195 2643; x_wconf 76' lang='lat' dir='ltr'><strong>neque</strong></span> <span class='ocrx_word' id='word_1_451' title='bbox 222 2609 292 2635; x_wconf 71' lang='lat' dir='ltr'><strong>enim</strong></span> <span class='ocrx_word' id='word_1_452' title='bbox 319 2615 380 2633; x_wconf 85' lang='lat' dir='ltr'><strong>vera</strong></span> <span class='ocrx_word' id='word_1_453' title='bbox 406 2610 467 2631; x_wconf 87' lang='lat' dir='ltr'><strong>sunt</strong></span> <span class='ocrx_word' id='word_1_454' title='bbox 493 2603 586 2637; x_wconf 74' lang='lat' dir='ltr'><strong>gaudia</strong></span> <span class='ocrx_word' id='word_1_455' title='bbox 613 2603 638 2629; x_wconf 93' lang='lat' dir='ltr'><strong>in</strong></span> <span class='ocrx_word' id='word_1_456' title='bbox 660 2601 703 2628; x_wconf 89' lang='lat' dir='ltr'><strong>his</strong></span> <span class='ocrx_word' id='word_1_457' title='bbox 727 2601 897 2632; x_wconf 88' lang='lat' dir='ltr'><strong>omnibus,ct</strong></span> 
     </span>
    </p>
   </div>
   <div class='ocr_carea' id='block_1_55' title="bbox 107 2646 896 2683">
    <p class='ocr_par' dir='ltr' id='par_1_55' title="bbox 107 2646 896 2683">
     <span class='ocr_line' id='line_1_55' title="bbox 107 2646 896 2683; baseline -0.016 0"><span class='ocrx_word' id='word_1_458' title='bbox 107 2659 134 2683; x_wconf 88' lang='lat' dir='ltr'><strong>in</strong></span> <span class='ocrx_word' id='word_1_459' title='bbox 157 2655 197 2682; x_wconf 85' lang='lat' dir='ltr'><strong>his</strong></span> <span class='ocrx_word' id='word_1_460' title='bbox 225 2654 297 2680; x_wconf 76' lang='lat' dir='ltr'><strong>libris</strong></span> <span class='ocrx_word' id='word_1_461' title='bbox 317 2652 385 2678; x_wconf 75' lang='lat' dir='ltr'><strong>nulla</strong></span> <span class='ocrx_word' id='word_1_462' title='bbox 408 2654 469 2676; x_wconf 73' lang='lat' dir='ltr'><strong>sunt</strong></span> <span class='ocrx_word' id='word_1_463' title='bbox 490 2659 496 2675; x_wconf 87' lang='lat'>:</span> <span class='ocrx_word' id='word_1_464' title='bbox 515 2649 568 2674; x_wconf 86' lang='lat' dir='ltr'><strong>imo</strong></span> <span class='ocrx_word' id='word_1_465' title='bbox 586 2655 647 2674; x_wconf 83' lang='lat' dir='ltr'><strong>vero</strong></span> <span class='ocrx_word' id='word_1_466' title='bbox 670 2647 756 2672; x_wconf 89' lang='lat' dir='ltr'><strong>anima</strong></span> <span class='ocrx_word' id='word_1_467' title='bbox 777 2646 818 2672; x_wconf 89' lang='lat' dir='ltr'><strong>illa</strong></span> <span class='ocrx_word' id='word_1_468' title='bbox 846 2646 896 2671; x_wconf 91' lang='lat' dir='ltr'><strong>ima</strong></span> 
     </span>
    </p>
   </div>
   <div class='ocr_carea' id='block_1_56' title="bbox 107 2691 897 2730">
    <p class='ocr_par' dir='ltr' id='par_1_56' title="bbox 107 2691 897 2730">
     <span class='ocr_line' id='line_1_56' title="bbox 107 2691 897 2730; baseline -0.013 -4"><span class='ocrx_word' id='word_1_469' title='bbox 107 2707 149 2726; x_wconf 89' lang='lat' dir='ltr'><strong>tra</strong></span> <span class='ocrx_word' id='word_1_470' title='bbox 170 2699 279 2730; x_wconf 80' lang='lat' dir='ltr'><strong>sitiens,</strong></span> <span class='ocrx_word' id='word_1_471' title='bbox 303 2702 328 2724; x_wconf 91' lang='lat' dir='ltr'><strong>et</strong></span> <span class='ocrx_word' id='word_1_472' title='bbox 357 2697 381 2722; x_wconf 93' lang='lat' dir='ltr'><strong>in</strong></span> <span class='ocrx_word' id='word_1_473' title='bbox 406 2695 446 2720; x_wconf 89' lang='lat' dir='ltr'><strong>his</strong></span> <span class='ocrx_word' id='word_1_474' title='bbox 468 2693 596 2720; x_wconf 77' lang='lat' dir='ltr'><strong>delectata</strong></span> <span class='ocrx_word' id='word_1_475' title='bbox 619 2692 706 2722; x_wconf 83' lang='lat' dir='ltr'><strong>dicat,</strong></span> <span class='ocrx_word' id='word_1_476' title='bbox 725 2691 785 2724; x_wconf 83' lang='lat' dir='ltr'><strong>quia</strong></span> <span class='ocrx_word' id='word_1_477' title='bbox 807 2697 897 2717; x_wconf 81' lang='lat' dir='ltr'><strong>verum</strong></span> 
     </span>
    </p>
   </div>
   <div class='ocr_carea' id='block_1_57' title="bbox 107 2735 897 2771">
    <p class='ocr_par' dir='ltr' id='par_1_57' title="bbox 107 2735 897 2771">
     <span class='ocr_line' id='line_1_57' title="bbox 107 2735 897 2771; baseline -0.014 0"><span class='ocrx_word' id='word_1_478' title='bbox 107 2748 173 2771; x_wconf 64' lang='lat' dir='ltr'><strong>li-(&quot;Il</strong></span> <span class='ocrx_word' id='word_1_479' title='bbox 186 2750 212 2771; x_wconf 89' lang='lat' dir='ltr'><strong>et</strong></span> <span class='ocrx_word' id='word_1_480' title='bbox 227 2751 317 2771; x_wconf 76' lang='lat' dir='ltr'><strong>secura</strong></span> <span class='ocrx_word' id='word_1_481' title='bbox 332 2742 394 2769; x_wconf 79' lang='lat' dir='ltr'><strong>dicit</strong></span> <span class='ocrx_word' id='word_1_482' title='bbox 406 2762 413 2771; x_wconf 84' lang='lat'><strong>,</strong></span> <span class='ocrx_word' id='word_1_483' title='bbox 434 2739 604 2766; x_wconf 64' lang='lat' dir='ltr'><strong>Nunaverunt</strong></span> <span class='ocrx_word' id='word_1_484' title='bbox 615 2737 676 2763; x_wconf 80' lang='lat' dir='ltr'><strong>mihi</strong></span> <span class='ocrx_word' id='word_1_485' title='bbox 689 2736 775 2770; x_wconf 86' lang='lat' dir='ltr'><strong>injuin</strong></span> <span class='ocrx_word' id='word_1_486' title='bbox 788 2735 897 2761; x_wconf 72' lang='lat' dir='ltr'><strong>dclrcla-</strong></span> 
     </span>
    </p>
   </div>
   <div class='ocr_carea' id='block_1_58' title="bbox 107 2780 897 2824">
    <p class='ocr_par' dir='ltr' id='par_1_58' title="bbox 107 2780 897 2824">
     <span class='ocr_line' id='line_1_58' title="bbox 107 2780 897 2824; baseline -0.015 -6"><span class='ocrx_word' id='word_1_487' title='bbox 107 2794 206 2824; x_wconf 69' lang='lat' dir='ltr'><strong>tiones,</strong></span> <span class='ocrx_word' id='word_1_488' title='bbox 217 2790 260 2817; x_wconf 71' lang='lat' dir='ltr'><strong>sed</strong></span> <span class='ocrx_word' id='word_1_489' title='bbox 270 2798 320 2816; x_wconf 87' lang='lat' dir='ltr'><strong>non</strong></span> <span class='ocrx_word' id='word_1_490' title='bbox 333 2788 399 2815; x_wconf 77' lang='lat' dir='ltr'><strong>sicut</strong></span> <span class='ocrx_word' id='word_1_491' title='bbox 407 2787 448 2814; x_wconf 72' lang='lat' dir='ltr'><strong>lca:</strong></span> <span class='ocrx_word' id='word_1_492' title='bbox 460 2789 502 2811; x_wconf 88' lang='lat' dir='ltr'><strong>tua</strong></span> <span class='ocrx_word' id='word_1_493' title='bbox 514 2783 621 2810; x_wconf 77' lang='lat' dir='ltr'><strong>Domine</strong></span> <span class='ocrx_word' id='word_1_494' title='bbox 634 2781 720 2817; x_wconf 78' lang='lat' dir='ltr'><strong>(Psal.</strong></span> <span class='ocrx_word' id='word_1_495' title='bbox 733 2789 829 2813; x_wconf 74' lang='lat' dir='ltr'><strong>cxvnt,</strong></span> <span class='ocrx_word' id='word_1_496' title='bbox 840 2780 897 2815; x_wconf 76' lang='lat'><strong>83).</strong></span> 
     </span>
    </p>
   </div>
   <div class='ocr_carea' id='block_1_59' title="bbox 106 2856 900 2925">
    <p class='ocr_par' dir='ltr' id='par_1_59' title="bbox 106 2856 900 2925">
     <span class='ocr_line' id='line_1_59' title="bbox 106 2856 900 2925; baseline -0.013 -34"><span class='ocrx_word' id='word_1_497' title='bbox 106 2868 151 2925; x_wconf 56' lang='lat' dir='ltr'><strong>va;</strong></span> <span class='ocrx_word' id='word_1_498' title='bbox 165 2871 198 2891; x_wconf 85' lang='lat' dir='ltr'><strong>na</strong></span> <span class='ocrx_word' id='word_1_499' title='bbox 209 2867 232 2890; x_wconf 89' lang='lat' dir='ltr'><strong>in</strong></span> <span class='ocrx_word' id='word_1_500' title='bbox 244 2866 353 2891; x_wconf 79' lang='lat' dir='ltr'><strong>uulecint</strong></span> <span class='ocrx_word' id='word_1_501' title='bbox 365 2868 416 2889; x_wconf 69' lang='lat' dir='ltr'><strong>uss.</strong></span> <span class='ocrx_word' id='word_1_502' title='bbox 427 2867 451 2888; x_wconf 93' lang='lat' dir='ltr'><strong>tn</strong></span> <span class='ocrx_word' id='word_1_503' title='bbox 462 2861 519 2887; x_wconf 82' lang='lat' dir='ltr'><strong>Edd.</strong></span> <span class='ocrx_word' id='word_1_504' title='bbox 527 2864 618 2889; x_wconf 79' lang='lat' dir='ltr'><strong>autem,</strong></span> <span class='ocrx_word' id='word_1_505' title='bbox 630 2859 727 2889; x_wconf 69' lang='lat' dir='ltr'><strong>effertus</strong></span> <span class='ocrx_word' id='word_1_506' title='bbox 736 2861 788 2882; x_wconf 75' lang='lat' dir='ltr'><strong>sunt</strong></span> <span class='ocrx_word' id='word_1_507' title='bbox 799 2860 820 2881; x_wconf 84' lang='lat' dir='ltr'><strong>ct</strong></span> <span class='ocrx_word' id='word_1_508' title='bbox 833 2856 900 2881; x_wconf 80' lang='lat' dir='ltr'><strong>bona:</strong></span> 
     </span>
     <span class='ocr_line' id='line_1_60' title="bbox 149 2902 277 2925; baseline -0.016 -2"><span class='ocrx_word' id='word_1_509' title='bbox 149 2902 248 2925; x_wconf 61' lang='lat' dir='ltr'><strong>multa.</strong></span> <span class='ocrx_word' id='word_1_510' title='bbox 274 2919 277 2921; x_wconf 83' lang='lat'><strong>.</strong></span> 
     </span>
    </p>
   </div>
   <div class='ocr_carea' id='block_1_60' title="bbox 149 2902 277 2925">
    <p class='ocr_par' dir='ltr' id='par_1_60' title="bbox 149 2902 277 2925">
     <span class='ocr_line' id='line_1_61' title="bbox 149 2902 277 2925; baseline -0.016 -2"><span class='ocrx_word' id='word_1_511' title='bbox 149 2902 248 2925; x_wconf 61' lang='lat' dir='ltr'><strong>multa.</strong></span> <span class='ocrx_word' id='word_1_512' title='bbox 274 2919 277 2921; x_wconf 83' lang='lat'><strong>.</strong></span> 
     </span>
    </p>
   </div>
   <div class='ocr_carea' id='block_1_61' title="bbox 627 143 1214 191">
    <p class='ocr_par' dir='ltr' id='par_1_61' title="bbox 627 143 1214 191">
     <span class='ocr_line' id='line_1_62' title="bbox 627 143 1214 191; baseline -0.007 0"><span class='ocrx_word' id='word_1_513' title='bbox 627 162 823 191; x_wconf 75' lang='lat' dir='ltr'><strong>ENARRATIO</strong></span> <span class='ocrx_word' id='word_1_514' title='bbox 841 162 874 189; x_wconf 85' lang='lat' dir='ltr'><strong>IN</strong></span> <span class='ocrx_word' id='word_1_515' title='bbox 892 160 1052 190; x_wconf 77' lang='lat' dir='ltr'><strong>PSALMUM</strong></span> <span class='ocrx_word' id='word_1_516' title='bbox 1072 143 1214 188; x_wconf 37' lang='lat' dir='ltr'><strong>xxx‘vut.</strong></span> 
     </span>
    </p>
   </div>
   <div class='ocr_carea' id='block_1_62' title="bbox 1672 161 1723 188">
    <p class='ocr_par' dir='ltr' id='par_1_62' title="bbox 1672 161 1723 188">
     <span class='ocr_line' id='line_1_63' title="bbox 1672 161 1723 188; baseline 0 0"><span class='ocrx_word' id='word_1_517' title='bbox 1672 161 1723 188; x_wconf 68' lang='lat' dir='ltr'><strong>ML</strong></span> 
     </span>
    </p>
   </div>
   <div class='ocr_carea' id='block_1_63' title="bbox 941 216 1723 252">
    <p class='ocr_par' dir='ltr' id='par_1_63' title="bbox 941 216 1723 252">
     <span class='ocr_line' id='line_1_64' title="bbox 941 216 1723 252; baseline 0 -7"><span class='ocrx_word' id='word_1_518' title='bbox 941 218 1034 245; x_wconf 86' lang='lat' dir='ltr'><strong>Veniat</strong></span> <span class='ocrx_word' id='word_1_519' title='bbox 1047 218 1133 245; x_wconf 88' lang='lat' dir='ltr'><strong>adhuc</strong></span> <span class='ocrx_word' id='word_1_520' title='bbox 1155 217 1205 244; x_wconf 85' lang='lat' dir='ltr'><strong>iste</strong></span> <span class='ocrx_word' id='word_1_521' title='bbox 1217 216 1322 244; x_wconf 75' lang='lat' dir='ltr'><strong>lditbun</strong></span> <span class='ocrx_word' id='word_1_522' title='bbox 1334 237 1345 251; x_wconf 66' lang='grc' dir='ltr'><strong>ς</strong></span> <span class='ocrx_word' id='word_1_523' title='bbox 1365 217 1495 245; x_wconf 84' lang='lat' dir='ltr'><strong>transiliat</strong></span> <span class='ocrx_word' id='word_1_524' title='bbox 1512 225 1558 245; x_wconf 88' lang='lat' dir='ltr'><strong>eos</strong></span> <span class='ocrx_word' id='word_1_525' title='bbox 1579 217 1622 252; x_wconf 90' lang='lat' dir='ltr'><strong>qui</strong></span> <span class='ocrx_word' id='word_1_526' title='bbox 1647 217 1723 245; x_wconf 85' lang='lat' dir='ltr'><strong>delc-</strong></span> 
     </span>
    </p>
   </div>
   <div class='ocr_carea' id='block_1_64' title="bbox 938 261 1723 297">
    <p class='ocr_par' dir='ltr' id='par_1_64' title="bbox 938 261 1723 297">
     <span class='ocr_line' id='line_1_65' title="bbox 938 261 1723 297; baseline 0 -7"><span class='ocrx_word' id='word_1_527' title='bbox 938 268 1041 290; x_wconf 85' lang='lat' dir='ltr'><strong>ctantur</strong></span> <span class='ocrx_word' id='word_1_528' title='bbox 1055 263 1132 293; x_wconf 83' lang='lat' dir='ltr'><strong>imis;</strong></span> <span class='ocrx_word' id='word_1_529' title='bbox 1145 267 1171 290; x_wconf 90' lang='lat' dir='ltr'><strong>et</strong></span> <span class='ocrx_word' id='word_1_530' title='bbox 1181 262 1328 290; x_wconf 82' lang='lat' dir='ltr'><strong>delectetur</strong></span> <span class='ocrx_word' id='word_1_531' title='bbox 1337 263 1364 289; x_wconf 90' lang='lat' dir='ltr'><strong>in</strong></span> <span class='ocrx_word' id='word_1_532' title='bbox 1377 261 1428 295; x_wconf 85' lang='lat' dir='ltr'><strong>his,</strong></span> <span class='ocrx_word' id='word_1_533' title='bbox 1441 268 1467 290; x_wconf 86' lang='lat' dir='ltr'><strong>et</strong></span> <span class='ocrx_word' id='word_1_534' title='bbox 1479 264 1591 297; x_wconf 79' lang='lat' dir='ltr'><strong>gaudeat</strong></span> <span class='ocrx_word' id='word_1_535' title='bbox 1603 264 1628 290; x_wconf 92' lang='lat' dir='ltr'><strong>in</strong></span> <span class='ocrx_word' id='word_1_536' title='bbox 1642 263 1723 290; x_wconf 81' lang='lat' dir='ltr'><strong>verbo</strong></span> 
     </span>
    </p>
   </div>
   <div class='ocr_carea' id='block_1_65' title="bbox 938 308 1722 343">
    <p class='ocr_par' dir='ltr' id='par_1_65' title="bbox 938 308 1722 343">
     <span class='ocr_line' id='line_1_66' title="bbox 938 308 1722 343; baseline 0 -8"><span class='ocrx_word' id='word_1_537' title='bbox 938 308 1060 340; x_wconf 90' lang='lat' dir='ltr'><strong>Domini,</strong></span> <span class='ocrx_word' id='word_1_538' title='bbox 1075 308 1101 335; x_wconf 92' lang='lat' dir='ltr'><strong>in</strong></span> <span class='ocrx_word' id='word_1_539' title='bbox 1116 308 1292 335; x_wconf 85' lang='lat' dir='ltr'><strong>delectatione</strong></span> <span class='ocrx_word' id='word_1_540' title='bbox 1306 308 1370 343; x_wconf 70' lang='lat' dir='ltr'><strong>legis</strong></span> <span class='ocrx_word' id='word_1_541' title='bbox 1386 308 1522 335; x_wconf 79' lang='lat' dir='ltr'><strong>Altissimi.</strong></span> <span class='ocrx_word' id='word_1_542' title='bbox 1537 308 1589 335; x_wconf 84' lang='lat' dir='ltr'><strong>Sed</strong></span> <span class='ocrx_word' id='word_1_543' title='bbox 1604 308 1665 343; x_wconf 91' lang='lat' dir='ltr'><strong>quid</strong></span> <span class='ocrx_word' id='word_1_544' title='bbox 1681 309 1722 335; x_wconf 91' lang='lat' dir='ltr'><strong>di-</strong></span> 
     </span>
    </p>
   </div>
   <div class='ocr_carea' id='block_1_66' title="bbox 938 353 1723 381">
    <p class='ocr_par' dir='ltr' id='par_1_66' title="bbox 938 353 1723 381">
     <span class='ocr_line' id='line_1_67' title="bbox 938 353 1723 381; baseline 0.001 -1"><span class='ocrx_word' id='word_1_545' title='bbox 938 355 1040 381; x_wconf 90' lang='lat' dir='ltr'><strong>cimus?</strong></span> <span class='ocrx_word' id='word_1_546' title='bbox 1062 354 1096 381; x_wconf 87' lang='lat' dir='ltr'><strong>Et</strong></span> <span class='ocrx_word' id='word_1_547' title='bbox 1113 354 1174 381; x_wconf 88' lang='lat' dir='ltr'><strong>hinc</strong></span> <span class='ocrx_word' id='word_1_548' title='bbox 1193 353 1393 381; x_wconf 86' lang='lat' dir='ltr'><strong>transiliendum</strong></span> <span class='ocrx_word' id='word_1_549' title='bbox 1408 359 1448 381; x_wconf 84' lang='lat' dir='ltr'><strong>est</strong></span> <span class='ocrx_word' id='word_1_550' title='bbox 1463 354 1490 381; x_wconf 94' lang='lat' dir='ltr'><strong>iu-</strong></span> <span class='ocrx_word' id='word_1_551' title='bbox 1501 354 1593 381; x_wconf 85' lang='lat' dir='ltr'><strong>aliud?</strong></span> <span class='ocrx_word' id='word_1_552' title='bbox 1607 355 1651 381; x_wconf 88' lang='lat' dir='ltr'><strong>An</strong></span> <span class='ocrx_word' id='word_1_553' title='bbox 1672 355 1723 381; x_wconf 87' lang='lat' dir='ltr'><strong>huc</strong></span> 
     </span>
    </p>
   </div>
   <div class='ocr_carea' id='block_1_67' title="bbox 939 399 1722 435">
    <p class='ocr_par' dir='ltr' id='par_1_67' title="bbox 939 399 1722 435">
     <span class='ocr_line' id='line_1_68' title="bbox 939 399 1722 435; baseline 0.001 -10"><span class='ocrx_word' id='word_1_554' title='bbox 939 407 1021 434; x_wconf 87' lang='lat' dir='ltr'><strong>usque</strong></span> <span class='ocrx_word' id='word_1_555' title='bbox 1035 400 1115 427; x_wconf 85' lang='lat' dir='ltr'><strong>habet</strong></span> <span class='ocrx_word' id='word_1_556' title='bbox 1127 407 1180 435; x_wconf 83' lang='lat' dir='ltr'><strong>quo</strong></span> <span class='ocrx_word' id='word_1_557' title='bbox 1193 399 1325 427; x_wconf 85' lang='lat' dir='ltr'><strong>transiliat</strong></span> <span class='ocrx_word' id='word_1_558' title='bbox 1345 400 1389 435; x_wconf 89' lang='lat' dir='ltr'><strong>qui</strong></span> <span class='ocrx_word' id='word_1_559' title='bbox 1413 400 1545 427; x_wconf 85' lang='lat' dir='ltr'><strong>transilire</strong></span> <span class='ocrx_word' id='word_1_560' title='bbox 1568 399 1722 427; x_wconf 86' lang='lat' dir='ltr'><strong>desiderat?</strong></span> 
     </span>
    </p>
   </div>
   <div class='ocr_carea' id='block_1_68' title="bbox 939 446 1723 482">
    <p class='ocr_par' dir='ltr' id='par_1_68' title="bbox 939 446 1723 482">
     <span class='ocr_line' id='line_1_69' title="bbox 939 446 1723 482; baseline -0.003 -8"><span class='ocrx_word' id='word_1_561' title='bbox 939 446 1023 475; x_wconf 83' lang='lat' dir='ltr'><strong>Voces</strong></span> <span class='ocrx_word' id='word_1_562' title='bbox 1036 447 1123 482; x_wconf 84' lang='lat' dir='ltr'><strong>potius</strong></span> <span class='ocrx_word' id='word_1_563' title='bbox 1136 447 1194 482; x_wconf 92' lang='lat' dir='ltr'><strong>ejus</strong></span> <span class='ocrx_word' id='word_1_564' title='bbox 1203 447 1351 474; x_wconf 83' lang='lat' dir='ltr'><strong>audiamus.</strong></span> <span class='ocrx_word' id='word_1_565' title='bbox 1363 446 1421 474; x_wconf 84' lang='lat' dir='ltr'><strong>Jam</strong></span> <span class='ocrx_word' id='word_1_566' title='bbox 1433 446 1503 474; x_wconf 90' lang='lat' dir='ltr'><strong>enim</strong></span> <span class='ocrx_word' id='word_1_567' title='bbox 1514 446 1563 473; x_wconf 85' lang='lat' dir='ltr'><strong>iste</strong></span> <span class='ocrx_word' id='word_1_568' title='bbox 1573 447 1723 473; x_wconf 67' lang='lat' dir='ltr'><strong>transiliens</strong></span> 
     </span>
    </p>
   </div>
   <div class='ocr_carea' id='block_1_69' title="bbox 938 491 1723 528">
    <p class='ocr_par' dir='ltr' id='par_1_69' title="bbox 938 491 1723 528">
     <span class='ocr_line' id='line_1_70' title="bbox 938 491 1723 528; baseline -0.003 -8"><span class='ocrx_word' id='word_1_569' title='bbox 938 493 1042 520; x_wconf 88' lang='lat' dir='ltr'><strong>videtur</strong></span> <span class='ocrx_word' id='word_1_570' title='bbox 1054 493 1119 520; x_wconf 84' lang='lat' dir='ltr'><strong>mihi</strong></span> <span class='ocrx_word' id='word_1_571' title='bbox 1132 492 1203 528; x_wconf 84' lang='lat' dir='ltr'><strong>quod</strong></span> <span class='ocrx_word' id='word_1_572' title='bbox 1225 492 1360 519; x_wconf 85' lang='lat' dir='ltr'><strong>habitabat</strong></span> <span class='ocrx_word' id='word_1_573' title='bbox 1378 492 1404 519; x_wconf 92' lang='lat' dir='ltr'><strong>in</strong></span> <span class='ocrx_word' id='word_1_574' title='bbox 1418 491 1530 527; x_wconf 88' lang='lat' dir='ltr'><strong>eloquiis</strong></span> <span class='ocrx_word' id='word_1_575' title='bbox 1552 491 1618 525; x_wconf 86' lang='lat' dir='ltr'><strong>Dei,</strong></span> <span class='ocrx_word' id='word_1_576' title='bbox 1639 497 1665 519; x_wconf 84' lang='lat' dir='ltr'><strong>et</strong></span> <span class='ocrx_word' id='word_1_577' title='bbox 1688 492 1723 518; x_wconf 89' lang='lat' dir='ltr'><strong>ibi</strong></span> 
     </span>
    </p>
   </div>
   <div class='ocr_carea' id='block_1_70' title="bbox 938 537 1419 576">
    <p class='ocr_par' dir='ltr' id='par_1_70' title="bbox 938 537 1419 576">
     <span class='ocr_line' id='line_1_71' title="bbox 938 537 1419 576; baseline -0.002 -11"><span class='ocrx_word' id='word_1_578' title='bbox 938 538 1030 566; x_wconf 89' lang='lat' dir='ltr'><strong>didicit</strong></span> <span class='ocrx_word' id='word_1_579' title='bbox 1042 538 1098 566; x_wconf 68' lang='lat' dir='ltr'><strong>hmo</strong></span> <span class='ocrx_word' id='word_1_580' title='bbox 1107 559 1115 572; x_wconf 88' lang='lat'><strong>,</strong></span> <span class='ocrx_word' id='word_1_581' title='bbox 1124 546 1183 573; x_wconf 68' lang='lat' dir='ltr'><strong>qua:</strong></span> <span class='ocrx_word' id='word_1_582' title='bbox 1191 537 1307 576; x_wconf 83' lang='lat' dir='ltr'><strong>audituri</strong></span> <span class='ocrx_word' id='word_1_583' title='bbox 1318 544 1419 565; x_wconf 89' lang='lat' dir='ltr'><strong>sumus.</strong></span> 
     </span>
    </p>
   </div>
   <div class='ocr_carea' id='block_1_71' title="bbox 974 582 1722 620">
    <p class='ocr_par' dir='ltr' id='par_1_71' title="bbox 974 582 1722 620">
     <span class='ocr_line' id='line_1_72' title="bbox 974 582 1722 620; baseline -0.004 -8"><span class='ocrx_word' id='word_1_584' title='bbox 974 585 1000 612; x_wconf 78' lang='lat'><strong>5.</strong></span> <span class='ocrx_word' id='word_1_585' title='bbox 1021 583 1101 620; x_wconf 72' lang='grc' dir='ltr'><strong>[νενε-</strong></span> <span class='ocrx_word' id='word_1_586' title='bbox 1120 584 1147 612; x_wconf 78' lang='grc'><strong>2.</strong></span> <span class='ocrx_word' id='word_1_587' title='bbox 1159 582 1169 620; x_wconf 86' lang='grc'><strong>]</strong></span> <span class='ocrx_word' id='word_1_588' title='bbox 1182 583 1256 615; x_wconf 67' lang='lat' dir='ltr'><strong>Dixi,</strong></span> <span class='ocrx_word' id='word_1_589' title='bbox 1268 582 1415 611; x_wconf 78' lang='lat' dir='ltr'><strong>Custodiam</strong></span> <span class='ocrx_word' id='word_1_590' title='bbox 1423 583 1474 610; x_wconf 80' lang='lat' dir='ltr'><strong>vias</strong></span> <span class='ocrx_word' id='word_1_591' title='bbox 1485 591 1566 616; x_wconf 73' lang='lat' dir='ltr'><strong>meas,</strong></span> <span class='ocrx_word' id='word_1_592' title='bbox 1575 587 1602 610; x_wconf 88' lang='lat' dir='ltr'><strong>ut</strong></span> <span class='ocrx_word' id='word_1_593' title='bbox 1614 591 1663 609; x_wconf 88' lang='lat' dir='ltr'><strong>non</strong></span> <span class='ocrx_word' id='word_1_594' title='bbox 1678 583 1722 610; x_wconf 79' lang='lat' dir='ltr'><strong>de—</strong></span> 
     </span>
    </p>
   </div>
   <div class='ocr_carea' id='block_1_72' title="bbox 939 629 1724 665">
    <p class='ocr_par' dir='ltr' id='par_1_72' title="bbox 939 629 1724 665">
     <span class='ocr_line' id='line_1_73' title="bbox 939 629 1724 665; baseline -0.003 -8"><span class='ocrx_word' id='word_1_595' title='bbox 939 630 1051 665; x_wconf 80' lang='lat' dir='ltr'><strong>linquam</strong></span> <span class='ocrx_word' id='word_1_596' title='bbox 1063 630 1090 657; x_wconf 88' lang='lat' dir='ltr'><strong>in</strong></span> <span class='ocrx_word' id='word_1_597' title='bbox 1108 630 1194 665; x_wconf 79' lang='lat' dir='ltr'><strong>lingua</strong></span> <span class='ocrx_word' id='word_1_598' title='bbox 1208 637 1273 657; x_wconf 88' lang='lat' dir='ltr'><strong>mea.</strong></span> <span class='ocrx_word' id='word_1_599' title='bbox 1295 629 1395 657; x_wconf 88' lang='lat' dir='ltr'><strong>Credas</strong></span> <span class='ocrx_word' id='word_1_600' title='bbox 1408 629 1478 664; x_wconf 91' lang='lat' dir='ltr'><strong>quod</strong></span> <span class='ocrx_word' id='word_1_601' title='bbox 1491 629 1602 664; x_wconf 81' lang='lat' dir='ltr'><strong>legendo</strong></span> <span class='ocrx_word' id='word_1_602' title='bbox 1612 650 1621 661; x_wconf 84' lang='lat'><strong>,</strong></span> <span class='ocrx_word' id='word_1_603' title='bbox 1639 629 1724 656; x_wconf 88' lang='lat' dir='ltr'><strong>disse-</strong></span> 
     </span>
    </p>
   </div>
   <div class='ocr_carea' id='block_1_73' title="bbox 939 676 1723 712">
    <p class='ocr_par' dir='ltr' id='par_1_73' title="bbox 939 676 1723 712">
     <span class='ocr_line' id='line_1_74' title="bbox 939 676 1723 712; baseline 0 -8"><span class='ocrx_word' id='word_1_604' title='bbox 939 676 1034 708; x_wconf 87' lang='lat' dir='ltr'><strong>rendo,</strong></span> <span class='ocrx_word' id='word_1_605' title='bbox 1045 676 1220 712; x_wconf 68' lang='lat' dir='ltr'><strong>praedicando,</strong></span> <span class='ocrx_word' id='word_1_606' title='bbox 1235 676 1382 710; x_wconf 86' lang='lat' dir='ltr'><strong>monendo,</strong></span> <span class='ocrx_word' id='word_1_607' title='bbox 1396 676 1568 711; x_wconf 79' lang='lat' dir='ltr'><strong>objurganda,</strong></span> <span class='ocrx_word' id='word_1_608' title='bbox 1582 676 1723 704; x_wconf 80' lang='lat' dir='ltr'><strong>hortando.</strong></span> 
     </span>
    </p>
   </div>
   <div class='ocr_carea' id='block_1_74' title="bbox 939 721 1726 757">
    <p class='ocr_par' dir='ltr' id='par_1_74' title="bbox 939 721 1726 757">
     <span class='ocr_line' id='line_1_75' title="bbox 939 721 1726 757; baseline -0.001 -8"><span class='ocrx_word' id='word_1_609' title='bbox 939 729 999 749; x_wconf 88' lang='lat' dir='ltr'><strong>cum</strong></span> <span class='ocrx_word' id='word_1_610' title='bbox 1014 727 1162 750; x_wconf 74' lang='lat' dir='ltr'><strong>versaretur</strong></span> <span class='ocrx_word' id='word_1_611' title='bbox 1173 722 1201 749; x_wconf 87' lang='lat' dir='ltr'><strong>in</strong></span> <span class='ocrx_word' id='word_1_612' title='bbox 1215 729 1294 757; x_wconf 91' lang='lat' dir='ltr'><strong>opere</strong></span> <span class='ocrx_word' id='word_1_613' title='bbox 1306 743 1313 756; x_wconf 89' lang='lat'><strong>,</strong></span> <span class='ocrx_word' id='word_1_614' title='bbox 1328 730 1387 750; x_wconf 93' lang='lat' dir='ltr'><strong>cum</strong></span> <span class='ocrx_word' id='word_1_615' title='bbox 1399 726 1567 750; x_wconf 79' lang='lat' dir='ltr'><strong>exerceretur</strong></span> <span class='ocrx_word' id='word_1_616' title='bbox 1576 722 1602 749; x_wconf 83' lang='lat' dir='ltr'><strong>in</strong></span> <span class='ocrx_word' id='word_1_617' title='bbox 1613 721 1726 749; x_wconf 82' lang='lat' dir='ltr'><strong>difﬁcul-</strong></span> 
     </span>
    </p>
   </div>
   <div class='ocr_carea' id='block_1_75' title="bbox 939 760 1725 802">
    <p class='ocr_par' dir='ltr' id='par_1_75' title="bbox 939 760 1725 802">
     <span class='ocr_line' id='line_1_76' title="bbox 939 760 1725 802; baseline 0 -9"><span class='ocrx_word' id='word_1_618' title='bbox 939 766 1037 794; x_wconf 85' lang='lat' dir='ltr'><strong>tatibus</strong></span> <span class='ocrx_word' id='word_1_619' title='bbox 1049 760 1339 802; x_wconf 19' lang='lat' dir='ltr'><strong>quibusdamvhumanis</strong></span> <span class='ocrx_word' id='word_1_620' title='bbox 1348 788 1357 799; x_wconf 89' lang='lat'><strong>,</strong></span> <span class='ocrx_word' id='word_1_621' title='bbox 1370 766 1449 794; x_wconf 91' lang='lat' dir='ltr'><strong>homo</strong></span> <span class='ocrx_word' id='word_1_622' title='bbox 1461 774 1542 802; x_wconf 82' lang='lat' dir='ltr'><strong>agens</strong></span> <span class='ocrx_word' id='word_1_623' title='bbox 1556 766 1625 793; x_wconf 90' lang='lat' dir='ltr'><strong>inter</strong></span> <span class='ocrx_word' id='word_1_624' title='bbox 1639 766 1725 793; x_wconf 81' lang='lat' dir='ltr'><strong>homi-</strong></span> 
     </span>
    </p>
   </div>
   <div class='ocr_carea' id='block_1_76' title="bbox 940 811 1724 847">
    <p class='ocr_par' dir='ltr' id='par_1_76' title="bbox 940 811 1724 847">
     <span class='ocr_line' id='line_1_77' title="bbox 940 811 1724 847; baseline -0.001 -8"><span class='ocrx_word' id='word_1_625' title='bbox 940 819 1002 844; x_wconf 85' lang='lat' dir='ltr'><strong>nes,</strong></span> <span class='ocrx_word' id='word_1_626' title='bbox 1018 812 1199 847; x_wconf 87' lang='lat' dir='ltr'><strong>quamvisjam</strong></span> <span class='ocrx_word' id='word_1_627' title='bbox 1209 812 1360 840; x_wconf 81' lang='lat' dir='ltr'><strong>transiliens</strong></span> <span class='ocrx_word' id='word_1_628' title='bbox 1372 819 1418 839; x_wconf 87' lang='lat' dir='ltr'><strong>eos</strong></span> <span class='ocrx_word' id='word_1_629' title='bbox 1439 812 1483 847; x_wconf 89' lang='lat' dir='ltr'><strong>qui</strong></span> <span class='ocrx_word' id='word_1_630' title='bbox 1497 819 1549 839; x_wconf 91' lang='lat' dir='ltr'><strong>non</strong></span> <span class='ocrx_word' id='word_1_631' title='bbox 1560 811 1724 839; x_wconf 87' lang='lat' dir='ltr'><strong>delectantur</strong></span> 
     </span>
    </p>
   </div>
   <div class='ocr_carea' id='block_1_77' title="bbox 940 856 1725 893">
    <p class='ocr_par' dir='ltr' id='par_1_77' title="bbox 940 856 1725 893">
     <span class='ocr_line' id='line_1_78' title="bbox 940 856 1725 893; baseline 0 -9"><span class='ocrx_word' id='word_1_632' title='bbox 940 856 982 884; x_wconf 87' lang='lat' dir='ltr'><strong>his</strong></span> <span class='ocrx_word' id='word_1_633' title='bbox 995 857 1065 892; x_wconf 87' lang='lat' dir='ltr'><strong>(quia</strong></span> <span class='ocrx_word' id='word_1_634' title='bbox 1080 857 1186 885; x_wconf 72' lang='lat' dir='ltr'><strong>difﬁcile</strong></span> <span class='ocrx_word' id='word_1_635' title='bbox 1197 861 1238 885; x_wconf 91' lang='lat' dir='ltr'><strong>est</strong></span> <span class='ocrx_word' id='word_1_636' title='bbox 1253 862 1280 885; x_wconf 92' lang='lat' dir='ltr'><strong>ut</strong></span> <span class='ocrx_word' id='word_1_637' title='bbox 1292 857 1404 893; x_wconf 88' lang='lat' dir='ltr'><strong>quisque</strong></span> <span class='ocrx_word' id='word_1_638' title='bbox 1419 858 1507 893; x_wconf 77' lang='lat' dir='ltr'><strong>lingua</strong></span> <span class='ocrx_word' id='word_1_639' title='bbox 1521 865 1573 885; x_wconf 87' lang='lat' dir='ltr'><strong>non</strong></span> <span class='ocrx_word' id='word_1_640' title='bbox 1583 858 1684 885; x_wconf 89' lang='lat' dir='ltr'><strong>labatur</strong></span> <span class='ocrx_word' id='word_1_641' title='bbox 1697 862 1725 885; x_wconf 91' lang='lat' dir='ltr'><strong>et</strong></span> 
     </span>
    </p>
   </div>
   <div class='ocr_carea' id='block_1_78' title="bbox 939 903 1733 938">
    <p class='ocr_par' dir='ltr' id='par_1_78' title="bbox 939 903 1733 938">
     <span class='ocr_line' id='line_1_79' title="bbox 939 903 1733 938; baseline 0.001 -9"><span class='ocrx_word' id='word_1_642' title='bbox 939 908 1048 937; x_wconf 87' lang='lat' dir='ltr'><strong>peccet,</strong></span> <span class='ocrx_word' id='word_1_643' title='bbox 1063 907 1089 930; x_wconf 86' lang='lat' dir='ltr'><strong>et</strong></span> <span class='ocrx_word' id='word_1_644' title='bbox 1102 903 1145 937; x_wconf 89' lang='lat' dir='ltr'><strong>qui</strong></span> <span class='ocrx_word' id='word_1_645' title='bbox 1166 903 1252 938; x_wconf 82' lang='lat' dir='ltr'><strong>lingua</strong></span> <span class='ocrx_word' id='word_1_646' title='bbox 1266 911 1316 930; x_wconf 88' lang='lat' dir='ltr'><strong>non</strong></span> <span class='ocrx_word' id='word_1_647' title='bbox 1329 903 1454 938; x_wconf 72' lang='lat' dir='ltr'><strong>peccavit.</strong></span> <span class='ocrx_word' id='word_1_648' title='bbox 1478 907 1506 930; x_wconf 90' lang='lat' dir='ltr'><strong>ut</strong></span> <span class='ocrx_word' id='word_1_649' title='bbox 1518 903 1644 937; x_wconf 89' lang='lat' dir='ltr'><strong>scriptum</strong></span> <span class='ocrx_word' id='word_1_650' title='bbox 1665 907 1704 930; x_wconf 88' lang='lat' dir='ltr'><strong>est</strong></span> <span class='ocrx_word' id='word_1_651' title='bbox 1714 913 1733 936; x_wconf 51' lang='lat' dir='ltr'><strong>,r</strong></span> 
     </span>
    </p>
   </div>
   <div class='ocr_carea' id='block_1_79' title="bbox 940 947 1725 985">
    <p class='ocr_par' dir='ltr' id='par_1_79' title="bbox 940 947 1725 985">
     <span class='ocr_line' id='line_1_80' title="bbox 940 947 1725 985; baseline 0 -11"><span class='ocrx_word' id='word_1_652' title='bbox 940 949 980 975; x_wconf 83' lang='lat' dir='ltr'><strong>Iu&#39;c</strong></span> <span class='ocrx_word' id='word_1_653' title='bbox 991 950 1113 985; x_wconf 78' lang='lat' dir='ltr'><strong>perfectus</strong></span> <span class='ocrx_word' id='word_1_654' title='bbox 1126 953 1162 976; x_wconf 76' lang='lat' dir='ltr'><strong>est</strong></span> <span class='ocrx_word' id='word_1_655' title='bbox 1175 949 1211 976; x_wconf 83' lang='grc' dir='ltr'><strong>υἱν</strong></span> <span class='ocrx_word' id='word_1_656' title='bbox 1224 948 1324 985; x_wconf 81' lang='lat' dir='ltr'><strong>[Jacobi</strong></span> <span class='ocrx_word' id='word_1_657' title='bbox 1335 957 1362 976; x_wconf 91' lang='grc' dir='ltr'><strong>ιιι</strong></span> <span class='ocrx_word' id='word_1_658' title='bbox 1372 969 1380 981; x_wconf 82' lang='grc'><strong><em>,</em></strong></span> <span class='ocrx_word' id='word_1_659' title='bbox 1394 947 1444 985; x_wconf 71' lang='lat'><strong>2]),</strong></span> <span class='ocrx_word' id='word_1_660' title='bbox 1456 948 1542 983; x_wconf 91' lang='lat' dir='ltr'><strong>aliqua</strong></span> <span class='ocrx_word' id='word_1_661' title='bbox 1555 948 1625 976; x_wconf 83' lang='lat' dir='ltr'><strong>forte</strong></span> <span class='ocrx_word' id='word_1_662' title='bbox 1639 949 1725 982; x_wconf 68' lang='lat' dir='ltr'><strong>paeni-</strong></span> 
     </span>
    </p>
   </div>
   <div class='ocr_carea' id='block_1_80' title="bbox 939 993 1724 1029">
    <p class='ocr_par' dir='ltr' id='par_1_80' title="bbox 939 993 1724 1029">
     <span class='ocr_line' id='line_1_81' title="bbox 939 993 1724 1029; baseline -0.003 -7"><span class='ocrx_word' id='word_1_663' title='bbox 939 995 1017 1022; x_wconf 88' lang='lat' dir='ltr'><strong>tenda</strong></span> <span class='ocrx_word' id='word_1_664' title='bbox 1033 995 1134 1022; x_wconf 85' lang='lat' dir='ltr'><strong>dixerat</strong></span> <span class='ocrx_word' id='word_1_665' title='bbox 1143 1015 1150 1027; x_wconf 87' lang='lat'><strong>,</strong></span> <span class='ocrx_word' id='word_1_666' title='bbox 1163 999 1190 1022; x_wconf 89' lang='lat' dir='ltr'><strong>et</strong></span> <span class='ocrx_word' id='word_1_667' title='bbox 1204 995 1275 1029; x_wconf 86' lang='lat' dir='ltr'><strong>lapsa</strong></span> <span class='ocrx_word' id='word_1_668' title='bbox 1290 999 1365 1022; x_wconf 89' lang='lat' dir='ltr'><strong>erant</strong></span> <span class='ocrx_word' id='word_1_669' title='bbox 1378 994 1411 1022; x_wconf 87' lang='lat' dir='ltr'><strong>ab</strong></span> <span class='ocrx_word' id='word_1_670' title='bbox 1423 1001 1469 1021; x_wconf 89' lang='lat' dir='ltr'><strong>ore</strong></span> <span class='ocrx_word' id='word_1_671' title='bbox 1482 1002 1541 1029; x_wconf 69' lang='lat' dir='ltr'><strong>qum</strong></span> <span class='ocrx_word' id='word_1_672' title='bbox 1555 993 1635 1021; x_wconf 85' lang='lat' dir='ltr'><strong>vellet</strong></span> <span class='ocrx_word' id='word_1_673' title='bbox 1648 1000 1724 1021; x_wconf 91' lang='lat' dir='ltr'><strong>revo-</strong></span> 
     </span>
    </p>
   </div>
   <div class='ocr_carea' id='block_1_81' title="bbox 939 1039 1721 1076">
    <p class='ocr_par' dir='ltr' id='par_1_81' title="bbox 939 1039 1721 1076">
     <span class='ocr_line' id='line_1_82' title="bbox 939 1039 1721 1076; baseline -0.004 -8"><span class='ocrx_word' id='word_1_674' title='bbox 939 1049 1017 1074; x_wconf 86' lang='lat' dir='ltr'><strong>care,</strong></span> <span class='ocrx_word' id='word_1_675' title='bbox 1033 1049 1080 1069; x_wconf 90' lang='lat' dir='ltr'><strong>nec</strong></span> <span class='ocrx_word' id='word_1_676' title='bbox 1094 1046 1193 1076; x_wconf 87' lang='lat' dir='ltr'><strong>posset.</strong></span> <span class='ocrx_word' id='word_1_677' title='bbox 1203 1041 1262 1069; x_wconf 86' lang='lat' dir='ltr'><strong>Non</strong></span> <span class='ocrx_word' id='word_1_678' title='bbox 1273 1041 1342 1068; x_wconf 89' lang='lat' dir='ltr'><strong>enim</strong></span> <span class='ocrx_word' id='word_1_679' title='bbox 1353 1041 1440 1076; x_wconf 79' lang='lat' dir='ltr'><strong>lingua</strong></span> <span class='ocrx_word' id='word_1_680' title='bbox 1452 1040 1548 1068; x_wconf 85' lang='lat' dir='ltr'><strong>frustra</strong></span> <span class='ocrx_word' id='word_1_681' title='bbox 1563 1040 1588 1067; x_wconf 92' lang='lat' dir='ltr'><strong>in</strong></span> <span class='ocrx_word' id='word_1_682' title='bbox 1604 1039 1655 1066; x_wconf 91' lang='lat' dir='ltr'><strong>udo</strong></span> <span class='ocrx_word' id='word_1_683' title='bbox 1670 1044 1721 1071; x_wconf 83' lang='lat' dir='ltr'><strong>est,</strong></span> 
     </span>
    </p>
   </div>
   <div class='ocr_carea' id='block_1_82' title="bbox 940 1085 1724 1123">
    <p class='ocr_par' dir='ltr' id='par_1_82' title="bbox 940 1085 1724 1123">
     <span class='ocr_line' id='line_1_83' title="bbox 940 1085 1724 1123; baseline -0.004 -9"><span class='ocrx_word' id='word_1_684' title='bbox 940 1087 990 1114; x_wconf 91' lang='lat' dir='ltr'><strong>nisi</strong></span> <span class='ocrx_word' id='word_1_685' title='bbox 1004 1087 1062 1122; x_wconf 82' lang='lat' dir='ltr'><strong>quia</strong></span> <span class='ocrx_word' id='word_1_686' title='bbox 1079 1087 1156 1114; x_wconf 81' lang='lat' dir='ltr'><strong>facile</strong></span> <span class='ocrx_word' id='word_1_687' title='bbox 1171 1087 1276 1114; x_wconf 90' lang='lat' dir='ltr'><strong>labitur.</strong></span> <span class='ocrx_word' id='word_1_688' title='bbox 1290 1087 1386 1114; x_wconf 86' lang='lat' dir='ltr'><strong>Videns</strong></span> <span class='ocrx_word' id='word_1_689' title='bbox 1398 1094 1462 1122; x_wconf 79' lang='lat' dir='ltr'><strong>ergo</strong></span> <span class='ocrx_word' id='word_1_690' title='bbox 1479 1094 1558 1123; x_wconf 85' lang='lat' dir='ltr'><strong>quam</strong></span> <span class='ocrx_word' id='word_1_691' title='bbox 1573 1090 1643 1113; x_wconf 86' lang='lat' dir='ltr'><strong>esset</strong></span> <span class='ocrx_word' id='word_1_692' title='bbox 1652 1085 1724 1112; x_wconf 78' lang='lat' dir='ltr'><strong>difﬁ-</strong></span> 
     </span>
    </p>
   </div>
   <div class='ocr_carea' id='block_1_83' title="bbox 939 1132 1723 1168">
    <p class='ocr_par' dir='ltr' id='par_1_83' title="bbox 939 1132 1723 1168">
     <span class='ocr_line' id='line_1_84' title="bbox 939 1132 1723 1168; baseline -0.003 -8"><span class='ocrx_word' id='word_1_693' title='bbox 939 1134 1007 1166; x_wconf 78' lang='lat' dir='ltr'><strong>cile,</strong></span> <span class='ocrx_word' id='word_1_694' title='bbox 1022 1138 1050 1160; x_wconf 87' lang='lat' dir='ltr'><strong>ttt</strong></span> <span class='ocrx_word' id='word_1_695' title='bbox 1065 1134 1248 1161; x_wconf 85' lang='lat' dir='ltr'><strong>necessitatem</strong></span> <span class='ocrx_word' id='word_1_696' title='bbox 1268 1133 1393 1168; x_wconf 89' lang='lat' dir='ltr'><strong>loquendi</strong></span> <span class='ocrx_word' id='word_1_697' title='bbox 1413 1133 1521 1160; x_wconf 84' lang='lat' dir='ltr'><strong>haberet</strong></span> <span class='ocrx_word' id='word_1_698' title='bbox 1536 1132 1616 1159; x_wconf 92' lang='lat' dir='ltr'><strong>homo</strong></span> <span class='ocrx_word' id='word_1_699' title='bbox 1627 1152 1634 1165; x_wconf 93' lang='lat'><strong>,</strong></span> <span class='ocrx_word' id='word_1_700' title='bbox 1657 1136 1684 1159; x_wconf 89' lang='lat' dir='ltr'><strong>et</strong></span> <span class='ocrx_word' id='word_1_701' title='bbox 1698 1132 1723 1158; x_wconf 93' lang='lat' dir='ltr'><strong>in</strong></span> 
     </span>
    </p>
   </div>
   <div class='ocr_carea' id='block_1_84' title="bbox 939 1178 1724 1216">
    <p class='ocr_par' dir='ltr' id='par_1_84' title="bbox 939 1178 1724 1216">
     <span class='ocr_line' id='line_1_85' title="bbox 939 1178 1724 1216; baseline -0.003 -9"><span class='ocrx_word' id='word_1_702' title='bbox 939 1180 1070 1216; x_wconf 85' lang='lat' dir='ltr'><strong>loquendo</strong></span> <span class='ocrx_word' id='word_1_703' title='bbox 1082 1188 1134 1207; x_wconf 93' lang='lat' dir='ltr'><strong>non</strong></span> <span class='ocrx_word' id='word_1_704' title='bbox 1147 1180 1245 1215; x_wconf 88' lang='lat' dir='ltr'><strong>aliquid</strong></span> <span class='ocrx_word' id='word_1_705' title='bbox 1259 1180 1374 1212; x_wconf 87' lang='lat' dir='ltr'><strong>diceret,</strong></span> <span class='ocrx_word' id='word_1_706' title='bbox 1389 1179 1458 1214; x_wconf 83' lang='lat' dir='ltr'><strong>quod</strong></span> <span class='ocrx_word' id='word_1_707' title='bbox 1472 1186 1500 1206; x_wconf 89' lang='lat' dir='ltr'><strong>se</strong></span> <span class='ocrx_word' id='word_1_708' title='bbox 1512 1178 1610 1206; x_wconf 67' lang='lat' dir='ltr'><strong>dixisse</strong></span> <span class='ocrx_word' id='word_1_709' title='bbox 1624 1178 1724 1210; x_wconf 81' lang='lat' dir='ltr'><strong>nollet;</strong></span> 
     </span>
    </p>
   </div>
   <div class='ocr_carea' id='block_1_85' title="bbox 938 1225 1726 1262">
    <p class='ocr_par' dir='ltr' id='par_1_85' title="bbox 938 1225 1726 1262">
     <span class='ocr_line' id='line_1_86' title="bbox 938 1225 1726 1262; baseline -0.004 -8"><span class='ocrx_word' id='word_1_710' title='bbox 938 1231 965 1254; x_wconf 89' lang='lat' dir='ltr'><strong>et</strong></span> <span class='ocrx_word' id='word_1_711' title='bbox 979 1227 1055 1254; x_wconf 78' lang='lat' dir='ltr'><strong>taedio</strong></span> <span class='ocrx_word' id='word_1_712' title='bbox 1069 1226 1178 1254; x_wconf 78' lang='lat' dir='ltr'><strong>affectus</strong></span> <span class='ocrx_word' id='word_1_713' title='bbox 1193 1234 1226 1254; x_wconf 87' lang='lat' dir='ltr'><strong>ex</strong></span> <span class='ocrx_word' id='word_1_714' title='bbox 1239 1226 1282 1253; x_wconf 86' lang='lat' dir='ltr'><strong>his</strong></span> <span class='ocrx_word' id='word_1_715' title='bbox 1293 1226 1407 1262; x_wconf 71' lang='lat' dir='ltr'><strong>peccatis</strong></span> <span class='ocrx_word' id='word_1_716' title='bbox 1417 1246 1424 1258; x_wconf 83' lang='grc'><em>,</em></span> <span class='ocrx_word' id='word_1_717' title='bbox 1438 1225 1561 1260; x_wconf 77' lang='lat' dir='ltr'><strong>qutesirit</strong></span> <span class='ocrx_word' id='word_1_718' title='bbox 1574 1225 1673 1252; x_wconf 82' lang='lat' dir='ltr'><strong>evitare</strong></span> <span class='ocrx_word' id='word_1_719' title='bbox 1687 1229 1726 1251; x_wconf 61' lang='lat' dir='ltr'><strong>toa-</strong></span> 
     </span>
    </p>
   </div>
   <div class='ocr_carea' id='block_1_86' title="bbox 940 1269 1725 1311">
    <p class='ocr_par' dir='ltr' id='par_1_86' title="bbox 940 1269 1725 1311">
     <span class='ocr_line' id='line_1_87' title="bbox 940 1269 1725 1311; baseline -0.005 -12"><span class='ocrx_word' id='word_1_720' title='bbox 940 1272 987 1299; x_wconf 85' lang='lat' dir='ltr'><strong>lia.</strong></span> <span class='ocrx_word' id='word_1_721' title='bbox 999 1272 1099 1299; x_wconf 87' lang='lat' dir='ltr'><strong>Patitur</strong></span> <span class='ocrx_word' id='word_1_722' title='bbox 1113 1272 1181 1299; x_wconf 82' lang='lat' dir='ltr'><strong>hanc</strong></span> <span class='ocrx_word' id='word_1_723' title='bbox 1195 1271 1374 1311; x_wconf 73' lang='lat' dir='ltr'><strong>dil‘lieuluttem</strong></span> <span class='ocrx_word' id='word_1_724' title='bbox 1386 1271 1545 1298; x_wconf 84' lang='lat' dir='ltr'><strong>transiliens.</strong></span> <span class='ocrx_word' id='word_1_725' title='bbox 1561 1270 1617 1297; x_wconf 86' lang='lat' dir='ltr'><strong>Non</strong></span> <span class='ocrx_word' id='word_1_726' title='bbox 1631 1278 1673 1297; x_wconf 87' lang='lat' dir='ltr'><strong>tne</strong></span> <span class='ocrx_word' id='word_1_727' title='bbox 1682 1269 1725 1304; x_wconf 86' lang='lat' dir='ltr'><strong>ju-</strong></span> 
     </span>
    </p>
   </div>
   <div class='ocr_carea' id='block_1_87' title="bbox 939 1315 1723 1352">
    <p class='ocr_par' dir='ltr' id='par_1_87' title="bbox 939 1315 1723 1352">
     <span class='ocr_line' id='line_1_88' title="bbox 939 1315 1723 1352; baseline -0.005 -8"><span class='ocrx_word' id='word_1_728' title='bbox 939 1318 1030 1350; x_wconf 84' lang='lat' dir='ltr'><strong>dicet,</strong></span> <span class='ocrx_word' id='word_1_729' title='bbox 1043 1318 1087 1352; x_wconf 89' lang='lat' dir='ltr'><strong>qui</strong></span> <span class='ocrx_word' id='word_1_730' title='bbox 1103 1317 1217 1344; x_wconf 86' lang='lat' dir='ltr'><strong>nondum</strong></span> <span class='ocrx_word' id='word_1_731' title='bbox 1238 1322 1278 1344; x_wconf 88' lang='lat' dir='ltr'><strong>est</strong></span> <span class='ocrx_word' id='word_1_732' title='bbox 1292 1316 1459 1343; x_wconf 83' lang='lat' dir='ltr'><strong>transiliens:</strong></span> <span class='ocrx_word' id='word_1_733' title='bbox 1474 1315 1622 1347; x_wconf 79' lang='lat' dir='ltr'><strong>transiliat,</strong></span> <span class='ocrx_word' id='word_1_734' title='bbox 1635 1320 1661 1341; x_wconf 88' lang='lat' dir='ltr'><strong>et</strong></span> <span class='ocrx_word' id='word_1_735' title='bbox 1675 1322 1723 1341; x_wconf 80' lang='lat' dir='ltr'><strong>ex-</strong></span> 
     </span>
    </p>
   </div>
   <div class='ocr_carea' id='block_1_88' title="bbox 939 1360 1723 1399">
    <p class='ocr_par' dir='ltr' id='par_1_88' title="bbox 939 1360 1723 1399">
     <span class='ocr_line' id='line_1_89' title="bbox 939 1360 1723 1399; baseline -0.005 -9"><span class='ocrx_word' id='word_1_736' title='bbox 939 1364 1055 1399; x_wconf 86' lang='lat' dir='ltr'><strong>periatur</strong></span> <span class='ocrx_word' id='word_1_737' title='bbox 1065 1363 1134 1398; x_wconf 89' lang='lat' dir='ltr'><strong>quod</strong></span> <span class='ocrx_word' id='word_1_738' title='bbox 1147 1363 1240 1397; x_wconf 89' lang='lat' dir='ltr'><strong>loquor</strong></span> <span class='ocrx_word' id='word_1_739' title='bbox 1252 1370 1261 1394; x_wconf 90' lang='lat'>;</span> <span class='ocrx_word' id='word_1_740' title='bbox 1272 1366 1332 1388; x_wconf 86' lang='lat' dir='ltr'><strong>tunc</strong></span> <span class='ocrx_word' id='word_1_741' title='bbox 1346 1361 1415 1388; x_wconf 90' lang='lat' dir='ltr'><strong>enim</strong></span> <span class='ocrx_word' id='word_1_742' title='bbox 1426 1361 1478 1387; x_wconf 88' lang='lat' dir='ltr'><strong>erit</strong></span> <span class='ocrx_word' id='word_1_743' title='bbox 1489 1365 1515 1388; x_wconf 89' lang='lat' dir='ltr'><strong>et</strong></span> <span class='ocrx_word' id='word_1_744' title='bbox 1527 1361 1602 1387; x_wconf 88' lang='lat' dir='ltr'><strong>testis</strong></span> <span class='ocrx_word' id='word_1_745' title='bbox 1614 1365 1641 1387; x_wconf 88' lang='lat' dir='ltr'><strong>et</strong></span> <span class='ocrx_word' id='word_1_746' title='bbox 1654 1360 1723 1386; x_wconf 78' lang='lat' dir='ltr'><strong>filius</strong></span> 
     </span>
    </p>
   </div>
   <div class='ocr_carea' id='block_1_89' title="bbox 938 1407 1722 1442">
    <p class='ocr_par' dir='ltr' id='par_1_89' title="bbox 938 1407 1722 1442">
     <span class='ocr_line' id='line_1_90' title="bbox 938 1407 1722 1442; baseline -0.006 -6"><span class='ocrx_word' id='word_1_747' title='bbox 938 1409 1067 1437; x_wconf 84' lang='lat' dir='ltr'><strong>veritatis.</strong></span> <span class='ocrx_word' id='word_1_748' title='bbox 1082 1408 1146 1436; x_wconf 90' lang='lat' dir='ltr'><strong>Cum</strong></span> <span class='ocrx_word' id='word_1_749' title='bbox 1159 1416 1221 1442; x_wconf 83' lang='lat' dir='ltr'><strong>ergo</strong></span> <span class='ocrx_word' id='word_1_750' title='bbox 1234 1407 1289 1434; x_wconf 75' lang='lat' dir='ltr'><strong>lucc</strong></span> <span class='ocrx_word' id='word_1_751' title='bbox 1300 1407 1322 1434; x_wconf 89' lang='lat' dir='ltr'><strong>ei</strong></span> <span class='ocrx_word' id='word_1_752' title='bbox 1335 1407 1516 1441; x_wconf 79' lang='lat' dir='ltr'><strong>contigissent,</strong></span> <span class='ocrx_word' id='word_1_753' title='bbox 1533 1409 1660 1432; x_wconf 86' lang='lat' dir='ltr'><strong>statuerat</strong></span> <span class='ocrx_word' id='word_1_754' title='bbox 1671 1413 1722 1431; x_wconf 91' lang='lat' dir='ltr'><strong>non</strong></span> 
     </span>
    </p>
   </div>
   <div class='ocr_carea' id='block_1_90' title="bbox 939 1450 1725 1489">
    <p class='ocr_par' dir='ltr' id='par_1_90' title="bbox 939 1450 1725 1489">
     <span class='ocr_line' id='line_1_91' title="bbox 939 1450 1725 1489; baseline -0.008 -6"><span class='ocrx_word' id='word_1_755' title='bbox 939 1456 1028 1489; x_wconf 88' lang='lat' dir='ltr'><strong>loqui,</strong></span> <span class='ocrx_word' id='word_1_756' title='bbox 1044 1462 1077 1482; x_wconf 87' lang='lat' dir='ltr'><strong>ne</strong></span> <span class='ocrx_word' id='word_1_757' title='bbox 1089 1454 1186 1489; x_wconf 86' lang='lat' dir='ltr'><strong>aliquid</strong></span> <span class='ocrx_word' id='word_1_758' title='bbox 1199 1453 1299 1480; x_wconf 85' lang='lat' dir='ltr'><strong>diceret</strong></span> <span class='ocrx_word' id='word_1_759' title='bbox 1312 1452 1382 1488; x_wconf 88' lang='lat' dir='ltr'><strong>quod</strong></span> <span class='ocrx_word' id='word_1_760' title='bbox 1397 1453 1511 1479; x_wconf 83' lang='lat' dir='ltr'><strong>locutum</strong></span> <span class='ocrx_word' id='word_1_761' title='bbox 1525 1459 1553 1478; x_wconf 90' lang='lat' dir='ltr'><strong>se</strong></span> <span class='ocrx_word' id='word_1_762' title='bbox 1568 1458 1627 1478; x_wconf 86' lang='lat' dir='ltr'><strong>esse</strong></span> <span class='ocrx_word' id='word_1_763' title='bbox 1641 1450 1725 1485; x_wconf 70' lang='lat' dir='ltr'><strong>[imul-</strong></span> 
     </span>
    </p>
   </div>
   <div class='ocr_carea' id='block_1_91' title="bbox 939 1495 1725 1533">
    <p class='ocr_par' dir='ltr' id='par_1_91' title="bbox 939 1495 1725 1533">
     <span class='ocr_line' id='line_1_92' title="bbox 939 1495 1725 1533; baseline -0.009 -4"><span class='ocrx_word' id='word_1_764' title='bbox 939 1505 1017 1529; x_wconf 88' lang='lat' dir='ltr'><strong>teret.</strong></span> <span class='ocrx_word' id='word_1_765' title='bbox 1034 1501 1088 1527; x_wconf 88' lang='lat' dir='ltr'><strong>lloc</strong></span> <span class='ocrx_word' id='word_1_766' title='bbox 1111 1500 1228 1526; x_wconf 88' lang='lat' dir='ltr'><strong>indicant</strong></span> <span class='ocrx_word' id='word_1_767' title='bbox 1248 1498 1331 1533; x_wconf 88' lang='lat' dir='ltr'><strong>prima</strong></span> <span class='ocrx_word' id='word_1_768' title='bbox 1347 1497 1425 1525; x_wconf 87' lang='lat' dir='ltr'><strong>verba</strong></span> <span class='ocrx_word' id='word_1_769' title='bbox 1444 1497 1517 1531; x_wconf 84' lang='lat' dir='ltr'><strong>ejus,</strong></span> <span class='ocrx_word' id='word_1_770' title='bbox 1533 1495 1611 1529; x_wconf 68' lang='lat' dir='ltr'><strong>Dixi,</strong></span> <span class='ocrx_word' id='word_1_771' title='bbox 1633 1496 1725 1523; x_wconf 74' lang='lat' dir='ltr'><strong>Custo-</strong></span> 
     </span>
    </p>
   </div>
   <div class='ocr_carea' id='block_1_92' title="bbox 939 1541 1725 1578">
    <p class='ocr_par' dir='ltr' id='par_1_92' title="bbox 939 1541 1725 1578">
     <span class='ocr_line' id='line_1_93' title="bbox 939 1541 1725 1578; baseline -0.006 -5"><span class='ocrx_word' id='word_1_772' title='bbox 939 1546 1008 1573; x_wconf 86' lang='lat' dir='ltr'><strong>diam</strong></span> <span class='ocrx_word' id='word_1_773' title='bbox 1020 1546 1072 1573; x_wconf 70' lang='grc' dir='ltr'><strong>ι’ἱαε</strong></span> <span class='ocrx_word' id='word_1_774' title='bbox 1085 1553 1152 1572; x_wconf 83' lang='lat' dir='ltr'><strong>meas</strong></span> <span class='ocrx_word' id='word_1_775' title='bbox 1164 1565 1171 1577; x_wconf 89' lang='lat'><strong>,</strong></span> <span class='ocrx_word' id='word_1_776' title='bbox 1186 1548 1212 1571; x_wconf 87' lang='lat' dir='ltr'><strong>ut</strong></span> <span class='ocrx_word' id='word_1_777' title='bbox 1226 1552 1276 1571; x_wconf 87' lang='lat' dir='ltr'><strong>non</strong></span> <span class='ocrx_word' id='word_1_778' title='bbox 1291 1543 1432 1578; x_wconf 77' lang='lat' dir='ltr'><strong>delinquant</strong></span> <span class='ocrx_word' id='word_1_779' title='bbox 1451 1542 1477 1568; x_wconf 89' lang='lat' dir='ltr'><strong>in</strong></span> <span class='ocrx_word' id='word_1_780' title='bbox 1491 1542 1579 1577; x_wconf 84' lang='lat' dir='ltr'><strong>lingua</strong></span> <span class='ocrx_word' id='word_1_781' title='bbox 1595 1549 1659 1568; x_wconf 84' lang='lat' dir='ltr'><strong>utea.</strong></span> <span class='ocrx_word' id='word_1_782' title='bbox 1673 1541 1725 1568; x_wconf 87' lang='lat' dir='ltr'><strong>Cu-</strong></span> 
     </span>
    </p>
   </div>
   <div class='ocr_carea' id='block_1_93' title="bbox 939 1587 1726 1630">
    <p class='ocr_par' dir='ltr' id='par_1_93' title="bbox 939 1587 1726 1630">
     <span class='ocr_line' id='line_1_94' title="bbox 939 1587 1726 1630; baseline -0.008 -10"><span class='ocrx_word' id='word_1_783' title='bbox 939 1592 1008 1620; x_wconf 85' lang='lat' dir='ltr'><strong>stodi</strong></span> <span class='ocrx_word' id='word_1_784' title='bbox 1032 1599 1095 1627; x_wconf 80' lang='lat' dir='ltr'><strong>ergo</strong></span> <span class='ocrx_word' id='word_1_785' title='bbox 1109 1590 1164 1617; x_wconf 90' lang='lat' dir='ltr'><strong>vias</strong></span> <span class='ocrx_word' id='word_1_786' title='bbox 1180 1595 1253 1622; x_wconf 85' lang='lat' dir='ltr'><strong>tuas,</strong></span> <span class='ocrx_word' id='word_1_787' title='bbox 1275 1596 1291 1615; x_wconf 92' lang='lat' dir='ltr'><strong>o</strong></span> <span class='ocrx_word' id='word_1_788' title='bbox 1306 1588 1408 1615; x_wconf 90' lang='lat' dir='ltr'><strong>lditbun</strong></span> <span class='ocrx_word' id='word_1_789' title='bbox 1419 1608 1426 1619; x_wconf 84' lang='lat'><strong>,</strong></span> <span class='ocrx_word' id='word_1_790' title='bbox 1451 1591 1477 1630; x_wconf 76' lang='lat' dir='ltr'><strong>et</strong></span> <span class='ocrx_word' id='word_1_791' title='bbox 1507 1587 1559 1614; x_wconf 84' lang='lat' dir='ltr'><strong>noli</strong></span> <span class='ocrx_word' id='word_1_792' title='bbox 1573 1587 1726 1621; x_wconf 88' lang='lat' dir='ltr'><strong>delinquere</strong></span> 
     </span>
    </p>
   </div>
   <div class='ocr_carea' id='block_1_94' title="bbox 940 1633 1725 1673">
    <p class='ocr_par' dir='ltr' id='par_1_94' title="bbox 940 1633 1725 1673">
     <span class='ocr_line' id='line_1_95' title="bbox 940 1633 1725 1673; baseline -0.009 -8"><span class='ocrx_word' id='word_1_793' title='bbox 940 1639 967 1666; x_wconf 94' lang='lat' dir='ltr'><strong>in</strong></span> <span class='ocrx_word' id='word_1_794' title='bbox 980 1638 1068 1673; x_wconf 76' lang='lat' dir='ltr'><strong>lingua</strong></span> <span class='ocrx_word' id='word_1_795' title='bbox 1080 1643 1123 1664; x_wconf 89' lang='lat' dir='ltr'><strong>ttta</strong></span> <span class='ocrx_word' id='word_1_796' title='bbox 1139 1645 1145 1664; x_wconf 86' lang='lat'><strong>:</strong></span> <span class='ocrx_word' id='word_1_797' title='bbox 1162 1635 1295 1671; x_wconf 87' lang='lat' dir='ltr'><strong>perpende</strong></span> <span class='ocrx_word' id='word_1_798' title='bbox 1307 1634 1379 1669; x_wconf 85' lang='lat' dir='ltr'><strong>quod</strong></span> <span class='ocrx_word' id='word_1_799' title='bbox 1391 1633 1510 1661; x_wconf 91' lang='lat' dir='ltr'><strong>dicturus</strong></span> <span class='ocrx_word' id='word_1_800' title='bbox 1522 1641 1551 1660; x_wconf 94' lang='lat' dir='ltr'><strong>es</strong></span> <span class='ocrx_word' id='word_1_801' title='bbox 1562 1653 1570 1665; x_wconf 93' lang='lat'><strong>,</strong></span> <span class='ocrx_word' id='word_1_802' title='bbox 1584 1633 1704 1659; x_wconf 83' lang='lat' dir='ltr'><strong>examina</strong></span> <span class='ocrx_word' id='word_1_803' title='bbox 1716 1653 1725 1666; x_wconf 81' lang='lat'><strong>,</strong></span> 
     </span>
    </p>
   </div>
   <div class='ocr_carea' id='block_1_95' title="bbox 940 1677 1727 1714">
    <p class='ocr_par' dir='ltr' id='par_1_95' title="bbox 940 1677 1727 1714">
     <span class='ocr_line' id='line_1_96' title="bbox 940 1677 1727 1714; baseline -0.009 -3"><span class='ocrx_word' id='word_1_804' title='bbox 940 1684 1049 1711; x_wconf 87' lang='lat' dir='ltr'><strong>consule</strong></span> <span class='ocrx_word' id='word_1_805' title='bbox 1059 1683 1209 1710; x_wconf 88' lang='lat' dir='ltr'><strong>interiorem</strong></span> <span class='ocrx_word' id='word_1_806' title='bbox 1221 1681 1368 1712; x_wconf 85' lang='lat' dir='ltr'><strong>veritatem,</strong></span> <span class='ocrx_word' id='word_1_807' title='bbox 1379 1684 1406 1706; x_wconf 88' lang='lat' dir='ltr'><strong>et</strong></span> <span class='ocrx_word' id='word_1_808' title='bbox 1418 1679 1456 1705; x_wconf 91' lang='lat' dir='ltr'><strong>sic</strong></span> <span class='ocrx_word' id='word_1_809' title='bbox 1467 1677 1555 1714; x_wconf 82' lang='lat' dir='ltr'><strong>profer</strong></span> <span class='ocrx_word' id='word_1_810' title='bbox 1564 1678 1597 1705; x_wconf 89' lang='lat' dir='ltr'><strong>ad</strong></span> <span class='ocrx_word' id='word_1_811' title='bbox 1610 1678 1727 1705; x_wconf 76' lang='lat' dir='ltr'><strong>exterio-</strong></span> 
     </span>
    </p>
   </div>
   <div class='ocr_carea' id='block_1_96' title="bbox 940 1724 1724 1760">
    <p class='ocr_par' dir='ltr' id='par_1_96' title="bbox 940 1724 1724 1760">
     <span class='ocr_line' id='line_1_97' title="bbox 940 1724 1724 1760; baseline -0.01 -3"><span class='ocrx_word' id='word_1_812' title='bbox 940 1737 997 1757; x_wconf 86' lang='lat' dir='ltr'><strong>rem</strong></span> <span class='ocrx_word' id='word_1_813' title='bbox 1010 1729 1168 1756; x_wconf 88' lang='lat' dir='ltr'><strong>auditorem.</strong></span> <span class='ocrx_word' id='word_1_814' title='bbox 1183 1727 1285 1760; x_wconf 70' lang='lat' dir='ltr'><strong>Quzeris</strong></span> <span class='ocrx_word' id='word_1_815' title='bbox 1297 1726 1345 1752; x_wconf 89' lang='lat' dir='ltr'><strong>ista</strong></span> <span class='ocrx_word' id='word_1_816' title='bbox 1359 1725 1367 1741; x_wconf 81' lang='grc'>¹</span> <span class='ocrx_word' id='word_1_817' title='bbox 1380 1724 1534 1759; x_wconf 86' lang='lat' dir='ltr'><strong>plerumque</strong></span> <span class='ocrx_word' id='word_1_818' title='bbox 1547 1724 1572 1750; x_wconf 93' lang='lat' dir='ltr'><strong>in</strong></span> <span class='ocrx_word' id='word_1_819' title='bbox 1585 1724 1724 1758; x_wconf 84' lang='lat' dir='ltr'><strong>perturba-</strong></span> 
     </span>
    </p>
   </div>
   <div class='ocr_carea' id='block_1_97' title="bbox 942 1768 1726 1806">
    <p class='ocr_par' dir='ltr' id='par_1_97' title="bbox 942 1768 1726 1806">
     <span class='ocr_line' id='line_1_98' title="bbox 942 1768 1726 1806; baseline -0.01 -5"><span class='ocrx_word' id='word_1_820' title='bbox 942 1774 1012 1801; x_wconf 90' lang='lat' dir='ltr'><strong>tione</strong></span> <span class='ocrx_word' id='word_1_821' title='bbox 1032 1781 1137 1805; x_wconf 87' lang='lat' dir='ltr'><strong>rerum,</strong></span> <span class='ocrx_word' id='word_1_822' title='bbox 1160 1772 1185 1799; x_wconf 94' lang='lat' dir='ltr'><strong>iu</strong></span> <span class='ocrx_word' id='word_1_823' title='bbox 1205 1771 1377 1806; x_wconf 85' lang='lat' dir='ltr'><strong>occupatione</strong></span> <span class='ocrx_word' id='word_1_824' title='bbox 1394 1770 1561 1801; x_wconf 87' lang='lat' dir='ltr'><strong>animorum,</strong></span> <span class='ocrx_word' id='word_1_825' title='bbox 1586 1768 1647 1794; x_wconf 91' lang='lat' dir='ltr'><strong>dum</strong></span> <span class='ocrx_word' id='word_1_826' title='bbox 1671 1768 1726 1802; x_wconf 81' lang='lat' dir='ltr'><strong>ipsa</strong></span> 
     </span>
    </p>
   </div>
   <div class='ocr_carea' id='block_1_98' title="bbox 942 1813 1727 1852">
    <p class='ocr_par' dir='ltr' id='par_1_98' title="bbox 942 1813 1727 1852">
     <span class='ocr_line' id='line_1_99' title="bbox 942 1813 1727 1852; baseline -0.009 -6"><span class='ocrx_word' id='word_1_827' title='bbox 942 1819 1080 1846; x_wconf 87' lang='lat' dir='ltr'><strong>inlirmitas</strong></span> <span class='ocrx_word' id='word_1_828' title='bbox 1094 1818 1189 1845; x_wconf 69' lang='lat' dir='ltr'><strong>anima:</strong></span> <span class='ocrx_word' id='word_1_829' title='bbox 1199 1839 1206 1850; x_wconf 90' lang='lat'><strong>,</strong></span> <span class='ocrx_word' id='word_1_830' title='bbox 1232 1825 1310 1852; x_wconf 90' lang='lat' dir='ltr'><strong>quam</strong></span> <span class='ocrx_word' id='word_1_831' title='bbox 1324 1820 1447 1851; x_wconf 78' lang='lat' dir='ltr'><strong>aggravat</strong></span> <span class='ocrx_word' id='word_1_832' title='bbox 1469 1821 1566 1849; x_wconf 90' lang='lat' dir='ltr'><strong>corpus</strong></span> <span class='ocrx_word' id='word_1_833' title='bbox 1580 1813 1650 1848; x_wconf 93' lang='lat' dir='ltr'><strong>quod</strong></span> <span class='ocrx_word' id='word_1_834' title='bbox 1666 1821 1727 1840; x_wconf 88' lang='lat' dir='ltr'><strong>cor-</strong></span> 
     </span>
    </p>
   </div>
   <div class='ocr_carea' id='block_1_99' title="bbox 942 1857 1725 1899">
    <p class='ocr_par' dir='ltr' id='par_1_99' title="bbox 942 1857 1725 1899">
     <span class='ocr_line' id='line_1_100' title="bbox 942 1857 1725 1899; baseline -0.011 -7"><span class='ocrx_word' id='word_1_835' title='bbox 942 1865 1087 1899; x_wconf 82' lang='lat' dir='ltr'><strong>rumpitur,</strong></span> <span class='ocrx_word' id='word_1_836' title='bbox 1103 1868 1130 1890; x_wconf 90' lang='lat' dir='ltr'><strong>et</strong></span> <span class='ocrx_word' id='word_1_837' title='bbox 1144 1861 1236 1889; x_wconf 87' lang='lat' dir='ltr'><strong>audire</strong></span> <span class='ocrx_word' id='word_1_838' title='bbox 1249 1861 1306 1888; x_wconf 89' lang='lat' dir='ltr'><strong>vttlt</strong></span> <span class='ocrx_word' id='word_1_839' title='bbox 1321 1868 1347 1888; x_wconf 87' lang='lat' dir='ltr'><strong>et</strong></span> <span class='ocrx_word' id='word_1_840' title='bbox 1359 1861 1461 1892; x_wconf 85' lang='lat' dir='ltr'><strong>dicere,</strong></span> <span class='ocrx_word' id='word_1_841' title='bbox 1476 1859 1567 1886; x_wconf 88' lang='lat' dir='ltr'><strong>audire</strong></span> <span class='ocrx_word' id='word_1_842' title='bbox 1581 1859 1650 1885; x_wconf 89' lang='lat' dir='ltr'><strong>intus</strong></span> <span class='ocrx_word' id='word_1_843' title='bbox 1660 1879 1667 1891; x_wconf 87' lang='lat'><strong>,</strong></span> <span class='ocrx_word' id='word_1_844' title='bbox 1683 1857 1725 1884; x_wconf 84' lang='lat' dir='ltr'><strong>di-</strong></span> 
     </span>
    </p>
   </div>
   <div class='ocr_carea' id='block_1_100' title="bbox 941 1903 1727 1944">
    <p class='ocr_par' dir='ltr' id='par_1_100' title="bbox 941 1903 1727 1944">
     <span class='ocr_line' id='line_1_101' title="bbox 941 1903 1727 1944; baseline -0.011 -5"><span class='ocrx_word' id='word_1_845' title='bbox 941 1920 1002 1939; x_wconf 86' lang='lat' dir='ltr'><strong>cere</strong></span> <span class='ocrx_word' id='word_1_846' title='bbox 1017 1910 1097 1941; x_wconf 84' lang='lat' dir='ltr'><strong>l&#39;oris,</strong></span> <span class='ocrx_word' id='word_1_847' title='bbox 1112 1908 1252 1944; x_wconf 82' lang='lat' dir='ltr'><strong>aliquando</strong></span> <span class='ocrx_word' id='word_1_848' title='bbox 1269 1906 1418 1942; x_wconf 87' lang='lat' dir='ltr'><strong>perturbata</strong></span> <span class='ocrx_word' id='word_1_849' title='bbox 1431 1905 1518 1932; x_wconf 88' lang='lat' dir='ltr'><strong>studio</strong></span> <span class='ocrx_word' id='word_1_850' title='bbox 1533 1904 1638 1931; x_wconf 86' lang='lat' dir='ltr'><strong>dicendi</strong></span> <span class='ocrx_word' id='word_1_851' title='bbox 1651 1924 1659 1937; x_wconf 90' lang='lat'><strong>,</strong></span> <span class='ocrx_word' id='word_1_852' title='bbox 1679 1903 1727 1930; x_wconf 92' lang='lat' dir='ltr'><strong>de-</strong></span> 
     </span>
    </p>
   </div>
   <div class='ocr_carea' id='block_1_101' title="bbox 943 1948 1729 1990">
    <p class='ocr_par' dir='ltr' id='par_1_101' title="bbox 943 1948 1729 1990">
     <span class='ocr_line' id='line_1_102' title="bbox 943 1948 1729 1990; baseline -0.013 -6"><span class='ocrx_word' id='word_1_853' title='bbox 943 1957 998 1984; x_wconf 86' lang='lat' dir='ltr'><strong>licit</strong></span> <span class='ocrx_word' id='word_1_854' title='bbox 1011 1955 1171 1990; x_wconf 82' lang='lat' dir='ltr'><strong>indiligentia</strong></span> <span class='ocrx_word' id='word_1_855' title='bbox 1182 1954 1192 1969; x_wconf 69' lang='grc'>⁸</span> <span class='ocrx_word' id='word_1_856' title='bbox 1206 1951 1364 1988; x_wconf 79' lang='lat' dir='ltr'><strong>agnoscendi</strong></span> <span class='ocrx_word' id='word_1_857' title='bbox 1381 1960 1387 1978; x_wconf 89' lang='lat'><strong>:</strong></span> <span class='ocrx_word' id='word_1_858' title='bbox 1404 1956 1429 1977; x_wconf 88' lang='lat' dir='ltr'><strong>et</strong></span> <span class='ocrx_word' id='word_1_859' title='bbox 1451 1950 1477 1977; x_wconf 88' lang='lat' dir='ltr'><strong>itt</strong></span> <span class='ocrx_word' id='word_1_860' title='bbox 1491 1949 1532 1976; x_wconf 88' lang='lat' dir='ltr'><strong>his</strong></span> <span class='ocrx_word' id='word_1_861' title='bbox 1544 1949 1608 1976; x_wconf 87' lang='lat' dir='ltr'><strong>dicit</strong></span> <span class='ocrx_word' id='word_1_862' title='bbox 1629 1948 1729 1983; x_wconf 88' lang='lat' dir='ltr'><strong>aliquid</strong></span> 
     </span>
    </p>
   </div>
   <div class='ocr_carea' id='block_1_102' title="bbox 943 1995 1730 2039">
    <p class='ocr_par' dir='ltr' id='par_1_102' title="bbox 943 1995 1730 2039">
     <span class='ocr_line' id='line_1_103' title="bbox 943 1995 1730 2039; baseline -0.009 -11"><span class='ocrx_word' id='word_1_863' title='bbox 943 2003 1011 2039; x_wconf 84' lang='lat' dir='ltr'><strong>quod</strong></span> <span class='ocrx_word' id='word_1_864' title='bbox 1035 2001 1102 2029; x_wconf 82' lang='lat' dir='ltr'><strong>forte</strong></span> <span class='ocrx_word' id='word_1_865' title='bbox 1117 2008 1168 2027; x_wconf 92' lang='lat' dir='ltr'><strong>non</strong></span> <span class='ocrx_word' id='word_1_866' title='bbox 1189 2004 1258 2027; x_wconf 88' lang='lat' dir='ltr'><strong>esset</strong></span> <span class='ocrx_word' id='word_1_867' title='bbox 1277 1997 1429 2026; x_wconf 90' lang='lat' dir='ltr'><strong>dicendum.</strong></span> <span class='ocrx_word' id='word_1_868' title='bbox 1454 1997 1550 2024; x_wconf 84' lang='lat' dir='ltr'><strong>Contra</strong></span> <span class='ocrx_word' id='word_1_869' title='bbox 1566 1995 1622 2023; x_wconf 74' lang='lat' dir='ltr'><strong>hmc</strong></span> <span class='ocrx_word' id='word_1_870' title='bbox 1641 2002 1730 2022; x_wconf 69' lang='lat' dir='ltr'><strong>remeo</strong></span> 
     </span>
    </p>
   </div>
   <div class='ocr_carea' id='block_1_103' title="bbox 943 2043 1729 2077">
    <p class='ocr_par' dir='ltr' id='par_1_103' title="bbox 943 2043 1729 2077">
     <span class='ocr_line' id='line_1_104' title="bbox 943 2043 1729 2077; baseline -0.011 -1"><span class='ocrx_word' id='word_1_871' title='bbox 943 2049 1013 2076; x_wconf 89' lang='lat' dir='ltr'><strong>dium</strong></span> <span class='ocrx_word' id='word_1_872' title='bbox 1029 2048 1125 2075; x_wconf 87' lang='lat' dir='ltr'><strong>melius</strong></span> <span class='ocrx_word' id='word_1_873' title='bbox 1139 2051 1179 2074; x_wconf 84' lang='lat' dir='ltr'><strong>est</strong></span> <span class='ocrx_word' id='word_1_874' title='bbox 1192 2045 1335 2073; x_wconf 89' lang='lat' dir='ltr'><strong>silentium.</strong></span> <span class='ocrx_word' id='word_1_875' title='bbox 1349 2043 1407 2071; x_wconf 89' lang='lat' dir='ltr'><strong>Stat</strong></span> <span class='ocrx_word' id='word_1_876' title='bbox 1419 2043 1490 2070; x_wconf 89' lang='lat' dir='ltr'><strong>enim</strong></span> <span class='ocrx_word' id='word_1_877' title='bbox 1512 2046 1651 2077; x_wconf 85' lang='lat' dir='ltr'><strong>peccator,</strong></span> <span class='ocrx_word' id='word_1_878' title='bbox 1666 2048 1729 2075; x_wconf 87' lang='lat' dir='ltr'><strong>pro-</strong></span> 
     </span>
    </p>
   </div>
   <div class='ocr_carea' id='block_1_104' title="bbox 945 2087 1731 2130">
    <p class='ocr_par' dir='ltr' id='par_1_104' title="bbox 945 2087 1731 2130">
     <span class='ocr_line' id='line_1_105' title="bbox 945 2087 1731 2130; baseline -0.011 -8"><span class='ocrx_word' id='word_1_879' title='bbox 945 2095 999 2130; x_wconf 89' lang='lat' dir='ltr'><strong>pria</strong></span> <span class='ocrx_word' id='word_1_880' title='bbox 1013 2093 1124 2130; x_wconf 88' lang='lat' dir='ltr'><strong>quadam</strong></span> <span class='ocrx_word' id='word_1_881' title='bbox 1136 2096 1196 2119; x_wconf 86' lang='lat' dir='ltr'><strong>uota</strong></span> <span class='ocrx_word' id='word_1_882' title='bbox 1212 2096 1344 2126; x_wconf 87' lang='lat' dir='ltr'><strong>peccator,</strong></span> <span class='ocrx_word' id='word_1_883' title='bbox 1359 2089 1489 2125; x_wconf 81' lang='lat' dir='ltr'><strong>superbus</strong></span> <span class='ocrx_word' id='word_1_884' title='bbox 1501 2089 1639 2123; x_wconf 68' lang='lat' dir='ltr'><strong>quisquam</strong></span> <span class='ocrx_word' id='word_1_885' title='bbox 1652 2093 1678 2114; x_wconf 88' lang='lat' dir='ltr'><strong>et</strong></span> <span class='ocrx_word' id='word_1_886' title='bbox 1690 2087 1731 2114; x_wconf 89' lang='lat' dir='ltr'><strong>in-</strong></span> 
     </span>
    </p>
   </div>
   <div class='ocr_carea' id='block_1_105' title="bbox 943 2132 1730 2173">
    <p class='ocr_par' dir='ltr' id='par_1_105' title="bbox 943 2132 1730 2173">
     <span class='ocr_line' id='line_1_106' title="bbox 943 2132 1730 2173; baseline -0.011 -5"><span class='ocrx_word' id='word_1_887' title='bbox 943 2140 1034 2173; x_wconf 85' lang='lat' dir='ltr'><strong>\‘idus;</strong></span> <span class='ocrx_word' id='word_1_888' title='bbox 1049 2139 1121 2166; x_wconf 90' lang='lat' dir='ltr'><strong>audit</strong></span> <span class='ocrx_word' id='word_1_889' title='bbox 1139 2138 1288 2172; x_wconf 88' lang='lat' dir='ltr'><strong>loquentem</strong></span> <span class='ocrx_word' id='word_1_890' title='bbox 1305 2135 1500 2162; x_wconf 84' lang='lat' dir='ltr'><strong>transilientem</strong></span> <span class='ocrx_word' id='word_1_891' title='bbox 1512 2154 1518 2166; x_wconf 95' lang='lat'><strong>,</strong></span> <span class='ocrx_word' id='word_1_892' title='bbox 1535 2138 1621 2168; x_wconf 91' lang='lat' dir='ltr'><strong>captat</strong></span> <span class='ocrx_word' id='word_1_893' title='bbox 1638 2132 1730 2165; x_wconf 81' lang='lat' dir='ltr'><strong>verba,</strong></span> 
     </span>
    </p>
   </div>
   <div class='ocr_carea' id='block_1_106' title="bbox 945 2178 1731 2223">
    <p class='ocr_par' dir='ltr' id='par_1_106' title="bbox 945 2178 1731 2223">
     <span class='ocr_line' id='line_1_107' title="bbox 945 2178 1731 2223; baseline -0.013 -10"><span class='ocrx_word' id='word_1_894' title='bbox 945 2186 1068 2223; x_wconf 76' lang='lat' dir='ltr'><strong>pl‘OpOllll</strong></span> <span class='ocrx_word' id='word_1_895' title='bbox 1079 2185 1204 2219; x_wconf 88' lang='lat' dir='ltr'><strong>laqueos;</strong></span> <span class='ocrx_word' id='word_1_896' title='bbox 1219 2181 1325 2209; x_wconf 79' lang='lat' dir='ltr'><strong>difﬁcile</strong></span> <span class='ocrx_word' id='word_1_897' title='bbox 1335 2186 1376 2209; x_wconf 88' lang='lat' dir='ltr'><strong>est</strong></span> <span class='ocrx_word' id='word_1_898' title='bbox 1391 2186 1419 2208; x_wconf 92' lang='lat' dir='ltr'><strong>ut</strong></span> <span class='ocrx_word' id='word_1_899' title='bbox 1434 2188 1486 2207; x_wconf 88' lang='lat' dir='ltr'><strong>tton</strong></span> <span class='ocrx_word' id='word_1_900' title='bbox 1503 2179 1620 2206; x_wconf 83' lang='lat' dir='ltr'><strong>inveniat</strong></span> <span class='ocrx_word' id='word_1_901' title='bbox 1633 2178 1731 2212; x_wconf 89' lang='lat' dir='ltr'><strong>aliquid</strong></span> 
     </span>
    </p>
   </div>
   <div class='ocr_carea' id='block_1_107' title="bbox 945 2223 1732 2262">
    <p class='ocr_par' dir='ltr' id='par_1_107' title="bbox 945 2223 1732 2262">
     <span class='ocr_line' id='line_1_108' title="bbox 945 2223 1732 2262; baseline -0.014 -2"><span class='ocrx_word' id='word_1_902' title='bbox 945 2242 996 2260; x_wconf 90' lang='lat' dir='ltr'><strong>non</strong></span> <span class='ocrx_word' id='word_1_903' title='bbox 1006 2233 1040 2259; x_wconf 87' lang='lat' dir='ltr'><strong>ita</strong></span> <span class='ocrx_word' id='word_1_904' title='bbox 1050 2231 1160 2262; x_wconf 87' lang='lat' dir='ltr'><strong>dictum,</strong></span> <span class='ocrx_word' id='word_1_905' title='bbox 1175 2233 1203 2255; x_wconf 92' lang='lat' dir='ltr'><strong>ut</strong></span> <span class='ocrx_word' id='word_1_906' title='bbox 1214 2227 1266 2255; x_wconf 90' lang='lat' dir='ltr'><strong>dici</strong></span> <span class='ocrx_word' id='word_1_907' title='bbox 1280 2227 1416 2255; x_wconf 89' lang='lat' dir='ltr'><strong>debuisset</strong></span> <span class='ocrx_word' id='word_1_908' title='bbox 1430 2235 1437 2253; x_wconf 92' lang='lat'>:</span> <span class='ocrx_word' id='word_1_909' title='bbox 1453 2233 1501 2253; x_wconf 88' lang='lat' dir='ltr'><strong>nec</strong></span> <span class='ocrx_word' id='word_1_910' title='bbox 1512 2223 1644 2252; x_wconf 86' lang='lat' dir='ltr'><strong>audiendo</strong></span> <span class='ocrx_word' id='word_1_911' title='bbox 1658 2223 1732 2258; x_wconf 77' lang='lat' dir='ltr'><strong>igno-</strong></span> 
     </span>
    </p>
   </div>
   <div class='ocr_carea' id='block_1_108' title="bbox 945 2268 1733 2310">
    <p class='ocr_par' dir='ltr' id='par_1_108' title="bbox 945 2268 1733 2310">
     <span class='ocr_line' id='line_1_109' title="bbox 945 2268 1733 2310; baseline -0.013 -5"><span class='ocrx_word' id='word_1_912' title='bbox 945 2279 1010 2310; x_wconf 87' lang='lat' dir='ltr'><strong>scit,</strong></span> <span class='ocrx_word' id='word_1_913' title='bbox 1027 2276 1072 2304; x_wconf 87' lang='lat' dir='ltr'><strong>sed</strong></span> <span class='ocrx_word' id='word_1_914' title='bbox 1087 2275 1261 2303; x_wconf 86' lang='lat' dir='ltr'><strong>calumniatur</strong></span> <span class='ocrx_word' id='word_1_915' title='bbox 1277 2274 1429 2301; x_wconf 86' lang='lat' dir='ltr'><strong>invidendo.</strong></span> <span class='ocrx_word' id='word_1_916' title='bbox 1446 2271 1543 2299; x_wconf 85' lang='lat' dir='ltr'><strong>Contra</strong></span> <span class='ocrx_word' id='word_1_917' title='bbox 1559 2271 1607 2297; x_wconf 86' lang='lat' dir='ltr'><strong>hos</strong></span> <span class='ocrx_word' id='word_1_918' title='bbox 1622 2270 1671 2297; x_wconf 85' lang='lat' dir='ltr'><strong>iste</strong></span> <span class='ocrx_word' id='word_1_919' title='bbox 1685 2268 1733 2296; x_wconf 87' lang='lat' dir='ltr'><strong>ldi-</strong></span> 
     </span>
    </p>
   </div>
   <div class='ocr_carea' id='block_1_109' title="bbox 946 2316 1733 2353">
    <p class='ocr_par' dir='ltr' id='par_1_109' title="bbox 946 2316 1733 2353">
     <span class='ocr_line' id='line_1_110' title="bbox 946 2316 1733 2353; baseline -0.014 -2"><span class='ocrx_word' id='word_1_920' title='bbox 946 2319 1010 2352; x_wconf 85' lang='lat' dir='ltr'><strong>thun</strong></span> <span class='ocrx_word' id='word_1_921' title='bbox 1032 2322 1182 2350; x_wconf 84' lang='lat' dir='ltr'><strong>transiliens</strong></span> <span class='ocrx_word' id='word_1_922' title='bbox 1195 2328 1241 2348; x_wconf 87' lang='lat' dir='ltr'><strong>cos</strong></span> <span class='ocrx_word' id='word_1_923' title='bbox 1250 2320 1329 2347; x_wconf 86' lang='lat' dir='ltr'><strong>silere</strong></span> <span class='ocrx_word' id='word_1_924' title='bbox 1344 2319 1494 2353; x_wconf 77' lang='lat' dir='ltr'><strong>delegerat;</strong></span> <span class='ocrx_word' id='word_1_925' title='bbox 1511 2316 1580 2343; x_wconf 92' lang='lat' dir='ltr'><strong>unde</strong></span> <span class='ocrx_word' id='word_1_926' title='bbox 1593 2316 1628 2342; x_wconf 91' lang='lat' dir='ltr'><strong>ita</strong></span> <span class='ocrx_word' id='word_1_927' title='bbox 1641 2319 1733 2342; x_wconf 85' lang='lat' dir='ltr'><strong>canta-</strong></span> 
     </span>
    </p>
   </div>
   <div class='ocr_carea' id='block_1_110' title="bbox 946 2360 1728 2400">
    <p class='ocr_par' dir='ltr' id='par_1_110' title="bbox 946 2360 1728 2400">
     <span class='ocr_line' id='line_1_111' title="bbox 946 2360 1728 2400; baseline -0.015 -3"><span class='ocrx_word' id='word_1_928' title='bbox 946 2370 983 2397; x_wconf 77' lang='lat' dir='ltr'><strong>vit</strong></span> <span class='ocrx_word' id='word_1_929' title='bbox 1000 2378 1006 2397; x_wconf 91' lang='lat'>:</span> <span class='ocrx_word' id='word_1_930' title='bbox 1019 2368 1089 2400; x_wconf 73' lang='lat' dir='ltr'><strong>Dixi,</strong></span> <span class='ocrx_word' id='word_1_931' title='bbox 1103 2366 1248 2395; x_wconf 75' lang='lat' dir='ltr'><strong>Custodiam</strong></span> <span class='ocrx_word' id='word_1_932' title='bbox 1268 2365 1320 2392; x_wconf 79' lang='lat' dir='ltr'><strong>vius</strong></span> <span class='ocrx_word' id='word_1_933' title='bbox 1339 2373 1421 2397; x_wconf 80' lang='lat' dir='ltr'><strong>meas,</strong></span> <span class='ocrx_word' id='word_1_934' title='bbox 1442 2367 1468 2389; x_wconf 88' lang='lat' dir='ltr'><strong>ut</strong></span> <span class='ocrx_word' id='word_1_935' title='bbox 1482 2370 1530 2388; x_wconf 86' lang='lat' dir='ltr'><strong>non</strong></span> <span class='ocrx_word' id='word_1_936' title='bbox 1546 2361 1689 2395; x_wconf 77' lang='lat' dir='ltr'><strong>delinquant</strong></span> <span class='ocrx_word' id='word_1_937' title='bbox 1702 2360 1728 2387; x_wconf 78' lang='lat' dir='ltr'><strong>in</strong></span> 
     </span>
    </p>
   </div>
   <div class='ocr_carea' id='block_1_111' title="bbox 947 2407 1732 2451">
    <p class='ocr_par' dir='ltr' id='par_1_111' title="bbox 947 2407 1732 2451">
     <span class='ocr_line' id='line_1_112' title="bbox 947 2407 1732 2451; baseline -0.014 -8"><span class='ocrx_word' id='word_1_938' title='bbox 947 2417 1034 2451; x_wconf 86' lang='lat' dir='ltr'><strong>lingua</strong></span> <span class='ocrx_word' id='word_1_939' title='bbox 1041 2422 1105 2441; x_wconf 88' lang='lat' dir='ltr'><strong>mea.</strong></span> <span class='ocrx_word' id='word_1_940' title='bbox 1118 2412 1248 2447; x_wconf 82' lang='lat' dir='ltr'><strong>Quamdiu</strong></span> <span class='ocrx_word' id='word_1_941' title='bbox 1256 2411 1345 2447; x_wconf 87' lang='lat' dir='ltr'><strong>capior</strong></span> <span class='ocrx_word' id='word_1_942' title='bbox 1353 2417 1367 2436; x_wconf 93' lang='lat' dir='ltr'><strong>a</strong></span> <span class='ocrx_word' id='word_1_943' title='bbox 1378 2407 1559 2440; x_wconf 85' lang='lat' dir='ltr'><strong>calumniosis,</strong></span> <span class='ocrx_word' id='word_1_944' title='bbox 1574 2411 1620 2433; x_wconf 88' lang='lat' dir='ltr'><strong>aut</strong></span> <span class='ocrx_word' id='word_1_945' title='bbox 1629 2410 1732 2440; x_wconf 89' lang='lat' dir='ltr'><strong>captor,</strong></span> 
     </span>
    </p>
   </div>
   <div class='ocr_carea' id='block_1_112' title="bbox 947 2452 1736 2495">
    <p class='ocr_par' dir='ltr' id='par_1_112' title="bbox 947 2452 1736 2495">
     <span class='ocr_line' id='line_1_113' title="bbox 947 2452 1736 2495; baseline -0.015 -5"><span class='ocrx_word' id='word_1_946' title='bbox 947 2467 974 2490; x_wconf 88' lang='lat' dir='ltr'><strong>ct</strong></span> <span class='ocrx_word' id='word_1_947' title='bbox 988 2462 1009 2489; x_wconf 90' lang='lat' dir='ltr'><strong>si</strong></span> <span class='ocrx_word' id='word_1_948' title='bbox 1025 2469 1076 2489; x_wconf 90' lang='lat' dir='ltr'><strong>non</strong></span> <span class='ocrx_word' id='word_1_949' title='bbox 1090 2460 1198 2495; x_wconf 82' lang='lat' dir='ltr'><strong>capior,</strong></span> <span class='ocrx_word' id='word_1_950' title='bbox 1213 2457 1360 2486; x_wconf 83' lang='lat' dir='ltr'><strong>Custodiam</strong></span> <span class='ocrx_word' id='word_1_951' title='bbox 1377 2456 1430 2482; x_wconf 80' lang='lat' dir='ltr'><strong>uias</strong></span> <span class='ocrx_word' id='word_1_952' title='bbox 1443 2462 1526 2486; x_wconf 67' lang='lat' dir='ltr'><strong>ineas,</strong></span> <span class='ocrx_word' id='word_1_953' title='bbox 1549 2457 1575 2480; x_wconf 81' lang='lat' dir='ltr'><strong>ut</strong></span> <span class='ocrx_word' id='word_1_954' title='bbox 1588 2461 1638 2479; x_wconf 87' lang='lat' dir='ltr'><strong>non</strong></span> <span class='ocrx_word' id='word_1_955' title='bbox 1654 2452 1736 2479; x_wconf 80' lang='lat' dir='ltr'><strong>delin-</strong></span> 
     </span>
    </p>
   </div>
   <div class='ocr_carea' id='block_1_113' title="bbox 948 2498 1736 2546">
    <p class='ocr_par' dir='ltr' id='par_1_113' title="bbox 948 2498 1736 2546">
     <span class='ocr_line' id='line_1_114' title="bbox 948 2498 1736 2546; baseline -0.015 -10"><span class='ocrx_word' id='word_1_956' title='bbox 948 2518 1024 2546; x_wconf 81' lang='lat' dir='ltr'><strong>quant</strong></span> <span class='ocrx_word' id='word_1_957' title='bbox 1042 2508 1069 2535; x_wconf 85' lang='lat' dir='ltr'><strong>in</strong></span> <span class='ocrx_word' id='word_1_958' title='bbox 1083 2506 1170 2542; x_wconf 86' lang='lat' dir='ltr'><strong>lingua</strong></span> <span class='ocrx_word' id='word_1_959' title='bbox 1182 2513 1247 2532; x_wconf 84' lang='lat' dir='ltr'><strong>mea.</strong></span> <span class='ocrx_word' id='word_1_960' title='bbox 1261 2502 1386 2537; x_wconf 85' lang='lat' dir='ltr'><strong>Quamvis</strong></span> <span class='ocrx_word' id='word_1_961' title='bbox 1400 2499 1569 2528; x_wconf 89' lang='lat' dir='ltr'><strong>transilicrim</strong></span> <span class='ocrx_word' id='word_1_962' title='bbox 1583 2498 1736 2526; x_wconf 86' lang='lat' dir='ltr'><strong>delectatio-</strong></span> 
     </span>
    </p>
   </div>
   <div class='ocr_carea' id='block_1_114' title="bbox 949 2544 1736 2587">
    <p class='ocr_par' dir='ltr' id='par_1_114' title="bbox 949 2544 1736 2587">
     <span class='ocr_line' id='line_1_115' title="bbox 949 2544 1736 2587; baseline -0.019 -3"><span class='ocrx_word' id='word_1_963' title='bbox 949 2544 997 2584; x_wconf 83' lang='lat' dir='ltr'><strong>nes</strong></span> <span class='ocrx_word' id='word_1_964' title='bbox 1011 2559 1128 2582; x_wconf 86' lang='lat' dir='ltr'><strong>terrenas</strong></span> <span class='ocrx_word' id='word_1_965' title='bbox 1139 2573 1147 2585; x_wconf 93' lang='lat'><strong>,</strong></span> <span class='ocrx_word' id='word_1_966' title='bbox 1162 2551 1282 2587; x_wconf 88' lang='lat' dir='ltr'><strong>quamvis</strong></span> <span class='ocrx_word' id='word_1_967' title='bbox 1295 2556 1348 2575; x_wconf 85' lang='lat' dir='ltr'><strong>non</strong></span> <span class='ocrx_word' id='word_1_968' title='bbox 1363 2555 1405 2575; x_wconf 88' lang='lat' dir='ltr'><strong>me</strong></span> <span class='ocrx_word' id='word_1_969' title='bbox 1424 2546 1530 2580; x_wconf 83' lang='lat' dir='ltr'><strong>capiant</strong></span> <span class='ocrx_word' id='word_1_970' title='bbox 1551 2544 1736 2579; x_wconf 88' lang='lat' dir='ltr'><strong>temporalium</strong></span> 
     </span>
    </p>
   </div>
   <div class='ocr_carea' id='block_1_115' title="bbox 949 2586 1735 2631">
    <p class='ocr_par' dir='ltr' id='par_1_115' title="bbox 949 2586 1735 2631">
     <span class='ocr_line' id='line_1_116' title="bbox 949 2586 1735 2631; baseline -0.019 -1"><span class='ocrx_word' id='word_1_971' title='bbox 949 2609 1038 2631; x_wconf 87' lang='lat' dir='ltr'><strong>rerum</strong></span> <span class='ocrx_word' id='word_1_972' title='bbox 1049 2599 1154 2628; x_wconf 79' lang='lat' dir='ltr'><strong>volatici</strong></span> <span class='ocrx_word' id='word_1_973' title='bbox 1170 2597 1279 2625; x_wconf 79' lang='lat' dir='ltr'><strong>affectus</strong></span> <span class='ocrx_word' id='word_1_974' title='bbox 1290 2616 1298 2628; x_wconf 81' lang='lat'><strong>,</strong></span> <span class='ocrx_word' id='word_1_975' title='bbox 1313 2586 1433 2630; x_wconf 84' lang='lat' dir='ltr'><strong>quamvis</strong></span> <span class='ocrx_word' id='word_1_976' title='bbox 1440 2593 1494 2629; x_wconf 85' lang='lat' dir='ltr'><strong>jam</strong></span> <span class='ocrx_word' id='word_1_977' title='bbox 1510 2592 1567 2619; x_wconf 76' lang='lat' dir='ltr'><strong>[nec</strong></span> <span class='ocrx_word' id='word_1_978' title='bbox 1582 2588 1735 2629; x_wconf 77' lang='lat' dir='ltr'><strong>itnadespi-</strong></span> 
     </span>
    </p>
   </div>
   <div class='ocr_carea' id='block_1_116' title="bbox 950 2639 1738 2679">
    <p class='ocr_par' dir='ltr' id='par_1_116' title="bbox 950 2639 1738 2679">
     <span class='ocr_line' id='line_1_117' title="bbox 950 2639 1738 2679; baseline -0.019 -3"><span class='ocrx_word' id='word_1_979' title='bbox 950 2649 1035 2679; x_wconf 87' lang='lat' dir='ltr'><strong>ciam,</strong></span> <span class='ocrx_word' id='word_1_980' title='bbox 1049 2651 1076 2674; x_wconf 87' lang='lat' dir='ltr'><strong>et</strong></span> <span class='ocrx_word' id='word_1_981' title='bbox 1085 2645 1119 2672; x_wconf 90' lang='lat' dir='ltr'><strong>ad</strong></span> <span class='ocrx_word' id='word_1_982' title='bbox 1135 2644 1245 2672; x_wconf 86' lang='lat' dir='ltr'><strong>meliora</strong></span> <span class='ocrx_word' id='word_1_983' title='bbox 1263 2648 1438 2676; x_wconf 80' lang='lat' dir='ltr'><strong>consurgam;</strong></span> <span class='ocrx_word' id='word_1_984' title='bbox 1455 2640 1480 2666; x_wconf 94' lang='lat' dir='ltr'><strong>in</strong></span> <span class='ocrx_word' id='word_1_985' title='bbox 1495 2639 1557 2673; x_wconf 83' lang='lat' dir='ltr'><strong>ipsis</strong></span> <span class='ocrx_word' id='word_1_986' title='bbox 1578 2643 1665 2664; x_wconf 88' lang='lat' dir='ltr'><strong>tamen</strong></span> <span class='ocrx_word' id='word_1_987' title='bbox 1679 2642 1738 2662; x_wconf 81' lang='lat' dir='ltr'><strong>me-</strong></span> 
     </span>
    </p>
   </div>
   <div class='ocr_carea' id='block_1_117' title="bbox 951 2684 1735 2722">
    <p class='ocr_par' dir='ltr' id='par_1_117' title="bbox 951 2684 1735 2722">
     <span class='ocr_line' id='line_1_118' title="bbox 951 2684 1735 2722; baseline -0.019 0"><span class='ocrx_word' id='word_1_988' title='bbox 951 2694 1060 2722; x_wconf 90' lang='lat' dir='ltr'><strong>lioribus</strong></span> <span class='ocrx_word' id='word_1_989' title='bbox 1083 2690 1180 2719; x_wconf 80' lang='lat' dir='ltr'><strong>suflicit</strong></span> <span class='ocrx_word' id='word_1_990' title='bbox 1201 2688 1267 2716; x_wconf 81' lang='lat' dir='ltr'><strong>milli</strong></span> <span class='ocrx_word' id='word_1_991' title='bbox 1286 2687 1427 2715; x_wconf 87' lang='lat' dir='ltr'><strong>delectatio</strong></span> <span class='ocrx_word' id='word_1_992' title='bbox 1446 2684 1623 2720; x_wconf 74' lang='lat' dir='ltr'><strong>intelligentia:</strong></span> <span class='ocrx_word' id='word_1_993' title='bbox 1645 2689 1735 2709; x_wconf 87' lang='lat' dir='ltr'><strong>coram</strong></span> 
     </span>
    </p>
   </div>
   <div class='ocr_carea' id='block_1_118' title="bbox 984 2745 1738 2784">
    <p class='ocr_par' dir='ltr' id='par_1_118' title="bbox 984 2745 1738 2784">
     <span class='ocr_line' id='line_1_119' title="bbox 984 2745 1738 2784; baseline -0.02 0"><span class='ocrx_word' id='word_1_994' title='bbox 984 2761 992 2776; x_wconf 85' lang='grc'>¹</span> <span class='ocrx_word' id='word_1_995' title='bbox 1005 2759 1042 2784; x_wconf 87' lang='lat' dir='ltr'><strong>sic</strong></span> <span class='ocrx_word' id='word_1_996' title='bbox 1059 2757 1115 2782; x_wconf 81' lang='lat' dir='ltr'><strong>Edd.</strong></span> <span class='ocrx_word' id='word_1_997' title='bbox 1134 2759 1161 2781; x_wconf 82' lang='lat' dir='ltr'><strong>At</strong></span> <span class='ocrx_word' id='word_1_998' title='bbox 1170 2761 1255 2781; x_wconf 85' lang='lat' dir='ltr'><strong>omnes</strong></span> <span class='ocrx_word' id='word_1_999' title='bbox 1270 2758 1333 2783; x_wconf 68' lang='lat' dir='ltr'><strong>Mss,</strong></span> <span class='ocrx_word' id='word_1_1000' title='bbox 1344 2752 1399 2783; x_wconf 76' lang='lat' dir='ltr'><strong>(tuis</strong></span> <span class='ocrx_word' id='word_1_1001' title='bbox 1409 2753 1455 2778; x_wconf 66' lang='lat' dir='ltr'><strong>ista</strong></span> <span class='ocrx_word' id='word_1_1002' title='bbox 1469 2751 1551 2784; x_wconf 16' lang='lat' dir='ltr'><strong>:‘forte</strong></span> <span class='ocrx_word' id='word_1_1003' title='bbox 1562 2756 1613 2780; x_wconf 83' lang='lat' dir='ltr'><strong>pro,</strong></span> <span class='ocrx_word' id='word_1_1004' title='bbox 1622 2745 1738 2784; x_wconf 29' lang='lat' dir='ltr'><strong>[Quamvis</strong></span> 
     </span>
    </p>
   </div>
   <div class='ocr_carea' id='block_1_119' title="bbox 951 2777 1790 2820">
    <p class='ocr_par' dir='ltr' id='par_1_119' title="bbox 951 2777 1790 2820">
     <span class='ocr_line' id='line_1_120' title="bbox 951 2777 1790 2820; baseline -0.018 -4"><span class='ocrx_word' id='word_1_1005' title='bbox 951 2777 1119 2820; x_wconf 45' lang='grc' dir='ltr'><strong>ἱειαίέἶεῗῖιὶ</strong></span> <span class='ocrx_word' id='word_1_1006' title='bbox 1127 2777 1254 2813; x_wconf 43' lang='lat' dir='ltr'><strong>gratiis?</strong></span> <span class='ocrx_word' id='word_1_1007' title='bbox 1262 2777 1361 2810; x_wconf 23' lang='lat' dir='ltr'><strong>adiill&#39;ud</strong></span> <span class='ocrx_word' id='word_1_1008' title='bbox 1370 2777 1534 2820; x_wconf 47' lang='lat' dir='ltr'><strong>{contra/rrec</strong></span> <span class='ocrx_word' id='word_1_1009' title='bbox 1544 2777 1676 2820; x_wconf 33' lang='lat' dir='ltr'><strong>rettudi-tuin</strong></span> <span class='ocrx_word' id='word_1_1010' title='bbox 1687 2784 1738 2820; x_wconf 55' lang='lat' dir='ltr'><strong>ulls:-</strong></span> <span class='ocrx_word' id='word_1_1011' title='bbox 1782 2786 1790 2793; x_wconf 86' lang='lat'><strong>-</strong></span> 
     </span>
    </p>
   </div>
   <div class='ocr_carea' id='block_1_120' title="bbox 953 2807 1735 2849">
    <p class='ocr_par' dir='ltr' id='par_1_120' title="bbox 953 2807 1735 2849">
     <span class='ocr_line' id='line_1_121' title="bbox 953 2807 1735 2849; baseline -0.02 -3"><span class='ocrx_word' id='word_1_1012' title='bbox 953 2807 1007 2849; x_wconf 57' lang='lat' dir='ltr'><strong>i323:</strong></span> <span class='ocrx_word' id='word_1_1013' title='bbox 1021 2807 1478 2847; x_wconf 25' lang='lat' dir='ltr'><strong>alit—eimviierpaiu&#39;cisrmi</strong></span> <span class='ocrx_word' id='word_1_1014' title='bbox 1494 2813 1537 2838; x_wconf 76' lang='lat' dir='ltr'><strong>ista</strong></span> <span class='ocrx_word' id='word_1_1015' title='bbox 1550 2811 1672 2835; x_wconf 53' lang='lat' dir='ltr'><strong>(miserunt</strong></span> <span class='ocrx_word' id='word_1_1016' title='bbox 1687 2807 1735 2838; x_wconf 78' lang='lat' dir='ltr'><strong>plc-</strong></span> 
     </span>
    </p>
   </div>
   <div class='ocr_carea' id='block_1_121' title="bbox 952 2856 1383 2882">
    <p class='ocr_par' dir='ltr' id='par_1_121' title="bbox 952 2856 1383 2882">
     <span class='ocr_line' id='line_1_122' title="bbox 952 2856 1383 2882; baseline 0.012 -6"><span class='ocrx_word' id='word_1_1017' title='bbox 952 2859 1061 2882; x_wconf 83' lang='lat' dir='ltr'><strong>rtmtqm’,</strong></span> <span class='ocrx_word' id='word_1_1018' title='bbox 1074 2856 1121 2876; x_wconf 83' lang='lat' dir='ltr'><strong>etc.</strong></span> <span class='ocrx_word' id='word_1_1019' title='bbox 1271 2879 1275 2882; x_wconf 91' lang='lat'>_</span> <span class='ocrx_word' id='word_1_1020' title='bbox 1305 2878 1318 2882; x_wconf 90' lang='grc'><strong>,,</strong></span> <span class='ocrx_word' id='word_1_1021' title='bbox 1381 2877 1383 2880; x_wconf 48' lang='lat'><strong>.</strong></span> 
     </span>
    </p>
   </div>
   <div class='ocr_carea' id='block_1_122' title="bbox 989 2878 1407 2915">
    <p class='ocr_par' dir='ltr' id='par_1_122' title="bbox 989 2878 1407 2915">
     <span class='ocr_line' id='line_1_123' title="bbox 989 2878 1407 2915; baseline -0.019 -7"><span class='ocrx_word' id='word_1_1022' title='bbox 989 2885 1000 2901; x_wconf 77' lang='grc'>⁸</span> <span class='ocrx_word' id='word_1_1023' title='bbox 1008 2878 1181 2915; x_wconf 67' lang='lat' dir='ltr'><strong>Septemdecim</strong></span> <span class='ocrx_word' id='word_1_1024' title='bbox 1193 2883 1256 2910; x_wconf 60' lang='grc' dir='ltr'><strong>ωειλ,</strong></span> <span class='ocrx_word' id='word_1_1025' title='bbox 1268 2878 1407 2909; x_wconf 61' lang='lat' dir='ltr'><strong>indigentia.</strong></span> 
     </span>
    </p>
   </div>
  </div>
