3972 6198
510 336 610 393 615

509 450 617 504 Deo
648 466 664 504 :
692 447 816 520 quid
843 446 973 503 mihi
1009 459 1141 514 opus
1164 453 1247 501 est
1272 426 1529 516 aptanda
1555 444 1720 515 loqui,
1750 453 1803 500 et
1826 442 1954 499 dare
1977 444 2070 498 ad-

507 543 637 597 itum
661 538 1137 596 calumniantibus?
1164 538 1287 594 Dixi
1313 555 1459 612 ergo,
1475 538 1762 595 Custodiam
1791 539 1895 595 uias
1919 557 2072 608 meas,

506 648 679 690 utnon
705 635 990 704 delinquam
1021 634 1073 688 in
1109 633 1284 706 lingua
1308 652 1438 690 mea.
1467 634 1627 690 Posui
1662 641 1739 692 ori
1764 652 1871 690 meo
1905 645 2075 689 custo-

505 728 659 779 diam.
696 725 805 780 Hoc
832 740 997 795 quare
1019 725 1045 779 ?
1086 725 1310 795 Propter
1339 726 1482 797 pios,
1525 739 1744 803 propter
1776 729 2072 794 studiosos,

506 825 721 885 propter
744 816 928 871 ﬁdeles
956 825 1011 871 et
1038 817 1292 872 sanctos?
1322 819 1493 873 Absit.
1525 818 1606 874 llli
1628 819 1706 874 sic
1731 820 1953 874 audiunt
1971 861 1986 880 .
2020 829 2077 875 ut

502 907 643 978 quod
676 908 897 977 probant
925 909 1177 965 laudent:
1223 910 1361 981 quod
1385 920 1561 967 autem
1602 911 1901 982 improbant
1937 913 2076 968 inter

503 1002 668 1056 multa
698 999 833 1056 forte
857 1017 978 1071 qua:
1019 1001 1263 1064 laudant,
1303 1003 1511 1058 veniam
1553 1002 1679 1059 dent
1715 1004 1891 1074 potius
1919 1021 2073 1075 quam

501 1093 824 1148 calumniam
871 1104 1075 1163 parent.
1118 1094 1342 1165 Propter
1375 1111 1523 1166 quos
1550 1113 1676 1167 ergo
1702 1098 1782 1153 vis
1807 1098 2075 1169 custodire

504 1186 616 1238 vias
644 1194 762 1241 tuas
785 1227 800 1251 ,
847 1195 906 1240 ut
949 1201 1051 1240 non
1097 1187 1372 1258 delinquas
1400 1188 1452 1243 in
1483 1188 1657 1260 lingua
1691 1200 1807 1258 tua,
1838 1200 1892 1247 et
1919 1192 2074 1263 ponis

502 1276 580 1330 ori
605 1285 695 1332 tuo
722 1277 1061 1332 custodiam?
1086 1279 1220 1333 Audi
1254 1297 1267 1332 :
1300 1278 1434 1333 Dum
1455 1282 1679 1336 consistit
1711 1282 1974 1338 adversum
1997 1301 2075 1340 me

504 1378 754 1438 peccator.
783 1368 899 1424 Non
923 1370 1164 1425 consistit
1210 1371 1277 1426 ad
1308 1387 1412 1437 me,
1444 1373 1539 1429 sed
1562 1375 1788 1429 consistit
1811 1374 2075 1431 adversum

502 1472 598 1513 me.
624 1460 760 1525 Quid
788 1460 1026 1516 dicturus
1050 1472 1318 1531 postremo
1336 1506 1351 1531 ,
1380 1463 1522 1520 unde
1548 1466 1913 1523 satisfaciam?
1939 1465 2073 1522 Car-

503 1550 606 1605 nali
629 1551 695 1606 de
721 1552 1081 1622 spiritualibus
1108 1555 1297 1625 loquor
1316 1597 1332 1621 ,
1361 1555 1492 1612 foris
1518 1557 1713 1613 videnti
1739 1569 1795 1615 et
1818 1560 2068 1629 audienti,

502 1644 644 1699 intus
667 1645 830 1701 surdo
851 1655 904 1700 et
927 1661 1089 1701 c:eco.
1118 1648 1374 1704 Animalis
1415 1650 1557 1706 enim
1582 1650 1743 1707 homo
1768 1667 1871 1707 non
1898 1654 2074 1725 perci-

503 1737 577 1803 pit
606 1751 723 1805 qua;
760 1747 883 1790 sunt
910 1738 1136 1806 Spiritus
1165 1739 1257 1795 Dei
1299 1738 1352 1810 (l
1391 1738 1509 1797 Cor.
1537 1757 1597 1807 ιι,
1619 1742 1729 1812 ii).
1756 1742 1868 1798 Nisi
1895 1753 2072 1800 autem

500 1828 743 1882 animalis
769 1828 1124 1898 inveniretur,
1162 1831 1374 1901 quando
1401 1834 1854 1889 calumniaretur?
1880 1835 2074 1893 Beatus

500 1916 591 1985 qui
633 1926 811 1971 narrat
837 1920 1053 1974 verbum
1081 1923 1199 1975 auri
1223 1922 1458 1978 audienti
1500 1923 1701 1997 (Eccli.
1746 1940 1900 1993 xxv,
1930 1924 2071 1999 i2),

500 2024 607 2062 non
634 2009 749 2063 auri
780 2011 1069 2078 peccatoris
1088 2015 1310 2069 astantis
1333 2014 1612 2071 adversum
1641 2032 1718 2072 se.
1747 2017 1901 2073 Tales
1928 2019 2072 2075 enim

500 2100 650 2154 tunlti
678 2100 1088 2165 circumstabant
1111 2112 1167 2159 et
1186 2104 1686 2162 circumfremebant
1701 2150 1714 2172 ,
1743 2109 1957 2179 quando
1980 2110 2074 2167 ille

500 2190 646 2244 velut
669 2192 782 2246 ovis
807 2191 872 2246 ad
903 2193 1278 2250 immolandum
1303 2195 1493 2252 ductus
1512 2207 1632 2264 est,
1661 2208 1717 2254 et
1740 2201 1877 2256 sicut
1905 2216 2073 2272 agnus

423 2284 425 2293 ‘
501 2295 681 2335 coram
711 2281 959 2337 tondente
989 2284 1105 2339 sine
1131 2300 1260 2341 voce
1279 2327 1295 2351 ,
1326 2287 1403 2341 sic
1443 2302 1550 2343 non
1584 2294 1794 2358 aperuit
1820 2307 1883 2347 os
1916 2309 2075 2349 suum

500 2367 667 2440 (lsai.
710 2387 796 2425 Ltll
814 2410 831 2436 ,
875 2371 969 2443 7).
1007 2373 1144 2442 Quid
1171 2377 1312 2430 enim
1342 2377 1486 2434 dicas
1515 2380 1736 2451 turgidis
1757 2423 1773 2449 ,
1801 2384 2025 2440 turbidis
2050 2425 2069 2450 ,

498 2460 862 2529 calumniosis,
888 2463 1148 2535 litigiosis,
1177 2467 1453 2524 verbosis?
1476 2470 1612 2537 Quid
1646 2472 1793 2528 dicas
1828 2486 2071 2532 sanctum

497 2561 553 2609 et
590 2552 768 2623 pium,
814 2564 868 2610 et
903 2554 969 2610 de
997 2555 1249 2625 religione
1295 2559 1600 2616 transiliens
1644 2577 1737 2618 eos
1763 2563 1781 2596 ⁸
1815 2582 1828 2618 :
1857 2566 2074 2636 quando

498 2643 629 2712 ipsis
656 2643 882 2701 libenter
908 2646 1242 2703 audientibus
1260 2689 1275 2709 .
1303 2649 1509 2706 discere
1535 2654 1867 2723 cupientibus
1884 2698 1900 2721 ,
1932 2659 2073 2713 veri-

499 2735 620 2790 tatis
645 2736 764 2791 cibo
790 2736 1115 2795 initiantibus
1134 2781 1148 2803 ,
1176 2740 1330 2795 avide
1352 2743 1731 2812 accipientibus
1750 2788 1764 2813 ,
1796 2758 1850 2803 et
1890 2749 2069 2806 Domi-

496 2843 600 2883 nus
621 2830 695 2883 ait
723 2847 736 2884 :
763 2830 940 2883 Adhuc
960 2830 1118 2885 multa
1142 2834 1297 2887 habeo
1320 2834 1453 2888 vobis
1473 2835 1665 2901 dicere,
1687 2838 1776 2892 sed
1803 2856 1903 2895 non
1929 2853 2071 2913 pote-

497 2923 588 2977 stis
615 2923 706 2977 illa
732 2934 932 2995 portare
958 2928 1106 2982 modo
1128 2927 1150 3000 (
1162 2928 1318 2984 Joan.
1339 2947 1423 2985 xv:
1445 2973 1461 2997 ,
1490 2932 1586 3005 l2)
1612 2935 1636 2989 ἲ
1660 2935 1726 2990 Et
1754 2939 2064 3007 Apostolus,

442 3052 449 3062 .
497 3013 621 3068 Non
642 3018 782 3085 potui
806 3019 940 3073 vobis
960 3021 1098 3090 loqui
1118 3024 1260 3091 quasi
1278 3023 1651 3093 spiritualibus,
1673 3029 1762 3083 sed
1780 3031 1925 3100 quasi
1948 3048 2068 3087 car-

495 3106 695 3161 nalibus
724 3125 744 3162 :
771 3123 875 3164 non
901 3119 1073 3166 tamen
1099 3112 1474 3182 desperandis,
1502 3117 1594 3172 sed
1623 3119 1936 3176 nutriendis.
1965 3121 2067 3178 Se-

494 3200 674 3271 quitur
707 3201 847 3256 cnim
872 3243 888 3270 ,
940 3202 1199 3273 Tanquam
1238 3206 1461 3275 parvulis
1489 3208 1542 3261 in
1569 3208 1766 3265 Christo
1803 3212 1883 3266 lac
1930 3215 2069 3270 robis

495 3299 669 3359 potant
694 3290 846 3357 dedi,
876 3308 975 3348 non
1000 3310 1200 3361 escam;
1230 3296 1453 3352 nondum
1476 3298 1609 3354 enim
1632 3303 1887 3372 poteratis.
1922 3303 2067 3376 Ergo

388 3444 393 3449 ,
495 3381 580 3437 vel
606 3397 745 3437 nunc
767 3383 872 3450 die,
902 3384 1008 3457 Sed
1032 3402 1187 3453 neque
1211 3388 1377 3443 adhuc
1411 3391 1613 3463 quidem
1636 3395 1839 3462 potestis
1859 3394 1916 3468 (ι
1943 3394 2065 3452 Cor.

493 3485 549 3527 ιιι
575 3513 592 3539 ,
623 3472 675 3535 1.
699 3472 792 3544 2).
821 3473 937 3529 Noli
965 3491 1093 3547 ergo
1113 3474 1365 3535 festinare
1388 3480 1573 3537 audire
1590 3484 1732 3553 quod
1759 3500 1862 3540 non
1891 3487 2058 3557 capis,

493 3562 588 3618 sed
616 3579 800 3619 cresce
832 3574 889 3620 ut
913 3568 1111 3637 capias.
1156 3568 1244 3624 Sic
1289 3571 1561 3639 parvulum
1605 3574 1957 3645 alloquimur,
2006 3578 2061 3634 in

491 3655 610 3710 sinu
656 3658 840 3713 matris
888 3658 1142 3715 Ecclesiae
1190 3662 1278 3732 pio
1316 3662 1450 3720 lacte
1476 3666 1848 3736 nutriendum,
1897 3682 1952 3727 et
1993 3672 2061 3728 ad

490 3763 668 3804 eseam
704 3765 902 3807 mensa:
947 3752 1224 3809 dominicae
1261 3754 1509 3812 idoneum
1558 3759 1875 3817 faciendum.
1923 3764 2061 3834 Quid

488 3848 668 3896 autem
691 3841 775 3896 vel
806 3843 911 3898 tale
936 3842 1107 3899 dicam
1135 3846 1399 3916 peceatori
1435 3851 1628 3906 astanti
1653 3852 1907 3911 adversus
1936 3871 2022 3912 me
2040 3899 2059 3925 ,

489 3931 736 3988 idoneum
762 3948 819 3989 se
845 3935 1046 4004 putanti
1069 3947 1161 3991 aut
1184 3938 1421 4009 fingenti,
1451 3940 1518 3995 ad
1541 3956 1603 3997 ea
1623 3957 1742 4013 quae
1762 3960 1866 4001 non
1887 3948 2057 4017 capit;

488 4033 548 4078 ιιι
573 4038 693 4078 cum
717 4024 766 4080 ei
794 4025 998 4090 dixero,
1021 4036 1077 4083 et
1097 4027 1183 4084 ille
1206 4044 1310 4084 non
1341 4033 1561 4102 ceperit,
1578 4049 1680 4090 non
1705 4051 1763 4091 se
1784 4044 1932 4106 putet
1952 4055 2057 4094 non

487 4114 712 4189 cepisse,
731 4114 824 4168 sed
846 4131 930 4170 me
949 4118 1207 4173 defecisse
1225 4119 1249 4171 ?
1265 4121 1402 4191 Ergo
1419 4133 1635 4193 propter
1658 4124 1799 4180 hunc
1825 4137 2064 4196 peccato-

488 4220 600 4262 rem
630 4216 890 4262 astantem
916 4208 1169 4265 adversus
1197 4226 1311 4275 me,
1339 4214 1484 4281 posui
1505 4216 1581 4269 ori
1608 4233 1715 4271 meo
1756 4220 2056 4277 custodiam.

555 4288 610 4354 4'.
640 4296 790 4371 [vers.
817 4297 896 4373 5.]
926 4301 991 4355 Et
1017 4301 1142 4370 quid
1171 4312 1410 4359 secutum
1432 4308 1558 4363 est?
1588 4306 1863 4374 Obsurdui,
1892 4322 1939 4365 et
1961 4314 2060 4367 hu-

485 4391 706 4445 miliatus
729 4407 859 4457 sum,
881 4401 927 4445 et
945 4392 1062 4446 silui
1077 4411 1107 4445 a
1123 4392 1283 4448 bonis.
1314 4395 1512 4451 Patitur
1535 4399 1678 4454 enim
1694 4400 2057 4461 difficultatem

485 4464 909 4538 iste'transiliens
931 4482 981 4536 in
1010 4482 1236 4554 quodam
1261 4485 1447 4555 gradu,
1477 4503 1582 4558 quo
1601 4488 1711 4558 jam
1744 4494 2054 4561 transilivit;

484 4586 540 4630 et
571 4577 760 4647 qumrit
786 4583 843 4631 et
869 4576 991 4632 inde
1033 4576 1315 4644 transilire,
1340 4578 1405 4632 ad
1434 4580 1698 4638 vitandam
1744 4584 1882 4642 hanc
1911 4587 2055 4642 diffi-

484 4666 757 4724 cultatem.
800 4665 1029 4722 Peccare
1059 4666 1358 4723 metuebam
1383 4669 1425 4733 ²,
1466 4678 1524 4723 ιιι
1555 4686 1659 4726 non
1699 4674 1968 4744 loquerer,
2000 4689 2060 4735 ut

484 4756 752 4813 silentium
774 4758 900 4826 mibi
929 4759 1254 4830 imponerem
1278 4776 1293 4824 ;
1322 4756 1423 4816 [ioc
1439 4763 1579 4829 enim
1598 4763 1855 4830 dixeram,
1876 4767 2057 4825 Custo-

485 4848 622 4901 diam
649 4849 754 4903 vias
794 4866 950 4916 meas,
980 4860 1035 4904 ut
1072 4868 1172 4905 non
1200 4852 1490 4924 delinquam
1530 4854 1582 4907 in
1610 4854 1784 4926 lingua
1824 4875 1931 4914 mea
1958 4877 1977 4914 :
2003 4878 2057 4918 et

482 4940 609 4995 dum
655 4941 815 4996 timeo
850 4942 992 5012 loqui
1040 4958 1107 4998 ne
1133 4959 1368 5014 peccem,
1402 4943 1658 5000 οὐδυνάαὶ
1697 4957 1742 5001 et
1767 4948 2056 5008 humiliatus

481 5048 612 5097 sum,
626 5040 671 5086 et
690 5030 808 5086 silui
832 5049 863 5086 a
877 5032 1037 5089 bonis.
1064 5034 1195 5090 Dum
1218 5037 1372 5092 nimis
1395 5037 1577 5104 timeo,
1593 5053 1661 5094 ne
1679 5038 1862 5112 loquar
1877 5043 2052 5115 aliqua

482 5124 641 5190 mala,
695 5124 834 5178 tacui
876 5125 1050 5180 omnia
1103 5125 1239 5181 bona
1281 5146 1295 5184 :
1345 5127 1625 5199 Obsurdui,
1673 5142 1720 5185 et
1763 5131 2054 5192 humiliatus

479 5233 613 5285 sum,
634 5225 681 5270 et
708 5215 826 5270 silui
860 5218 1079 5279 a,bonis.
1126 5217 1271 5275 Unde
1297 5223 1437 5277 enim
1476 5223 1717 5280 dicebam
1761 5225 1919 5292 bona,
1951 5230 2053 5288 nisi

479 5313 599 5385 quia
637 5308 958 5366 audiebam?
988 5310 1204 5367 Amlitui
1229 5314 1371 5367 enim
1399 5329 1521 5370 meo
1548 5316 1700 5372 dabis
1738 5319 2052 5377 exsultatio-

479 5420 599 5460 nem
626 5413 679 5462 et
703 5403 933 5459 laetitiam
967 5402 1136 5475 (Psal.
1166 5421 1216 5472 ι,
1248 5406 1358 5477 10).
1389 5408 1452 5462 Et
1481 5410 1682 5467 amictts
1712 5415 1891 5482 sponsi
1922 5424 2044 5483 stat,

541 5573 555 5603 ε
585 5578 676 5630 ειη,
699 5568 820 5631 Quid
844 5570 979 5639 dicas
1000 5574 1163 5639 sancto
1181 5576 1226 5621 et
1248 5546 1327 5635 pio
1346 5578 1391 5620 et
1422 5576 1484 5623 de
1521 5572 1744 5639 religione
1767 5576 2073 5639 transilienti‘

474 5647 568 5684 eos.
590 5630 719 5706 'tjres'
744 5641 869 5694 uss,
893 5630 1013 5694 quid
1036 5631 1165 5682 dicat
1200 5630 1392 5685 sanctus
1414 5644 1456 5685 tt
1492 5630 1673 5697 pitts"ct
1711 5640 1772 5687 dc
1810 5630 2051 5706 religionis

476 5704 543 5746 ινα
553 5695 743 5746 miliens
762 5709 858 5745 €08.

538 5762 556 5791 ι
574 5759 739 5811 t'lut'es
752 5765 875 5818 uss,
899 5765 1190 5822 peccatorcm
1215 5757 1491 5810 tllClltt‘bttm.

1735 326 1795 385 S.
1832 320 2193 383 AUGUSTINI
2228 325 2527 387 EPISCOPI

3652 340 3750 396 illi

2182 451 2235 495 et
2264 442 2411 498 audit
2447 459 2592 511 eum,
2640 454 2692 501 et
2715 445 2910 516 gaudio
2951 447 3142 519 gaudet
3175 459 3391 522 propter
3414 467 3617 514 vocem.
3649 472 3752 509 ttnn

2180 549 2351 597 suam,
2380 537 2470 590 sed
2498 536 2677 606 sponsi
2698 535 2875 603 (Joan.
2918 554 2993 603 ιιι,
3020 539 3136 608 29).
3183 538 3255 596 Ut
3278 558 3396 596 vera
3423 543 3585 610 dicat,
3609 545 3751 600 audit

2179 640 2297 694 qua:
2323 626 2480 680 dicat.
2516 626 2643 682 Nam
2672 630 2761 698 qui
2800 629 3030 707 loquitur
3055 632 3408 700 mendacium,
3439 635 3507 690 de
3543 651 3644 691 suo
3680 637 3753 691 lo-

2179 717 2356 785 quitur
2384 716 2491 789 (Id.
2522 734 2630 784 vttt,
2651 718 2765 790 44).
2792 716 3050 788 Quiddam
3072 738 3201 794 ergo
3221 724 3369 781 triste
3395 736 3449 782 et
3473 728 3750 783 molestum

2179 824 2366 880 passus
2392 821 2473 865 est
2499 812 2625 877 iste;
2650 822 2703 866 et
2727 811 2826 867 hac
2849 828 2943 869 sua
2962 814 3301 870 confessione
3328 817 3376 870 id
3405 818 3544 888 quod
3570 834 3752 888 pas~us

2178 910 2280 963 est,
2311 901 2600 956 cavendum
2642 902 2930 970 admonet,
2962 919 3067 960 non
3121 906 3452 983 imitandum.
3496 902 3755 966 Timendo

2177 992 2318 1046 enim
2346 993 2521 1058 nimis,
2554 1002 2612 1048 ut
2634 994 2763 1060 dixi,
2796 1011 2862 1050 ne
2886 995 3088 1052 diceret
3110 997 3287 1068 aliqua
3319 1016 3422 1053 non
3452 999 3615 1064 bona,
3644 1013 3745 1055 sla-

2181 1084 2280 1137 tuit
2312 1085 2410 1139 sibi
2444 1086 2583 1139 nulla
2621 1085 2801 1142 dicere
2842 1087 2927 1143 vel
2969 1089 3107 1144 bona
3136 1107 3150 1144 :
3177 1101 3230 1146 et
3272 1093 3522 1162 quoniam
3569 1096 3746 1148 statim

2178 1179 2373 1236 tacere,
2407 1176 2567 1245 cmpit
2613 1192 2717 1230 non
2758 1176 2964 1234 audire.
3011 1179 3130 1236 Stas
3166 1181 3309 1237 enim
3354 1183 3398 1238 si
3444 1187 3751 1241 transiliens

2178 1278 2257 1329 es,
2299 1276 2576 1333 exspectas
2601 1284 2631 1321 a
2664 1268 2772 1324 Deo
2814 1270 2999 1327 audire
3042 1273 3166 1342 quid
3208 1274 3356 1331 dicas
3401 1275 3706 1332 hominibus
3734 1267 3758 1334 ς’

2178 1354 2316 1409 inter
2341 1355 2554 1411 divitem
2584 1359 2772 1426 Deum,
2800 1371 2852 1415 et
2882 1363 3091 1433 inopem
3131 1378 3461 1436 quaerentem
3502 1372 3631 1441 qttid
3656 1388 3752 1426 au-

2176 1443 2307 1511 diat,
2334 1446 2641 1504 intercurris
2668 1453 2994 1521 transiliens,
3015 1455 3103 1524 qui
3124 1457 3297 1526 possis
3322 1467 3379 1514 et
3400 1459 3521 1517 hinc
3546 1463 3749 1530 audire,

2176 1545 2232 1612 et
2250 1537 2348 1594 bac
2370 1539 2584 1596 dicere:
2608 1543 2651 1596 si
2677 1543 2828 1615 eligis
2851 1545 2947 1600 bac
2972 1561 3076 1601 non
3094 1547 3302 1617 dicere,
3328 1565 3429 1606 non
3455 1555 3752 1610 mereberis

2177 1629 2302 1686 hinc
2338 1632 2525 1689 audire
2564 1653 2577 1688 :
2623 1639 2922 1694 contemnis
2971 1656 3253 1712 pauperem
3278 1685 3294 1712 ,
3338 1650 3752 1707 contemncrisa

2176 1719 2354 1777 divite.
2406 1722 2613 1780 Oblitus
2653 1742 2712 1784 es
2755 1743 2965 1784 servum
2998 1740 3050 1786 te
3087 1747 3226 1800 esse,
3276 1751 3431 1806 quem
3477 1742 3755 1798 constituit

2175 1811 2426 1870 Dominus
2454 1830 2614 1886 super
2650 1817 2901 1875 familiam
2926 1838 3075 1877 suam
3100 1825 3229 1880 dare
3251 1830 3523 1885 conservis
3550 1832 3748 1889 cibaria

2176 1900 2387 1971 (Matth.
2420 1920 2568 1972 xxrv,
2592 1906 2681 1978 45)
2704 1908 2727 1962 ?
2752 1908 2885 1977 Quid
2912 1926 3039 1981 ergo
3066 1916 3260 1984 quzeris
3296 1919 3559 1989 accipere,
3601 1926 3749 1993 quod

2174 1993 2323 2065 piger
2345 2010 2404 2051 es
2431 2000 2694 2068 erogare?
2717 2000 2900 2057 Merito
2927 2018 3055 2074 ergo
3077 2008 3324 2076 quoniam
3355 2013 3492 2081 quod
3518 2028 3749 2085 accepe-

2171 2100 2262 2142 ras
2299 2087 2475 2146 dicere
2502 2093 2735 2158 noluisti,
2764 2095 3037 2165 impediris
3068 2115 3135 2154 ne
3175 2102 3403 2172 accipias
3432 2107 3570 2174 quod
3600 2112 3750 2164 act-i-

2173 2189 2300 2246 pere
2319 2180 2587 2249 cupiebas.
2616 2183 2827 2255 Aliquid
2847 2187 2988 2241 enim
3013 2189 3244 2257 vnlebas,
3272 2194 3465 2264 aliquid
3489 2197 3748 2256 habebas:

2172 2265 2239 2321 da
2263 2269 2404 2338 quod
2425 2269 2609 2341 habes,
2639 2283 2694 2328 ut
2719 2277 2971 2332 merearis
2995 2280 3237 2349 accipere
3256 2284 3396 2352 quod
3423 2302 3526 2341 non
3552 2289 3741 2345 halm.

2173 2358 2315 2431 Ergo
2338 2374 2458 2417 cum
2487 2365 2638 2435 quasi
2664 2369 2960 2437 posuissem
2987 2372 3066 2426 ori
3097 2388 3218 2428 meo
3245 2378 3558 2445 custodiam,
3590 2384 3752 2438 mibi-

2172 2466 2275 2521 que
2303 2452 2608 2512 indixissem
2633 2457 2922 2526 silentium,
2948 2463 3068 2533 quia
3092 2464 3332 2526 videbam
3379 2461 3571 2541 ubique
3598 2478 3747 2543 peri-

2170 2543 2410 2601 culosum
2448 2546 2755 2618 eloquium;
2787 2551 2983 2608 factum
3026 2565 3128 2621 est,
3160 2557 3348 2627 inquit,
3399 2561 3450 2617 in
3493 2579 3578 2620 tne
3602 2568 3748 2635 qttod

2172 2634 2453 2702 nolebam;
2488 2638 2743 2696 Obsurdni
2759 2684 2773 2704 ,
2801 2652 2849 2697 et
2875 2643 3168 2701 humiliatus
3208 2666 3321 2705 sum
3350 2667 3370 2706 :
3398 2669 3500 2710 non
3532 2634 3746 2714 melin-

2171 2726 2410 2796 miliavi;
2442 2730 2568 2798 sed,
2597 2732 2887 2789 humiliatus
2910 2752 3042 2794 sum.
3080 2737 3353 2806 Obsurdui,
3381 2755 3427 2798 et
3453 2746 3749 2807 humiliatus

2170 2836 2300 2886 sum,
2327 2830 2374 2877 et
2396 2824 2515 2879 silui
2541 2841 2575 2878 a
2610 2828 2767 2882 bonis.
2799 2828 2947 2901 (Ζωρί
2978 2848 3083 2888 non
3113 2833 3294 2892 dicere
3334 2839 3487 2905 bona,
3521 2858 3643 2897 cum
3676 2847 3743 2900 ti-

2170 2926 2292 2969 meo
2318 2930 2381 2969 ne
2408 2915 2582 2971 dicam
2619 2918 2790 2989 aliqua
2831 2925 2965 2977 mala
2996 2942 3010 2979 :
3041 2934 3094 2981 et
3122 2929 3436 2996 reprehendi
3462 2936 3744 2992 consilium

2168 3020 2366 3063 meum.
2412 3007 2548 3064 Silui
2581 3012 2721 3066 enim
2748 3030 2781 3065 a
2803 3014 2961 3069 bonis.
2994 3015 3063 3071 Et
3104 3020 3250 3075 dolor
3292 3040 3430 3078 meus
3477 3040 3747 3093 renovatus

2168 3104 2262 3150 est.
2292 3099 2335 3151 Α
2361 3097 2544 3154 dolore
2570 3101 2766 3172 quippe
2803 3106 3051 3176 quodam,
3082 3126 3238 3179 quem
3282 3114 3409 3170 mihi
3440 3116 3748 3177 inllixerant

2166 3188 2573 3248 calumniatores
2615 3203 2668 3248 et
2713 3197 3145 3267 reprehensores,
3180 3213 3425 3274 tanquam
3458 3212 3747 3283 requieve-

2168 3293 2279 3335 ram
2306 3278 2357 3336 in
2383 3281 2616 3352 silentio,
2639 3297 2692 3342 et
2714 3300 3013 3348 cessaverat
3030 3291 3182 3351 dolor
3206 3294 3295 3353 ille
3317 3297 3407 3369 qui
3430 3278 3596 3358 factus
3623 3318 3745 3362 erat

2166 3387 2196 3427 a
2223 3375 2661 3433 calumniantibus
2699 3399 2713 3433 :
2754 3382 2847 3437 sed
2895 3384 2981 3438 ubi
3024 3386 3145 3441 silui
3174 3404 3203 3442 a
3233 3389 3406 3457 bonis,
3454 3408 3746 3454 renovatus

2165 3474 2248 3519 est
2275 3463 2430 3521 dolor
2466 3483 2634 3524 meus.
2667 3469 2814 3542 Capi
2866 3474 2985 3543 plus
3008 3476 3190 3533 dolere
3227 3483 3456 3539 tacuisse
3496 3501 3583 3541 me
3622 3505 3747 3557 qua:

2164 3552 2343 3611 dicere
2369 3555 2640 3628 deberem,
2682 3579 2839 3632 quam
2879 3565 3157 3623 uolueram
3186 3569 3383 3628 dixisse
3412 3591 3531 3644 qua:
3558 3552 3747 3636 dicere

2163 3660 2269 3699 non
2297 3645 2564 3703 deberem.
2599 3651 2880 3709 Renovatus
2902 3666 2974 3709 est
2999 3656 3145 3712 dolor
3172 3677 3331 3715 meus.

2233 3737 2287 3792 5.
2318 3735 2465 3811 [νει-ε.
2496 3742 2551 3806 4,
2580 3741 2658 3815 5.]
2689 3742 2763 3819 (ᾳ)
2796 3743 2862 3799 Et
2888 3747 2940 3801 in
2971 3750 3291 3808 meditatione
3316 3772 3425 3810 mea
3453 3760 3749 3817 exardescet

2162 3827 2311 3902 ignis.
2339 3831 2511 3903 Cepit
2538 3849 2657 3890 esse
2682 3837 2970 3908 inquietum
2996 3855 3092 3895 cor
3129 3858 3325 3900 meum.
3358 3842 3615 3906 Videbam
3657 3853 3748 3906 in-

2163 3932 2424 3992 sensatos,
2450 3935 2505 3982 et
2545 3927 2876 3985 tabescebam
2909 3930 3080 4004 (Psal.
3120 3946 3305 4004 cxvut,
3340 3941 3487 4014 158),
3517 3960 3623 3999 non
3655 3962 3749 4002 ar-

2161 4014 2382 4085 guebam
2410 4033 2425 4070 :
2454 4026 2507 4072 et
2535 4033 2620 4074 me
2646 4019 2723 4074 sic
2766 4030 3026 4079 tacentem
3056 4025 3202 4081 zelus
3229 4028 3420 4087 domus
3464 4041 3567 4089 tua:
3590 4049 3750 4093 com-

2161 4108 2351 4165 edebat
2369 4108 2535 4181 (Psal.
2564 4128 2743 4180 LXVIII,
2774 4114 2885 4186 10).
2928 4115 3164 4187 Respexi
3187 4118 3330 4177 enim
3359 4124 3427 4180 ad
3452 4125 3747 4196 Dominum

2163 4213 2337 4254 meum
2363 4200 2622 4257 dicentem
2652 4221 2665 4258 :
2694 4204 2847 4277 Serve
2874 4223 3087 4279 nequam
3113 4218 3161 4264 et
3197 4211 3357 4282 piger,
3388 4214 3540 4272 dares
3575 4236 3749 4290 pecu-

2162 4289 2298 4344 niam
2321 4308 2480 4345 meam
2504 4295 2876 4364 nummulariis,
2898 4307 2944 4352 et
2963 4314 3054 4370 ego
3077 4301 3278 4357 veniens
3295 4320 3412 4360 cum
3435 4289 3605 4364 usuris
3653 4329 3752 4367 ca:-

2160 4381 2363 4452 igerem.
2391 4380 2459 4436 Et
2482 4384 2620 4453 quod
2648 4385 2905 4456 sequitur,
2921 4398 3126 4445 avertat
3146 4391 3284 4449 Deus
3301 4410 3333 4451 a
3355 4395 3751 4467 dispensatori-

2160 4471 2261 4526 bus
2299 4472 2409 4527 suis
2448 4490 2462 4527 :
2504 4472 2812 4547 Projiciatur
2856 4477 2911 4532 in
2964 4481 3190 4537 tenebras
3239 4487 3511 4544 exteriores
3561 4490 3752 4562 ligatis

2162 4563 2405 4619 manibus
2431 4573 2485 4620 et
2511 4566 2750 4636 pedibus,
2779 4583 2984 4635 servus,
3017 4588 3123 4628 non
3148 4588 3368 4633 eversor
3393 4578 3461 4635 ad
3500 4583 3751 4650 perden-

2159 4654 2307 4719 dum,
2329 4656 2421 4710 sed
2444 4657 2593 4728 piger
2605 4658 2669 4712 ad
2686 4660 3008 4731 erogandum
3028 4662 3236 4737 (Matth.
3254 4682 3381 4733 xxv,
3396 4669 3591 4739 26,27,
3616 4675 3748 4747 50).

2160 4748 2295 4817 Quid
2322 4761 2629 4819 exspectare
2650 4753 2867 4820 debent,
2893 4756 3123 4825 quicum
3149 4759 3356 4816 luxuria
3384 4777 3752 4835 consumpse-

2160 4847 2304 4900 runt,
2327 4840 2370 4893 si
2397 4840 2713 4897 danmantur
2735 4845 2821 4914 qui
2852 4860 2972 4901 cum
3000 4848 3207 4919 pigritia
3245 4858 3634 4911 servaverunt?
3660 4858 3746 4917 In

2159 4930 2479 4985 meditatione
2505 4949 2614 4987 mea
2654 4935 2942 4990 exardescet
2983 4937 3133 5008 ignis.
3177 4938 3247 4996 Et
3284 4944 3487 5012 positus
3533 4946 3586 5002 in
3636 4947 3756 5009 hac

2160 5019 2496 5078 ﬂuctuatione
2538 5024 2742 5080 dicendi
2785 5035 2838 5082 et
2867 5028 3094 5096 tacendi,
3143 5031 3284 5088 inter
3322 5051 3418 5092 eos
3444 5039 3536 5108 qui
3578 5043 3753 5098 calu-

2157 5120 2347 5176 mniari
2390 5122 2553 5192 parati
2581 5132 2723 5190 sunt,
2754 5133 2809 5179 et
2831 5140 2926 5180 eos
2949 5128 3039 5196 qui
3063 5128 3308 5187 all'ectant
3351 5133 3561 5200 instrui,
3591 5136 3759 5195 inter

2158 5211 2489 5268 abundantes
2536 5222 2589 5267 et
2645 5213 2847 5285 inopes,
2903 5215 3074 5273 factus
3118 5222 3460 5293 opprobrium
3516 5226 3600 5282 bis
3641 5232 3757 5299 qui

2156 5302 2512 5368 abundabant,
2529 5312 2583 5359 et
2602 5302 2873 5375 despectio
2888 5308 3313 5382 superbis(Psal.
3340 5330 3504 5383 cxxn,
3532 5317 3613 5387 Δ),
3644 5335 3756 5376 re-

2156 5390 2387 5461 spiciens
2425 5408 2517 5447 eos
2548 5392 2730 5450 beatos
2754 5398 2844 5466 qui
2887 5400 3126 5456 esuriant
3150 5414 3201 5459 et
3248 5405 3438 5461 sitiunt
3460 5410 3749 5477 justitiam

2157 5481 2366 5554 (Matth.
2399 5497 2454 5548 v,
2484 5482 2576 5554 6);
2610 5485 2855 5543 laborans
2879 5488 2931 5545 in
2972 5500 3214 5564 utroque,
3244 5495 3473 5554 afﬂictus
3500 5501 3551 5555 in
3578 5513 3760 5560 utro-o

2154 5591 2290 5646 que;
2319 5576 2619 5647 periclitans
2649 5595 2715 5633 ne
2743 5581 2983 5652 projiciat
3020 5588 3330 5658 margaritas
3359 5601 3483 5647 ante
3508 5608 3757 5669 porcos,

2217 5707 2290 5769 (α)
2315 5705 2512 5781 silentio
2552 5712 2768 5772 [steterit
2808 5715 3081 5766 verba‘illa
3116 5731 3246 5770 vels.
3292 5720 3339 5781 4,
3374 5721 3624 5777 Concaluit
3647 5740 3761 5781 cor

2152 5783 2309 5823 meum
2330 5776 2458 5820 mtra
2479 5780 2572 5820 mc.
