1986 3099
127 184 179 212 61⁸1

125 247 280 281 periclitans
302 256 335 276 ne
357 257 409 276 non
430 254 519 283 eroget
531 249 627 276 cibaria
649 248 806 275 conservis:
823 247 848 274 in
863 246 912 272 hoc

123 298 194 320 aestu
206 294 329 328 quiesivit
341 295 420 321 alium
437 295 570 322 meliorem
585 295 669 320 locum
688 294 721 321 ab
743 294 791 320 hac
805 293 913 327 dispen-

122 339 239 371 satione,
260 339 285 366 in
306 347 356 374 qua
376 340 414 367 sic
428 340 529 367 laborm
551 339 629 366 homo
641 345 668 366 et
690 339 870 373 periclitatur;
886 342 912 364 et

122 384 261 418 suspirans
275 385 299 411 in
310 385 388 412 linem
403 385 553 420 quemdam,
565 385 609 411 ubi
625 385 672 411 ista
689 393 739 411 non
750 389 807 411 erat
820 392 910 418 passue

123 436 180 459 rus,
190 428 216 455 in
226 429 309 462 illum,
320 430 434 464 inquam,
446 429 524 456 ﬁnem
538 438 590 465 quo
600 430 717 457 dicturus
724 435 762 456 est
775 430 843 456 bono
852 437 911 456 ero-

119 474 206 508 gatori
222 475 358 507 Dominus,
375 475 449 502 Intra
469 475 495 501 in
508 475 627 510 gaudium
643 475 744 501 Domini
756 476 793 501 tui
806 475 909 511 (Matth.

121 527 186 551 xxv,
205 520 252 554 2i)
269 528 279 547 :
292 520 402 547 Locutus
421 528 486 552 sum,
502 521 595 556 inquit,
611 522 635 547 in
651 521 736 556 lingua
754 530 817 547 mea.
841 521 911 548 Inter

121 571 214 596 mstus,
232 567 300 592 inter
314 566 427 600 pericula
442 567 508 598 lucc,
526 567 593 593 inter
606 566 785 597 difﬁcultates,
801 568 859 601 quia
874 568 909 593 ita

121 611 238 638 delectat
266 611 308 638 lex
324 612 436 644 Domini,
453 618 480 639 ut
494 618 579 639 tamen
597 617 702 646 propter
722 613 908 640 abundantiam

121 656 309 683 scandalornm
320 656 472 691 refrigescat
490 657 604 684 Charitas
616 658 756 684 multorum
771 657 824 694 (Id.
835 666 906 690 xxiv,

125 702 268 734 I2):lntcr
289 702 336 728 hos
357 710 420 737 ergo
441 707 532 735 aestus,
553 702 662 730 Locutus
685 712 750 736 sum,
770 704 861 739 inquit.
883 705 908 731 in

123 747 209 781 lingua
223 755 287 774 mea.
299 747 366 774 Cui?
379 747 436 775 Non
451 748 563 775 auditori
575 757 652 783 quem
663 750 722 776 volo
734 750 849 781 erudire,
861 751 907 778 sed

122 792 269 819 exauditori
284 800 298 819 a
313 801 365 827 qtto
380 793 439 820 volo
454 793 562 820 erudiri.
580 793 688 820 Locutus
710 803 765 821 sum
778 795 803 821 in
823 796 908 830 lingua

124 845 186 870 mea,
200 837 237 864 illi
253 845 268 864 a
284 845 335 872 quo
353 838 422 865 intus
435 839 524 872 audio,
544 839 565 866 si
585 839 654 874 quod
676 840 784 872 bonum,
801 841 821 867 si
837 842 906 876 quod

124 891 211 910 verum
227 884 315 910 audio.
329 884 396 917 Quid
410 885 512 912 locutus
531 886 581 913 es?
606 885 712 919 Notum,
729 886 821 922 inquit,
844 889 906 914 mihi

124 930 174 963 (ac,
185 929 300 961 Domine,
313 930 387 963 finem
398 939 487 957 meum.
500 931 637 958 Transilivi
651 932 721 958 enim
736 932 866 967 quaedam,
879 937 906 960 et

123 974 181 1001 veni
194 974 225 1001 ad
246 975 385 1009 qna-dam;
410 981 478 1003 etca
500 977 524 1003 iu
547 985 606 1011 qua:
627 977 698 1010 veni,
719 978 828 1005 meliora
844 984 906 1006 sttnt

121 1021 159 1046 eis
174 1027 186 1046 a
202 1020 296 1055 quibus
312 1022 441 1049 transilivi
455 1032 461 1049 :
473 1022 520 1049 sed
534 1028 614 1050 restat
626 1024 712 1051 adhuc
724 1024 793 1059 quod
811 1026 905 1052 transi-

118 1065 235 1094 liendum
246 1067 290 1093 sit.
306 1066 362 1093 Non
377 1068 446 1094 enirn
458 1068 501 1095 hic
510 1069 714 1099 remanebimus.
725 1069 768 1097 ubi
780 1070 904 1097 teutalio-

117 1120 184 1143 nes,
209 1112 252 1139 ubi
273 1113 406 1146 scandala,
433 1114 475 1141 ubi
500 1115 633 1142 auditores
658 1120 684 1142 et
699 1116 904 1144 calumniatores

117 1158 241 1192 patimur.
258 1157 347 1185 Finem
361 1167 442 1185 meum
453 1165 537 1185 notum
549 1160 610 1186 ini/ti
625 1163 665 1196 {ac
674 1169 682 1186 :
692 1161 771 1187 ﬁnetn
784 1161 829 1196 qui
840 1161 903 1189 mihi

115 1204 203 1235 deest,
218 1211 269 1229 non
285 1211 391 1230 cursum
406 1204 450 1238 qui
467 1205 530 1231 mihi
543 1205 628 1233 adest.

152 1250 179 1277 ϐ.
202 1250 291 1276 Finem
315 1250 386 1276 illum
409 1250 487 1282 dicit,
514 1259 591 1285 (ptent
614 1259 725 1278 currens
752 1252 903 1280 intuebatur

115 1295 269 1329 Apostolus,
281 1300 307 1322 et
321 1296 353 1322 dc
366 1304 411 1322 sua
427 1296 624 1329 itnperi‘ectiouc
634 1298 818 1330 conﬁtebatur,
831 1299 902 1326 aliud

116 1342 141 1368 in
153 1349 182 1368 se
193 1341 307 1374 intuens,
321 1342 389 1368 aliud
404 1342 465 1368 alibi
476 1350 607 1376 quaerens.
622 1343 664 1368 Ait
677 1343 758 1374 enim,
776 1343 834 1370 Non
844 1346 903 1379 quia

110 1387 166 1422 jam
190 1388 343 1422 acceperim,
364 1393 406 1414 aut
421 1389 477 1422 jam
505 1389 626 1422 perfectus
647 1391 711 1420 sint,
734 1390 833 1424 fratres,
857 1400 902 1426 ego

115 1433 236 1467 uteipsnm
246 1441 296 1459 non
311 1433 631 1474 arbitroruppre/tendisse.
647 1434 680 1461 Et
694 1442 727 1462 ne
742 1435 854 1467 diceres,
870 1437 899 1463 Si

116 1486 166 1506 non
180 1478 352 1514 apprehendit
375 1480 526 1513 Apostolus,
542 1488 591 1515 ego
608 1482 769 1515 apprehendi
780 1484 790 1507 '!
803 1483 825 1509 si
841 1491 901 1517 per-

114 1524 198 1552 fectus
219 1533 271 1551 non
295 1529 334 1551 est
350 1526 502 1559 Apostolus,
519 1534 568 1560 ego
593 1526 726 1561 perfectus
747 1529 825 1555 smn?
843 1530 901 1557 vide

114 1570 174 1609 quid
187 1575 257 1604 ngat,
274 1571 380 1598 attende
393 1572 454 1605 quid
469 1571 548 1599 dicat.
565 1572 631 1605 Quid
645 1581 708 1608 ergo
724 1575 779 1609 agis
796 1575 814 1606 ',
830 1575 901 1609 Apo-

114 1616 203 1644 stolc?
218 1616 339 1643 Nondum
353 1617 558 1652 apprelteudisti,
575 1618 690 1645 nondum
707 1619 839 1654 perfectus
852 1621 900 1647 es?

112 1663 179 1696 Quid
190 1663 268 1697 agis?
280 1662 312 1689 ad
325 1671 401 1697 quam
415 1664 546 1690 actionem
559 1672 600 1691 me
613 1665 726 1691 hortaris
737 1665 748 1691 Ῥ
761 1666 821 1699 quid
834 1667 897 1693 mihi

114 1709 269 1736 imitandum
293 1709 508 1744 sequendnmque
532 1711 676 1745 proponis?
693 1710 777 1737 Unum
796 1717 878 1738 autem
892 1733 898 1742 ,

114 1754 206 1788 inquit,
223 1761 280 1789 quc
299 1759 364 1780 retro
377 1759 435 1781 sunt
448 1754 547 1787 oblitus,
563 1756 588 1781 in
599 1764 628 1782 ea
644 1764 700 1789 qua:
712 1762 770 1783 ante
788 1762 844 1783 sunt
858 1766 900 1784 erc-

113 1805 202 1832 teutus,
228 1800 367 1827 secundum
390 1801 550 1828 intentionem
574 1810 663 1836 sequar
676 1802 709 1828 ad
732 1803 841 1836 palmam
855 1812 899 1830 su-

113 1854 197 1880 perna:
216 1846 351 1873 vocationis
371 1845 417 1872 Dei
431 1847 456 1873 in
469 1846 568 1873 Christo
580 1846 641 1873 Jesu
656 1846 782 1883 (Philipp.
798 1857 834 1878 Ill,
852 1849 899 1875 1‘2-

114 1890 350 1926 M):secundum
383 1891 572 1923 intentionem,
604 1892 721 1919 nondum
755 1894 898 1920 secundum

112 1936 311 1970 lmrveutionem
323 1956 329 1967 ,
350 1936 464 1962 nondum
489 1937 632 1963 secundum
648 1938 897 1971 apprehensioncm.

113 1982 168 2009 Non
183 1981 334 2009 relabantur
347 1982 478 2015 undejam
494 1983 688 2014 lransilivimus,
703 1991 752 2011 nec
763 1992 899 2011 remanea-

114 2035 171 2054 tnus
186 2028 211 2054 in
228 2027 281 2053 illis
296 2026 321 2054 in
335 2035 393 2061 quae
406 2027 459 2061 jam
472 2027 600 2054 venimus.
615 2027 769 2060 Curramus,
779 2029 899 2056 interula-

113 2079 181 2105 mus,
198 2072 224 2099 in
240 2072 281 2099 via
294 2079 385 2099 sumus
401 2081 407 2098 ε
424 2080 471 2099 nec
493 2077 544 2099 tant
560 2073 597 2099 sis
616 2080 724 2100 securus
742 2082 774 2101 ex
790 2074 828 2101 eis
841 2082 898 2109 qua:

112 2117 240 2150 transisti,
261 2125 339 2152 quam
364 2117 492 2144 sollicitus
518 2125 564 2152 pro
584 2118 623 2145 eis
645 2118 676 2145 ad
700 2126 758 2153 qua:
782 2120 897 2147 nondum

113 2163 266 2198 pervenisti.
280 2163 342 2197 Quit
361 2169 437 2194 retro,
458 2163 551 2198 inquit,
567 2163 667 2196 oblitus,
686 2164 711 2190 in
726 2172 755 2190 ea
774 2173 829 2198 qua:
843 2170 899 2192 ante

111 2215 168 2236 sunt
183 2214 306 2240 extentus,
320 2210 455 2236 secundum
468 2210 628 2236 intentionem
641 2218 729 2245 sequor
741 2212 774 2237 ad
788 2211 898 2245 palmam

112 2263 227 2289 superna
245 2255 380 2281 uocationis
394 2254 441 2281 Dei
454 2256 479 2281 in
495 2254 593 2282 Christo
610 2255 682 2282 Iesu.
707 2256 764 2290 Ipse
776 2263 815 2284 est
828 2258 897 2284 enim

113 2300 184 2328 ﬁnis.
206 2300 293 2328 Unum
318 2306 423 2332 autent,
449 2301 499 2328 hoc
525 2306 566 2328 est
592 2301 653 2328 illud
677 2310 756 2329 lllllttn
772 2312 777 2328 :
795 2303 899 2330 Domine

112 2348 216 2374 ostende
229 2347 299 2374 nobis
316 2347 428 2380 Patrem,
443 2353 464 2373 et
484 2348 571 2382 sufficit
587 2349 656 2374 nobis
671 2348 759 2383 (Joan.
783 2358 835 2380 xtv.
859 2350 896 2384 9).

111 2393 200 2420 Unum
213 2397 313 2424 autem,
335 2400 393 2427 qua:
415 2396 441 2419 et
461 2400 510 2419 una
533 2393 629 2420 dicitur
651 2394 676 2420 in
700 2394 751 2420 alio
774 2395 896 2429 psalmo:

111 2439 198 2468 Unam
213 2439 271 2474 petii
281 2446 296 2465 a
306 2437 426 2470 Domino,
442 2439 506 2465 hanc
526 2439 660 2474 requirant.
676 2439 739 2472 Qua:
751 2446 815 2467 retro
837 2442 899 2468 obli-

110 2490 163 2516 tus,
177 2484 202 2510 in
212 2492 241 2510 ea
251 2491 307 2518 quea
317 2489 374 2510 ante
386 2489 442 2510 sunt
452 2489 573 2515 extentus,
588 2484 668 2511 Unam
680 2486 739 2520 petii
750 2494 764 2511 (ι
780 2486 896 2517 Domino,

110 2532 179 2556 Imm:
191 2530 324 2565 requirant,
335 2534 363 2555 ut
376 2530 509 2556 inhabitth
519 2530 544 2555 in
558 2530 631 2556 domo
644 2530 746 2557 Domini
760 2540 803 2565 per
815 2541 898 2559 amm's

108 2578 166 2602 dies
177 2576 232 2602 vita:
243 2583 312 2603 mete.
326 2575 436 2608 Propter
450 2575 530 2608 quid?
546 2575 578 2602 Ut
592 2577 744 2611 contemplor
756 2578 898 2604 delectatio-

109 2629 170 2648 nem
183 2621 285 2648 Domini
307 2621 392 2657 (Paul.
413 2629 482 2652 xxvi,
508 2622 547 2655 Δγ).
574 2621 610 2648 lbi
632 2623 701 2648 enim
725 2623 844 2656 gaudebo
865 2623 898 2650 de

108 2667 198 2699 socio,
214 2675 264 2695 non
281 2666 379 2694 timebo
398 2666 430 2693 de
448 2667 598 2694 adven-ario
616 2676 621 2694 :
639 2667 673 2694 ibi
689 2667 757 2694 enim
777 2673 897 2695 eontem-

109 2714 201 2748 plator
210 2720 314 2740 mecum
329 2712 379 2739 erit
390 2713 499 2745 amicus,
511 2720 564 2739 non
577 2713 751 2740 calumniator
762 2714 896 2741 inimicus.

111 2759 172 2786 Hoc
184 2759 342 2786 desideravit
355 2759 405 2786 iste
419 2758 533 2791 Iditltun,
551 2764 639 2786 notum
652 2759 706 2786 ﬁeri
722 2760 770 2787 sibi
781 2769 840 2787 cum
857 2761 898 2788 hic

109 2808 194 2837 esset,
210 2809 238 2831 ut
250 2809 330 2832 sciret
341 2804 404 2838 quid
418 2804 467 2831 sibi
482 2804 587 2832 deesset
600 2813 606 2835 ;
622 2809 648 2831 et
666 2812 718 2832 non
734 2810 786 2832 tam
800 2806 897 2840 gaude-

110 2854 153 2879 ret
165 2850 198 2877 de
209 2849 250 2877 bis
262 2849 295 2877 ad
307 2857 366 2884 qua:
381 2855 546 2885 pervenerat,
558 2858 637 2885 quant
650 2851 811 2879 desideraret
822 2860 851 2879 ea
863 2853 895 2879 ad

150 2907 159 2922 ¹
169 2906 262 2931 sicis.
270 2911 296 2930 Αι
304 2905 357 2930 edd.
369 2905 407 2930 hic
414 2909 437 2930 ct
448 2906 556 2936 rroximo
566 2905 626 2935 loco,
634 2912 676 2937 pro
688 2907 746 2938 agis,
753 2907 843 2932 habent
851 2907 893 2933 uis.

636 184 831 213 ENARRATIO
850 183 882 212 IN
901 184 1060 213 PSALMUM
1081 185 1220 214 XXXVIII.

1698 194 1750 222 618

965 253 1024 280 qua:
1039 247 1153 274 nondum
1169 253 1343 282 pervenerat;
1357 252 1385 276 et
1398 248 1554 285 quibusdam
1566 250 1621 285 jam
1635 252 1752 279 transili-

966 293 1010 324 tis,
1024 300 1076 320 non
1090 299 1238 322 remaneret
1253 295 1278 322 in
1292 295 1344 325 via.
1365 296 1412 323 sed
1425 296 1556 324 desiderio
1570 303 1708 332 raperetur
1721 299 1747 326 in

964 346 1097 373 superna;
1114 347 1196 374 usque
1218 348 1270 375 quo
1293 340 1336 368 illc
1359 341 1404 376 qui
1426 341 1546 376 quaedam
1570 343 1749 377 transilieral,

963 385 1052 413 omnia
1066 386 1219 418 transiliret,
1231 392 1258 414 et
1270 386 1304 413 ab
1316 387 1472 415 irroratione
1484 388 1596 423 quadam
1611 394 1747 424 guttarum

963 430 1155 459 dominicarum
1178 432 1211 460 de
1235 433 1430 467 Scripturarum
1460 435 1529 462 nube
1559 436 1721 463 venientium
1735 458 1742 469 ,

963 478 1066 505 veniret
1076 478 1143 505 sicut
1156 486 1250 506 cervus
1262 479 1296 506 ad
1309 479 1408 507 fontem
1425 480 1484 508 vitze
1497 480 1583 516 (Paul.
1598 489 1650 513 xu.
1662 482 1701 517 2),
1722 488 1750 510 et

963 523 989 551 in
1004 524 1049 552 illo
1061 525 1160 552 lumine
1174 525 1276 552 videret
1289 525 1376 553 lumen
1386 525 1469 561 (Psal.
1485 534 1566 559 xxxv,
1579 527 1633 563 I0),
1647 533 1673 555 ct
1686 530 1747 556 alis—

962 570 1121 598 conderetur
1144 571 1168 597 in
1190 571 1262 597 vultu
1285 571 1330 598 Dei
1348 579 1363 598 a
1386 572 1587 600 conturbatione
1606 573 1743 601 hominum

962 615 1048 651 (Psal.
1063 624 1125 647 xxx.
1147 616 1194 652 2|)
1210 616 1272 643 :ubi
1294 617 1402 650 diceret,
1427 618 1498 656 Bene
1519 623 1568 650 est,
1592 619 1658 646 ultra
1682 620 1745 647 nihil

961 662 1031 693 volo,
1052 669 1144 689 omnes
1169 662 1211 689 hic
1224 669 1294 693 amo,
1318 663 1449 689 neminem
1473 662 1515 690 ltic
1537 664 1625 691 timeo.
1643 664 1744 692 Bonum

961 707 1131 741 desiderium,
1145 712 1263 735 sanctum
1277 707 1446 735 desiderium.
1463 708 1512 741 Qui
1530 709 1584 743 jam
1601 709 1649 736 hoc
1663 709 1746 737 habe-

962 754 1004 786 tis,
1020 753 1182 789 congaudete
1197 753 1271 781 nobis
1282 762 1290 786 ;
1303 758 1330 781 et
1343 759 1416 782 orate
1431 758 1459 781 ιιι
1481 761 1680 789 perseveranter
1696 756 1746 783 ha—

959 799 1080 834 beamus,
1097 807 1129 827 ne
1151 800 1219 828 inter
1233 800 1354 828 scandala
1374 801 1538 828 deﬁciamus.
1561 801 1627 829 Nam
1648 806 1675 829 et
1696 810 1746 829 nos

960 852 1008 880 pro
1039 846 1113 873 vobis
1138 845 1187 873 hoc
1212 845 1281 873 idem
1311 854 1445 881 rogamus.
1472 847 1528 874 Non
1553 849 1623 875 enim
1644 854 1670 876 et
1696 856 1745 876 nos

957 891 1029 926 digni
1048 892 1092 927 qui
1115 899 1163 927 pro
1182 892 1256 919 vobis
1277 900 1392 924 oremus,
1417 898 1442 920 et
1458 901 1506 921 vos
1521 894 1619 929 indigni
1633 896 1676 930 qni
1696 903 1745 930 pro

958 937 1034 964 nobis
1043 937 1134 965 oretis.
1150 938 1321 965 Auditoribus
1333 939 1388 965 suis
1400 938 1495 973 quibus
1511 940 1671 973 praedicabat
1685 949 1744 968 ver-

957 983 1020 1010 bum
1037 983 1094 1017 Dei,
1116 991 1146 1011 se
1160 983 1361 1012 conunendabat
1372 985 1515 1019 Apostolus
1528 985 1635 1020 (Coloss.
1652 994 1687 1018 tv,
1701 987 1742 1022 5).

957 1028 1037 1056 Orate
1049 1036 1112 1064 ergo
1127 1036 1174 1064 pro
1190 1029 1275 1062 nobis,
1299 1029 1403 1062 fratres,
1418 1035 1446 1057 ut
1467 1036 1493 1057 et
1517 1031 1586 1065 quod
1601 1031 1743 1059 videndum

956 1079 998 1102 ost
1012 1076 1079 1102 bene
1092 1075 1240 1108 videamus,
1255 1081 1281 1103 et
1294 1076 1363 1111 quod
1379 1076 1519 1103 dicemlum
1534 1081 1575 1103 est
1591 1078 1657 1105 bene
1670 1078 1743 1104 dica-

957 1129 1025 1149 mus.
1043 1120 1172 1149 Caaterum
1187 1120 1236 1149 hoc
1249 1121 1418 1155 desiderium,
1442 1122 1512 1154 novi,
1534 1123 1559 1149 in
1574 1123 1665 1157 paucis
1679 1129 1720 1150 est
1734 1132 1742 1151 :

956 1174 1005 1194 nec
1019 1174 1061 1194 me
1075 1167 1174 1201 optimc
1188 1167 1345 1202 intelligunt,
1366 1167 1416 1194 nisi
1438 1168 1481 1202 qui
1496 1168 1659 1202 gustaret-int
1671 1169 1743 1196 unde

955 1211 1058 1247 loquor.
1073 1212 1218 1247 Loquimur
1229 1218 1317 1240 tamen
1332 1212 1464 1242 omnibus,
1478 1218 1505 1239 et
1517 1212 1674 1240 habentibus
1690 1214 1742 1242 tale

954 1258 1126 1291 desiderium,
1149 1263 1176 1286 ct
1196 1259 1312 1286 nondum
1337 1258 1493 1286 habentibus
1508 1268 1514 1285 :
1532 1259 1696 1291 habentibus,
1714 1265 1743 1287 ut

954 1304 1092 1331 nobiscum
1104 1304 1129 1331 in
1144 1304 1188 1331 illa
1202 1304 1355 1339 suspirem;
1373 1312 1423 1331 non
1436 1297 1606 1337 habentibus,
1619 1309 1647 1331 ut
1662 1306 1742 1340 pigri-

955 1349 1017 1376 tiam
1037 1350 1180 1381 excutiant,
1195 1349 1248 1376 ima
1271 1349 1431 1381 transiliunt,
1446 1349 1478 1376 ad
1494 1349 1659 1377 dulcedinem
1676 1350 1740 1386 legis

953 1394 1093 1422 dominicae
1106 1395 1221 1428 veniant,
1238 1403 1290 1422 non
1306 1395 1331 1422 in
1345 1394 1565 1423 delectationibus
1590 1396 1738 1430 iniquornut

954 1445 1118 1469 remaneant.
1140 1440 1254 1468 Narrant
1273 1440 1345 1469 enim
1371 1441 1451 1468 multa
1474 1441 1558 1474 multi,
1583 1448 1609 1469 et
1633 1442 1741 1470 laudant

953 1487 1033 1514 multa
1048 1487 1133 1519 multi,
1159 1487 1245 1522 iniqua
1269 1487 1360 1522 iniqui.
1376 1487 1408 1514 Et
1430 1495 1522 1514 revera
1543 1492 1569 1515 et
1584 1487 1626 1514 illa
1648 1488 1737 1523 iniqua

954 1532 1051 1560 habent
1063 1532 1274 1564 delectationem,
1287 1533 1334 1560 sed
1349 1541 1399 1560 non
1415 1533 1484 1560 sicut
1498 1534 1538 1560 lex
1555 1538 1608 1565 tua,
1626 1534 1737 1562 Domine

954 1578 1038 1614 (Paul.
1052 1587 1147 1612 cxt‘m,
1169 1578 1224 1614 85).
1241 1579 1334 1606 Dicant
1346 1587 1409 1614 ergo
1422 1579 1558 1606 nobiscum
1573 1581 1616 1615 qui
1628 1580 1739 1608 credunt

953 1624 1109 1652 haecdicere
1129 1630 1155 1652 et
1179 1632 1237 1652 nos.
1260 1624 1397 1660 Negotium
1422 1625 1492 1652 enim
1516 1627 1566 1653 hoc
1588 1627 1658 1653 intus
1677 1631 1736 1658 est,

951 1671 1031 1697 nullis
1044 1670 1129 1698 verbis
1144 1671 1246 1698 ostendi
1262 1676 1358 1706 potest.
1373 1670 1425 1699 Sed
1438 1672 1482 1707 qui
1497 1671 1548 1699 hoc
1567 1673 1631 1707 agit,
1647 1673 1738 1700 credat

951 1724 1011 1744 esse
1025 1721 1051 1744 et
1065 1716 1089 1743 iu
1113 1717 1165 1744 alio
1180 1726 1186 1744 :
1201 1725 1253 1745 non
1274 1717 1358 1745 solum
1372 1725 1401 1745 se
1422 1722 1495 1753 putet
1514 1718 1649 1753 accepisse
1667 1719 1737 1754 quod

952 1763 999 1791 Dei
1015 1768 1065 1791 est.
1082 1763 1155 1791 Dicat
1167 1771 1230 1799 ergo
1251 1764 1277 1791 in
1293 1764 1334 1791 Itis
1354 1764 1469 1797 Iditltuu,
1491 1763 1590 1792 Notum
1601 1767 1642 1801 [ac
1664 1766 1736 1798 mihi,

951 1808 1068 1840 Domine,
1080 1809 1155 1843 ﬁnem
1165 1817 1255 1836 meum.

986 1854 1011 1881 7.
1035 1854 1069 1881 Et
1083 1863 1211 1881 numerum
1224 1855 1320 1882 dierum
1341 1864 1451 1883 meorum
1474 1856 1518 1891 qui
1531 1861 1576 1883 est.
1592 1856 1735 1884 Nomm-um

950 1900 1051 1927 dierum
1067 1908 1156 1935 quer
1166 1902 1271 1936 quiest.
1284 1902 1327 1929 Sic
1339 1909 1446 1936 possum
1460 1902 1565 1934 dicere,
1577 1902 1614 1930 sic
1628 1909 1735 1937 possunt

950 1946 1096 1981 intelligere
1109 1954 1246 1974 numerum
1261 1947 1318 1974 sine
1333 1955 1444 1975 numero
1454 1969 1461 1979 ,
1478 1948 1612 1983 quomodo
1627 1954 1737 1983 possunt

949 1991 1000 2018 dici
1014 1992 1075 2019 anni
1086 1992 1144 2020 sine
1157 1992 1243 2020 annis.
1261 1992 1307 2021 Ubi
1321 1993 1390 2020 enim
1402 1994 1462 2020 anni
1476 2014 1483 2026 ,
1499 1994 1588 2029 utique
1600 1994 1673 2030 quasi
1687 2003 1736 2022 ιιιι-

950 2047 1039 2067 merus
1051 2047 1057 2070 ;
1073 2039 1119 2066 sed
1135 2044 1220 2066 tamen
1233 2060 1240 2072 ,
1255 2039 1293 2066 'l‘n
1309 2039 1376 2066 idem
1392 2039 1447 2074 ipse
1459 2048 1488 2067 es
1499 2060 1508 2074 ,
1520 2045 1547 2067 et
1559 2041 1619 2067 anni
1633 2041 1668 2067 tui
1683 2048 1735 2068 non

949 2086 1069 2113 deﬁcient
1085 2085 1169 2120 (Psul.
1192 2093 1233 2117 cr,
1256 2085 1313 2121 28).
1336 2085 1479 2113 Numermn
1500 2086 1602 2114 dierum
1616 2095 1734 2115 meorum

949 2132 1012 2158 tnihi
1028 2137 1118 2159 notum
1129 2132 1179 2163 iac.
1191 2131 1236 2159 sed
1247 2132 1290 2167 qui
1306 2137 1354 2159 est.
1369 2132 1436 2166 Quid
1450 2133 1534 2167 ergo?
1548 2133 1598 2161 Iste
1609 2142 1736 2161 numerus

950 2177 975 2205 in
987 2185 1038 2213 quo
1049 2183 1075 2205 tu
1086 2186 1125 2210 es,
1141 2186 1192 2204 non
1204 2178 1264 2204 est?
1278 2178 1357 2205 Plane
1367 2198 1374 2210 ,
1391 2179 1412 2205 si
1426 2179 1559 2206 attendam
1573 2179 1640 2206 bene
1651 2200 1659 2211 ,
1682 2187 1734 2206 non

949 2231 990 2252 est
1006 2234 1012 2251 ε
1026 2225 1047 2252 si
1061 2225 1184 2255 haeream.
1198 2225 1271 2260 quasi
1285 2229 1342 2257 est;
1359 2225 1380 2252 si
1394 2225 1538 2252 transiliam
1551 2247 1557 2256 .
1573 2233 1625 2253 non
1639 2230 1697 2253 est:
1711 2225 1734 2253 si

949 2271 983 2298 ab
997 2271 1054 2298 istis
1074 2279 1116 2299 me
1132 2269 1267 2298 excutiens
1280 2278 1392 2306 superna
1407 2272 1586 2306 contemplor,
1609 2270 1632 2298 si
1650 2276 1736 2299 trans-

949 2317 1037 2344 euntia
1053 2317 1219 2344 manentibus
1233 2325 1394 2352 comparem,
1410 2317 1485 2345 video
1499 2317 1559 2352 quid
1573 2325 1665 2344 verum
1681 2317 1734 2345 sit:

949 2363 1011 2398 quid
1025 2367 1110 2390 autem
1132 2364 1214 2398 magis
1233 2363 1352 2391 videatur
1371 2370 1449 2393 esse.
1466 2370 1542 2397 quant
1566 2363 1621 2390 sit?
1646 2363 1736 2391 Dictu-

949 2416 1029 2436 rusne
1039 2415 1096 2435 sum
1108 2416 1168 2436 esse
1181 2409 1245 2435 istos
1259 2408 1316 2435 dies
1329 2415 1403 2434 meos
1417 2407 1510 2434 "!I-Ios
1521 2429 1528 2440 ,
1541 2408 1646 2442 inquam
1657 2428 1664 2440 ,
1678 2407 1736 2435 dies

949 2462 1008 2482 esse
1021 2454 1137 2481 dicturus
1150 2462 1218 2486 sunt;
1232 2460 1258 2481 et
1271 2459 1324 2481 tam
1340 2461 1461 2488 magnum
1476 2454 1525 2481 hoc
1539 2454 1658 2487 verbum,
1673 2454 1736 2482 huic

950 2501 1037 2528 cursui
1061 2508 1148 2527 rerum
1172 2500 1313 2527 labentium
1330 2505 1429 2527 temere
1441 2499 1529 2526 dabo?
1545 2501 1579 2527 Ita
1593 2508 1656 2535 ergo
1679 2501 1736 2536 ip~e

949 2545 1074 2574 deﬁciens
1089 2553 1154 2579 pene
1165 2553 1216 2572 non
1231 2552 1288 2572 sam
1301 2566 1308 2576 ,
1323 2550 1351 2572 ut
1369 2545 1495 2573 exciderit
1514 2546 1577 2573 mihi
1592 2546 1636 2581 qui
1649 2546 1734 2579 dixit,

950 2590 1007 2626 Ego
1018 2598 1076 2618 sum
1092 2590 1136 2625 qui
1150 2598 1207 2617 sum
1219 2590 1313 2626 (Exod.
1330 2598 1366 2623 ut,
1379 2591 1434 2626 14).
1451 2591 1495 2618 Est
1505 2600 1568 2627 ergo
1579 2592 1674 2627 aliquis
1686 2601 1734 2619 nu-

949 2645 1038 2665 mcrus
1050 2637 1170 2665 dierum?
1185 2637 1252 2664 Vere
1264 2643 1304 2664 est
1316 2659 1323 2670 ,
1339 2643 1363 2664 ct
1378 2638 1435 2665 sine
1450 2639 1502 2666 line
1516 2644 1567 2666 εει.
1585 2639 1611 2666 Iu
1627 2638 1669 2666 his
1691 2647 1734 2665 an-

950 2689 1002 2711 tem
1017 2683 1110 2711 diebus
1124 2684 1207 2711 dicam
1221 2684 1317 2718 aliquid
1331 2691 1406 2717 esse,
1427 2686 1448 2712 si
1469 2691 1545 2713 teneo
1565 2686 1598 2713 de
1621 2694 1672 2720 quo
1693 2685 1735 2711 die

950 2738 992 2756 me
1008 2730 1153 2765 interrogas
1168 2734 1253 2756 utrum
1265 2730 1317 2757 sit:
1331 2735 1359 2757 ut
1373 2731 1413 2758 vel
1428 2731 1572 2766 interroges
1594 2738 1653 2760 me,
1675 2734 1735 2756 tene

950 2776 1019 2803 unde
1034 2784 1076 2804 me
1090 2777 1245 2812 interrogas.
1260 2777 1345 2804 Tenes
1366 2777 1435 2804 diem
1459 2778 1556 2803 istaut?
1571 2766 1603 2803 'Si
1629 2775 1733 2803 tenuisti

982 2846 990 2861 ¹
1002 2845 1038 2871 sic
1049 2844 1161 2877 plerique
1172 2849 1224 2877 Mss.
1240 2849 1266 2869 Αῑ
1277 2848 1343 2874 t.ov.,
1355 2851 1426 2877 quam
1437 2845 1458 2870 si
1477 2843 1586 2869 dicturis
1593 2842 1623 2868 sit
1636 2847 1657 2867 te
1669 2849 1732 2877 men-_

950 2883 1002 2901 sum
1020 2875 1070 2901 esse
1084 2875 1140 2901 istas
1159 2876 1210 2902 dies
1227 2877 1311 2900 meos?
1322 2875 1369 2905 tua;
1381 2876 1486 2901 ridentur
1500 2881 1544 2899 nun
1555 2881 1615 2903 esse,
1627 2878 1697 2905 quam
1715 2875 1734 2900 ai

950 2907 1058 2933 dicturus
1072 2907 1117 2933 sim
1127 2914 1177 2933 esse
1185 2907 1239 2932 istos
1249 2906 1301 2931 dies
1311 2913 1374 2932 nicas
1383 2908 1396 2932 ."
