1986 3099
123 176 170 204 (Si

126 237 193 260 unus
203 238 346 266 utcumque
357 231 477 258 sentitur,
495 230 557 255 Aule
570 233 593 254 te
605 248 611 259 ,
628 227 740 254 Domine
752 246 760 257 ,
775 225 817 251 ubi
837 223 905 249 oculi

126 281 160 307 tui
175 284 254 310 sntit,
268 286 319 305 non
334 278 377 305 ubi
391 277 458 303 oculi
474 275 579 302 humani
594 279 655 301 sunt
671 282 677 299 :
692 272 755 307 quid
775 271 819 298 ubi
840 269 908 296 oculi

127 326 161 353 tui
175 325 255 352 sunt?
269 323 414 351 Substantia
427 330 480 348 mea
493 326 610 355 tanquam
626 319 698 346 ni/til.

161 371 204 399 10.
224 369 400 405 Verumtamen
420 368 534 394 universa
548 366 644 393 tanitus
656 385 662 396 ,
686 364 766 391 omnis
788 363 859 389 homo
874 362 911 388 vi-

126 426 193 445 vens.
215 416 390 443 Verumtamen
415 422 424 440 :
446 412 509 448 quid
534 412 603 439 enim
625 409 746 437 dicebat?
770 408 826 435 Jam
849 414 911 434 cccc

128 463 253 492 transilivi
267 462 387 489 mortalia
400 460 487 487 omnia
500 480 508 492 ,
523 463 550 486 et
567 459 618 485 ima
633 457 780 491 contempsi
793 477 799 487 ,
813 454 911 481 calcari

129 515 230 536 terrena
244 528 251 539 ,
265 506 371 534 asccndi
388 506 421 532 ad
433 504 634 532 delectationem
648 502 713 537 legis
726 501 845 532 Domini,
861 499 911 525 llur

128 554 213 582 ctuavi
236 554 260 580 in
276 552 473 587 dispensatione
497 557 667 577 numerorum
689 549 787 574 dici-inn
805 547 811 562 ¹
827 546 912 572 domi-

131 603 267 632 uicormn,
289 599 435 626 desideravi
456 598 534 625 etiam
554 596 631 622 linem
654 596 744 626 illum,
766 594 839 626 cujus
862 600 912 618 non

134 653 170 673 est
191 646 270 677 linis;
291 643 441 672 desideravi
457 650 594 669 numerum
614 641 714 668 dictum
737 646 853 665 meorum
869 637 913 671 qui

131 698 185 723 est,
200 692 260 726 quia
275 698 400 717 numerus
413 689 514 716 dierum
531 688 639 714 istorum
654 690 774 715 nonest;
787 691 848 711 CCCC
860 683 913 716 jam

131 739 190 766 talis
202 746 272 768 sum,
289 742 359 763 tanta
375 734 512 764 transilivi,
527 735 554 760 in
569 741 599 760 ea
615 740 672 766 quae
688 735 757 757 stant
770 729 807 755 sic
821 728 891 755 inhio
907 735 913 752 :

137 784 321 813 Verumtamen,
331 782 370 808 sic
379 780 512 816 quomodo
523 779 565 805 hic
577 786 646 808 sum.
657 776 779 811 quamdiu
794 776 835 800 hic
845 780 914 804 sum,

133 829 255 864 quamdiu
277 829 302 854 in
318 827 367 853 hoc
381 826 478 853 smculo
491 833 548 851 smn
562 844 569 855 ,
584 822 707 857 quamdiu
722 827 828 846 carnem
844 825 916 844 mor-

135 875 209 903 talem
222 878 316 908 porto,
331 871 454 906 quamdiu
470 869 579 897 teutatio
593 869 643 894 vita
659 867 771 893 humana
788 869 828 891 est
839 871 918 897 super

135 925 229 947 terram
254 917 313 953 (Job
328 925 374 948 vn,
390 917 416 950 l)
427 937 433 948 ,
448 914 573 950 quamdiu
587 914 655 941 inter
669 911 791 939 scandala
802 909 916 943 suspiro,

134 965 256 999 quamdiu
271 964 351 990 timeo
366 970 398 988 ne
415 961 507 988 cadam
522 959 566 994 qui
586 963 642 991 sto,
658 956 782 992 quamdiu
798 954 861 981 mihi
878 955 919 980 in-

135 1016 202 1037 certa
216 1014 313 1038 suntet
327 1008 394 1034 mala
410 1014 467 1033 mea
483 1010 509 1032 et
520 1006 587 1033 bona
604 1012 662 1031 mea
675 1024 682 1035 ,
698 1003 811 1029 universa
824 1001 919 1027 vanitas

134 1057 213 1083 anatis
228 1055 301 1082 homo
311 1055 402 1080 vivens.
417 1052 514 1081 Omnis,
530 1051 645 1085 inquam,
661 1049 799 1075 etha‘rens
811 1052 835 1073 et
850 1051 920 1072 lt‘att-

134 1103 235 1135 siliens,
250 1107 277 1129 et
287 1102 342 1135 ipse.
358 1100 461 1126 Idithun
473 1098 504 1124 ad
517 1098 664 1124 universam
678 1095 820 1121 vanitatem
835 1092 920 1118 adhuc

135 1149 262 1184 pertinet:
272 1148 332 1182 quia
342 1146 428 1173 oinuia
441 1145 551 1175 vanitas,
561 1149 586 1170 et
596 1143 696 1168 vanitas
706 1140 877 1167 minitantium
891 1139 900 1170 ξ
913 1145 919 1163 :

134 1203 193 1229 qua:
205 1192 365 1220 abundantia
381 1191 479 1217 homini
496 1191 520 1217 in
535 1188 606 1215 omni
621 1188 708 1214 labore
721 1193 784 1218 suo,
800 1193 852 1220 quo
866 1185 921 1218 ipsc

135 1242 236 1268 laborat
248 1239 298 1266 sub
311 1239 366 1266 sole
378 1238 473 1273 (Eccle.
488 1236 532 1267 1,2
543 1240 564 1262 et
580 1236 606 1269 5)
617 1235 627 1260 ?
639 1232 768 1268 Numquid
783 1236 809 1259 ct
820 1231 920 1258 ldithnn

135 1287 183 1314 sub
201 1286 259 1313 sole
279 1284 365 1312 adhuc
381 1283 440 1310 est?
462 1282 546 1309 liabet
565 1279 664 1314 aliquid
684 1279 732 1305 sub
752 1278 822 1309 sole,
845 1276 922 1303 habet

135 1332 232 1367 aliquid
254 1332 322 1358 ultra
337 1331 429 1357 solem.
451 1328 506 1355 Sub
527 1327 582 1353 sole
604 1326 682 1352 habet
703 1323 840 1358 cvigilare,
861 1322 922 1348 dor-

135 1378 200 1406 inire
210 1399 218 1410 ,
233 1376 406 1407 manducare,
421 1374 521 1404 bibere,
536 1371 647 1401 esurire,
662 1367 734 1396 sitire
744 1390 750 1401 ,
768 1368 870 1402 vigere,
886 1366 922 1392 fa-

136 1423 220 1458 tigari,
233 1427 401 1457 pucrascere,
411 1419 592 1454 juvenesccrc,
602 1422 750 1445 senescere,
764 1414 860 1440 incerta
874 1412 923 1438 ha-

135 1470 198 1497 bere
210 1476 271 1504 qua:
291 1471 364 1502 optat
376 1470 403 1493 et
415 1466 489 1492 timet
505 1473 510 1490 :
527 1463 584 1490 hmc
599 1462 685 1489 omnia
705 1460 754 1487 sub
767 1460 822 1486 sole
846 1459 923 1485 habet

136 1521 159 1543 et
169 1518 228 1550 ipse
242 1514 356 1544 lditlnm,
373 1512 451 1540 etiam
466 1511 521 1544 ipse
536 1509 686 1536 transiliens
699 1514 755 1533 eos.
771 1505 847 1533 Unde
860 1511 923 1539 ergo

138 1560 305 1591 transiliens?
319 1560 355 1586 Ex
371 1559 416 1585 illo
436 1556 584 1588 desiderio,
601 1554 696 1581 Notum
716 1555 756 1588 [ac
774 1551 849 1581 nti/ti,
868 1550 923 1576 Do-

137 1609 216 1641 mine,
229 1607 306 1642 ﬁnem
317 1614 408 1632 meant.
429 1604 484 1631 Hoc
498 1603 568 1630 enim
582 1600 740 1628 desiderium
757 1599 825 1626 ultra
839 1597 922 1624 Solem

135 1659 186 1687 est,
202 1661 255 1682 non
268 1657 309 1680 est
321 1651 370 1679 sub
383 1650 447 1677 solo.
460 1649 513 1677 Sub
528 1648 584 1676 sole
597 1646 683 1673 omnia
698 1644 809 1671 visibilia
826 1652 831 1669 :
846 1642 923 1677 quid-

137 1699 200 1735 quid
219 1698 322 1726 visibile
335 1705 386 1724 non
400 1700 456 1728 est,
470 1694 519 1722 sub
534 1694 589 1721 sole
604 1700 656 1719 non
669 1696 720 1719 est.
735 1691 792 1718 Non
807 1695 848 1717 est
860 1689 924 1716 visi-

139 1747 197 1775 bilis
209 1745 286 1776 ﬁdes,
301 1751 353 1771 non
363 1747 404 1770 est
415 1741 524 1769 visibilis
534 1747 604 1775 spes,
618 1747 669 1765 non
684 1743 725 1766 cst
738 1737 848 1765 visibilis
862 1736 925 1763 cha-

138 1792 212 1825 ritas,
226 1798 280 1819 non
296 1794 337 1817 est
346 1788 456 1815 visibilis
470 1786 626 1820 benignitas,
640 1792 691 1811 non
703 1788 743 1811 est
753 1782 862 1809 visibilis
876 1789 925 1816 po-

137 1843 238 1867 stremo
253 1836 332 1864 timor
346 1834 389 1862 ille
409 1837 497 1860 castus
510 1837 667 1866 permanens
687 1830 712 1857 in
734 1828 858 1855 smculuiu
874 1834 925 1854 sa:-

138 1886 189 1914 cali
203 1884 290 1921 (Psal.
302 1890 378 1914 xvm,
395 1880 450 1915 l0).
463 1880 489 1906 ln
505 1879 545 1906 his
557 1877 680 1905 omnibus
694 1875 861 1902 dulcedinem
878 1873 924 1900 ha-

139 1932 205 1959 bens
216 1929 478 1960 consolationemqne
492 1924 595 1951 lditlntn
609 1943 615 1955 ,
632 1927 658 1949 et
677 1921 742 1947 ultra
759 1921 841 1947 solem
862 1927 925 1945 con-

139 1984 259 2007 versaris,
271 1975 331 2010 quia
341 1971 506 2000 conversatio
517 1970 574 2004 ejus
586 1969 610 1995 in
623 1967 697 1995 coctis
710 1971 760 1998 est,
772 1973 804 1992 ex
814 1965 855 1991 his
868 1972 927 1998 qua:

139 2024 227 2052 adhuc
242 2022 322 2050 habet
335 2020 383 2047 sub
396 2019 468 2051 sole,
479 2017 569 2052 gemit;
581 2020 608 2042 et
620 2015 668 2041 ista
682 2011 827 2039 contemnit
841 2015 868 2037 et
877 2010 927 2037 do-

140 2070 193 2102 let,
213 2069 242 2096 in
263 2068 305 2095 illa
321 2064 463 2094 inardescit
481 2070 538 2097 qua:
553 2061 696 2088 desiderat.
718 2058 831 2084 Locutus
842 2060 883 2083 est
895 2056 928 2082 de

140 2116 201 2147 illis,
216 2115 339 2149 loquatur
350 2117 377 2139 et
390 2112 422 2138 de
435 2111 499 2137 istis.
514 2107 631 2135 Audistis
646 2102 866 2139 concupiscenda,
880 2110 927 2128 au-

140 2162 194 2189 dite
207 2157 411 2188 contemnenda.
430 2155 604 2182 Verumtamen
622 2152 737 2178 uniuersa
758 2149 854 2176 vanitas
876 2155 929 2174 om-

141 2209 180 2236 nis
192 2209 268 2234 Immo
279 2206 372 2232 vivens.

178 2255 220 2281 Η.
237 2252 313 2289 [βενε.
328 2249 366 2285 7.]
379 2249 526 2283 Quanquam
544 2246 569 2272 in
590 2244 699 2279 imagine
717 2242 827 2269 ambulat
841 2242 928 2268 homo.

140 2301 169 2327 lu
183 2307 235 2335 qua
250 2297 374 2331 imagine,
392 2295 442 2321 nisi
458 2295 528 2321 illitis
539 2293 583 2326 qui
599 2291 665 2318 dixit
680 2299 685 2316 :
701 2289 836 2316 Faciamus
847 2289 931 2315 horni-

139 2354 198 2372 nem
211 2344 245 2370 ad
258 2343 390 2377 imaginem
400 2345 422 2366 et
433 2338 620 2366 similitudinem
633 2340 742 2362 nostram
752 2334 828 2369 (Gen.
843 2342 861 2364 ι,
872 2333 931 2369 26γῖ

141 2393 295 2426 Quanquam
310 2389 336 2414 in
346 2387 455 2420 imagine
466 2384 575 2411 ambulat
587 2383 670 2408 homo.
685 2381 745 2408 Ideo
760 2381 830 2407 enim
846 2380 932 2413 Quan-

138 2425 229 2473 quam,
244 2436 304 2470 quia
318 2441 441 2467 magnum
453 2430 550 2465 aliquid
562 2430 647 2463 imago
663 2428 727 2454 hate.
741 2426 772 2453 Et
786 2426 835 2453 hoc
847 2425 933 2458 Quan—

138 2490 230 2517 quam,
256 2485 377 2508 secutum
399 2483 440 2505 est
461 2477 553 2503 Tamen
570 2483 579 2501 :
600 2479 627 2501 ut
649 2473 711 2500 illud
733 2471 803 2506 quod
824 2472 944 2498 audistis.

141 2531 306 2563 Quanquam,
325 2525 392 2551 ultra
407 2523 490 2550 solent
503 2523 552 2552 sit;
568 2521 617 2547 hoc
631 2525 717 2546 autem
733 2518 801 2552 quod
816 2517 934 2551 sequitur

139 2574 250 2604 Tamen.
265 2572 315 2600 sub
333 2570 391 2598 sole
404 2570 454 2599 sit;
469 2572 495 2595 et
511 2566 575 2593 illud
588 2565 718 2600 pertineat
733 2563 765 2589 ad
784 2563 932 2594 veritatem,

138 2621 197 2649 hoc
206 2618 241 2646 ad
250 2618 405 2645 vanitatem.
422 2614 570 2647 Quanquam
588 2618 650 2645 ergo
663 2610 688 2635 in
704 2609 812 2643 imagine
824 2608 934 2634 ambulat

138 2668 220 2694 homo
233 2663 351 2691 :Tamen
364 2668 427 2688 vane
440 2658 609 2685 conturbatur.
626 2655 692 2682 Audi
707 2653 933 2682 conturbationem

137 2713 213 2747 ejus,
229 2715 256 2738 et
270 2709 330 2736 vide
346 2708 368 2734 si
383 2714 436 2733 non
451 2709 490 2732 est
503 2710 569 2729 vana
583 2711 589 2728 :
610 2706 637 2728 ut
651 2701 736 2728 calces
749 2708 817 2732 eam,
837 2700 933 2726 transi—

138 2746 194 2786 lias
209 2763 279 2788 eam,
291 2759 318 2782 et
338 2753 440 2780 habites
455 2751 480 2777 in
496 2749 617 2779 excelsis,
640 2747 683 2774 ubi
699 2755 750 2774 non
772 2752 812 2773 est
828 2746 874 2772 ista
889 2754 933 2772 \a-

176 2819 186 2834 ι
201 2820 237 2841 Er.
252 2819 276 2840 et
293 2815 380 2839 decem
395 2815 459 2840 Mss,
471 2814 622 2835 mmierarnm
640 2807 817 2841 mminit-orum
827 2813 842 2841 :_
848 2807 936 2831 omissa

138 2837 341 2876 voceT'diEram.
361 2847 419 2868 Item
435 2837 482 2876 aut.
497 2845 560 2876 _.\tss..
579 2846 728 2864 nunmwrum
748 2837 933 2864 nominitarunt.

138 2871 259 2910 ᾦῖηίιοιι,
271 2881 396 2910 ruunt-rum
409 2871 591 2910 Dominirorum.

181 2900 362 2934 ῖζιόιὶίυιιοτυε
371 2910 423 2930 )tss.
433 2903 532 2935 vulgati,
544 2900 680 2926 maritatam.
706 2904 732 2924 Μ.

620 167 816 197 ΕΝΛΠΒΔΊΊΟ
836 166 866 193 IN
887 164 1046 193 PSMJIUM
1068 165 1208 192 XXXVIII.

1690 171 1741 198 4‘19

963 222 1039 248 nitas.
1053 221 1116 256 Quas
1134 223 1250 249 vanitas?
1265 223 1435 258 Tllesaurizat,
1456 232 1480 254 et
1498 237 1547 257 non
1562 233 1687 266 cognoscit
1702 235 1743 261 cui

962 270 1118 320 congregabat
1128 278 1167 320 ea.
1183 270 1205 298 0
1216 271 1305 298 insana
1318 274 1419 300 vanitas
1431 275 1437 301 !
1451 275 1545 304 Beatus
1556 278 1631 313 cujus
1642 285 1684 307 est
1693 281 1731 308 Do

962 316 1049 365 minus
1060 322 1120 365 Spes
1131 316 1198 350 ejus,
1212 321 1239 343 et
1251 325 1303 344 non
1319 320 1435 353 respexit
1447 321 1473 348 in
1487 324 1616 351 vanitates
1629 331 1655 351 et
1673 326 1744 353 insa-

963 361 1020 387 nias
1034 361 1265 397 mendaces(Psal.
1281 371 1378 396 xxxix,
1392 365 1432 399 5).
1447 367 1561 395 Delirare
1579 369 1624 396 tibi
1643 371 1733 398 videor

962 414 1054 439 avare,
1069 415 1127 434 cum
1140 408 1197 435 hmc
1212 409 1306 444 loquor
1319 419 1325 436 :
1339 411 1480 439 anicularia
1496 414 1540 440 tibi
1555 414 1675 443 videntur
1689 393 1745 445 lia-ti

964 452 1053 478 verba.
1068 452 1106 479 Tu
1117 455 1186 480 enim
1201 455 1323 482 videlicet
1333 455 1411 483 homo
1422 458 1507 493 magni
1518 460 1621 487 consilii
1631 469 1746 496 magna--

965 506 1015 531 quc
1026 498 1180 548 prudentiae,
1195 501 1328 535 excogitas
1342 503 1459 537 quotidie
1472 513 1567 543 genera
1580 509 1746 542 acquirenda:

966 544 1094 576 pecttnim.
1110 544 1143 571 de
1165 546 1280 580 negotio,
1298 547 1332 575 de
1352 538 1520 583 agricultura,
1541 538 1658 580 fortassis
1675 560 1700 581 et
1714 555 1748 583 de

966 588 1080 639 eloquio,
1091 590 1125 639 de
1137 591 1203 624 juris
1213 593 1415 626 consultatione,
1430 595 1462 622 de
1473 597 1574 630 militia,
1586 598 1661 625 addis
1675 605 1699 626 et
1713 601 1747 628 de

967 635 1069 662 fenore.
1090 636 1174 662 llomo
1198 638 1321 666 cordatus
1343 639 1408 666 nihil
1434 644 1609 675 praetermittis
1628 646 1735 672 omnino

1392 665 1408 666 η
1434 665 1609 675 ,..μ,,........-

968 681 1036 732 unde
1052 690 1175 710 nummus
1189 692 1269 718 super
1283 693 1430 719 nummum,
1444 693 1469 714 et
1486 688 1511 715 in
1523 691 1626 717 occulto
1637 665 1748 727 diligcn:

968 727 1019 754 tius
1032 729 1174 763 castigetnr
1186 730 1205 756 ι.
1223 731 1386 765 Deprmdaris
1399 733 1541 765 hdnincm,
1556 743 1632 764 caves
1645 713 1748 772 (105:3:-

968 772 1088 823 datorem
1100 782 1108 806 ;
1122 775 1191 809 quod
1205 776 1268 802 facis
1283 777 1359 804 times
1378 786 1411 805 ne
1427 780 1542 813 patiaris,
1556 788 1582 808 et
1595 782 1619 808 iu
1635 790 1667 810 eo
1680 785 1751 819 quod

969 822 1066 868 pateris
1086 827 1137 846 non
1162 825 1186 847 te
1200 822 1321 868 corrigis.
1346 822 1398 850 Sed
1420 831 1471 851 non
1493 831 1612 860 pateris:
1635 829 1751 863 prudens

970 864 1040 911 enim
1053 864 1133 892 homo
1148 873 1186 898 es,
1202 866 1269 894 bene
1280 876 1380 900 servas,
1392 877 1443 897 non
1454 871 1540 899 solum
1551 873 1617 900 bene
1627 875 1729 911 colligis
1742 886 1748 903 :

971 909 1052 937 habes
1066 911 1108 937 ubi
1125 919 1216 945 ponas,
1230 914 1272 940 cui
1285 915 1444 949 committas,
1459 919 1591 951 quomodo
1611 920 1674 947 nihil
1691 909 1752 956 per-

970 960 1013 982 eat
1026 963 1057 982 ex
1077 964 1109 983 eo
1122 958 1190 990 quod
1205 960 1378 994 cOngregasti.
1395 960 1527 997 interrogo
1542 971 1588 991 cor
1601 970 1681 999 tuum,
1696 968 1753 994 dis-

970 1003 1041 1029 cutio
1067 1003 1232 1037 prudentiam
1258 1010 1327 1032 tuam
1351 1014 1357 1033 :
1381 1006 1450 1045 Ecce
1470 1009 1608 1044 collegisti,
1632 1019 1694 1039 ecce
1716 1014 1751 1040 ita

971 1049 1093 1081 servasti,
1109 1054 1136 1076 ut
1147 1049 1210 1076 nihil
1226 1051 1311 1085 possis
1326 1053 1448 1080 amittere
1459 1061 1549 1080 eorum
1561 1064 1618 1090 qua‘
1629 1059 1749 1090 servasti;

971 1093 1014 1122 dic
1028 1094 1092 1121 mihi
1104 1095 1145 1122 cui
1156 1103 1246 1123 servas
1255 1096 1266 1123 ’ἶ
1275 1096 1332 1124 Non
1348 1102 1433 1125 tecum
1445 1107 1504 1134 ago,
1522 1080 1575 1128 noti
1592 1080 1755 1132 comma—mo:

972 1147 1012 1171 ro,
1031 1147 1082 1167 non
1100 1148 1230 1176 cxaggero
1249 1143 1374 1178 quidquid
1393 1144 1462 1171 aliud
1477 1146 1537 1172 mali
1554 1147 1631 1175 habet
1644 1150 1754 1177 avaritia

973 1186 1096 1213 vanitatis
1118 1192 1169 1215 une
1192 1196 1199 1215 :
1221 1188 1272 1215 hoc
1296 1197 1376 1217 unum
1402 1199 1529 1225 propono,
1556 1193 1605 1220 hoc
1630 1195 1740 1223 discuti"

972 1233 1042 1267 quod
1057 1233 1120 1260 mihi
1134 1234 1179 1262 dat
1192 1236 1296 1262 occasio
1308 1216 1426 1263 lectionis
1440 1216 1754 1273 ιῖυιιιε’ρεεῖιξτιῖιῖᾎᾟιξ

973 1279 1083 1314 colligis,
1096 1279 1257 1308 thesaurizas
1267 1291 1272 1308 :
1282 1290 1333 1308 non
1348 1282 1416 1314 dico,
1431 1283 1469 1310 Ne
1483 1284 1549 1311 forte
1562 1285 1624 1312 dum
1637 1287 1750 1321 colligis,

973 1325 1105 1360 colligari!
1119 1335 1126 1353 :
1143 1335 1194 1353 non
1210 1327 1279 1360 dico,
1302 1328 1340 1354 Nc
1358 1327 1427 1355 forte
1448 1337 1508 1356 cum
1528 1330 1567 1357 vis
1580 1339 1638 1358 esse
1654 1333 1754 1367 prtedo.

973 1371 1011 1398 sis
1023 1371 1112 1406 przeda
1127 1380 1134 1397 :
1150 1371 1201 1399 hoc
1211 1373 1326 1407 apertius
1343 1373 1467 1409 eloquar;
1483 1374 1603 1403 fortassis
1616 1378 1685 1404 enim
1704 1386 1756 1405 cat-

973 1424 1020 1444 cus
1033 1417 1144 1444 avaritia
1164 1425 1223 1444 non
1239 1417 1335 1445 audisti
1354 1423 1399 1446 aut
1421 1419 1571 1448 intellexisti
1588 1429 1595 1447 :
1610 1429 1662 1449 non
1684 1422 1754 1457 dico,

973 1462 1091 1498 inquam,
1113 1462 1150 1490 Ne
1172 1463 1239 1491 forte
1262 1472 1321 1491 eum
1337 1465 1375 1491 vis
1396 1472 1455 1493 esse
1476 1467 1565 1500 praido
1588 1468 1706 1501 minoris,
1720 1470 1757 1497 sis

974 1508 1064 1543 pnrda
1077 1509 1194 1543 majoris.
1208 1509 1264 1536 Non
1275 1510 1346 1537 enim
1367 1512 1449 1538 sentis
1463 1519 1523 1539 esse
1536 1517 1561 1539 te
1574 1513 1599 1540 in
1619 1514 1694 1547 mari,
1708 1522 1758 1543 nec

974 1555 1062 1582 cernis
1089 1555 1204 1583 minores
1227 1556 1312 1591 pisces
1337 1564 1351 1583 a
1375 1558 1520 1591 majoribus
1543 1559 1675 1587 devorari.
1700 1560 1758 1588 Non

975 1601 1034 1628 dico
1050 1602 1109 1634 ista,
1123 1610 1175 1629 non
1195 1602 1254 1630 dico
1275 1602 1442 1631 difficultates
1463 1609 1490 1632 et.
1512 1606 1628 1640 pericula
1651 1608 1676 1634 in
1703 1608 1760 1643 ipsa

959 1672 962 1674 .
974 1647 1168 1681 conquisitione
1182 1649 1309 1682 pecuniat,
1324 1653 1420 1684 quanta
1431 1650 1564 1686 patiantur
1576 1652 1619 1686 qui
1632 1660 1690 1680 eam
1704 1655 1760 1681 col-

975 1693 1069 1729 ligunt,
1085 1701 1163 1729 quam
1186 1694 1212 1720 in
1235 1694 1358 1722 omnibus
1379 1696 1571 1730 periclitentur,
1590 1699 1615 1724 in
1638 1700 1761 1728 omnibus

976 1746 1044 1774 pene
1058 1744 1170 1766 mortem
1186 1739 1310 1767 videant:
1327 1745 1432 1768 transeo
1456 1741 1513 1769 lucc
1535 1743 1634 1770 omnia.
1650 1744 1761 1773 Prorsus

976 1785 1078 1819 colligis
1092 1786 1164 1812 nullo
1177 1786 1384 1819 contradicente,
1404 1795 1495 1814 servas
1514 1788 1586 1815 nullo
1600 1790 1735 1818 auferente
1752 1800 1759 1819 :

976 1835 1070 1858 excute
1082 1838 1128 1871 cor
1140 1836 1222 1862 tuum.
1244 1839 1275 1858 ac
1289 1832 1455 1865 prudentiam
1470 1837 1568 1860 tantam
1587 1841 1637 1868 qua
1651 1842 1695 1862 me
1712 1836 1761 1863 de-

977 1877 1059 1910 rides,
1077 1885 1127 1912 qna
1141 1884 1184 1904 me
1205 1877 1371 1911 insipientem
1388 1883 1465 1913 putas
1479 1879 1535 1906 brae
1553 1879 1722 1916 loquentem;
1736 1888 1764 1911 et

978 1922 1022 1950 dic
1047 1922 1131 1949 mihi:
1155 1922 1335 1955 thesaurilas;
1362 1923 1403 1950 cui
1426 1914 1597 1959 congregabis
1618 1927 1666 1953 ea?
1681 1914 1763 1956 Video
1810 1914 1811 1918 Ἴ

979 1967 1041 2002 quid
1053 1968 1118 1994 velis
1128 1967 1227 1999 dicere,
1241 1968 1316 2002 quasi
1327 1968 1397 2002 quod
1411 1969 1451 1996 vis
1463 1969 1552 1997 dicere
1570 1970 1630 1999 huic
1648 1980 1699 2000 non
1718 1981 1763 2001 oe-

979 2013 1092 2041 currerit
1106 2022 1113 2041 :
1126 2012 1245 2041 dicturus
1258 2021 1299 2046 es,
1319 2013 1394 2041 Filiis
1404 2015 1469 2041 meis
1482 2023 1570 2043 servo.
1586 2016 1647 2045 Haec
1659 2023 1699 2045 est
1713 2027 1762 2047 vox

981 2058 1104 2093 pietatis,
1126 2058 1262 2085 excusatio
1285 2059 1451 2094 iniquitatis:
1469 2060 1543 2088 Filiis
1563 2062 1638 2095 meis,
1659 2063 1763 2099 inquis,

981 2112 1068 2132 servo.
1085 2104 1170 2132 Etiam
1182 2112 1272 2132 servas
1287 2105 1347 2132 liliis
1359 2106 1419 2132 tuis.
1439 2106 1511 2134 Itane
1522 2106 1573 2135 hoc
1590 2115 1641 2136 non
1657 2116 1766 2138 noverat

982 2151 1105 2179 ldithun?
1122 2151 1236 2178 Noverat
1249 2159 1279 2178 ea
1295 2151 1383 2186 plane,
1407 2152 1453 2179 sed
1474 2152 1500 2180 in
1519 2153 1611 2181 diebus
1634 2156 1766 2183 veteribus

982 2196 1161 2232 eoniputabat,
1176 2202 1202 2223 et
1217 2196 1275 2224 ideo
1288 2198 1471 2226 contemnebat
1482 2205 1489 2230 ;
1502 2199 1562 2233 quia
1573 2198 1605 2226 ad
1616 2207 1699 2227 novos
1710 2200 1767 2228 dies

983 2242 1132 2270 festinabat.

1020 2287 1062 2314 1⁵2.
1082 2287 1146 2314 Nam
1162 2294 1224 2315 cecc
1244 2287 1358 2315 discutio
1378 2293 1403 2315 te
1424 2295 1485 2315 cum
1507 2288 1567 2315 ﬁliis
1586 2288 1659 2317 tuis:
1678 2297 1769 2319 servas

985 2335 1142 2362 transiturus
1157 2333 1316 2364 lrattsitnris,
1334 2333 1386 2360 imo
1406 2341 1470 2360 vero
1486 2334 1616 2361 transiens
1630 2338 1769 2364 transeun-

985 2381 1063 2408 tibus.
1078 2380 1142 2407 Nam
1158 2380 1327 2406 transiturum
1349 2384 1374 2405 te
1395 2379 1433 2405 sic
1451 2379 1515 2411 dixi,
1536 2380 1610 2414 quasi
1632 2388 1701 2408 nunc
1712 2389 1768 2409 mae

1017 2437 1025 2451 ι
1038 2440 1141 2464 Quatuor
1152 2434 1192 2459 vel
1201 2435 1308 2465 quinque
1316 2438 1368 2466 Mss.
1377 2433 1415 2466 ad
1426 2433 1493 2463 illud,
1503 2441 1715 2466 superrnamnmm,
1729 2438 1771 2462 ad-

983 2455 1163 2498 άιιηζιῖὃὶιῖιῖιὶνξ
1170 2455 1567 2498 ὃυῖὸῖῧὲῷὶῖιαῗέῷὗῖιῖιὶζνὲἱ
1576 2455 1772 2493 aut—White

970 2494 1076 2528 .gcntiiis
1092 2496 1240 2528 arquiratar.
1259 2499 1287 2520 At
1305 2494 1357 2519 loco
1373 2495 1523 2528 acquiratur,
1536 2500 1637 2528 quatuor
1658 2501 1711 2523 Mss.
1729 2499 1772 2524 ha-

986 2525 1223 2559 bent,congfegetur.
1240 2529 1319 2559 Unus,
1342 2525 1476 2559 qolloc'etur.
1495 2525 1567 2558 'I‘res,
1591 2528 1730 2559 rartigetur.
1747 2533 1773 2554 tn

985 2555 1051 2592 istud
1061 2555 1161 2592 verbum
1175 2555 1368 2592 annotatiuocula
1379 2560 1417 2581 est
1426 2557 1467 2592 ad
1474 2555 1608 2592 margiiiem
1625 2555 1714 2592 imissa.
1732 2564 1774 2592 Ly-

986 2590 1090 2624 reusi_et
1101 2588 1252 2624 Audoenensi
1269 2591 1325 2624 ante
1337 2593 1413 2624 annos
1423 2588 1477 2618 600,
1491 2589 1506 2620 il
1515 2588 1606 2621 seque,
1617 2590 1653 2615 uti
1666 2588 1764 2616 videtur

1005 2626 1035 2644 υο
1046 2619 1160 2655 (tesca-pa
1171 2622 1228 2643 sunt
1243 2609 1592 2655 ορῑιῑέέεῖξξῑεῇιςδνιιςιξξιεῑζ
1599 2609 1774 2655 taxauit;

1004 2657 1043 2675 um
1056 2657 1063 2675 ι
1079 2659 1091 2673 ι
1101 2650 1223 2685 Cartigare
1239 2653 1277 2685 es_t_
1288 2649 1455 2685 incartahhoc
1466 2649 1540 2685 estin
1552 2652 1706 2685 membrana.
1720 2659 1776 2683 pro-

991 2691 1003 2705 ι
1015 2685 1069 2718 pter
1089 2679 1229 2718 memoriam
1245 2679 1333 2712 aliquid
1352 2681 1468 2710 scribere,
1482 2682 1593 2717 usitatius
1610 2682 1641 2706 de
1660 2679 1774 2708 usui-ariis

991 2721 1002 2735 ι
1013 2710 1107 2737 dicitur.
1119 2719 1130 2733 ι
1152 2710 1193 2735 Alii
1212 2710 1309 2743 domum
1327 2717 1417 2743 novem
1430 2716 1498 2743 Μελ,
1517 2712 1652 2743 rastigetur.
1668 2713 1690 2735 td
1711 2713 1774 2738 forte

988 2742 1052 2774 vulgi
1066 2743 1161 2767 ferente
1173 2748 1217 2767 usu
1228 2741 1359 2775 adhibitum
1373 2741 1419 2766 hoc
1430 2741 1482 2775 loco
1491 2741 1535 2775 est
1548 2741 1757 2775 protracludatur

987 2762 1488 2830 attestatur:ausimausim
1498 2762 1774 2805 ἇιτὲιῦἰέιιὺῗίζῖἓίῖἑέτῖ

1142 2838 1168 2859 Et
1178 2835 1247 2865 cujus
1256 2834 1325 2865 laxas
1336 2840 1389 2859 arca
1402 2833 1508 2865 ﬂagellat
1516 2841 1584 2865 opes.

989 2866 1241 2923 prttgjscuonsultis,
1253 2864 1374 2898 ﬂagella":
1386 2864 1503 2890 minorum:
1519 2864 1566 2890 {ut
1582 2865 1605 2889 in
1623 2864 1672 2897 leg.
1684 2865 1699 2890 6
1708 2866 1732 2891 li‘.
1743 2867 1776 2893 de
