3972 6198
473 369 573 427 625

474 500 618 539 neas.
644 479 818 552 Ipsum
848 475 1004 532 hodie
1031 491 1044 528 :
1073 490 1137 530 ex
1179 488 1286 544 quo
1310 471 1451 541 loqui
1485 469 1742 539 coepimus
1780 480 1946 536 usque
1969 463 2035 516 ad

472 577 571 631 hoc
599 579 937 631 momentum,
967 567 1133 622 sentis
1171 565 1293 634 quia
1343 563 1635 618 senuimus.
1673 559 1854 629 Neque
1894 557 2035 612 enim

470 668 646 723 cernis
672 673 728 720 et
772 663 1093 717 incrementa
1137 658 1449 728 capillorum
1496 665 1743 716 tuorum;
1797 659 1852 706 et
1899 662 2039 704 nunc

469 772 588 813 cum
613 765 741 817 stas,
772 769 890 808 cum
923 752 1006 806 hic
1033 767 1112 816 es,
1141 765 1258 804 cum
1278 748 1390 818 agis
1407 744 1625 815 aliquid,
1643 759 1762 799 cum
1782 741 2034 812 loqueris,

469 852 521 905 in
548 860 598 905 te
626 857 869 903 crescunt
890 845 1060 914 capilli
1092 843 1163 897 tui
1189 861 1201 896 :
1233 854 1404 910 neque
1433 837 1572 894 enim
1602 843 1821 907 repente
1849 844 2036 889 creve-

469 950 611 1007 runt,
643 951 698 995 ut
723 951 987 994 tonsorem
1015 949 1298 1007 qumreres.
1329 932 1513 1001 Agitur
1539 943 1664 997 ergo
1699 937 1826 982 tetas
1858 935 2034 980 trans-

469 1035 670 1098 volans,
705 1040 758 1086 et
801 1031 852 1084 in
882 1026 1314 1100 intelligentibus,
1355 1031 1408 1077 et
1443 1036 1546 1075 non
1593 1017 1959 1080 sentientibus,
1985 1023 2039 1069 et

471 1128 522 1179 in
555 1124 692 1179 aliud
725 1124 860 1178 male
889 1119 1178 1190 occupatis.
1211 1115 1427 1171 Transis
1467 1122 1546 1177 tu,
1574 1118 1630 1166 et
1653 1125 1833 1165 servas
1859 1116 2036 1162 trans-

472 1219 616 1271 eunti
650 1218 755 1270 lilio
783 1225 891 1269 tuo.
921 1213 1100 1267 Primo
1146 1210 1245 1263 hoc
1273 1223 1301 1262 a
1339 1217 1388 1260 te
1409 1219 1609 1275 quaero,
1637 1203 1752 1256 Scis
1773 1216 1890 1256 eum
1917 1213 2038 1268 pos-

473 1324 740 1362 sessorum
773 1305 856 1361 cui
895 1301 1110 1360 servas?
1136 1311 1226 1355 aut
1259 1299 1301 1353 si
1350 1296 1580 1351 nondum
1627 1303 1779 1347 natus
1806 1302 1906 1356 est,
1934 1293 2040 1344 scis

475 1399 839 1454 nascituruttt?
867 1397 1056 1451 Servas
1087 1393 1223 1457 liliis,
1255 1391 1508 1444 incertum
1537 1396 1619 1440 est
1645 1401 1710 1437 an
1735 1383 1940 1442 futuris,
1971 1397 2037 1433 an

477 1489 802 1562 possessuris
831 1504 843 1539 :
874 1500 970 1540 nec
1001 1478 1210 1552 reponis
1241 1480 1542 1533 thesaurum
1583 1475 1666 1529 ubi
1708 1471 2040 1541 reptntendns

477 1593 577 1638 est.
607 1582 722 1636 Non
753 1578 893 1633 enim
925 1574 1172 1628 Dominus
1200 1580 1320 1624 tuus
1345 1584 1500 1624 servo
1522 1582 1618 1620 suo
1641 1565 1742 1620 tale
1763 1562 2040 1618 consilium

477 1677 647 1736 daret,
680 1681 739 1726 ut
770 1669 1028 1739 peculium
1056 1681 1206 1718 suum
1237 1661 1498 1731 perderet.
1526 1657 1831 1714 Peculiosus
1858 1669 2041 1708 servus

479 1783 538 1822 es
586 1763 856 1833 cujusdam
905 1757 1076 1826 magni
1117 1753 1279 1826 patris
1321 1751 1562 1806 familias.
1603 1745 1754 1815 Quod
1795 1758 1943 1799 amas
1988 1750 2043 1798 et

478 1856 618 1928 quod
666 1853 829 1908 habes
875 1851 988 1919 ipse
1037 1847 1133 1901 tibi
1167 1843 1330 1907 dedit,
1374 1851 1431 1897 et
1471 1855 1575 1893 non
1607 1838 1716 1891 vult
1745 1833 2042 1928 ut_perdas

480 1925 619 2017 quod
648 1945 737 1999 tibi
772 1941 936 2006 dedit,
979 1938 1065 2008 qui
1109 1945 1163 1991 et
1203 1935 1435 2004 seipsum
1481 1931 1571 1986 tibi
1609 1928 1773 1983 dabit.
1808 1925 1913 1982 Sed
1947 1938 2046 1980 nec

483 2040 602 2101 hoc,
631 2037 863 2105 inquam,
895 2030 1032 2100 quod
1060 2028 1149 2082 tibi
1171 2025 1238 2079 ad
1266 2034 1473 2094 tempus
1497 2020 1660 2086 dedit,
1686 2019 1798 2072 vult
1835 2025 1893 2071 ut
1921 2031 2045 2086 per-

484 2131 597 2183 das.
643 2127 857 2180 Multum
885 2131 986 2184 est,
1029 2119 1303 2178 exuberat,
1334 2109 1729 2183 supergreditur
1763 2107 1902 2162 vires
1947 2119 2046 2159 nc-

483 2218 742 2274 cessitatis
772 2227 892 2275 tute,
911 2212 1018 2280 jam
1048 2218 1192 2264 certe
1221 2204 1542 2276 superfluum
1583 2202 1864 2271 deputatur
1892 2215 1908 2251 ε
1949 2211 2047 2252 nec

488 2312 587 2364 hoc
615 2309 733 2361 νυιο
765 2313 820 2358 ιιι
847 2302 1054 2373 perdas,
1085 2299 1157 2353 ait
1186 2297 1438 2352 Dominus
1467 2304 1608 2348 tuus.
1639 2292 1706 2347 Et
1731 2289 1856 2360 quid
1885 2288 2045 2343 facio?

485 2405 668 2471 Migra,
697 2399 783 2453 ubi
812 2394 1030 2466 posuisﬁ
1069 2407 1174 2446 non
1205 2400 1285 2444 est
1315 2397 1458 2443 tutus
1487 2387 1503 2419 ⁸
1530 2387 1698 2441 locus.
1744 2381 1899 2438 Certe
1929 2394 2046 2471 ser-

486 2469 597 2548 vire
625 2493 646 2522 ¹
697 2489 776 2542 vis
813 2483 1046 2538 avaritia:
1086 2498 1100 2534 ε
1144 2479 1264 2534 vide
1306 2492 1372 2532 ne
1409 2475 1542 2530 forte
1576 2482 1630 2530 et
1676 2471 1774 2542 ipsi
1813 2469 2047 2524 avaritia:

485 2588 738 2652 congruat
761 2574 1037 2634 consilium
1061 2586 1254 2626 meum.
1289 2568 1494 2622 llabere
1518 2565 1657 2620 enim
1688 2562 1768 2620 vis
1789 2560 1927 2632 quod
1952 2560 2046 2614 ba-

484 2677 599 2738 bes,
622 2682 676 2728 et
703 2687 806 2725 non
838 2667 1057 2737 perdere
1089 2681 1104 2717 :
1147 2659 1370 2717 ostendo
1407 2658 1500 2713 tibi
1526 2657 1698 2712 locum
1740 2653 1828 2708 ubi
1857 2667 2044 2723 ponas.

482 2771 559 2826 Ne
590 2764 910 2822 thesaurizes
935 2760 985 2815 in
1017 2767 1184 2824 terra,
1214 2754 1454 2810 nesciens
1472 2751 1554 2806 cui
1574 2761 1864 2819 congreges
1887 2761 1969 2810 ea,
1993 2752 2048 2799 et

483 2869 665 2929 postea
704 2848 1145 2924 quemadmodum
1187 2851 1597 2911 consumpturus
1643 2841 1712 2893 sit
1758 2837 1848 2908 qui
1873 2834 2046 2906 possi-

482 2927 648 3014 debit,
671 2947 759 3016 qtti
787 2942 1002 2998 tenebit.
1029 2937 1190 2993 Forte
1218 2934 1359 2989 enim
1384 2945 1661 3003 possessus
1687 2928 1976 2999 possidebit
2001 2927 2045 2996 ³,

482 3038 693 3110 etquod
713 3052 742 3090 a
785 3044 837 3090 te
879 3031 1093 3087 habebit
1120 3043 1222 3082 non
1254 3025 1470 3081 tenebit.
1499 3023 1659 3078 Forte
1695 3037 1813 3076 cum
1841 3021 1889 3077 ei
1914 3036 2048 3076 'ser-

480 3147 594 3197 vas,
622 3138 900 3197 antequam
922 3123 1012 3177 ille
1037 3119 1210 3176 veniat
1238 3127 1289 3172 tu
1313 3115 1522 3186 perdes.
1553 3113 1897 3169 Sollicitudini
1943 3121 2046 3166 tua:

479 3220 756 3277 consilium
798 3215 904 3270 do:
936 3210 1294 3267 Thesaurizate
1335 3205 1472 3259 nobis
1512 3205 1795 3257 thesaurum
1831 3203 1884 3256 in
1923 3203 2046 3257 calo

481 3312 692 3387 (Matth.
718 3326 788 3376 vr,
813 3308 929 3376 20).
953 3305 1050 3360 Hic
1079 3305 1129 3358 in
1158 3311 1296 3357 terra
1323 3300 1364 3354 si
1390 3299 1552 3353 velles
1577 3311 1792 3352 servare
1813 3295 2042 3362 divitias,

477 3419 748 3477 quaereres
773 3403 1022 3456 horreum
1063 3415 1075 3449 :
1118 3394 1253 3448 forte
1297 3407 1398 3446 non
1449 3390 1695 3445 crederes
1732 3388 1910 3443 domui
1943 3399 2044 3442 tute

478 3504 692 3569 propter
715 3491 1034 3549 domesticos
1061 3497 1177 3541 tuos
1203 3502 1216 3538 :
1247 3482 1649 3539 eommendares
1671 3480 1737 3535 ad
1763 3479 1934 3534 vicum
1959 3495 2045 3534 ar-

475 3589 769 3662 gentarium
799 3584 858 3638 δε
887 3581 1116 3638 diﬂicilis
1141 3585 1223 3633 est
1256 3576 1395 3632 enim
1422 3575 1494 3628 ibi
1519 3587 1693 3638 casus,
1728 3571 1810 3626 fur
1836 3587 1941 3627 non
1973 3571 2047 3626 fa-

475 3661 576 3736 cile
595 3675 817 3738 acccdit,
846 3673 981 3728 bene
1009 3669 1184 3724 omnia
1211 3674 1508 3720 servantur.
1545 3662 1719 3731 Quare
1763 3664 1860 3716 ista
1897 3661 2044 3732 cogi-

477 3782 576 3832 tas,
604 3768 703 3823 nisi
729 3765 849 3836 quia
891 3777 993 3817 non
1036 3759 1200 3814 habes
1225 3757 1413 3811 melius
1455 3753 1541 3808 ubi
1590 3753 1807 3808 serves?
1835 3752 1970 3822 Quid
1997 3753 2044 3807 si

475 3861 610 3916 dabo
638 3849 867 3912 melius?-
892 3854 1068 3907 Dicam
1097 3849 1208 3911 tibi,
1245 3845 1365 3901 Noli
1400 3842 1774 3899 commendare
1799 3843 1921 3896 huic
1949 3843 2045 3895 mi-

481 3966 579 4005 nus
605 3949 815 4008 idoneo,
847 3944 939 3999 sed
971 3951 1053 3997 est
1078 3939 1290 4017 quidam
1322 3935 1564 4001 idoneus,
1593 3934 1667 3989 illi
1696 3933 2041 3988 commenda:

479 4043 637 4095 habet
664 4051 849 4106 magna
878 4033 1091 4095 horrea,
1125 4029 1211 4084 ubi
1243 4028 1412 4098 perire
1440 4041 1545 4081 non
1576 4022 1778 4094 possint
1805 4023 2042 4086 divitize;

481 4142 702 4200 magnus
742 4139 904 4195 super
930 4136 1116 4176 omnes
1143 4120 1332 4173 divites
1359 4117 1507 4172 dives
1531 4126 1630 4171 est.
1662 4113 1778 4168 Jam
1807 4115 1939 4168 forte
1967 4113 2048 4166 di-

477 4233 657 4276 cturus
681 4232 762 4281 es,
796 4215 862 4268 Et
885 4210 1092 4281 quando
1121 4207 1290 4262 audeo
1330 4206 1421 4261 tali
1456 4203 1861 4261 commendare?
1908 4201 2045 4270 Quid

478 4315 522 4371 si
553 4315 664 4383 ipse
698 4319 748 4364 te
791 4302 1063 4361 hortatur?
1094 4301 1334 4370 Agnosce
1371 4298 1542 4363 illum,
1564 4309 1670 4349 non
1702 4295 1870 4349 solum
1897 4304 2047 4364 pater

477 4405 703 4464 familias
727 4410 829 4464 est,
859 4395 951 4452 sed
984 4402 1040 4448 et
1071 4390 1324 4446 Dominus
1359 4399 1480 4444 tuus
1515 4397 1617 4444 est.
1657 4386 1810 4446 Nolo,
1853 4385 2043 4454 inquit.

477 4514 628 4556 serve
654 4497 822 4553 meus,
855 4486 1040 4559 perdas
1062 4481 1322 4554 peculium
1367 4489 1534 4544 tuum,
1572 4491 1798 4549 agnosce
1827 4475 1912 4529 ttbi
1952 4490 2049 4544 po-

479 4607 572 4645 nas
601 4607 613 4641 :
643 4600 806 4657 quare
832 4579 900 4635 ibi
929 4575 1080 4648 ponis
1101 4572 1188 4628 ubi
1214 4569 1384 4641 possis
1408 4568 1668 4630 amittere;
1700 4566 1785 4620 ubi
1814 4567 1912 4621 etsi
1942 4579 2044 4619 non

477 4683 708 4741 amittas,
733 4677 802 4730 ibi
826 4681 1134 4744 permanere
1149 4672 1406 4736 perpetuo
1427 4671 1480 4715 tu
1497 4675 1600 4714 non
1622 4660 1796 4728 potes?
1815 4658 2048 4712 Estalius

481 4777 644 4833 lucus,
673 4785 777 4839 quo
823 4777 872 4822 te
917 4759 1250 4818 transferam.
1294 4752 1563 4810 Prtrcedat
1596 4761 1646 4806 te
1675 4749 1811 4820 quod
1849 4750 2044 4812 habes;

478 4865 584 4920 ltoii
626 4862 810 4914 timere
855 4871 921 4910 ne
963 4851 1184 4924 perdas;
1227 4847 1382 4902 dator
1423 4858 1522 4915 ego
1549 4857 1714 4905 erant,
1748 4850 1925 4895 custos
1949 4855 2048 4910 ego

479 4972 592 5010 ero.
619 4952 750 5006 Dicit
781 4949 872 5004 tibi
904 4947 1005 5001 hoc
1033 4943 1286 4999 Dominus
1317 4950 1436 4993 tuus
1469 4955 1482 4990 :
1514 4935 1670 4994 tidem
1701 4945 1840 4987 tuam
1881 4932 2047 4987 inter-

480 5061 604 5117 roga
633 5046 673 5109 ⁵,
704 5043 822 5096 vide
851 5042 892 5095 si
930 5039 1058 5092 velis
1100 5035 1172 5090 illi
1198 5033 1438 5088 credere.
1489 5029 1731 5083 Dicturus
1760 5042 1837 5088 es,
1866 5024 2048 5080 Perdi-

481 5155 591 5194 tnm
615 5138 783 5190 habeo
810 5132 947 5202 quod
975 5146 1076 5183 non
1105 5128 1276 5190 video,
1308 5125 1392 5179 hic
1412 5122 1535 5179 illud
1562 5121 1683 5175 volo
1695 5119 1895 5174 videre.
1916 5118 2046 5172 Dum

483 5234 563 5286 vis
593 5230 677 5284 bic
701 5224 899 5287 videre,
927 5236 1024 5274 nec
1067 5219 1152 5273 hic
1176 5216 1399 5280 videbis,
1439 5222 1492 5268 et
1521 5212 1589 5267 ibi
1632 5211 1760 5265 nihil
1810 5208 2046 5263 habebis.

479 5322 670 5380 Nescio
721 5330 855 5385 quos
900 5312 1177 5365 thesauros
1219 5306 1383 5359 habes
1425 5303 1763 5359 absconditos
1793 5301 1844 5354 in
1874 5309 2046 5365 terra;

481 5431 599 5468 t-nm
625 5407 883 5482 procedis,
912 5419 1016 5456 non
1051 5415 1142 5454 eos
1183 5405 1354 5452 tecutn
1395 5405 1592 5464 portas.
1627 5393 1824 5448 Venisti
1853 5391 1916 5444 ad
1953 5406 2051 5444 au-

545 5572 560 5602 ¹
588 5565 721 5618 Fdd..
746 5569 870 5611 tuus.
894 5555 1062 5606 Melius
1079 5560 1202 5606 \tss.,
1230 5554 1374 5598 tutus.

544 5635 564 5664 ³
588 5637 662 5678 Er.
690 5633 740 5675 et
762 5622 982 5686 plerique
1006 5623 1132 5686 §t_ss_.,
1155 5622 1362 5686 servare:

548 5696 567 5726 ³
590 5674 638 5740 ιιι
651 5674 796 5743 add.)
815 5674 1067 5746 possidebit
1087 5682 1153 5746 te,
1180 5674 1326 5723 Abest
1341 5677 1385 5720 te
1399 5681 1444 5746 Aa.

547 5759 564 5785 ι
590 5736 794 5810 quatuor
965 5741 1028 5790 ad
1054 5737 1257 5810 vicinum
1279 5736 1621 5810 argentarium.

547 5817 567 5849 ι
592 5795 809 5863 ires—Es
835 5842 848 5864 ,
871 5795 1174 5862 interrogari,
1200 5805 1292 5849 etc.
1319 5803 1446 5843 unus
1467 5799 1567 5851 315.,
1588 5795 1839 5852 interrogo.

1695 355 1751 408 S.
1793 346 2154 406 AUGUSTINI
2197 348 2498 405 EPISCOPI

3607 346 3710 402 ης

2143 462 2393 519 diendum
2439 479 2760 532 sermonem,
2807 466 2872 518 ad
2910 463 3230 535 colligendas
3273 464 3549 519 interiores
3573 466 3714 518 divi-

2143 559 2261 617 tias.
2289 557 2489 627 cogitas
2509 557 2576 612 de
2597 558 2944 612 exterioribus
2968 575 2979 610 :
3010 555 3259 626 numquid
3289 571 3378 610 eas
3407 555 3508 610 huc
3534 565 3711 610 tecum

2141 648 2439 703 adduxisti?
2466 650 2604 705 Ecce
2632 666 2728 704 nec
2753 666 2891 704 nunc
2912 665 3002 704 eas
3026 649 3193 704 vides.
3217 649 3400 704 Credis
3430 658 3482 703 te
3508 647 3714 703 haberc
3771 704 3782 718 η

2141 741 2194 794 itt
2224 741 2401 806 domo,
2425 742 2563 812 quod
2590 743 2694 796 scis
2725 753 2773 797 te
2815 743 3090 813 posuisse:
3121 741 3372 811 numquid
3395 741 3500 795 scis
3525 751 3574 794 te
3601 754 3710 793 non

2141 833 2472 903 perdidisse?
2495 833 2660 902 Quam
2689 834 2836 887 multi
2863 834 3130 888 redierunt
3161 833 3225 885 ad
3266 832 3450 886 domos
3481 845 3624 893 suas,
3657 838 3717 884 et

2141 923 2280 993 quod
2309 933 2594 993 posuerant
2621 939 2724 977 non
2754 925 3084 977 invenerunt.
3131 921 3264 976 llinc
3295 920 3518 975 fortasse
3545 935 3714 986 expa-

2143 1025 2328 1071 verunt
2351 1015 2504 1070 corda
2529 1015 2866 1085 cupidorum;
2890 1026 2938 1069 et
2966 1014 3212 1084 quoniam
3233 1012 3342 1067 dixi
3360 1012 3552 1066 multos
3571 1025 3718 1080 saepe

2141 1106 2205 1160 ad
2235 1105 2445 1160 domum
2471 1120 2618 1160 suam
2643 1105 2884 1168 rediisse,
2911 1115 2965 1160 et
2993 1104 3130 1174 quod
3160 1112 3444 1173 posuerant
3484 1117 3587 1154 non
3632 1101 3714 1154 itt-

2141 1195 2367 1261 venisse,
2395 1195 2526 1250 dixit
2551 1198 2773 1266 quisque
2797 1195 2848 1248 in
2875 1195 3033 1248 corde
3061 1209 3158 1247 suo
3181 1212 3195 1247 :
3231 1192 3400 1254 Absit,
3431 1191 3712 1261 Episcope;

2142 1287 2338 1340 bonum
2370 1297 2512 1355 opta,
2543 1302 2636 1339 ora
2663 1301 2758 1354 pro
2785 1285 2969 1350 nobis;
2992 1285 3131 1340 absit
3170 1292 3228 1338 ut
3256 1283 3546 1352 contingat,
3574 1283 3720 1336 absit

2145 1386 2202 1430 ut
2229 1379 2295 1429 ita
2325 1377 2441 1442 fiat;
2472 1378 2632 1432 credo
2661 1377 2711 1430 in
2744 1376 2929 1441 Deum,
2962 1376 3210 1447 quoniam
3251 1374 3388 1446 quod
3426 1376 3574 1444 posui
3607 1376 3715 1428 sal-

2142 1485 2263 1521 vtnn
2297 1470 2524 1523 invenio.
2555 1468 2740 1524 Credis
2761 1469 2812 1522 in
2840 1469 3025 1534 Deum,
3055 1478 3106 1523 et
3136 1484 3240 1523 non
3271 1466 3444 1524 credis
3465 1467 3562 1536 ipsi
3583 1467 3720 1520 Deo?

2143 1559 2315 1615 Credo
2351 1561 2401 1614 in
2446 1560 2750 1624 Christum,
2787 1561 2909 1630 quia
2958 1560 3160 1614 salvum
3207 1561 3308 1614 erit
3351 1558 3491 1629 quod
3540 1560 3718 1628 pastui,

2145 1667 2302 1706 nemo
2339 1652 2570 1715 accedet,
2606 1666 2760 1706 nemo
2796 1649 3020 1707 auferet.
3059 1650 3288 1706 Securus
3329 1650 3408 1704 vis
3449 1664 3567 1705 esse
3595 1664 3719 1704 cre-

2145 1742 2318 1798 dendo
2360 1743 2410 1797 in
2447 1743 2736 1808 Christum,
2786 1753 2842 1797 ut
2882 1742 3010 1797 nihil
3056 1742 3246 1812 perdas
3288 1742 3355 1800 de
3390 1740 3552 1796 domo
3579 1751 3662 1795 tua
3704 1758 3720 1792 :

2146 1850 2363 1891 securus
2388 1837 2493 1890 eris
2534 1837 2706 1905 potius
2735 1835 3012 1898 credendo,
3041 1835 3275 1902 Christo,
3317 1844 3373 1888 ιιι
3412 1833 3482 1890 ibi
3529 1849 3721 1904 ponas,

2149 1928 2236 1982 ubi
2261 1927 2537 1983 consilium
2564 1927 2729 1982 dedit.
2772 1929 2852 1982 An
2883 1941 3101 1994 securus
3143 1942 3202 1982 es
3241 1927 3307 1983 de
3343 1941 3498 1982 servo
3521 1936 3634 1991 tuo,
3661 1936 3727 1980 et

2148 2020 2404 2076 sollicitus
2432 2037 2490 2076 es
2514 2020 2581 2076 de
2611 2021 2832 2075 Domino
2859 2023 2985 2076 tuo?
3012 2036 3231 2077 securus
3251 2038 3309 2077 es
3334 2022 3401 2078 de
3421 2023 3579 2078 domo
3606 2032 3724 2084 tua,

2148 2122 2202 2165 et
2228 2111 2482 2167 sollicitus
2507 2111 2572 2165 de
2597 2111 2774 2167 caelo?
2800 2112 2903 2167 Sed
2925 2127 3045 2182 ego,
3074 2113 3266 2182 inquis,
3290 2113 3553 2183 quomodo
3579 2127 3729 2182 pono

2149 2203 2201 2258 in
2234 2203 2408 2258 οωιοῖ
2460 2204 2585 2258 Dedi
2623 2205 2712 2257 tibi
2750 2204 3026 2258 consilium
3056 2221 3070 2260 :
3104 2204 3190 2258 ubi
3221 2204 3359 2268 dico,
3388 2220 3558 2274 pone:
3589 2219 3730 2275 quo-

2147 2294 2306 2348 modo
2336 2296 2602 2363 perveniat
2632 2294 2696 2348 ad
2727 2295 2937 2359 cwlnm,
2969 2295 3094 2349 nolo
3120 2295 3275 2351 scias.
3306 2295 3451 2350 Pone
3471 2297 3521 2350 in
3543 2297 3727 2350 mani-

2150 2385 2248 2440 bus
2273 2402 2578 2454 pauperum,
2620 2386 2684 2440 da
2723 2387 2999 2456 egentibus
3044 2404 3060 2442 :
3109 2387 3231 2456 quid
3260 2386 3328 2442 ad
3361 2398 3413 2442 te
3451 2387 3731 2460 quomodo

2152 2477 2458 2549 perveniat?
2508 2478 2620 2532 Non
2672 2478 2953 2547 perducam
2987 2479 3004 2509 ί
3044 2478 3182 2548 quod
3218 2493 3317 2549 ego
3358 2480 3596 2549 accipio?
3632 2482 3729 2534 An

2149 2570 2344 2624 oblitus
2371 2585 2448 2633 es,
2479 2570 2602 2624 Cum
2640 2572 2726 2624 uni
2767 2587 2829 2623 ca:
2863 2571 3080 2624 minimis
3110 2571 3228 2624 meis
3255 2572 3462 2642 fecistis,
3497 2573 3617 2624 mihi
3641 2574 3732 2643 fe-

2150 2661 2286 2713 cistis
2310 2659 2515 2731 (Matth.
2535 2677 2660 2727 xxv,
2681 2661 2794 2730 40)?
2809 2660 2863 2716 Si
2880 2661 3362 2732 haberetquispiam
3377 2663 3573 2716 amicus
3597 2673 3730 2717 tuus

2148 2753 2403 2822 quosdam
2442 2753 2587 2806 lacus
2633 2754 2710 2807 vel
2742 2752 3017 2816 cisternas,
3049 2762 3101 2807 et
3129 2769 3350 2823 qumque
3389 2753 3730 2821 receptacula

2148 2842 2461 2897 fabricarum
2502 2843 2566 2896 ad
2597 2842 2909 2898 Servandum
2940 2843 3165 2913 aliqttcm
3213 2843 3468 2912 liquorem
3500 2843 3578 2898 vel
3607 2842 3732 2898 vini

2149 2936 2231 3010 vel
2272 2936 2396 3001 olei,
2431 2950 2698 3005 quaeret-cs
2727 2935 2811 2988 ubi
2853 2933 3210 2989 absconderes
3240 2934 3321 2988 vel
3349 2947 3588 2988 scrvares
3609 2935 3734 2990 fru-

2149 3040 2266 3082 etus
2293 3035 2431 3089 tuos,
2459 3036 2512 3080 et
2540 3025 2742 3080 diceret
2769 3026 2881 3090 tibi,
2913 3026 3022 3096 Ego
3052 3026 3144 3080 tibi
3174 3041 3328 3082 servo
3357 3044 3370 3080 :
3396 3026 3732 3094 haberetque

2147 3119 2213 3174 ad
2243 3119 2326 3172 illa
2353 3117 2680 3187 receptacula
2721 3118 2955 3173 occultos
2983 3118 3193 3172 eanales
3248 3117 3500 3188 quosdam
3542 3129 3732 3172 trans-

2149 3210 2378 3279 itusque,
2402 3218 2569 3278 utper
2589 3208 2686 3261 hos
2715 3208 2954 3263 clanculo
2983 3209 3082 3262 iret
3110 3209 3248 3279 quod
3280 3209 3448 3276 palam
3471 3209 3732 3264 fundere-

2147 3310 2233 3354 tur
2262 3318 2274 3353 :
2307 3308 2362 3354 et
2387 3300 2585 3355 diceret
2631 3300 2741 3364 libi,
2775 3299 2926 3368 Quod
2956 3299 3141 3366 habes,
3173 3301 3257 3356 hic
3285 3300 3444 3356 funde
3469 3319 3484 3356 :
3511 3301 3731 3359 videres

2147 3401 2323 3447 autem
2351 3399 2405 3446 tu
2436 3408 2540 3445 non
2571 3406 2689 3446 esse
2715 3390 2858 3446 illum
2889 3391 3062 3446 locum
3094 3392 3179 3446 ubi
3204 3407 3402 3462 ponere
3427 3394 3728 3462 cogitabas,

2146 3493 2200 3539 et
2248 3483 2463 3538 timeres
2509 3481 2769 3538 fundere:
2818 3482 2906 3538 ille
2950 3483 3038 3553 qui
3087 3484 3245 3538 sciret
3297 3484 3729 3540 machinamenta

2146 3576 2387 3648 quaedam
2415 3575 2619 3630 occulta
2662 3575 2896 3630 locorum
2940 3590 3177 3638 suorum,
3225 3592 3326 3631 non
3373 3576 3466 3630 tibi
3496 3576 3730 3644 diceret,

2147 3668 2329 3724 Funde
2367 3683 2602 3731 securus,
2636 3665 2757 3720 hinc
2801 3667 2925 3720 illuc
2973 3667 3240 3736 pervenit;
3285 3681 3388 3721 non
3415 3667 3565 3723 vides
3591 3684 3728 3738 qua,

2147 3760 2241 3816 sed
2279 3759 2437 3814 crede
2483 3758 2632 3821 tnihi,
2663 3758 2750 3828 qui
2798 3756 3090 3812 fabricavi?
3115 3757 3412 3812 Fabricavit
3455 3759 3594 3814 enim
3624 3775 3733 3829 per

2147 3867 2304 3917 qnetn
2351 3850 2482 3904 facta
2513 3857 2636 3903 sunt
2663 3849 2836 3904 omnia
2858 3891 2873 3913 ,
2910 3849 3208 3903 mansiones
3232 3849 3481 3904 omnibus
3528 3850 3684 3904 nobis
3711 3869 3728 3905 :

2151 3941 2275 3995 illuc
2299 3941 2407 3994 vult
2446 3939 2746 4010 pratcedere
2790 3939 2928 4010 quod
2968 3939 3241 4005 habemus,
3272 3955 3338 3994 ne
3375 3940 3477 3995 hoc
3508 3941 3557 3996 in
3581 3951 3731 3997 terra

2149 4033 2449 4103 perdamus.
2490 4031 2622 4085 Cum
2648 4041 2822 4085 autem
2867 4031 3160 4085 servaveris
3200 4031 3250 4084 in
3281 4041 3444 4097 terra,
3481 4032 3568 4086 dic
3591 4033 3731 4088 mihi

2149 4128 2230 4179 cui
2251 4123 2593 4194 congregabis
2623 4124 2723 4176 ea?
2749 4122 2910 4176 Filios
2933 4121 3094 4177 habes
3119 4142 3130 4175 :
3157 4136 3314 4176 unum
3339 4124 3454 4192 plus
3479 4140 3734 4190 numera,

2148 4228 2201 4272 et
2229 4218 2292 4270 da
2319 4215 2514 4285 aliquid
2549 4225 2602 4268 et
2635 4213 2868 4267 Christo.
2901 4211 3245 4278 Thesatnizat,
3278 4224 3324 4266 et
3347 4230 3446 4266 non
3468 4218 3734 4285 cognoscit

2151 4312 2230 4364 cui
2259 4307 2573 4378 congrrgnbit
2603 4321 2700 4359 ea:
2729 4321 2852 4358 vane
2882 4305 3218 4358 conturbatur.

2227 4403 2309 4456 l5.
2343 4399 2490 4471 [vers.
2518 4395 2594 4467 8.]
2622 4395 2687 4449 Et
2717 4411 2850 4449 nunc
2873 4410 2890 4448 :
2913 4394 3144 4464 quando,
3163 4394 3328 4462 inquit
3354 4395 3453 4448 iste
3472 4397 3493 4426 ²
3511 4393 3734 4452 ldithun

2151 4493 2437 4563 respiciens
2461 4490 2746 4544 vanitatem
2775 4487 3056 4558 quamdam
3078 4527 3093 4549 ,
3125 4487 3416 4556 suspiciens
3447 4489 3732 4545 veritatem

2150 4583 2451 4655 quamdatn,
2476 4582 2527 4635 in
2578 4580 2753 4635 medio
2781 4580 2981 4650 positus
3006 4579 3254 4648 quiddam
3281 4580 3382 4633 sub
3410 4596 3468 4635 se
3499 4581 3732 4648 habens,

2150 4677 2396 4746 quiddam
2422 4687 2578 4743 supra
2608 4689 2665 4728 se
2715 4671 2836 4740 (sub
2865 4686 2922 4725 se
2951 4670 3108 4725 habet
3133 4670 3272 4725 unde
3309 4671 3605 4738 tmnsiiivit,
3627 4691 3735 4727 sn-

2153 4785 2243 4838 pra
2265 4783 2323 4822 se
2351 4765 2508 4821 habet
2549 4779 2654 4835 quo
2675 4779 2732 4817 se
2775 4760 3030 4833 extendit)
3069 4780 3082 4815 :
3114 4761 3178 4815 Et
3208 4779 3361 4829 nunc,
3393 4763 3485 4824 ait,
3511 4767 3738 4833 quando

2152 4859 2395 4930 quiddam
2450 4856 2742 4921 transilivi,
2785 4855 2995 4925 quando
3041 4855 3205 4908 multa
3249 4854 3478 4921 calca‘vi,
3510 4858 3740 4926 quando

2153 4950 2528 5022 temporalibus
2547 4948 2654 5018 jam
2674 4963 2776 5001 non
2806 4956 3023 5010 teneor;
3044 4947 3273 5002 nondum
3293 4963 3408 5002 sum
3438 4949 3738 5017 perfectus,

2154 5045 2386 5100 nondum
2415 5042 2615 5111 accepi.
2645 5040 2751 5109 Spe
2775 5040 2916 5094 enim
2938 5040 3068 5094 salvi
3096 5041 3215 5095 facti
3238 5056 3418 5095 sntnus
3449 5059 3462 5095 :
3495 5057 3616 5111 spes
3631 5058 3733 5098 an-

2155 5149 2262 5194 tem
2291 5153 2408 5208 qua:
2425 5135 2647 5199 videtur,
2671 5151 2776 5188 non
2803 5143 2884 5189 est
2911 5148 3051 5204 spes.
3076 5135 3225 5200 Quod
3256 5135 3564 5191 enimzvidet
3583 5139 3740 5206 quis,

2154 5229 2279 5299 qttid
2308 5225 2520 5297 sperat?
2541 5225 2599 5279 Si
2624 5233 2799 5279 autem
2825 5223 2966 5293 quod
3007 5239 3110 5278 non
3137 5225 3376 5280 videmus
3422 5241 3739 5296 speramus,

2157 5337 2251 5392 per
2271 5319 2572 5391 patientiam
2597 5327 2965 5386 exspeCIantus
2989 5315 3161 5387 (Rom.
3186 5317 3400 5384 vntﬁi,
3429 5317 3542 5388 25).
3562 5318 3738 5390 Ergo,

2221 5479 2232 5508 '
2262 5477 2333 5525 sic
2349 5482 2454 5524 Mss.
2482 5479 2535 5522 Αι
2555 5471 2686 5532 add,
2721 5472 2910 5522 perdes.

2220 5540 2239 5569 ²
2267 5546 2314 5585 ιιι
2339 5538 2470 5600 prius
2499 5533 2609 5600 F._dd.
2635 5533 2894 5596 legebatur
2939 5531 3008 5579 sic
3033 5545 3044 5579 :
3074 5537 3146 5600 Et
3164 5545 3287 5600 nunc
3320 5533 3541 5596 quonimn
3575 5535 3742 5600 inquit

2155 5594 2383 5659 iste,etc.
2431 5595 2672 5659 Paulpque
2696 5594 2828 5656 post:
2855 5605 3005 5659 διψία
3037 5606 3090 5643 se
3128 5594 3380 5659 habetque
3423 5609 3473 5646 se
3494 5594 3740 5659 extendit.

2157 5651 2317 5720 Qualis
2338 5663 2406 5710 est
2427 5655 2555 5721 iste?
2577 5651 2719 5721 quam
2957 5651 2982 5703 ?
3005 5661 3064 5721 Et
3080 5668 3203 5721 nunc
3227 5651 3311 5716 ait,
3337 5658 3569 5720 quomodo
3591 5658 3741 5718 quid-

2158 5714 2272 5771 dam
2295 5717 2544 5776 transiliri,
2568 5714 2796 5781 quomodo
2819 5714 2970 5764 multa
2980 5715 3168 5781 calcari
3185 5754 3198 5776 ,
3241 5714 3470 5781 qua;de
3490 5714 3738 5780 tempora-

2161 5781 2304 5844 libus,
2321 5793 2411 5834 etc.
2437 5781 2668 5832 locumad
2685 5779 2866 5834 aliquot
2889 5779 3052 5840 pl‘obae
3078 5791 3203 5832 nota.»
3223 5779 3311 5832 uss
3348 5779 3736 5837 emendavin'tus.
