3972 6198
266 349 361 403 ωδ
543 406 571 425 .
1322 337 1716 396 ENARRATIO
1754 337 1817 393 IN
1855 336 2179 425 Psittatuu
2220 317 2504 394 xxsvut.

542 406 571 432 Ι

265 462 326 517 Et
353 476 483 514 nunc
500 474 612 530 qua:
631 469 702 513 est
722 457 1025 528 exspectatio
1047 456 1191 509 mea?
1219 471 1383 508 nonne
1407 453 1651 508 Dominus
1672 453 1697 506 .’
1724 452 1838 521 Ipse

264 566 341 609 est
369 551 695 624 exspectatio
725 565 861 615 mea,
892 549 979 619 qui
1007 544 1150 602 dedit
1194 547 1369 600 omnia
1402 547 1499 599 ista
1542 560 1661 614 qua:
1709 558 1841 597 con-

265 656 493 701 temnam
527 663 540 699 ε
567 645 678 713 ipse
706 642 834 697 mibi
865 641 1009 695 dabit
1024 649 1077 695 et
1100 654 1179 706 se,
1211 639 1301 709 qui
1327 647 1407 693 est
1437 652 1595 706 super
1640 636 1839 696 omnia,

261 747 312 794 et
335 754 428 807 per
452 753 610 808 quem
652 736 784 791 facta
815 743 937 788 sunt
979 733 1155 787 omnia
1178 773 1193 798 ,
1218 739 1272 786 et
1300 746 1328 783 a
1357 746 1463 800 quo
1504 729 1673 783 factus
1723 742 1840 781 sum

262 831 398 884 inter
435 828 633 892 omnia,
668 828 780 897 ipse
806 835 889 880 est
913 824 1244 894 exspectatio
1293 837 1410 876 mea
1444 821 1724 874 Dotninus.-
1750 817 1840 871 Vi-

262 920 393 975 detis
444 919 653 974 lditlum
680 960 694 984 ,
731 916 919 971 fratres
947 958 961 982 ,
991 900 1184 969 videtis
1242 911 1507 982 quomodo
1548 916 1838 978 exspectet.

261 1012 425 1067 Nemo
468 1025 597 1081 ergo
644 1025 701 1063 se
740 1008 879 1062 dicat
910 1001 1201 1076 perfecmni
1233 1004 1319 1057 ltic
1345 1021 1356 1055 :
1386 1002 1582 1071 decipit
1603 1015 1682 1065 se,
1713 998 1843 1052 fallit

261 1120 337 1169 se,
371 1080 575 1157 seducit
601 1118 675 1167 se,
699 1117 803 1154 non
828 1107 1000 1169 potest
1027 1080 1113 1151 hic
1130 1096 1325 1150 habere
1354 1092 1753 1164 perfectionem.
1775 1089 1844 1144 Et

262 1196 380 1265 quid
415 1193 631 1263 prodest
652 1236 665 1257 ,
698 1193 817 1262 quia
844 1191 1013 1260 perdit
1040 1185 1427 1243 humilitatem?
1458 1184 1523 1239 Et
1572 1199 1704 1237 nunc
1732 1197 1844 1251 quae

260 1296 331 1339 est
356 1284 662 1353 erspcctatio
702 1282 860 1335 mea?
902 1295 1067 1333 nonne
1118 1278 1409 1331 Dominus?
1435 1274 1566 1330 Cum
1613 1275 1835 1338 venerit,

216 1397 219 1400 ν
260 1375 361 1444 jam
390 1390 495 1429 non
540 1381 878 1443 exspectatur
907 1389 920 1435 ;
949 1379 1073 1424 tunc
1119 1369 1220 1424 erit
1245 1369 1331 1422 illa
1372 1365 1669 1444 perfectiq:
1703 1380 1841 1418 nunc

260 1477 432 1520 autem
457 1476 939 1536 quantumcumque
968 1458 1523 1526 trausilieritlditbun,
1556 1455 1731 1510 adlmc
1750 1472 1840 1509 ex-

266 1565 486 1624 spectat.
516 1555 575 1607 Et
603 1555 878 1608 substantia
903 1568 1011 1605 mea
1031 1559 1219 1603 antete
1240 1559 1313 1602 est
1338 1564 1552 1616 semper.
1572 1546 1687 1601 Jam
1716 1560 1839 1615 pro-

266 1647 467 1709 ficiens,
492 1644 602 1714 jam
631 1643 694 1696 ad
743 1658 889 1712 psum
923 1641 1164 1702 tendens,
1199 1648 1251 1693 et
1276 1653 1394 1693 esse
1422 1636 1841 1707 aliquantumin-

267 1738 458 1806 cipicns
496 1755 509 1790 :
539 1746 655 1789 ante
681 1745 726 1788 te
748 1744 1030 1802 estsemper
1073 1732 1347 1785 substantia
1377 1746 1502 1783 mea.
1535 1728 1839 1785 Subslantia

265 1839 433 1883 autem
462 1829 559 1881 ista
590 1835 644 1881 et
667 1841 788 1880 ante
818 1825 1059 1878 homines
1085 1833 1185 1878 est.
1221 1824 1418 1877 Aurum
1445 1821 1628 1885 babes,
1647 1836 1837 1891 argen-

266 1931 368 1975 tum
400 1921 584 1985 babes,
614 1919 898 1989 mancipia,
930 1917 1154 1987 pratdia,
1187 1916 1403 1970 arbores
1426 1957 1441 1979 ,
1474 1930 1688 1984 pecora,
1720 1929 1835 1970 scr-

266 2031 388 2079 vos;
423 2014 536 2068 hate
562 2012 729 2067 videri
755 2022 807 2066 et
835 2011 901 2064 a'o
947 2009 1246 2062 hominibus
1276 2019 1499 2077 possunt
1537 2025 1550 2060 :
1575 2016 1656 2061 est
1686 2021 1835 2075 quae-

265 2109 378 2163 dam
405 2108 697 2163 substantia
722 2116 844 2160 ante
873 2116 922 2159 tc
943 2117 1173 2172 semper.
1202 2101 1270 2155 Et
1290 2101 1566 2155 substantia
1589 2115 1698 2153 mea
1723 2107 1841 2152 ante

265 2213 305 2253 te
332 2211 401 2253 est
424 2196 635 2268 semper.
714 2214 719 2219 ’
1042 2194 1047 2203 “

300 2293 326 2344 'l
344 2294 386 2343 ί.
398 2288 547 2362 [rem
563 2287 640 2361 9.]
654 2287 726 2340 Ab
744 2286 970 2341 omnibus
989 2283 1329 2354 iniquitatibus
1342 2284 1461 2337 meis
1477 2299 1591 2337 erue
1611 2298 1706 2334 me.
1719 2280 1842 2334 Mul-

262 2396 309 2439 ta
337 2378 612 2446 trausilivi,
634 2381 794 2435 multa
816 2378 1027 2449 quidem
1050 2377 1301 2432 transilivi
1328 2395 1340 2430 :
1365 2376 1457 2431 sed
1478 2376 1519 2429 si
1541 2376 1834 2439 dixerimus,

258 2476 371 2543 quia
393 2484 651 2543 peccatum
671 2489 771 2525 non
797 2471 1051 2533 habemus,
1077 2486 1168 2523 nos
1196 2469 1332 2537 ipsos
1358 2467 1653 2536 decipimus,
1684 2473 1729 2519 ei
1757 2482 1838 2518 ue-

259 2567 378 2620 ritas
405 2567 458 2619 in
484 2564 625 2619 nobis
638 2581 734 2617 non
756 2574 825 2617 est
844 2561 1050 2634 (lJoan.
1072 2577 1110 2626 ι,
1128 2561 1207 2631 8).
1236 2559 1397 2615 Multa
1428 2559 1686 2616 transilivi
1706 2576 1724 2629 ;
1743 2559 1839 2615 sed

258 2658 428 2712 adhuc
453 2657 619 2710 tundo
643 2664 844 2725 pectus,
878 2666 933 2709 et
957 2653 1077 2708 dico
1110 2671 1122 2706 :
1155 2653 1361 2706 Dimitte
1388 2652 1529 2707 nobis
1549 2652 1716 2708 debita
1744 2669 1841 2708 no-

256 2759 375 2811 stra,
401 2749 531 2801 sicut
562 2757 610 2800 et
645 2763 733 2800 nos
755 2746 1048 2799 dimittimus
1074 2743 1377 2798 debitoribus
1406 2745 1593 2797 nostris
1627 2743 1835 2816 (Matth.

258 2854 326 2903 vt,
350 2839 471 2907 12).
506 2836 583 2890 Tu
619 2850 745 2905 ergo
787 2834 1112 2905 exspectatio
1156 2828 1295 2897 mea,
1321 2832 1445 2887 finis
1470 2848 1622 2887 meus
1650 2850 1663 2885 :
1692 2831 1839 2887 Finis

257 2933 383 2984 enim
406 2928 553 2999 Legis
575 2927 804 2983 Christus
825 2926 891 2979 ad
908 2926 1165 2996 justitiam
1188 2924 1325 2978 omni
1343 2923 1561 2977 credenti
1584 2922 1758 2992 (Rom.
1780 2940 1835 2990 κ,

258 3022 330 3091 4).
360 3020 436 3073 Ab
462 3018 710 3081 omnibus,
736 3033 840 3071 non
870 3018 1037 3071 solum
1085 3015 1151 3069 ab
1179 3014 1278 3080 eis,
1325 3029 1392 3069 ne
1419 3014 1667 3068 revolvar
1691 3014 1744 3068 in
1776 3030 1838 3069 ea

258 3129 372 3182 quae
397 3110 661 3165 transilivi
693 3127 706 3162 :
740 3111 833 3164 sed
850 3109 917 3162 ab
932 3107 1182 3162 omnibus
1211 3106 1450 3172 omnino,
1482 3112 1699 3175 prepter
1718 3122 1837 3175 quae

258 3205 384 3259 mibi
413 3203 572 3258 modo
602 3211 783 3272 pectus
830 3201 1054 3255 tundcns
1082 3200 1232 3263 dico,
1265 3199 1468 3253 Dimitte
1507 3197 1647 3252 nobis
1673 3197 1838 3254 debita

260 3307 445 3350 nostra.
478 3295 551 3347 Ab
569 3294 798 3348 omnibus
826 3292 1169 3361 iniquitatibus
1216 3291 1339 3345 meis
1373 3307 1489 3345 erue
1516 3308 1595 3344 me
1618 3307 1634 3345 :
1655 3292 1725 3345 ita
1746 3306 1836 3345 sa-

260 3391 508 3458 pientem,
537 3398 590 3442 et
612 3396 878 3442 tenentem
929 3384 1070 3454 quod
1115 3383 1190 3437 ait
1232 3383 1533 3452 Apostolus,
1584 3384 1838 3454 Quotquot

258 3496 372 3550 ergo
402 3479 611 3550 perfecti
633 3494 825 3543 sumus,
855 3476 949 3530 hoc
974 3476 1249 3546 sapiamus.
1277 3474 1411 3529 Cum
1442 3475 1581 3529 enim
1606 3490 1665 3532 se
1687 3474 1836 3531 dice-

260 3583 337 3627 ret
366 3572 601 3626 nondum
628 3585 747 3625 esse
775 3568 1086 3639 perfectum,
1115 3567 1189 3622 ibi
1215 3567 1468 3623 continuo
1496 3576 1711 3622 secutus
1731 3568 1833 3621 ait:

264 3669 648 3737 Qnotquotergo
677 3666 883 3737 perfecti
906 3681 1100 3727 sumus,
1132 3659 1223 3716 lfoc
1249 3663 1525 3731 sapiamus.
1553 3660 1689 3729 Quid
1732 3670 1834 3727 est,

263 3763 511 3833 Quotquot
537 3760 743 3831 perfecti
768 3760 981 3813 sumus?
1007 3756 1124 3811 Jam
1149 3755 1345 3811 dudum
1371 3764 1423 3808 tu
1445 3754 1689 3809 dixeras:
1721 3752 1839 3807 Non

260 3855 374 3921 quia
392 3855 505 3924 jam
534 3851 829 3921 acceperim,
860 3859 945 3902 aut
964 3850 1078 3918 jam
1101 3850 1348 3919 perfectus
1363 3848 1475 3899 sint.
1495 3845 1727 3915 Sequere
1751 3862 1841 3901 or-

261 3946 437 3999 dinem
465 3945 726 3999 dictorum
745 3944 785 3995 ¹.
817 3942 985 3997 Unum
1012 3951 1212 4003 autem,
1243 3954 1355 4008 qua:
1400 3950 1533 3991 retro
1563 3938 1763 4005 oblitus,
1785 3939 1839 3992 in

259 4054 319 4091 ea
339 4053 449 4105 qua:
466 4046 580 4091 ante
602 4046 716 4089 sunt
740 4044 985 4097 extentus,
1006 4034 1275 4086 secundum
1304 4032 1621 4083 intentionem
1638 4047 1833 4100 sequor,

260 4133 328 4183 ad
357 4130 574 4199 palmam
590 4142 822 4199 superna?
838 4125 1109 4180 uocationis
1126 4122 1220 4175 Dei
1242 4122 1298 4173 in
1323 4119 1520 4175 Christo
1544 4118 1575 4172 J
1582 4135 1666 4172 esu
1682 4119 1699 4189 (
1708 4117 1837 4171 Phi-

262 4224 355 4292 lip.
380 4220 671 4291 nuta-lii).
702 4220 824 4274 ldco
852 4217 1085 4272 nondum
1134 4214 1418 4285 perfectus,
1448 4212 1570 4283 quia
1601 4213 1837 4282 sequitur

260 4315 329 4368 ad
353 4314 577 4382 palmam
604 4326 846 4381 superate
860 4309 1152 4365 vocationis
1176 4308 1459 4377 Dei,quam
1490 4306 1729 4361 nondum
1754 4307 1837 4361 in-

262 4407 425 4470 venit,
450 4405 515 4459 ad
540 4419 697 4475 quam
726 4402 958 4456 nondum
992 4399 1248 4470 pervenit.
1281 4399 1335 4453 Si
1360 4410 1538 4453 autem
1594 4413 1698 4451 non
1755 4407 1838 4453 est

260 4497 542 4569 perfectus,
571 4497 694 4567 quia
717 4512 820 4549 non
849 4494 971 4548 illuc
992 4491 1254 4563 pervenit,
1285 4491 1401 4561 quis
1452 4499 1688 4545 nostrum
1716 4506 1839 4561 per-

258 4592 432 4647 fectas
449 4591 569 4645 est?
594 4589 794 4644 Tamen
820 4586 1060 4657 sequitur
1087 4594 1139 4641 et
1166 4585 1273 4638 ait:
1304 4583 1557 4652 Quotquot
1572 4584 1702 4637 enim
1728 4601 1839 4655 per-

255 4682 506 4752 fecti,hoc
528 4681 803 4750 sapiamus.
829 4678 908 4731 Tu
940 4692 1043 4730 non
1083 4691 1143 4731 es
1172 4673 1470 4744 perfectus,
1500 4689 1533 4727 ο
1559 4674 1832 4743 Apostole,

252 4784 311 4828 et
339 4787 438 4826 nos
463 4771 719 4842 perfecti?
764 4767 868 4825 Séd
927 4767 1122 4823 excidit
1176 4766 1349 4831 vobis,
1409 4765 1529 4835 quia
1570 4781 1630 4821 se
1678 4765 1837 4822 modo

253 4861 551 4933 perfectum
578 4861 748 4916 dixit?
770 4860 884 4915 Non
911 4860 1051 4913 enim
1078 4859 1171 4923 ait,
1190 4864 1456 4926 Quotquot
1479 4855 1716 4925 perfecti,
1737 4858 1838 4912 hoc

250 4957 511 5026 capiatis;
538 4955 658 5021 sed,
687 4953 1156 5025 Quotquot,inquit,
1176 4951 1400 5022 perfecti,
1420 4950 1512 5003 hoc
1536 4951 1792 5020 sapiamus
1818 4967 1837 5004 :

252 5066 377 5105 cum
421 5048 574 5115 paulo
600 5056 724 5100 ante
752 5047 991 5113 dixisset,
1024 5044 1143 5098 Non
1184 5044 1304 5114 quia
1321 5044 1432 5110 jam
1451 5043 1725 5112 acceperim
1750 5051 1838 5095 aut

251 5146 363 5217 iam
388 5145 635 5213 perfectus
661 5142 775 5194 sim.
810 5139 977 5192 Aliter
1004 5152 1129 5208 ergo
1152 5138 1237 5191 hic
1264 5152 1370 5190 non
1398 5144 1550 5206 potes
1571 5150 1692 5189 esse
1720 5150 1837 5203 per-

250 5235 447 5293 fectus.
474 5232 574 5286 nisi
595 5231 733 5285 scias
759 5270 773 5295 ,
792 5228 877 5282 hic
907 5235 960 5281 te
988 5242 1094 5282 non
1147 5241 1265 5281 esse
1311 5240 1468 5295 posse
1523 5224 1831 5294 perfectura.

249 5327 383 5381 Haec
425 5338 553 5393 ergo
583 5322 685 5377 erit
724 5319 977 5391 perfectio
1002 5327 1111 5383 tua,
1138 5318 1216 5371 sic
1259 5326 1310 5373 te
1353 5316 1594 5387 quasdam
1640 5317 1834 5370 transi-

250 5418 403 5480 lisse,
436 5425 497 5470 ut
515 5414 581 5469 ad
603 5413 845 5485 quaedam
874 5424 1164 5480 properes;
1192 5408 1269 5464 sic
1291 5408 1530 5478 qttmdam
1561 5416 1611 5462 te
1638 5408 1834 5485 transi-

244 5510 401 5571 lisse,
426 5515 485 5561 ut
510 5482 674 5562 restet
700 5503 841 5559 aliud
871 5501 935 5557 ad
965 5499 1107 5571 quod
1135 5499 1379 5554 omnibus
1399 5497 1675 5553 transactis
1694 5482 1837 5571 tran-

251 5599 540 5658 siliendum
565 5606 669 5654 est.
707 5596 833 5651 llaec
862 5602 970 5650 tuta
995 5594 1017 5625 ²
1044 5592 1173 5648 fides
1202 5600 1304 5649 est.
1330 5590 1463 5647 Nam
1510 5591 1745 5664 quisquis
1774 5603 1834 5649 se

293 5731 313 5799 ξ
347 5730 731 5799 gleriqneblss.
761 5751 772 5784 :
797 5737 1028 5799 Sequere,
1063 5738 1145 5791 dic
1190 5749 1355 5796 totum.

290 5796 315 5829 ³
348 5794 496 5853 Εάάη
535 5798 651 5846 tota.
688 5794 1078 5862 Meﬁtis-aliquot
1103 5804 1231 5869 31135.,

516 5878 785 5941 PATROL.
825 5882 929 5944 XX
943 5888 992 5946 Χ
1006 5888 1106 5950 Vl.

3420 348 3521 404 4‘26

1946 452 2053 521 jam
2085 453 2388 521 pervenisse
2412 463 2580 522 putat,
2614 455 2665 508 in
2696 455 2801 508 alto
2835 469 2888 509 se
2919 459 3060 527 ponit
3086 500 3099 524 ,
3128 470 3183 513 ut
3210 460 3381 519 cadat.

2023 543 2108 597 15.
2133 544 2263 610 Quia
2309 559 2435 615 ergo
2484 546 2553 599 ita
2593 549 2761 616 sapio,
2796 548 2916 618 quia
2955 565 3039 604 me
3069 561 3122 605 et
3160 553 3523 622 imperfectum

1949 632 2068 687 dico
2085 643 2137 686 et
2160 632 2450 701 perfectum
2485 651 2499 687 ε
2522 636 2882 705 imperfectum
2902 640 3135 709 quidem,
3156 644 3275 713 quia
3294 646 3525 702 nondum

1950 721 2146 792 aliquid
2170 726 2347 794 accepi
2376 726 2513 795 quod
2537 728 2685 793 volo;
2720 728 3006 797 perfectum
3034 742 3209 787 autem
3228 778 3242 800 ,
3273 738 3394 806 quia
3416 741 3527 794 scio

1950 812 2051 867 hoc
2072 815 2242 883 ipsum
2276 818 2414 884 quod
2445 818 2571 872 milti
2603 819 2739 873 desit
2760 839 2779 875 ι
2808 822 2926 891 quia
2956 839 3081 893 ergo
3111 827 3186 881 sic.
3212 831 3375 898 sapio,
3402 834 3524 901 quia

1950 906 2177 960 humana
2206 918 2509 978 contemno,
2534 913 2653 981 quia
2683 913 2847 968 laetari
2890 917 2942 970 in
2982 919 3141 975 rebus
3183 927 3527 992 pereuntibus

1950 997 2092 1063 nolo,
2123 1000 2241 1066 quia
2274 1000 2497 1054 irrideor
2517 1003 2581 1058 ab
2607 1019 2768 1059 avaro
2792 1006 3020 1074 jactaiue
3045 1026 3103 1065 se
3132 1014 3270 1082 quod
3301 1016 3368 1070 sit
3398 1034 3523 1086 pru-

1948 1087 2099 1154 dens,
2133 1100 2184 1143 et
2214 1107 2297 1144 me
2325 1092 2578 1148 irridente
2624 1097 2763 1165 quod
2813 1098 3092 1168 desipiam,
3126 1104 3246 1171 quia
3288 1107 3364 1161 sic
3402 1124 3519 1177 ago,

1947 1181 2065 1249 quia
2096 1180 2231 1236 hanc
2263 1184 2412 1237 viam
2440 1199 2599 1255 carpo
2625 1206 2637 1240 :
2671 1187 3030 1259 Opprobrium,
3055 1193 3240 1263 inquit,
3272 1197 3522 1268 insipienti

1947 1271 2126 1326 dedisti
2147 1290 2242 1326 me.
2271 1274 2412 1329 Inter
2437 1291 2528 1330 eos
2556 1293 2641 1332 me
2662 1279 2839 1334 vivere
2865 1281 3095 1345 voluisti,
3126 1287 3264 1340 inter
3284 1303 3377 1342 eos
3398 1305 3522 1359 pra--

1945 1363 2124 1419 dicare
2150 1367 2449 1432 veritatem,
2478 1370 2568 1439 qui
2612 1382 2793 1425 amant
2832 1374 3146 1439 vanitatem;
3176 1386 3229 1431 et
3260 1395 3364 1434 non
3395 1374 3520 1449 pos-

1946 1471 2063 1508 sum
2092 1458 2187 1512 nisi
2218 1459 2423 1514 irrideri
2453 1462 2518 1515 ab
2538 1461 2648 1515 eis:
2670 1465 2789 1532 quia
2808 1467 3165 1534 spectaculum
3195 1468 3313 1524 facti
3342 1486 3523 1526 sumus

1948 1539 2067 1601 ltuii‘.
2095 1549 2310 1615 mundo,
2344 1560 2397 1605 et
2442 1552 2673 1621 Angelis.
2698 1563 2751 1607 et
2792 1554 3092 1611 hominibus
3119 1558 3162 1627 (Ι
3186 1559 3301 1613 Cor.
3331 1577 3399 1623 tv,
3425 1561 3521 1630 9);

1947 1639 2157 1708 Angelis
2184 1640 2539 1703 laudantibus,
2565 1644 2866 1701 hominibus
2914 1650 3357 1717 opprobrantibus
3383 1673 3394 1707 :
3416 1654 3522 1707 inm

1944 1732 2230 1801 etAugelis
2282 1734 2614 1788 laudantibus
2640 1747 2692 1789 et
2726 1738 3168 1807 vituperantibus,
3200 1753 3251 1797 et
3297 1745 3524 1801 homini-

1944 1819 2041 1874 bus
2069 1823 2403 1879 laudantibus
2448 1836 2499 1879 et
2548 1828 2990 1896 vituperantibus.
3012 1833 3050 1883 Α
3081 1832 3280 1889 dextris
3305 1845 3356 1890 et
3392 1853 3420 1890 a
3447 1839 3522 1893 si-

1945 1916 2126 1999 nistris
2155 1916 2411 1972 habemus
2440 1934 2607 1983 arma,
2634 1920 2682 1973 itt
2726 1921 2918 1991 quibus
2947 1925 3256 1991 militamus,
3285 1943 3382 1997 per
3401 1929 3519 1999 glo-

1944 2008 2075 2061 riam
2105 2018 2159 2063 et
2184 2010 2585 2079 ignobilitatem,
2610 2028 2704 2081 per
2729 2014 2995 2068 infamiam
3019 2027 3071 2069 et
3092 2019 3279 2073 bonam
3301 2022 3514 2085 lautam,

1944 2109 1999 2152 ut
2020 2098 2325 2154 seductorcs
2363 2112 2415 2154 ct
2441 2117 2656 2157 veraces
2689 2103 2760 2176 (ll
2791 2102 2908 2158 Cor.
2938 2122 3010 2170 vt,
3045 2108 3096 2174 7,
3126 2109 3201 2181 8).
3235 2109 3356 2166 llmc
3382 2115 3520 2182 apud

1944 2192 2195 2263 Angelos,
2234 2192 2346 2247 lucc
2373 2194 2510 2263 apud
2546 2195 2788 2251 homines
2819 2216 2831 2250 :
2860 2200 2978 2268 quia
3014 2210 3068 2254 ct
3106 2203 3244 2271 apud
3290 2206 3521 2275 Angelos

1944 2294 2065 2338 sunt
2090 2287 2254 2339 sancti
2285 2288 2489 2356 Angeli,
2521 2289 2708 2359 quibus
2746 2292 2881 2345 bene
2917 2292 3141 2348 vivendo
3180 2296 3517 2364 placeamus;

1944 2386 2141 2431 etsunt
2170 2380 2601 2447 prmvaricatores
2649 2382 2820 2451 angeli
2843 2423 2857 2445 ,
2886 2384 3077 2452 quibus
3118 2386 3253 2442 bene
3294 2389 3521 2444 vivendo

1943 2468 2316 2539 displiceamus
2346 2489 2359 2525 :
2384 2480 2437 2526 et
2466 2472 2601 2526 inter
2633 2472 2873 2529 homines
2901 2485 3023 2530 sunt
3065 2479 3231 2533 sancti
3256 2480 3370 2544 viri,
3399 2483 3521 2551 qui-

1943 2560 2043 2617 bus
2074 2563 2277 2632 placcat
2299 2564 2402 2617 vita
2426 2577 2633 2629 nosmt;
2660 2576 2782 2618 sunt
2812 2568 3120 2635 nequissimi
3150 2569 3521 2642 botniueshqui

1944 2655 2198 2709 irrideant
2225 2656 2416 2711 bonam
2445 2661 2604 2711 vitam
2635 2668 2888 2713 nostram.
2921 2659 2988 2713 Et
3019 2659 3168 2717 hiec‘
3198 2678 3342 2718 arma
3371 2676 3515 2732 sunt,

1945 2745 2029 2798 illa
2054 2744 2238 2800 dextra
2264 2789 2278 2813 ,
2305 2747 2390 2800 illa
2431 2748 2642 2802 sinistra
2670 2764 2684 2814 ;
2716 2758 2934 2819 utraque
2964 2759 3137 2806 tamen
3175 2769 3320 2808 arma
3346 2767 3468 2811 sunt
3500 2776 3516 2814 :

1944 2838 2179 2908 ulri<qne
2208 2839 2393 2904 armis,
2424 2848 2477 2894 et
2496 2839 2696 2894 dextris
2727 2849 2779 2894 et
2801 2841 3028 2896 sinistris
3057 2852 3194 2911 utor,
3213 2855 3264 2900 et
3293 2846 3518 2902 laudau-

1944 2927 2082 2981 tibus
2111 2937 2164 2982 et
2200 2929 2617 2998 vituperantibus
2639 2972 2653 2997 ,
2687 2939 2741 2986 et
2781 2931 3039 2987 honorem
3083 2933 3440 2992 deferentibus
3467 2950 3523 2996 et

1944 3016 2283 3086 ignominiam
2314 3019 2671 3088 irrogantibus‘
2701 3038 2714 3075 :
2748 3021 2904 3076 in‘bis
2927 3024 3162 3094 utrisque
3195 3024 3360 3082 arniis
3384 3044 3517 3084 con-

1942 3107 2067 3180 ﬂigo
2095 3124 2215 3164 cum
2264 3110 2505 3175 diabolo,
2554 3111 2791 3182 utrisque
2818 3128 2938 3168 eum
2967 3114 3123 3170 ferio:
3169 3121 3455 3191 prosperis;
3476 3125 3520 3177 si

1944 3214 2049 3253 non
2071 3215 2419 3269 corrumpor;
2446 3201 2698 3267 adversis,
2731 3203 2773 3257 si
2804 3217 2904 3257 non
2930 3203 3163 3276 frangor.

2016 3293 2100 3346 16.
2130 3290 2276 3377 [rcis
2306 3294 2388 3349 l0.
2426 3294 2480 3347 ll
2516 3292 2533 3364 ]
2567 3293 2907 3365 Dcdisticrgo
2935 3313 3011 3348 me
3039 3299 3358 3368 opprobrium
3394 3304 3520 3356 insi-

1945 3386 2117 3456 pientt'.
2151 3384 2423 3449 Obsurdui,
2455 3396 2499 3439 et
2545 3403 2644 3440 non
2682 3389 2857 3456 aperui
2884 3405 2940 3442 os
2970 3407 3153 3444 meum.
3194 3391 3299 3447 Sed
3338 3408 3520 3448 Contra

1944 3478 2277 3546 insipientem
2310 3477 2565 3544 obsurdui,
2587 3487 2633 3532 et
2654 3495 2751 3532 non
2776 3480 2951 3550 aperui
2975 3498 3029 3535 os
3055 3498 3233 3535 nteant.
3256 3481 3350 3537 Cui
3380 3486 3520 3539 enim

1942 3568 2174 3624 dicerem
2201 3570 2339 3637 quod
2364 3571 2533 3639 agitur
2555 3570 2605 3622 in
2639 3571 2760 3623 me?
2779 3570 3000 3624 Audiam
3022 3573 3161 3627 enim
3188 3574 3312 3641 quid
3333 3575 3517 3644 loqua~

1944 3671 2030 3716 tur
2058 3662 2110 3715 in
2154 3676 2239 3715 me
2281 3661 2536 3715 Dominus
2586 3661 3016 3731 Deus,quouiam
3062 3664 3303 3732 loquetur
3336 3680 3518 3735 pacem

1944 3754 2139 3824 populo
2163 3769 2258 3808 suo
2285 3752 2460 3823 (Psal.
2481 3769 2691 3817 Lxxxw,
2716 3753 2772 3825 9)
2800 3773 2811 3806 τ
2842 3754 2935 3808 sed
2962 3771 3061 3808 non
3082 3760 3158 3810 est
3189 3774 3291 3827 pax
3330 3759 3517 3829 impiis,

1943 3846 2072 3901 dicit
2098 3844 2511 3915 Dominus(lsai.
2535 3860 2716 3909 XLVII},
2740 3843 2853 3916 9.2).
2873 3843 3126 3901 Obsurdui
3154 3857 3200 3901 et
3221 3865 3318 3903 non
3346 3855 3521 3921 aperui

1943 3957 1999 3994 os
2017 3956 2199 3993 meum.
2219 3939 2465 4005 Quoniam
2491 3948 2543 3990 tu
2572 3954 2622 3990 es
2642 3938 2725 4008 qui
2742 3939 2898 4007 fecisti
2922 3955 3018 3992 nte.
3036 3938 3160 4019 ideo
3190 3947 3523 4013 nonaperui-

1944 4034 2009 4087 sti
2037 4048 2097 4087 os
2127 4040 2294 4095 tuum,
2322 4031 2442 4101 quia
2470 4031 2606 4085 Deus
2634 4039 2716 4084 est
2741 4030 2831 4098 qui
2858 4029 2983 4085 fecit
3008 4033 3092 4085 te?
3115 4032 3299 4087 Mirum
3331 4044 3430 4088 est.
3449 4036 3521 4090 Os

1943 4126 2083 4180 enim
2114 4123 2207 4179 tibi
2230 4125 2365 4177 Deus
2397 4138 2498 4175 non
2529 4121 2653 4175 fecit
2681 4121 2745 4174 ad
2778 4121 3141 4191 loquendum?
3167 4123 3265 4192 Qui
3311 4125 3520 4195 planta-

1943 4219 2017 4271 vit
2042 4231 2245 4279 aurem,
2275 4230 2379 4269 non
2424 4213 2610 4268 audit?
2653 4214 2740 4283 qui
2771 4211 2919 4267 finxit
2958 4215 3167 4269 oculum
3191 4258 3206 4279 ,
3234 4232 3337 4270 non
3380 4218 3521 4272 videt

1946 4309 2114 4382 (Psal.
2150 4323 2292 4370 xcut,
2320 4306 2416 4375 9)?
2445 4303 2515 4360 Os
2541 4306 2633 4360 tibi
2664 4306 2802 4360 Deus
2826 4305 2890 4360 ad
2917 4307 3234 4376 loquendum
3264 4309 3409 4364 dedit
3432 4327 3444 4361 :
3470 4322 3521 4365 et

1944 4403 2097 4467 dicis,
2125 4400 2395 4464 Obsurdui,
2432 4411 2476 4453 ct
2504 4417 2606 4452 non
2627 4400 2801 4469 aperui
2825 4417 2880 4452 os
2903 4418 3063 4454 meum
3089 4418 3106 4454 :
3132 4405 3367 4481 quoniam
3395 4415 3446 4456 tu
3471 4424 3520 4457 rs

1943 4496 2029 4565 qui
2051 4493 2211 4565 fecisti
2236 4492 2351 4545 me?
2387 4493 2467 4545 An
2502 4491 2752 4558 Quoniam
2780 4501 2831 4543 tu
2852 4508 2905 4545 es
2934 4492 3018 4559 qui
3039 4492 3201 4560 fecisti
3224 4510 3321 4555 me,
3343 4506 3521 4562 poste-

1944 4589 2138 4642 riorem
2168 4600 2375 4639 versum
2390 4584 2657 4655 pertinet?
2709 4584 2960 4648 Quoniam
2978 4594 3029 4637 tu
3055 4601 3104 4637 es
3128 4584 3214 4655 qui
3232 4586 3395 4655 fecisti
3422 4606 3519 4646 mc,

1943 4696 2114 4733 amove
2137 4696 2169 4731 a
2193 4694 2270 4731 me
2299 4676 2504 4747 ﬂagella
2531 4686 2635 4729 tua.
2666 4675 2923 4743 Quoniam
2952 4684 3005 4729 tu
3022 4691 3080 4730 es
3095 4677 3181 4746 qui
3214 4676 3381 4733 fecisti
3414 4696 3521 4746 me,

1944 4772 2051 4825 noli
2071 4769 2424 4824 exterminare
2469 4783 2554 4822 me
2582 4786 2594 4820 ε
2626 4774 2827 4819 tantum
2856 4765 3001 4820 carde
3022 4767 3382 4837 utproficiam,
3417 4788 3543 4827 non~

1944 4875 1996 4918 ut
2017 4864 2257 4919 deliciam
2283 4880 2296 4914 :
2328 4869 2530 4916 tantum
2550 4858 2710 4914 tunde
2731 4867 2789 4913 ut
2811 4859 3085 4927 producor,
3102 4875 3205 4915 non
3228 4871 3283 4915 ut
3302 4865 3520 4941 commi-

1906 4947 1910 4952 ’
1944 4971 2093 5010 nuar.
2118 4954 2365 5022 Quoniam
2380 4962 2432 5004 tu
2442 4968 2492 5005 cs
2505 4951 2591 5020 qui
2602 4948 2762 5021 fecisti
2774 4965 3050 5015 me,amove
3065 4966 3096 5002 a
3107 4967 3185 5005 me
3196 4952 3400 5023 ﬂagella
3415 4964 3518 5008 tua.

2016 5052 2100 5104 l7.
2128 5047 2277 5120 [vers.
2312 5041 2423 5116 12.]
2455 5044 2496 5095 .4
2523 5040 2820 5111 fortitudine
2842 5057 3020 5095 manus
3055 5052 3154 5097 tute
3173 5060 3262 5114 ego
3290 5044 3451 5117 defcci
3472 5050 3521 5101 in

1942 5139 2287 5212 argutionibus
2309 5153 2326 5189 :
2351 5134 2452 5188 ltoc
2475 5142 2576 5198 est,
2593 5146 2711 5185 cum
2734 5146 2983 5202 argueres
3008 5134 3322 5199 me,defeci.
3357 5137 3420 5191 Et
3443 5153 3520 5191 ar.

1941 5246 2102 5303 gnere
2127 5242 2271 5284 tuum
2294 5224 2419 5296 quid
2453 5234 2534 5279 est
2552 5266 2565 5287 ,
2592 5223 2691 5277 nisi
2718 5223 2858 5293 quod
2888 5225 3163 5294 sequitur?
3204 5225 3310 5280 Pro
3336 5229 3521 5297 iniqni~

1944 5332 2044 5378 tate
2066 5319 2274 5376 crudisti
2296 5318 2565 5379 hominem,
2589 5325 2634 5368 et
2660 5315 3002 5369 contabesccre
3026 5317 3189 5386 fecisti
3229 5319 3357 5372 sicut
3403 5337 3518 5371 ara-

1942 5432 2088 5469 neam
2128 5413 2351 5466 animam
2393 5426 2573 5462 meam.
2620 5407 2845 5464 Multum
2867 5408 3114 5479 estquod
3139 5408 3377 5479 intelligit
3422 5413 3518 5467 iste

1942 5506 2150 5562 lditltun
2178 5520 2193 5557 :
2227 5503 2270 5558 si
2299 5501 2416 5572 quis
2439 5516 2558 5555 cum
2603 5499 2694 5553 illo
2738 5500 3015 5569 intelligat,
3046 5500 3090 5553 si
3131 5501 3248 5569 quis
3277 5517 3397 5556 cum
3430 5504 3517 5556 illo

1943 5599 2220 5656 transiliat.
2252 5596 2388 5653 Dicit
2414 5593 2623 5651 enimin
2638 5594 2999 5663 argutionibus
3031 5593 3121 5647 Dei
3151 5607 3208 5646 se
3237 5592 3513 5657 defecisse,

1939 5701 1998 5753 et
2021 5695 2181 5752 vulta
2206 5708 2264 5748 se
2281 5688 2515 5746 amoveri
2541 5686 2768 5757 ﬂagella,
2792 5684 3037 5755 quoniam
3067 5684 3179 5751 ipse
3201 5692 3283 5737 est
3308 5687 3396 5755 qui
3432 5681 3501 5736 t'e-

1994 5801 2009 5836 ¹
2038 5801 2117 5853 Sic
2137 5807 2181 5853 is:
2209 5805 2319 5856 Mss.
2338 5810 2392 5853 At
2413 5803 2461 5852 in
2486 5798 2617 5860 F.dd.,
2639 5796 2807 5861 etp/ure
2826 5808 2917 5841 non
2942 5802 3200 5849 reperitur.

2706 5876 3110 5945 {Quatorze.)
