3972 6198
417 324 512 382 417

413 445 484 497 cit
512 443 678 497 illum.
702 437 799 509 Qui
830 434 970 497 fecit.
993 435 1106 503 ipse
1136 428 1377 493 reﬁciat;
1408 434 1461 483 et
1490 424 1575 496 qui
1617 423 1833 488 creavit,
1863 423 1978 494 ipse

416 543 639 592 recreet.
667 530 772 585 Sed
803 537 976 581 tamen
999 522 1139 595 quod
1166 522 1237 577 ita
1259 519 1471 584 defecit,
1500 528 1557 571 ut
1586 517 1710 570 velit
1734 530 1791 570 se
1816 523 1866 569 et
1899 529 1987 569 re-

418 628 587 685 creari
608 636 662 682 et
688 620 969 679 reformari
989 620 1030 686 ι,
1061 618 1178 673 sine
1202 630 1361 672 causa
1392 624 1656 685 putamus,
1681 610 1893 677 fratres,
1912 606 1984 662 fu-

415 730 555 777 etum
582 714 781 773 fuisse?
809 711 915 767 Pro
940 710 1220 780 iniquitate,
1247 706 1434 777 inquit,
1465 702 1671 758 erudisti
1712 700 1986 753 hominem.

416 812 607 869 Totum
636 806 777 878 quod
799 802 991 870 defeci,
1024 798 1168 872 quod
1195 798 1439 853 inﬁrmus
1464 808 1602 860 sum,
1630 789 1769 863 quod
1794 788 1862 844 de
1886 788 1993 842 imo

417 904 609 968 clamo,
636 898 740 953 hoc
765 906 931 953 totum
962 909 1059 964 pro
1093 890 1373 962 iniquitate
1405 904 1418 940 :
1450 886 1575 942 etin
1609 884 1711 939 hoc
1748 879 1993 943 erudisti,

418 1009 523 1049 non
550 989 813 1047 damnasti
841 1004 854 1041 :
880 984 985 1040 Pro
1012 983 1272 1053 iniquitate
1296 978 1507 1035 erudisti
1545 976 1813 1030 hominem.
1859 969 1995 1033 Audi

422 1088 521 1141 hoc
547 1082 757 1155 planius
780 1094 843 1135 ex
881 1078 985 1132 alio
1011 1074 1247 1146 psalmo:
1274 1070 1472 1125 Bonum
1491 1077 1565 1122 est
1585 1067 1728 1127 mihi,
1749 1062 1883 1135 quo‘d
1899 1063 1996 1114 Itu-

420 1150 626 1231 milidsti
638 1182 799 1238 me,ut
814 1164 1391 1238 discamjustiﬁcationes
1405 1170 1514 1213 tuas
1528 1153 1915 1231 (Psttl.t:itvti|,7
1926 1154 1942 1206 l

424 1268 491 1322 Et
520 1264 822 1321 humiliatus
850 1274 967 1327 sum
986 1299 1002 1324 ,
1026 1265 1081 1311 et
1106 1254 1302 1308 bonum
1331 1259 1414 1305 est
1437 1248 1566 1303 mihi
1599 1264 1612 1301 :
1641 1255 1695 1301 et
1716 1258 1867 1314 poena
1895 1251 1995 1307 est,

421 1368 477 1413 et
504 1355 669 1429 gratia
699 1356 799 1410 est.
814 1349 950 1420 Quid
978 1354 1153 1403 servat
1171 1352 1289 1415 post
1309 1355 1540 1413 pinnam,
1560 1337 1649 1409 qui
1668 1352 1765 1408 per
1778 1335 2000 1407 gratiam

424 1423 639 1505 exhibet
669 1460 874 1518 pinnam
895 1442 918 1496 ?
940 1440 1057 1510 Ipse
1070 1438 1210 1493 enim
1234 1443 1318 1491 est
1336 1434 1403 1489 de
1427 1446 1533 1503 quo
1552 1430 1746 1485 dictum
1767 1435 1868 1491 est,
1885 1423 2002 1480 Hu-

426 1542 649 1597 miliatus
675 1555 807 1603 sum,
825 1546 871 1592 et
900 1535 1095 1589 salvum
1121 1547 1201 1591 me
1214 1529 1327 1601 fecit
1344 1525 1516 1598 (Psal.
1543 1522 1741 1594 cxw,6)
1766 1539 1779 1575 :
1802 1530 1875 1587 et,
1901 1519 2005 1573 Bo-

430 1653 551 1691 num
573 1644 642 1688 est
674 1632 798 1686 mihi
824 1628 956 1700 quod
978 1624 1255 1680 humiliasti
1279 1637 1376 1688 me,
1402 1630 1457 1674 ut
1472 1619 1663 1673 discam
1688 1614 2007 1687 justiﬁcatio-

429 1745 516 1783 nes
538 1739 670 1781 tuas.
701 1723 806 1777 Pro
830 1719 1089 1793 iniquitate
1109 1714 1313 1770 erudisti
1336 1711 1603 1767 hominem.
1637 1709 1704 1764 Et
1723 1705 1861 1778 quod
1877 1706 2008 1760 scri-

430 1830 576 1889 ptum
607 1825 711 1883 est,
737 1814 836 1880 Qui
852 1812 1002 1884 ﬁngis
1027 1808 1252 1863 dolorem
1287 1806 1342 1859 in
1378 1810 1627 1875 praecepto
1663 1797 1832 1870 (Psal.
1859 1812 2005 1861 xcm,

429 1888 655 1983 20),Dco
668 1907 769 1963 dici
791 1904 1000 1960 nonnisi
1014 1918 1043 1956 a
1070 1898 1391 1959 transilieute
1407 1895 1594 1966 potuit;
1608 1891 1729 1962 quia
1744 1888 1957 1944 nonnisi
1978 1902 2008 1941 a

431 1980 758 2059 transiliente
769 1996 936 2052 videri
951 1992 1138 2066 potuit.
1158 1985 1554 2059 Fingis,inquit,
1574 1982 1795 2039 dolorem
1807 1980 1857 2033 in
1876 1993 2008 2048 pra:-

431 2104 591 2165 cepto,
611 2090 679 2147 de
696 2089 881 2145 dolore
909 2089 1232 2155 praeceptum
1258 2076 1388 2133 mihi
1418 2074 1568 2129 facis.
1595 2071 1817 2127 Formas
1839 2070 2009 2138 ipsum

431 2161 668 2243 dolorem
691 2195 900 2237 meum:
923 2192 1028 2232 non
1053 2190 1175 2230 eum
1199 2169 1454 2241 relinquis
1477 2166 1776 2228 informem,
1794 2163 1885 2218 sed
1904 2161 2011 2217 for-

432 2295 548 2335 mas
573 2277 719 2332 illum
744 2291 759 2328 :
782 2283 837 2329 et
863 2271 1119 2327 formatus
1138 2266 1291 2322 dolor
1318 2277 1471 2319 meus
1495 2261 1725 2315 inﬂictos
1748 2275 1777 2311 a
1800 2266 1851 2311 te
1877 2270 2013 2326 prie-

433 2379 646 2442 ceptum
676 2366 804 2423 mihi
829 2365 952 2427 erit,
981 2370 1040 2417 ut
1062 2360 1260 2415 liberer
1285 2373 1315 2412 a
1345 2353 1616 2425 te.Fingis
1630 2351 1793 2417 enim,
1812 2348 2011 2404 dictum

433 2472 535 2529 est,
557 2461 820 2523 dolorem,
850 2455 1045 2511 formas
1069 2451 1309 2507 dolorem
1328 2490 1344 2517 ,
1361 2448 1591 2518 plasmas
1605 2443 1842 2498 dolorem
1863 2482 1878 2502 ,
1907 2455 2011 2494 non

433 2554 653 2612 simulas
699 2540 1272 2616 doloremzquomodo
1320 2537 1471 2609 ﬁngit
1518 2532 1912 2599 artifex,uude
1961 2541 2015 2586 et

434 2648 621 2722 ﬁgulus
643 2644 835 2701 dicitur
859 2656 889 2696 a
917 2636 1184 2710 ﬁngendo.
1214 2635 1373 2705 Ergo,
1404 2630 1509 2722 Pro
1558 2627 1822 2698 iniquitate
1847 2625 2017 2679 erudi-

433 2718 496 2795 sti
522 2737 793 2793 hominem.
822 2731 986 2787 Video
1012 2743 1098 2784 me
1122 2727 1175 2782 in
1201 2724 1376 2789 malis,
1397 2720 1554 2777 video
1580 2733 1667 2774 me
1688 2718 1740 2772 in
1768 2730 1942 2787 pinna,
1962 2723 2018 2770 et

435 2832 575 2905 apud
597 2842 648 2887 te
671 2844 777 2886 non
802 2825 959 2882 video
1005 2820 1361 2893 iniquitatem.
1396 2815 1453 2871 Si
1490 2828 1618 2884 ergo
1646 2826 1744 2882 ego
1770 2810 1820 2864 in
1862 2823 2015 2879 pinna

437 2942 555 2983 sum
599 2934 655 2980 et
681 2919 821 2992 apud
839 2928 891 2974 te
918 2914 1170 2987 iniquitas
1192 2925 1297 2967 non
1319 2916 1423 2975 est,
1446 2918 1625 2961 nonne
1650 2910 1814 2957 restat
1843 2909 1900 2953 nt
1922 2914 2017 2968 pro

438 3016 714 3087 iniquitate
727 3008 985 3068 erudieris
1009 3004 1277 3061 hominem
1292 3001 1318 3056 ‘l

509 3085 597 3165 t8.
624 3107 694 3162 Et
719 3100 1007 3176 quomodo,
1036 3094 1289 3153 erudisti?
1317 3091 1412 3149 Dic
1432 3090 1600 3161 ipsam
1639 3085 2017 3148 eruditionem,

440 3219 474 3257 ο
503 3175 747 3263 ldithun,
764 3190 1031 3264 quomodo
1056 3186 1297 3244 eruditus
1325 3182 1422 3239 es?
1455 3180 1525 3235 Et
1566 3180 1814 3234 tabescere
1859 3175 2021 3247 fecisti

442 3294 568 3348 sicut
593 3302 831 3343 araneam
852 3285 1073 3339 animam
1104 3294 1287 3333 meam.
1316 3275 1443 3331 Hinc
1486 3283 1569 3329 est
1606 3270 1852 3327 eruditio.
1885 3267 2021 3336 Quid

448 3383 677 3440 tabidius
721 3375 949 3434 aranea?
978 3370 1190 3445 Animal
1242 3369 1415 3437 ipsum
1462 3363 1601 3418 dico.
1632 3362 1941 3430 Quanquam
1969 3366 2024 3413 et

444 3474 574 3547 ipsis
603 3471 721 3527 telis
740 3478 1050 3523 aranearum
1084 3459 1210 3533 quid
1236 3453 1499 3513 tabidius?
1526 3450 1749 3507 Attende
1770 3460 1823 3505 et
1851 3449 2022 3520 ipsum

445 3540 642 3623 animal
658 3574 815 3634 quam
843 3554 1075 3613 tabidum
1102 3559 1203 3608 est.
1225 3550 1373 3606 Pone
1390 3558 1548 3615 supra
1569 3542 1758 3598 leviter
1779 3540 2021 3611 digitum,

447 3658 601 3714 ruina
623 3629 705 3710 est
734 3669 747 3706 ε
777 3648 904 3705 nihil
929 3645 1149 3702 omnino
1174 3638 1423 3696 tabidius.
1456 3634 1640 3691 Talem
1691 3629 1861 3687 fecisti
1911 3629 2026 3683 ani-

449 3764 592 3804 mam
639 3757 848 3805 meam,
876 3729 1395 3809 inquit,erudiendo
1447 3742 1536 3782 me
1584 3739 1680 3796 pro
1731 3722 2023 3793 iniquitate.

449 3838 682 3910 Quando,
716 3832 944 3890 eruditio
985 3827 1253 3885 inﬁrmum
1289 3821 1411 3887 fecit
1436 3862 1450 3884 ,
1479 3815 1720 3891 quiedam
1776 3813 2028 3871 fortitudo

451 3905 567 3986 erat
580 3905 761 3983 vitium
771 3921 958 3978 .Video
974 3916 1227 3992 quosdam
1243 3910 1579 3983 prmvolasse,
1597 3917 1650 3963 et
1668 3905 1993 3961 intellexisse
2013 3922 2026 3959 :

453 4021 547 4077 sed
573 4034 604 4073 a
631 4013 977 4073 celerioribus
1020 4025 1128 4065 non
1167 4014 1294 4063 sunt
1341 4001 1620 4059 deserendi
1648 3999 1938 4063 tardiores,
1972 4005 2032 4052 ut

456 4110 651 4181 pariter
678 4107 815 4161 viam
845 4100 1107 4159 sermonis
1131 4102 1365 4167 carpant.
1399 4093 1513 4151 lloc
1538 4090 1667 4156 dixi,
1701 4089 1802 4144 hoc
1831 4087 2030 4142 intelli-

456 4177 600 4273 gite:
629 4199 686 4254 Si
728 4193 957 4252 eruditio
996 4190 1125 4260 justi
1156 4188 1245 4243 oei
1300 4185 1436 4239 hanc
1481 4181 1841 4236 inﬁrmitatem
1874 4177 2029 4242 fecit,

459 4269 709 4351 fortitudo
736 4286 976 4361 quaedam
1026 4289 1140 4337 erat
1188 4278 1394 4332 vitium.
1426 4272 1757 4345 Fortitudine
1807 4269 2032 4345 quadam

455 4366 726 4458 displicuit
776 4378 937 4432 homo
954 4415 970 4440 ,
999 4379 1059 4426 ut
1085 4369 1383 4427 erudiretur
1426 4364 1730 4420 infirmitate
1751 4378 1770 4416 :
1793 4361 1915 4431 quia
1940 4375 2032 4419 su-

461 4452 641 4547 perbia
670 4468 900 4545 quadam
931 4461 1231 4530 diSplicuit,
1279 4467 1335 4515 ut
1363 4455 1662 4512 erudiretur
1716 4452 2031 4511 humilitate.

461 4545 649 4626 lt‘ortes
675 4581 734 4622 se
752 4578 873 4620 esse
900 4559 1082 4615 dicunt
1122 4567 1308 4611 omnes
1335 4548 1606 4619 superbi'.
1639 4545 1764 4602 ldeo
1799 4546 2038 4600 vicerunt

461 4660 609 4716 multi
631 4658 698 4713 ab
724 4655 931 4713 oriente
958 4659 1011 4706 et
1034 4644 1308 4702 occidente
1326 4640 1621 4705 venientes,
1646 4646 1705 4693 ut
1728 4637 2039 4692 reenmhant

461 4767 580 4808 cum
604 4747 868 4805 Abraham
899 4752 953 4799 et
988 4741 1132 4795 Isaac
1155 4745 1208 4791 et
1233 4733 1397 4789 Jacob
1442 4731 1493 4785 iu
1540 4744 1702 4800 regno
1739 4728 2034 4783 caelorum:

461 4855 627 4911 quare
651 4835 925 4895 vicerunt?
949 4832 1082 4901 Quia
1103 4828 1267 4884 fortes
1294 4838 1414 4880 esse
1439 4822 1741 4877 noluerunt.
1771 4819 1904 4886 Quid
1935 4827 2036 4883 est,

464 4935 629 4990 fortes
657 4945 777 4987 esse
803 4924 1120 4983 noluerunt?
1143 4922 1215 4978 De
1258 4934 1316 4975 se
1358 4929 1682 4988 praesumere
1706 4914 1993 4968 timuerunt
2022 4931 2035 4966 :

461 5024 718 5097 justitiam
748 5035 898 5075 suam
924 5033 1030 5072 non
1056 5014 1535 5073 constitueruntml
1557 5006 1774 5077 justitim
1797 5006 1887 5095 Dei
1915 5006 2039 5061 sub-

463 5084 751 5189 iicereutur
771 5110 946 5182 (Rom.
970 5123 1024 5172 κ,
1056 5108 1131 5175 3).
1158 5104 1397 5176 Denique
1442 5100 1652 5171 quando
1698 5098 1837 5153 dixit
1864 5084 2043 5152 Domi-

468 5223 569 5265 nus
589 5207 711 5271 hoc,
736 5202 892 5257 Multi
932 5199 993 5253 ab
1039 5199 1226 5252 oriente
1271 5204 1315 5249 et
1367 5193 1621 5248 occidente
1649 5192 1861 5257 uenient,
1890 5199 1934 5244 et
1965 5199 2056 5244 re-‘

469 5299 694 5358 cumbent
718 5311 833 5351 cum
856 5290 1111 5351 Abraham
1138 5297 1183 5341 et
1209 5286 1360 5361 Isaac
1385 5283 1604 5338 etJacob
1632 5285 1683 5336 in
1706 5298 1859 5353 regno
1889 5282 2044 5335 catla-

469 5392 661 5459 rnm',
713 5387 807 5457 ﬁlii
860 5392 1026 5437 autem
1056 5378 1254 5449 regni,
1302 5375 1354 5430 id
1399 5383 1480 5431 est
1523 5374 1690 5441 Judici
1745 5374 2046 5446 ignorantes

534 5490 554 5518 ι
574 5489 640 5533 tta
662 5488 855 5543 septem
897 5482 1006 5543 uss.
1032 5470 1116 5543 Alii
1132 5465 1471 5543 pluresxiqugia
1507 5464 1583 5543 ita
1619 5465 1877 5543 defectam.
1895 5462 2003 5543 velit
2027 5478 2046 5515 :

472 5525 949 5610 (insinuante
969 5535 1036 5610 ita
1265 5534 1319 5601 ut
1340 5525 1458 5610 uelit,
1470 5540 1521 5610 se
1537 5525 1815 5610 etlrec‘reari
1832 5528 2046 5610 e't'refor-

474 5585 772 5664 manu:
788 5585 956 5664 i’u‘teiii
974 5585 1217 5664 ξετεδέωιν
1230 5585 1320 5655 ’φά
1339 5588 1596 5664 ίια.με[εςίι
1619 5585 2045 5664 "inuretista-

536 5649 775 5741 ἵίὰιξέξξέ.
792 5649 871 5741 ᾗ
1057 5649 1220 5728 Fortes
1251 5649 1607 5741 essedicuntur
1629 5662 1789 5700 omnes
1820 5649 2044 5712 superbi,

479 5730 659 5797 inﬁrmi
680 5726 899 5779 humiles.
928 5723 1040 5772 Ideo
1070 5721 1423 5786 vicerunttetc.
1466 5773 1476 5783 .

538 5796 557 5828 ³
572 5795 652 5843 ulc
674 5795 724 5842 in
736 5789 843 5840 add.
856 5786 1069 5839 additum
1080 5782 1255 5839 luerat,
1269 5781 1402 5828 Dixit
1413 5779 1555 5826 etiam
1573 5786 1591 5825 :
1603 5771 1730 5838 quod
1740 5774 2045 5823 aussabest.

1637 310 1694 365 S.
1736 305 2099 365 AUGUSTINI
2148 305 2449 363 EPISCOPI

3560 307 3667 361 428

2088 421 2349 491 justitiam
2381 422 2493 488 Dei,
2519 428 2571 475 et
2595 436 2742 475 suam
2773 420 3009 476 volentes
3025 430 3276 486 statuere,
3294 419 3431 479 ibunt
3457 420 3507 473 in
3527 428 3669 473 tene-

2092 512 2208 566 bras
2232 514 2529 576 exteriores;
2554 511 2901 567 recordamini
2948 511 3103 566 ﬁdem
3136 511 3278 565 illam
3331 510 3671 567 Ccnturionis

2094 604 2247 659 unius
2273 618 2337 658 ex
2371 603 2560 673 populo
2588 603 2821 674 gentium
2843 646 2857 671 ,
2888 584 3037 657 ita'in
3068 619 3126 659 se
3164 602 3355 657 inﬁrmi
3379 643 3395 667 ,
3448 605 3517 656 ita
3561 618 3671 657 non

2096 693 2247 750 fortis
2276 704 2331 749 ut
2356 695 2554 750 diceret
2578 713 2591 748 :
2618 694 2736 752 Non
2765 698 2873 748 sum
2907 696 3091 766 dignus
3111 704 3167 749 ut
3192 694 3282 750 sub
3307 705 3486 755 tectum
3503 711 3671 749 meum

2096 787 2268 841 intres.
2294 786 2407 840 Non
2436 794 2548 841 erat
2576 785 2761 857 dignus
2789 785 2876 856 qui
2898 785 3164 841 Christum
3192 786 3349 841 domo
3369 785 3631 855 reciperet
3654 826 3670 848 ,

2098 889 2151 933 et
2171 879 2278 947 jam
2306 877 2465 932 corde
2490 884 2783 946 receperat.
2823 876 3032 932 Etenim
3072 877 3322 947 magister
3345 877 3430 931 ille
3461 876 3676 930 huntiliv

2100 971 2244 1037 tatis,
2276 969 2443 1024 Filius
2469 969 2696 1024 hominis
2716 969 2824 1039 jam
2849 968 3120 1027 invenerat
3138 968 3190 1021 iu
3221 966 3336 1037 ejus
3357 976 3571 1037 pectore
3587 965 3678 1020 ubi

2101 1069 2261 1132 caput
2285 1060 2586 1115 reclinaret.
2615 1058 2695 1114 Ad
2743 1058 2845 1114 hoc
2882 1057 3101 1113 verbum
3131 1056 3468 1113 Ccnturionis
3495 1056 3679 1110 Domi-

2102 1170 2203 1219 nus
2216 1154 2524 1225 respiciens,
2546 1153 2612 1208 ad
2628 1160 2912 1223 sequentes
2940 1165 2999 1206 se
3028 1150 3159 1206 dixit
3185 1170 3197 1206 :
3219 1151 3373 1205 Amen
3391 1150 3503 1204 dico
3520 1148 3678 1214 vobis,

2103 1249 2155 1303 in
2184 1249 2324 1303 nullo
2350 1247 2516 1302 inveni
2554 1255 2743 1300 tantam
2773 1244 2922 1313 ﬁdem
2958 1245 3010 1297 in
3039 1243 3200 1297 Israel
3229 1241 3457 1314 (Matth.
3478 1257 3594 1307 vni,
3618 1240 3683 1297 8-

2106 1339 2217 1414 12).
2248 1341 2396 1396 llunc
2421 1338 2682 1394 inﬁrmum
2705 1337 2921 1403 invenit,
2941 1335 3204 1391 lsraclitas
3232 1334 3398 1389 fortes
3424 1333 3680 1397 invenit’,

2062 1500 2079 1513 η
2107 1445 2165 1489 ut
2190 1435 2327 1489 inter
2356 1442 2606 1501 utrosque
2632 1430 2832 1485 diceret
2859 1448 2871 1484 :
2905 1426 3025 1482 Non
3069 1437 3139 1482 est
3192 1426 3568 1495 opus‘medit'us
3596 1442 3683 1480 sa-

2107 1528 2207 1593 nis,
2229 1527 2316 1593 sed
2335 1526 2465 1580 male
2489 1523 2777 1578 habentibus
2797 1520 2909 1592 (Id.
2927 1536 2999 1579 ix.
3019 1519 3131 1590 12).
3151 1518 3372 1587 Propter
3390 1519 3494 1572 hoc
3520 1531 3670 1588 ergo,

2111 1617 2164 1673 id
2189 1627 2272 1673 est
2299 1626 2517 1688 pr0pter
2560 1616 2697 1669 hanc
2743 1613 3092 1683 humilitatem
3114 1652 3129 1675 ,
3158 1610 3310 1663 Multi
3327 1613 3389 1664 ab
3432 1610 3622 1663 oriente
3640 1617 3695 1662 et

2110 1709 2363 1763 occidente
2387 1707 2599 1773 venient,
2633 1715 2677 1760 et
2711 1703 2995 1758 recumbent
3034 1720 3147 1758 cum
3176 1702 3429 1756 Abraham
3454 1712 3499 1756 et
3538 1700 3696 1754 Isaac

2112 1811 2158 1857 et
2175 1800 2334 1855 Iacob
2371 1800 2424 1854 in
2468 1815 2621 1870 regno
2660 1798 2895 1852 caelorum
2917 1812 2938 1862 ;
2963 1796 3057 1864 lilii
3098 1805 3266 1849 autem
3296 1796 3439 1869 regni
3475 1795 3611 1847 ibunt
3635 1795 3693 1846 in

2113 1892 2336 1949 tenebras
2355 1892 2640 1946 exteriores.
2674 1890 2812 1945 Ecce
2838 1888 3089 1944 mortales
3116 1888 3276 1954 estis,
3322 1902 3447 1944 ecce
3473 1901 3697 1943 carnem
3730 1884 3745 1899 ’

2114 1993 2503 2055 putrescentem
2554 1983 2807 2052 portatis,
2837 1992 2891 2036 et
2918 1981 3055 2051 sicut
3091 1994 3228 2036 unus
3275 1995 3337 2035 ex
3369 1980 3705 2051 principibus

2114 2075 2313 2133 cadetis
2342 2093 2356 2126 :
2385 2075 2521 2129 sicut
2545 2073 2789 2128 homines
2811 2071 3107 2126 moriemini
3137 2068 3305 2141 (Psal.
3336 2086 3521 2134 LXXXI,
3543 2072 3618 2139 '7),
3637 2078 3705 2123 et

2116 2168 2315 2223 cadetis
2344 2167 2479 2220 sicut
2506 2164 2764 2219 diabolus.
2813 2162 2947 2231 Quid
2990 2146 3138 2215 vobis
3172 2160 3389 2231 prodest
3433 2147 3705 2216 medicina

2118 2257 2494 2315 mortalitatis?
2538 2255 2810 2326 Superbus
2856 2244 3135 2318 diabolus,
3189 2261 3437 2323 tanquam
3476 2254 3708 2325 angelus

2117 2366 2223 2407 non
2253 2350 2457 2405 habens
2478 2350 2499 2380 ³
2531 2362 2746 2403 carnem
2796 2345 3076 2400 mortalem
3108 2362 3121 2399 :
3152 2353 3204 2398 tu
3226 2354 3401 2399 autem
3425 2344 3511 2415 qui
3539 2361 3707 2400 arce-

2117 2444 2239 2513 pisti
2269 2441 2545 2497 mortalem
2572 2454 2785 2501 carnem
2811 2479 2828 2504 ,
2850 2447 2903 2493 et
2932 2453 3031 2494 nec
3068 2436 3171 2492 hoc
3217 2437 3311 2491 tibi
3356 2438 3573 2507 prodest
3595 2481 3609 2503 ,
3637 2448 3713 2495 ut

2118 2544 2262 2591 tanta
2287 2532 2590 2591 inﬁrmitate
2620 2529 2933 2595 humilieris,
2955 2528 3093 2584 sicut
3121 2542 3258 2584 unus
3287 2542 3351 2584 ex
3372 2528 3714 2600 principibus

2119 2625 2298 2682 cades.
2333 2625 2445 2693 Ipsa
2475 2631 2702 2693 estergo
2730 2620 2897 2692 gratia
2931 2619 3173 2676 beneﬁcii
3203 2618 3299 2675 Dei
3327 2619 3491 2690 prima
3515 2662 3529 2687 ,
3557 2620 3715 2675 redi-

2119 2732 2245 2790 gere
2265 2715 2287 2748 ³
2310 2730 2409 2771 nos
2432 2714 2499 2770 ad
2543 2712 2933 2768 confessionem
2966 2711 3305 2779 inﬁrmitatis,
3337 2723 3395 2768 ut
3447 2712 3715 2784 quidquid

2121 2808 2244 2867 boni
2275 2822 2574 2879 possumus,
2602 2803 2852 2877 quidquid
2887 2812 3133 2874 potentes
3181 2817 3383 2867 sumus,
3413 2804 3464 2858 in
3511 2805 3602 2859 illo
3621 2805 3715 2861 si-

2122 2918 2240 2958 mus
2269 2920 2280 2954 :
2311 2909 2369 2956 ut
2395 2901 2484 2972 qui
2514 2899 2788 2971 gloriatur,
2820 2898 2871 2952 in
2902 2897 3123 2951 Domino
3149 2897 3404 2966 glorietur
3428 2894 3489 2969 (1
3514 2895 3628 2952 Cor.
3665 2914 3716 2963 1,

2122 2993 2233 3061 5i).
2260 2993 2475 3061 Quando
2499 2990 2750 3058 iuﬁrmor,
2778 2988 2967 3058 inquit,
2993 2997 3111 3043 tunc
3138 2998 3314 3060 potens
3338 3006 3450 3043 sum
3475 2989 3493 3059 (
3516 2988 3557 3043 Il
3581 2989 3715 3045 Cor.

2126 3078 2217 3147 xtl,
2250 3085 2359 3153 10).
2390 3082 2495 3137 Pro
2520 3082 2782 3150 iniquitate
2819 3080 3025 3135 erudisti
3065 3081 3317 3136 hominem
3350 3097 3369 3135 :
3390 3090 3437 3136 et
3458 3082 3723 3138 tabescere

2126 3178 2287 3249 fecisti
2303 3174 2430 3228 sicut
2454 3188 2691 3227 araneam
2708 3171 2795 3225 ani
2800 3188 2931 3224 mam
2954 3187 3137 3225 meam.

2196 3263 2283 3320 l9.
2324 3261 2672 3317 Verumtamen
2700 3277 2823 3315 vane
2868 3261 3193 3316 conturbatur
3237 3262 3399 3316 omnis
3444 3263 3590 3316 homo
3621 3266 3717 3319 vi-

2126 3376 2262 3414 nens.
2294 3356 2452 3414 Redit
2475 3357 2538 3410 ad
2576 3355 2700 3410 illud
2728 3355 2868 3425 quod
2895 3356 3051 3425 paulo
3077 3365 3202 3410 ante
3225 3357 3667 3412 commemoravit
3699 3376 3717 3412 :

2127 3449 2367 3521 quamvis
2392 3447 2479 3502 hic
2504 3446 2761 3517 proﬁciat,
2777 3462 2900 3500 vane
2918 3447 3243 3523 conturbatur
3268 3447 3429 3502 omnis
3458 3449 3605 3502 homo
3628 3450 3725 3501 vi-

2128 3560 2245 3598 vens
2272 3560 2291 3597 :
2323 3543 2502 3596 vivens
2527 3542 2707 3612 utique
2735 3541 2786 3595 in
2817 3540 3037 3595 incerto.
3068 3541 3195 3606 Quis
3221 3539 3361 3594 enim
3394 3541 3476 3596 vel
3500 3540 3566 3596 de
3592 3540 3726 3610 ipso

2129 3635 2270 3703 bono
2295 3650 2392 3689 suo
2419 3647 2637 3688 securus
2665 3632 2779 3687 est?
2807 3630 2943 3687 Vane
2962 3632 3309 3684 conturbatur.
3341 3630 3513 3687 Jactet
3538 3632 3588 3686 in
3608 3632 3729 3686 Du-

2130 3731 2330 3791 minum
2358 3724 2538 3784 curam
2568 3743 2717 3784 suam
2762 3725 2935 3798 (Psal.
2967 3743 3051 3781 Liv
3074 3769 3087 3794 ,
3132 3726 3221 3799 23)
3246 3769 3261 3793 ,
3291 3727 3343 3782 in
3376 3727 3521 3787 illum
3546 3727 3729 3796 jactet

2131 3820 2382 3895 quidquid
2410 3820 2666 3876 sollicitus
2706 3826 2821 3886 est,
2868 3820 2983 3889 ipse
3009 3820 3241 3895 nutriat,
3289 3821 3401 3888 ipse
3425 3820 3726 3879 custodiat.

2133 3914 2268 3983 Quid
2295 3913 2437 3969 enim
2462 3912 2512 3966 in
2557 3912 2655 3968 hac
2682 3920 2819 3967 terra
2846 3920 3051 3968 certum
3080 3920 3194 3977 est,
3229 3913 3327 3967 nisi
3357 3912 3540 3967 mors?
3568 3912 3730 3968 Con-

2134 4004 2365 4060 siderate
2390 4003 2565 4057 omnia
2588 4002 2805 4058 omnino
2828 4002 2913 4058 vel
2940 4002 3077 4059 bona
3104 4002 3183 4057 vel
3213 4003 3348 4058 mala
3374 4004 3497 4059 vitio
3519 4003 3685 4070 hujus
3708 4046 3729 4070 ,

2135 4097 2217 4151 vel
2250 4097 2303 4150 in
2332 4097 2440 4166 ipsa
2467 4094 2703 4171 justitia,
2735 4094 2817 4148 vel
2850 4094 2900 4148 in
2946 4094 3059 4164 ipsa
3103 4093 3379 4165 iniquitate
3410 4113 3423 4147 :
3458 4095 3582 4164 quid
3626 4095 3733 4152 hic

2136 4198 2341 4248 certum
2384 4197 2496 4249 est.
2544 4186 2854 4241 nisimors?
2885 4184 3162 4250 Profecisti
3194 4203 3207 4238 :
3240 4185 3364 4255 quid
3410 4186 3485 4240 sis
3516 4186 3683 4242 hodie
3710 4231 3731 4252 ,

2137 4281 2276 4345 scis;
2307 4276 2664 4349 quid-futurus
2691 4276 2765 4330 sis
2797 4276 3030 4331 crastino
3049 4318 3063 4341 ,
3093 4276 3285 4349 nescis.
3334 4275 3587 4331 Peccator
3614 4292 3683 4331 es
3713 4295 3731 4330 :

2138 4369 2263 4440 quid
2291 4369 2365 4425 sis
2396 4367 2549 4422 hodie
2571 4409 2585 4431 ,
2618 4360 2758 4430 scis;
2790 4365 2917 4441 quid
2946 4365 3019 4421 sis
3057 4346 3324 4431 crastino,
3355 4366 3548 4422 nescis.
3581 4365 3737 4437 Spe-

2139 4474 2227 4524 ras
2253 4458 2558 4530 pecuniam;
2579 4458 2832 4512 incertum
2859 4465 2940 4517 est
2964 4473 3031 4511 an
3061 4458 3353 4526 proveniat.
3371 4457 3567 4527 Speras
3591 4476 3740 4514 uxo-

2140 4566 2289 4616 rem;
2331 4551 2589 4605 incertum
2620 4558 2701 4604 est
2726 4564 2791 4602 an
2818 4548 3076 4618 accipias,
3107 4548 3191 4602 vel
3217 4550 3427 4619 qualem
3467 4551 3737 4622 accipias.

2141 4643 2333 4715 Speras
2362 4643 2527 4705 ﬁlios;
2564 4642 2819 4695 incertum
2855 4650 2935 4693 est
2963 4656 3028 4693 an
3061 4650 3344 4694 nascantur
3374 4656 3386 4693 :
3422 4641 3530 4697 nati
3556 4653 3692 4698 sunt
3718 4662 3739 4712 ς

2144 4737 2400 4792 incertum
2425 4744 2508 4789 est
2533 4750 2597 4787 an
2626 4733 2804 4786 vivant
2836 4748 2849 4784 :
2884 4733 3083 4798 vivunt,
3116 4722 3375 4787 incertum
3402 4742 3482 4786 est
3507 4747 3574 4786 an
3601 4750 3745 4802 pro-

2147 4827 2356 4892 ﬁeiant,
2382 4842 2447 4880 an
2477 4825 2742 4881 deﬁciant.
2774 4823 3116 4893 Quocumque
3143 4831 3194 4879 te
3237 4823 3493 4887 verteris,
3524 4823 3745 4883 incerta

2145 4919 2321 4972 omnia
2354 4933 2367 4968 :
2403 4916 2512 4970 sola
2553 4930 2698 4970 mors
2726 4923 2887 4969 certa.
2918 4902 3123 4995 Pauper
3147 4928 3237 4975 es;
3269 4914 3526 4973 incertum
3557 4924 3641 4968 est
3667 4932 3750 4975 an

2146 5007 2375 5064 ditescas
2400 5024 2411 5060 :
2437 5006 2711 5073 indoctus;
2741 5009 2997 5060 incertum
3031 5014 3111 5067 est
3140 5020 3207 5058 an
3237 5004 3498 5060 erudiaris
3523 5023 3537 5061 :
3561 5006 3750 5064 imbe-

2149 5100 2331 5163 cilius;
2352 5099 2610 5152 incertum
2638 5108 2713 5151 est
2746 5113 2811 5150 an
2838 5095 3197 5151 convalescas.
3217 5094 3384 5150 Natus
3410 5107 3746 5161 cs;certum

2148 5192 2370 5263 estquia
2398 5190 2671 5245 morieris:
2694 5199 2747 5242 ct
2777 5190 2825 5241 iu
2858 5188 2958 5242 hoc
2988 5188 3102 5259 ipso
3126 5187 3248 5258 quia
3271 5201 3416 5242 mors
3442 5188 3551 5257 ipsa
3583 5200 3749 5245 certa

2148 5292 2230 5337 est
2248 5324 2262 5348 ,
2289 5281 2402 5336 dies
2441 5282 2625 5334 tnortis
2666 5280 2898 5334 incertus
2925 5288 3026 5337 est.
3058 5277 3199 5334 Inter
3226 5277 3340 5341 hinc
3369 5279 3568 5334 incerta
3591 5322 3606 5344 ,
3644 5283 3751 5337 ubi

2150 5371 2262 5425 sola
2289 5384 2429 5424 mors
2453 5380 2619 5427 certa.
2641 5369 2790 5438 cujus
2806 5365 2963 5424 etiam
2992 5368 3119 5433 liora
3147 5369 3367 5433 incerta,
3388 5378 3441 5423 et
3466 5369 3577 5422 sola
3599 5374 3750 5427 niui~

2154 5474 2263 5519 tum
2289 5470 2506 5517 cavetur
2524 5501 2539 5526 ,
2568 5475 2686 5530 quin
2714 5461 2856 5515 nullo
2884 5460 3042 5525 modo
3066 5459 3365 5537 devitatur,
3396 5459 3558 5517 omnis
3586 5462 3748 5520 homo

2151 5555 2314 5609 vivens
2335 5569 2459 5606 vane
2478 5551 2820 5606 conturbatur.

2215 5652 2234 5718 ξ
2257 5654 2379 5718 itssg
2408 5641 2808 5718 Huncinﬁrmtan
2826 5642 3270 5718 inveniatsraelitas
3295 5644 3443 5709 fortes
3466 5655 3647 5695 triverit.

2216 5712 2237 5742 ι
2259 5710 2332 5756 sic
2353 5714 2425 5754 er.
2453 5713 2503 5754 et
2526 5705 2630 5754 M3,.
2660 5714 2710 5755 At
2734 5714 2862 5767 l.ov.,
2891 5719 2987 5757 non
3011 5705 3166 5765 habet.

2218 5772 2239 5805 ³
2262 5769 2446 5831 Aliquot
2471 5774 2575 5816 Mss.
2592 5805 2605 5827 ,
2633 5770 2815 5819 redire.
