3972 6198
297 308 399 384 ηε,
1208 324 1214 329 -
1349 294 1742 350 nutriunto
1781 294 1846 350 IN
1884 295 2207 355 pSALuuu
2248 300 2533 357 xxxvut.

367 420 455 473 20.
490 417 641 491 [rem
675 416 784 490 15.]
818 415 956 484 Ergo
979 413 1116 466 inter
1145 411 1256 464 lure
1277 409 1383 480 jam
1413 410 1733 476 transiliens,
1759 408 1870 481 jam

299 515 349 568 iu
379 510 698 582 quibusdam
723 505 1081 577 superioribus
1107 515 1266 572 agens
1287 543 1302 563 ,
1345 500 1458 555 hate
1489 501 1592 555 ima
1629 512 1870 555 eontem-

295 618 462 669 nens,
511 601 649 656 inter
678 600 792 654 lucc
831 596 1062 668 positus,
1097 591 1332 656 Exaudi,
1366 591 1562 660 inquit,
1595 592 1870 645 orationem

293 711 472 748 meam.
495 694 570 748 De
581 674 768 761 quibus
779 688 1052 760 gaudeam,
1070 683 1138 740 de
1153 683 1345 759 quibus
1359 683 1599 753 gemam?
1619 684 1690 737 De
1709 693 1869 736 trans-

291 789 425 842 actis
461 783 694 856 gaudeo,
721 797 817 852 pro
841 780 920 834 his
944 793 1062 849 qure
1087 783 1292 832 restant
1313 790 1490 846 gemo.
1521 771 1724 829 Exaudi
1754 792 1869 827 ora-

290 881 476 933 tionem
505 892 666 929 meam
692 884 737 928 et
767 871 1163 943 deprecationem
1203 884 1365 923 meam
1395 883 1414 920 :
1442 866 1644 920 auribus
1672 867 1869 935 percipe

289 983 543 1042 tacrymas
572 985 722 1022 meas.
755 963 1018 1033 Numquid
1059 963 1198 1016 enim
1241 961 1362 1030 quia
1395 968 1534 1013 tanta
1567 959 1821 1013 transilivi
1847 1001 1863 1024 ,

289 1063 410 1134 quia
439 1071 584 1116 tanta
608 1055 1049 1124 transcendi.jam
1078 1068 1181 1107 non
1210 1051 1547 1106 ﬂeo?Noune
1576 1051 1868 1103 multoma-

289 1158 368 1227 gis
397 1150 533 1209 ﬂeo?
553 1151 685 1217 Quia
711 1149 798 1218 qui
828 1145 1042 1216 apponit
1069 1143 1363 1206 scientiam,
1386 1142 1602 1210 apponit
1629 1141 1864 1195 dolorem

288 1246 482 1318 (Eccle.
517 1261 556 1309 t,
583 1242 692 1310 18).
724 1239 910 1294 Nonne
936 1247 1133 1305 quanto
1154 1237 1170 1268 ί
1203 1235 1368 1304 magis
1391 1233 1530 1302 quod
1558 1233 1704 1287 abest
1723 1233 1864 1286 desi-

287 1340 436 1400 dero,
459 1344 605 1390 tanto
629 1333 795 1404 magis
821 1331 994 1384 donec
1022 1336 1198 1382 veniat
1219 1341 1392 1393 gemo,
1414 1334 1560 1380 tanto
1590 1325 1755 1392 magis
1771 1323 1864 1375 do-

288 1445 384 1485 nec
408 1429 589 1484 veniat
615 1426 751 1480 lico?
767 1423 952 1478 Nonne
979 1429 1125 1475 tanto
1141 1421 1328 1488 magis,
1344 1427 1540 1487 quanto
1566 1417 1863 1493 magis‘cre-

287 1523 537 1578 brescunt
575 1515 820 1572 scandala
841 1556 855 1578 ,
889 1520 1087 1583 quanto
1114 1509 1280 1579 magis
1317 1507 1545 1564 abundat
1575 1507 1820 1576 iniquitas
1845 1549 1858 1570 ,

286 1622 481 1683 quanto
504 1613 524 1642 ²
555 1608 722 1678 magis
749 1604 1045 1676 refrigescit
1078 1601 1309 1656 eharitas
1336 1600 1620 1665 multorum
1651 1597 1858 1670 (Matth.

286 1719 428 1766 xxiv,
463 1700 594 1771 12)?
627 1699 773 1759 Dico,
809 1695 934 1762 Quis
963 1693 1099 1747 dabit
1127 1691 1280 1761 capiti
1310 1706 1414 1748 meo
1443 1706 1643 1757 aquam,
1675 1699 1720 1742 et
1744 1705 1865 1741 ocu-

285 1796 343 1848 lis
359 1793 482 1848 meis
510 1795 696 1862 fontem
723 1789 1058 1856 lacrymarum
1077 1783 1288 1854 (Jerem.
1317 1798 1392 1846 tx,
1415 1779 1501 1852 l)?
1522 1780 1720 1834 Exaudi
1749 1796 1865 1833 ora-

283 1889 466 1939 tionem
494 1897 655 1935 meant
693 1889 739 1941 et
767 1876 1165 1947 deprecationem
1193 1889 1355 1926 meam
1382 1889 1400 1926 :
1433 1869 1636 1925 auribus
1666 1871 1863 1941 percipe

282 1979 534 2048 lacrymas
551 1990 705 2028 meas.
725 1971 808 2024 Ne
827 1970 975 2024 sileas
992 1985 1023 2029 a
1038 1983 1135 2020 me.
1153 1965 1230 2020 Ne
1245 1963 1620 2020 obsurdescam
1642 1963 1692 2016 in
1709 1971 1864 2016 aster-

282 2086 429 2125 num.
466 2065 548 2121 Ne
573 2064 722 2120 sileas
750 2079 781 2115 a
811 2077 888 2115 me
916 2075 935 2112 :
964 2057 1172 2114 audiam
1205 2065 1276 2111 te.
1305 2054 1521 2111 Occulte
1563 2054 1706 2108 enim
1734 2052 1864 2139 dicit

282 2163 456 2223 Deus,
489 2157 666 2213 multis
693 2157 744 2212 in
783 2153 944 2208 corde
969 2150 1201 2220 loquitur
1231 2167 1244 2202 :
1276 2157 1330 2203 et
1357 2161 1579 2217 magnus
1605 2145 1674 2201 ibi
1701 2160 1862 2200 sonus

279 2257 328 2309 in
362 2269 558 2323 magno
587 2249 798 2307 silentio
825 2246 998 2302 cordis
1021 2246 1062 2309 ³,
1094 2242 1305 2320 quando
1334 2255 1522 2311 magna
1553 2254 1684 2296 voce
1710 2239 1857 2302 dicit,

280 2347 438 2402 Salus
469 2354 556 2398 tua
583 2359 672 2413 ego
697 2357 828 2396 sum.
852 2338 966 2402 Dic,
1001 2336 1192 2405 inquit,
1215 2336 1397 2388 anima:
1422 2348 1564 2397 meae,
1595 2331 1753 2385 Salus
1773 2341 1861 2384 tua

277 2455 366 2509 ego
394 2452 512 2491 sum
538 2433 708 2504 (Psal.
739 2445 917 2492 xxxw,
938 2430 1012 2499 5).
1043 2428 1123 2481 Ab
1149 2426 1246 2480 hac
1269 2439 1420 2488 voce,
1439 2438 1542 2494 qua
1569 2421 1696 2478 dicit
1722 2423 1860 2477 Deus

276 2531 494 2594 animat,
516 2526 669 2582 Salus
694 2534 780 2578 tua
796 2538 886 2594 ego
907 2537 1037 2586 sum,
1057 2527 1204 2588 optat
1223 2532 1290 2572 ne
1317 2517 1533 2570 sileatur
1549 2515 1616 2568 ab
1644 2515 1752 2568 illo.
1775 2514 1860 2568 Ne

275 2622 428 2675 sileas
456 2636 490 2671 a
521 2633 616 2670 me.

345 2714 436 2768 2|.
471 2710 720 2776 Quoniam
749 2705 1021 2776 inquilinus
1049 2719 1138 2773 ego
1166 2717 1278 2755 sum
1321 2699 1458 2770 apud
1488 2710 1552 2754 te.
1583 2697 1687 2753 Sed
1717 2700 1854 2768 apud

276 2821 432 2877 quem
455 2804 479 2836 δ
511 2799 829 2873 inquilinus?
849 2796 1002 2867 Apud
1029 2794 1292 2849 diabolum
1319 2807 1437 2847 cum
1468 2807 1662 2854 essem,
1687 2791 1858 2860 inqui-

276 2899 604 2962 linus-eram,
628 2892 722 2948 sed
749 2890 942 2947 malum
970 2885 1324 2942 domnmdium
1348 2885 1368 2915 ⁸
1398 2882 1653 2937 habebam
1681 2900 1692 2934 :
1719 2898 1858 2937 nunc

275 3001 450 3046 autem
476 2990 583 3059 jam
601 2987 812 3056 quidem
839 2981 974 3052 apud
993 2990 1065 3046 te,
1083 2979 1175 3034 sed
1193 2977 1365 3032 adhuc
1389 2976 1696 3046 inquilinus.
1717 2974 1856 3041 Quid

275 3096 354 3139 est
374 3125 390 3150 ,
418 3079 734 3152 inquilinus?
762 3075 912 3132 Unde
955 3077 1274 3142 migraturus
1297 3084 1412 3128 sum
1433 3109 1447 3132 ,
1481 3083 1585 3122 non
1616 3067 1702 3123 ubi
1730 3081 1854 3135 per-

236 3221 247 3235 .
276 3189 438 3248 petuo
465 3187 766 3229 mansurus.
784 3168 883 3224 Ubi
910 3175 1164 3236 perpetuo
1188 3178 1306 3218 sum
1335 3175 1631 3223 mansurus,
1649 3160 1855 3215 dicatur

272 3272 464 3324 domus
493 3280 608 3320 mea
633 3280 646 3316 :
673 3261 811 3317 unde
838 3260 1155 3329 migraturus
1181 3271 1320 3318 sum,
1340 3254 1624 3324 inquilinus
1652 3267 1768 3308 sum
1793 3253 1813 3284 °
1836 3270 1848 3304 :

273 3362 366 3418 sed
417 3371 592 3415 tamen
620 3354 758 3425 apud
791 3353 952 3407 Deum
983 3365 1158 3404 meum
1199 3362 1317 3403 sum
1359 3334 1681 3415 inquilinus,
1715 3345 1853 3415 apud

272 3472 426 3527 quem
453 3454 615 3508 domo
655 3457 871 3518 accepta
900 3458 1178 3499 mansurus
1217 3456 1352 3496 sum.
1386 3439 1488 3494 Sed
1517 3453 1635 3508 qua:
1661 3438 1851 3493 domus

272 3558 371 3611 est,
395 3561 502 3615 quo
529 3538 860 3612 migrandum
888 3543 969 3590 est
992 3547 1057 3588 ex
1085 3533 1185 3586 hoc
1212 3530 1558 3600 inquilinatu?
1578 3529 1853 3598 Recogno-

271 3641 401 3692 scite
433 3637 576 3689 illam
607 3634 855 3691 domum,
888 3627 954 3680 de
981 3641 1081 3694 qua
1111 3624 1238 3676 dicit
1268 3620 1550 3690 Apostolus
1584 3637 1596 3671 :
1636 3619 1851 3673 Habita-

272 3732 454 3783 tioncm
482 3725 714 3779 habemus
739 3738 799 3774 ex
821 3719 940 3782 Deo,
962 3717 1164 3769 domum
1188 3731 1286 3767 non
1304 3730 1452 3766 manu
1482 3717 1687 3782 factum,
1707 3722 1852 3766 atter-

271 3837 388 3875 nam
414 3820 467 3872 in
493 3816 626 3869 ccelis
658 3813 723 3884 (ll
750 3811 868 3866 Cor.
902 3827 965 3878 v,
998 3808 1072 3877 l).
1105 3807 1158 3861 Si
1187 3807 1374 3860 domus
1405 3805 1516 3858 lure
1540 3813 1737 3857 arterna
1769 3811 1852 3858 est

271 3916 322 3966 in
339 3912 488 3968 earlis
504 3926 518 3972 ',
537 3923 654 3963 cum
675 3905 738 3958 ad
766 3920 880 3959 eam
901 3900 1220 3962 venerimus,
1240 3896 1478 3966 inquilini
1507 3912 1612 3950 non
1629 3896 1845 3950 erimus.

269 4001 546 4072 Quomodo
563 3999 702 4053 enim
722 3997 831 4050 eris.
849 3991 1133 4061 inquilinus
1159 3989 1208 4041 in
1227 3996 1422 4040 interna
1440 3987 1630 4039 domo?
1649 3986 1744 4040 llic
1757 4003 1849 4040 au-

272 4111 376 4152 tem
411 4095 497 4150 ubi
525 4093 762 4149 dicturus
787 4097 866 4142 est
898 4086 1150 4138 Dominus
1179 4081 1389 4142 domus,
1410 4079 1589 4148 Migra,
1609 4087 1661 4139 et
1681 4094 1848 4147 quan-

271 4191 340 4245 do
363 4190 599 4243 dicturus
622 4191 703 4238 est
728 4180 901 4235 neseis
920 4217 935 4241 ,
965 4182 1177 4246 paratus
1206 4179 1338 4224 esto.
1372 4169 1727 4223 Desiderantlo
1757 4184 1849 4221 au-

271 4290 377 4334 lum
408 4277 622 4332 domum
645 4282 893 4326 a'ternam
922 4274 1135 4336 paratus
1160 4263 1284 4316 eris.
1309 4259 1416 4315 Nec
1440 4273 1753 4313 succenseas
1775 4260 1842 4322 ei,

269 4372 392 4442 quia
421 4383 541 4423 cum
572 4365 682 4418 vult
706 4362 829 4416 dicit
849 4402 862 4423 ,
892 4359 1075 4426 Migra.
1112 4353 1229 4407 Non
1264 4352 1403 4406 enim
1433 4350 1734 4405 cautionem
1764 4359 1847 4404 tc-

269 4478 391 4516 cum
413 4461 433 4492 ⁷
467 4458 623 4519 fecit,
654 4463 708 4509 et
737 4451 926 4522 placito
950 4446 1177 4518 quodam
1205 4460 1263 4500 se
1288 4443 1603 4506 obstrinxit,
1632 4452 1685 4497 et
1713 4459 1845 4496 con-

271 4553 459 4606 ductor
473 4549 662 4602 domus
687 4539 955 4597 accessisti
971 4545 1110 4592 certa
1133 4535 1385 4604 pensione
1405 4532 1470 4586 ad
1494 4542 1693 4587 certum
1714 4541 1845 4587 tem-

271 4660 371 4713 pus
406 4661 419 4696 :
449 4637 658 4709 quando
685 4634 795 4690 vult
821 4630 1073 4685 Dominus
1101 4627 1236 4696 ejus,
1267 4625 1582 4694 migraturus
1611 4639 1688 4678 es.
1722 4623 1845 4680 ldco

326 4748 340 4776 ⁸
383 4756 716 4816 Aliquot_.\ls_s.:
744 4737 1228 4816 tv'ottnetantglmagis
1242 4734 1542 4816 iququabest.

335 4821 355 4850 ς
379 4799 686 4865 έίῖὶῦέιὶοινὶε
721 4813 848 4856 nota:
885 4813 988 4854 Mss.
1014 4799 1296 4867 Eddavero‘:
1324 4804 1671 4867 a'onrte_quanto
1691 4799 1851 4864 magis,

271 4857 770 4929 desciuit—mandata,
817 4873 991 4931 quanto
1021 4863 1171 4927 magis
1191 4857 1401 4912 abundat
1423 4857 1676 4923 iniquitas,
1716 4857 1844 4910 tanta

447 4932 728 5000 refrigescit,
755 4939 848 5002 etc:

335 5001 355 5034 ι
377 5008 492 5049 ncto
508 5003 631 5053 Mss,
652 5001 880 5057 corports-
909 5051 918 5057 _
1057 5050 1066 5057 _
1098 5055 1104 5057 _
1164 5045 1174 5057 .

334 5068 355 5094 ⁸
377 5045 572 5110 Sic—mss.
598 5045 803 5118 sitadd;
829 5051 918 5103 sed
936 5050 1066 5118 apud
1090 5055 1134 5118 ιε
1156 5045 1432 5118 ίησυέίίηυδο
1472 5113 1492 5118 ,
1545 5106 1559 5118 ,
1667 5107 1678 5118 ,

333 5127 355 5158 ⁸
379 5106 528 5180 add,
539 5106 801 5169 dominum.
815 5123 932 5180 stss.
946 5106 1145 5180 aliquot,
1469 5106 1561 5180 Sed
1575 5107 1844 5180 veriusve-

267 5191 350 5239 tic.
381 5168 588 5246 311631..
603 5176 942 5246 damnantium.
965 5168 1077 5246 nam
1098 5168 1513 5246 domnaedius-sive
1527 5168 1843 5246 domipaedius

265 5231 441 5300 dicitur
464 5231 635 5293 aedium
656 5240 908 5291 dominus,
947 5242 1348 5300 opponunturque
1390 5233 1596 5300 invicem
1638 5231 1842 5279 domate-

261 5293 452 5363 aia's'a
473 5303 746 5369 ίηρωιίουε-
767 5293 1119 5369 "hiemalia"?
1138 5293 1340 5369 κοιδίίιιε
1353 5293 1842 5369 meaemeae?“

264 5354 592 5425 adimant;
613 5378 754 5415 suum
779 5362 953 5416 voeitat
969 5395 984 5416 ,
1011 5365 1062 5406 et
1084 5359 1133 5425 in
1160 5357 1382 5405 eumdem
1405 5354 1612 5425 natali'l,
1639 5356 1767 5403 canit
1791 5368 1803 5402 :

548 5437 656 5478 Μαι
678 5424 1033 5490 quidpotiusve
1052 5422 1245 5482 priusve
1269 5417 1533 5490 enitendum
1569 5477 1598 5490 ﬂ

395 5492 653 5554 $086in20]
675 5479 843 5554 felicis
863 5479 1181 5554 opus.,_quatlu
1202 5480 1328 5554 quiut
1350 5479 1462 5554 mihi
1487 5479 1628 5554 tectis

395 5541 502 5619 its'e'
524 5541 647 5619 mets
661 5587 677 5607 ,
701 5550 874 5619 quibus
891 5541 967 5593 est
986 5541 1115 5619 idem
1130 5541 1456 5619 dominii-:djus,
1474 5541 1592 5619 egit:

332 5623 354 5654 ⁸
380 5602 513 5669 ἐξιξΙῇ
541 5602 675 5666 Unde
695 5602 988 5676 migraturus
1010 5618 1134 5664 sum,
1179 5602 1333 5676 (piatis
1356 5602 1440 5676 iste
1465 5636 1482 5676 ,
1492 5675 1499 5676 ί
1510 5602 1618 5676 qu
1637 5608 1840 5676 magnus

261 5660 675 5746 inquilinus'snm:
699 5660 894 5723 At‘btss.
913 5676 1081 5720 carent
1115 5660 1276 5717 verbis
1317 5660 1438 5724 istis,
1454 5660 1610 5725 qualis
1632 5660 1728 5711 iste
1731 5672 1840 5722 1cm
1890 5743 1898 5747 ξ

259 5756 574 5855 ""i"§~.‘f.‘its.-.
599 5805 654 5848 Αι
669 5795 801 5858 add,
828 5793 954 5858 fecit.

3453 318 3555 373 450

1980 410 2120 466 enim
2145 415 2306 482 gratis
2334 429 2532 468 manes.
2559 416 2689 484 Quia
2718 419 2989 488 inquilinus
3016 438 3106 491 ego
3127 441 3236 479 sum
3266 428 3405 495 apud
3425 439 3489 486 lc.
3511 441 3556 483 et

1976 519 2282 573 peregrinus.
2315 505 2455 575 Ergo
2481 508 2547 561 ibi
2577 512 2763 578 patria,
2785 512 2853 578 ibi
2883 514 3071 571 domus
3091 533 3104 568 :
3124 517 3398 586 inquilinus
3417 529 3553 591 apud

1974 602 2035 658 te,
2057 606 2102 647 et
2128 598 2439 666 peregrinus.
2461 599 2524 653 Et
2550 599 2633 655 hic
2659 603 2968 659 subauditur
2991 604 3126 676 apud
3153 619 3215 660 te.
3235 609 3379 664 Multi
3408 614 3550 666 enim

1973 688 2233 755 peregrini
2261 698 2385 744 sunt
2413 704 2531 743 cum
2562 691 2775 746 diabolo
2809 712 2820 746 :
2853 697 2942 764 qui
2971 705 3146 752 autem
3171 698 3279 766 jam
3307 701 3549 758 credide-

1971 785 2094 828 runt
2121 786 2174 831 et
2202 777 2386 834 lideles
2415 790 2556 843 sunt,
2582 786 2842 852 peregrini
2871 786 3082 856 quidem
3109 797 3252 857 sunt,
3274 790 3394 860 quia
3417 807 3549 847 non-

1969 863 2092 919 dum
2122 867 2187 921 ad
2230 869 2373 924 illam
2408 873 2628 940 patriam
2675 875 2993 946 domumque
3020 891 3316 946 venerant,
3344 883 3437 938 sed
3467 894 3548 938 ta-

1971 972 2089 1010 men
2121 960 2256 1027 apud
2305 961 2467 1015 Deum
2499 972 2642 1018 sunt.
2689 968 2941 1030 Quamdiu
2969 971 3101 1023 enim
3141 986 3313 1026 sumus
3338 972 3393 1026 in
3431 991 3537 1028 cor-

1969 1063 2119 1114 pore,
2153 1052 2527 1120 peregrinantur
2555 1072 2586 1106 a
2615 1054 2833 1112 Domino
2865 1076 2882 1111 :
2913 1069 2956 1112 et
2996 1061 3272 1125 arabimus,
3319 1064 3421 1116 sive
3466 1065 3547 1117 hic

1967 1153 2238 1204 manentes,
2273 1145 2372 1198 sive
2401 1150 2794 1215 peregrinantes,
2823 1152 3073 1215 placentes
3101 1153 3174 1205 illi
3202 1170 3306 1208 esse
3332 1154 3398 1223 (Il
3425 1156 3540 1210 Cor.

1968 1250 2050 1296 vt,
2096 1235 2171 1306 9).
2210 1236 2271 1289 Et
2303 1241 2592 1308 peregrinus
2635 1251 2681 1292 et
2726 1243 2999 1313 inquilinus
3032 1262 3050 1296 :
3076 1247 3203 1300 sicut
3247 1263 3417 1300 omnes
3448 1265 3542 1318 pa-

1968 1333 2064 1374 (res
2113 1327 2226 1377 mei.
2271 1325 2325 1381 Si
2371 1343 2499 1397 ergo
2546 1331 2684 1383 sicut
2727 1346 2913 1386 omnes
2959 1343 3152 1402 patres
3179 1336 3320 1402 mei,
3369 1337 3542 1392 dictu-

1967 1431 2054 1470 rus
2097 1434 2211 1471 sum
2261 1435 2346 1474 me
2394 1435 2499 1474 non
2551 1424 2935 1492 migraturum,
2982 1440 3100 1481 cum
3151 1428 3226 1481 illi
3275 1429 3541 1498 migrave-

1966 1506 2111 1558 rint?
2143 1509 2255 1561 Alia
2285 1511 2588 1566 conditione
2617 1529 2894 1569 numsurus
2925 1533 3037 1572 sum
3062 1558 3076 1582 ,
3109 1533 3266 1588 quam
3295 1519 3369 1577 illi
3394 1534 3544 1573 man-

1964 1610 2146 1650 serunt
2167 1600 2189 1651 ?

2033 1687 2121 1741 22.
2147 1686 2293 1760 [vers.
2330 1691 2438 1764 14.]
2462 1693 2594 1758 Qllld
2625 1711 2749 1765 ergo
2781 1706 2943 1754 restat
2968 1708 3025 1754 ut
3049 1708 3245 1768 petam,
3275 1701 3398 1771 quia
3418 1700 3545 1758 hinc

1965 1776 2080 1832 sine
2109 1779 2269 1835 dubio
2296 1781 2614 1852 migraturus
2640 1787 2796 1840 sum?
2822 1787 3034 1843 Remitte
3056 1792 3071 1821 ¹
3104 1791 3229 1844 milii
3253 1801 3308 1844 ut
3336 1793 3543 1862 refrige-

1962 1888 2044 1925 rer
2069 1874 2360 1945 priusquam
2388 1895 2517 1930 eam.
2553 1878 2684 1934 Vide
2705 1922 2717 1945 ,
2761 1881 2883 1936 vide
2924 1881 3132 1937 ldithun
3152 1924 3168 1948 ,
3200 1899 3333 1953 quos
3373 1884 3544 1940 nodos

1965 1964 2159 2021 habeas
2190 1969 2534 2024 remittendos
2566 1971 2690 2034 tibi,
2739 1973 2928 2032 quibus
2957 1974 3194 2028 remissis
3238 1973 3541 2046 refrigerari

1962 2060 2040 2111 vis
2071 2059 2370 2130 priusquam
2399 2077 2510 2116 eas.
2548 2063 2721 2117 llabes
2749 2065 2884 2118 enim
2915 2065 3118 2136 aliquos
3143 2074 3302 2122 aestus
3322 2109 3336 2134 ,
3367 2082 3395 2120 a
3426 2069 3542 2138 qui-

1963 2149 2060 2203 bus
2080 2151 2158 2204 vis
2183 2151 2516 2222 refrigerari,
2551 2163 2604 2208 et
2627 2150 2758 2209 dicis
2779 2197 2794 2217 ,
2828 2156 3148 2227 Refrigerer;
3173 2168 3226 2213 et
3245 2159 3408 2225 dicis,
3443 2159 3542 2214 Re-

1962 2241 2100 2294 mitte
2123 2241 2265 2295 milzi.
2293 2243 2429 2311 Quid
2457 2246 2681 2302 remittet
2720 2246 2826 2307 tibi,
2855 2248 2953 2301 nisi
2985 2247 3122 2303 forte
3148 2249 3292 2303 illum
3318 2264 3540 2321 scrupu-

1961 2333 2070 2388 lum
2098 2335 2184 2390 ubi
2208 2337 2376 2403 dicis,
2408 2347 2461 2392 et
2484 2339 2623 2397 unde
2646 2340 2780 2395 dicis
2813 2358 2826 2395 :
2861 2339 3067 2394 Dimitte
3086 2341 3227 2396 nobis
3251 2341 3416 2398 debita
3444 2361 3540 2397 na-

1959 2435 2064 2480 stra
2082 2426 2302 2498 (Matth.
2334 2445 2417 2494 v1,
2454 2429 2587 2500 1‘2)?
2610 2429 2827 2488 Remitte
2855 2433 2977 2488 mihi
2999 2435 3287 2505 priusquam
3309 2452 3450 2500 eam,
3494 2447 3540 2490 et

1958 2520 2177 2588 amplius
2184 2521 2296 2589 jam
2317 2537 2416 2574 non
2429 2539 2533 2576 ero.
2553 2522 2847 2578 Immunem
2875 2539 2960 2579 me
2974 2523 3058 2578 fac
3075 2539 3102 2578 a
3121 2526 3350 2594 peccatis
3367 2527 3540 2597 prius-

1959 2627 2115 2680 quam
2141 2627 2279 2676 eam,
2299 2627 2366 2667 ne
2392 2627 2510 2668 cum
2537 2615 2771 2683 peccatis
2794 2631 2934 2670 eam.
2957 2617 3184 2671 Remitte
3210 2617 3357 2684 mibi,
3379 2627 3434 2672 ut
3453 2635 3540 2673 re-

1958 2703 2223 2771 quiescam
2254 2703 2307 2757 in
2336 2705 2658 2760 conscientia
2688 2721 2803 2759 mea
2822 2747 2836 2768 ,
2884 2715 2940 2760 ut
2982 2718 3268 2764 exonerata
3297 2711 3366 2764 sit
3404 2719 3539 2764 aestu

1959 2797 2326 2853 sollicitudinis
2358 2817 2370 2850 :
2403 2814 2504 2868 qua
2528 2799 2889 2855 sollicitudine
2916 2816 3095 2854 curam
3121 2817 3250 2871 gero
3285 2817 3382 2872 pro
3412 2819 3538 2872 pec-

1956 2895 2075 2943 cato
2092 2903 2230 2945 meo.
2249 2889 2464 2944 Remitte
2478 2889 2603 2944 mihi
2630 2897 2682 2943 ut
2705 2890 2990 2961 refrigerer,
3009 2902 3130 2946 ante
3154 2894 3352 2960 omnia,
3372 2895 3538 2964 prius-

1955 2996 2273 3051 quamcum,
2305 2991 2351 3035 et
2377 2981 2595 3052 amplius
2614 2981 2724 3045 iam
2757 2998 2857 3037 non
2891 2999 2994 3036 ero.
3026 2983 3079 3036 Si
3104 2984 3246 3038 enim
3275 2985 3412 3038 mihi
3431 3001 3536 3041 non

1957 3074 2228 3128 remiseris
2246 3082 2301 3126 ut
2317 3072 2616 3143 refrigerer,
2633 3074 2721 3130 ibo
2737 3082 2786 3128 et
2805 3087 2909 3130 non
2937 3089 3048 3132 cro.
3066 3073 3372 3146 Priusquam
3387 3094 3494 3131 eam
3514 3094 3534 3133 :

1956 3179 2062 3234 quo
2083 3165 2104 3196 ³
2133 3164 2177 3218 si
2203 3164 2336 3229 iero,
2361 3163 2471 3233 jam
2500 3179 2604 3218 non
2631 3179 2745 3219 ero.
2779 3164 2994 3220 Remitte
3021 3167 3143 3219 mihi
3167 3179 3220 3220 ut
3247 3169 3532 3240 refn'gerer.

1956 3254 2050 3308 Est
2077 3254 2298 3324 quaestio
2327 3256 2533 3319 oborta,
2557 3254 2823 3325 quomodo
2844 3255 2952 3325 jam
2983 3271 3087 3310 non
3117 3257 3237 3312 erit.
3263 3258 3398 3313 Ecce
3423 3259 3532 3328 jam

1955 3362 2057 3401 non
2089 3349 2128 3402 it
2149 3347 2214 3402 ad
2233 3347 2504 3407 requiem?
2525 3347 2675 3414 Quod
2693 3356 2900 3403 avertat
2921 3348 3059 3402 Deus
3083 3349 3150 3403 ab
3174 3347 3410 3404 ldithun!
3437 3350 3531 3406 Ibit

1952 3437 2090 3492 enim
2119 3438 2276 3507 plane
2303 3436 2508 3491 ltlithun
2531 3477 2546 3502 ,
2575 3437 2641 3491 ad
2663 3438 2897 3506 requiem
2925 3437 3037 3492 ibit.
3066 3438 3171 3492 Sed
3197 3437 3279 3493 fac
3301 3440 3529 3509 afiquem

1953 3529 2206 3598 iniquum,
2239 3546 2343 3584 nou
2371 3530 2600 3595 ldithun,
2627 3545 2731 3583 non
2760 3529 3177 3594 transilientem;
3207 3530 3294 3586 hic
3318 3531 3530 3586 tbesan-
3614 3582 3618 3586 .

1951 3620 2226 3681 rizantetn,
2267 3603 2648 3684 incubatorem,
2681 3620 2938 3689 iniquum,
2971 3621 3278 3688 superbum,
3318 3622 3526 3691 jactan~

1954 3720 2056 3764 tem
2077 3753 2089 3774 ,
2120 3712 2314 3764 elatum
2335 3753 2349 3778 ,
2381 3713 2627 3780 pauperis
2650 3721 2773 3764 ante
2795 3710 3009 3780 januam
3033 3711 3258 3779 jacentis
3282 3721 3525 3766 contem-

1950 3811 2154 3869 ptorem
2189 3818 2200 3852 :
2235 3815 2411 3856 nonne
2437 3808 2492 3855 et
2517 3802 2628 3870 ipse
2653 3801 2790 3854 erit?
2817 3799 2952 3866 Quid
2976 3810 3058 3855 est
3081 3817 3208 3871 ergo
3226 3843 3240 3867 ,
3273 3819 3370 3858 non
3396 3819 3481 3860 ero
3501 3806 3528 3858 Ρ

1949 3892 2002 3947 Si
2030 3893 2169 3945 enim
2195 3891 2341 3950 dives
2369 3891 2455 3945 ille
2482 3907 2586 3944 non
2617 3900 2750 3954 erat,
2773 3891 2890 3958 quis
2919 3901 2999 3944 cst
3023 3891 3110 3960 qui
3137 3891 3526 3965 ardebat?quis

1949 3986 2130 4052 estqui
2151 3993 2348 4052 guttam
2367 3998 2516 4052 aqua)
2531 3983 2596 4038 de
2619 3983 2784 4052 digito
2799 3983 2982 4038 Lazari
3009 3985 3198 4040 stillari
3222 3986 3273 4040 in
3295 3987 3523 4058 linguam

1949 4092 2106 4130 su:qu
2126 4076 2495 4133 desiderabat?
2523 4077 2640 4146 quis
2667 4086 2746 4130 est
2771 4076 2862 4145 qui
2889 4076 3100 4132 dicebat
3131 4095 3143 4130 :
3178 4077 3333 4133 Pater
3358 4081 3522 4134 Abra-

1949 4171 2087 4236 ltam,
2113 4169 2244 4226 mitte
2270 4168 2525 4223 Lazarum
2552 4168 2704 4240 (Luc.
2734 4186 2840 4236 xvt,
2859 4170 2987 4239 24)?
3004 4169 3198 4241 Utique
3224 4174 3312 4244 qui
3343 4175 3524 4244 quuc-

1948 4272 2093 4317 retur
2113 4261 2264 4326 erat,
2292 4268 2346 4316 et
2369 4261 2458 4330 qui
2485 4259 2697 4315 arderet
2721 4269 2837 4315 erat
2869 4278 2880 4314 :
2914 4271 2965 4315 et
2991 4263 3082 4332 qui
3107 4273 3350 4334 resurgat
3377 4265 3429 4318 in
3458 4268 3520 4317 li-

1948 4357 2163 4413 nem.ct
2190 4354 2277 4424 qui
2303 4368 2422 4406 cum
2450 4352 2658 4406 diabolo
2681 4362 2879 4407 interno
2905 4353 3026 4422 igne
3050 4353 3348 4409 damnetur.
3380 4355 3517 4424 Quid

1946 4456 2027 4500 est
2055 4461 2201 4516 ergo,
2229 4462 2329 4498 non
2358 4461 2460 4505 ero,
2491 4445 2592 4498 nisi
2623 4446 2869 4514 respiciat
2895 4447 2995 4500 iste
3027 4445 3256 4514 ldithun,
3285 4449 3408 4517 quid
3427 4461 3523 4503 est

1945 4552 2084 4602 esse,
2098 4547 2156 4592 et
2178 4551 2282 4590 non
2300 4538 2451 4591 esse?
2468 4535 2691 4590 Videbat
2709 4536 2848 4589 enim
2876 4535 3021 4588 illum
3046 4537 3223 4598 linem,
3243 4551 3346 4604 quo
3361 4539 3520 4593 corde

1944 4639 2183 4699 poterat,
2212 4645 2312 4697 qua
2357 4630 2550 4682 mentis
2575 4629 2689 4682 acie
2714 4628 2956 4693 valebat,
2984 4643 3142 4696 quem
3169 4617 3269 4682 sibi
3311 4631 3518 4685 ostendi

1943 4719 2335 4774 desideraverat
2357 4718 2540 4773 dicens
2573 4735 2586 4770 :
2621 4716 2812 4770 Notum
2839 4717 2921 4784 [ac
2946 4717 3086 4782 mihi,
3114 4716 3345 4785 Domine,
3368 4720 3519 4787 ﬁnem

1944 4829 2126 4864 meum.
2157 4811 2380 4865 Videbat
2407 4825 2584 4864 numer
2604 4825 2684 4864 .tm
2712 4809 2915 4865 dierum
2941 4825 3159 4866 suorum
3185 4813 3270 4880 qui
3301 4822 3417 4867 est:
3441 4824 3518 4868 at-

1944 4903 2195 4958 tendebat
2214 4901 2349 4956 iul‘ra
2374 4902 2552 4956 omnia
2580 4916 2696 4970 quae
2723 4908 2863 4964 sunt,
2884 4900 2935 4953 in
2961 4903 3354 4969 comparatione
3381 4904 3518 4960 illius

1942 5015 2080 5064 esse,
2104 5013 2206 5051 non
2233 5011 2386 5059 esse;
2417 5003 2471 5049 et
2497 5010 2555 5048 se
2583 5008 2688 5046 non
2715 5007 2834 5048 esse
2862 4992 3091 5048 dicebat.
3121 4994 3209 5048 Illa
3234 4995 3374 5050 enim
3399 5013 3517 5067 per-

1941 5097 2184 5153 manent;
2210 5088 2308 5141 ista
2338 5084 2604 5139 mutabilia
2633 5093 2776 5150 sunt,
2801 5085 3063 5152 mortalia,
3087 5084 3290 5156 fragilia
3310 5104 3328 5142 :
3350 5097 3405 5144 et
3424 5089 3521 5144 du-

1942 5183 2022 5236 lor
2049 5183 2161 5251 ipse
2187 5189 2416 5234 aeternus
2435 5218 2450 5243 ,
2478 5176 2664 5246 plenus
2684 5177 3036 5247 corruptionis
3055 5221 3071 5245 ,
3101 5177 3168 5234 ad
3195 5178 3295 5235 hoc
3323 5196 3426 5236 non
3456 5180 3518 5234 ῆι-

1939 5276 2098 5336 nitur,
2119 5281 2178 5326 ut
2199 5273 2312 5326 sine
2339 5271 2445 5325 line
2469 5268 2702 5324 ﬁniatur.
2724 5272 2975 5342 Respexit
2998 5287 3123 5340 ergo
3139 5273 3346 5328 beatam
3373 5274 3517 5329 illam

1940 5366 2229 5435 regionem,
2262 5363 2466 5416 beatam
2498 5362 2742 5432 patriam,
2771 5363 2976 5418 beatam
3008 5363 3244 5426 domum,
3275 5366 3359 5419 ubi
3391 5381 3518 5433 par-

1942 5459 2024 5513 tici
2033 5472 2126 5528 pes
2145 5465 2266 5512 sunt
2290 5458 2458 5510 sancti
2477 5457 2600 5512 vita:
2624 5458 2960 5524 sempiternae
2981 5468 3142 5528 atque
3167 5457 3518 5514 incommuta-

1991 5591 2019 5628 ἰ
2045 5601 2139 5651 Er.,
2179 5591 2363 5643 dimitte
2400 5604 2492 5642 me.
2535 5598 2666 5651 Lov.,
2705 5589 2891 5643 remitte
2935 5604 3028 5641 me.
3076 5598 3134 5642 At
3167 5598 3294 5650 Mss,
3329 5591 3508 5644 dimitte

1940 5655 2076 5714 mihi,
2098 5664 2181 5705 aut
2195 5692 2209 5712 ,
2234 5653 2420 5720 remitte

2004 5721 2024 5749 ¹
2048 5713 2120 5766 Er.
2144 5727 2194 5766 et
2215 5713 2340 5779 unus
2356 5725 2455 5772 Ms,
2482 5714 2610 5777 quia.
2625 5713 2767 5779 Paulo
2779 5723 2887 5779 post
2910 5713 3078 5779 hortm)
3092 5714 3354 5779 verborum
3374 5714 3502 5766 loco:

1946 5788 2022 5833 Est
2047 5779 2240 5843 qutestio
2261 5777 2442 5840 oborta,
2467 5773 2682 5828 nonnulli
2700 5773 2810 5826 cdd.
2829 5788 2924 5824 non
2947 5774 3128 5824 habent
3149 5775 3258 5836 nisi,
3282 5773 3356 5827 iit.
