3972 6198
1840 206 1864 232 ἱ

293 386 392 441 455

289 497 439 563 beat,
487 495 580 551 sed
617 502 673 551 ut
700 496 767 551 ad
804 510 1022 567 pinnam
1052 493 1259 552 habeat.
1302 492 1457 564 Quod
1499 493 1642 550 enim
1679 493 1860 560 habet,

289 590 464 644 habet.
496 588 802 657 Baptismus
831 587 919 642 ille
951 597 1197 657 tanquam
1222 584 1503 641 character
1523 584 1717 640 inﬁxus
1736 589 1818 638 est
1844 600 1859 635 :

287 682 511 736 ornabat
552 681 815 746 militem,
861 680 1125 735 convincit
1161 679 1513 755 desertorem.
1556 677 1691 746 Quid
1719 677 1862 733 enim

297 772 457 830 facis?
481 757 751 827 Christum
792 771 1023 841 imponis
1058 785 1218 840 super
1234 770 1526 825 Christum.
1553 768 1608 824 Si
1637 768 1863 839 simplex

287 876 451 925 esses,
481 860 751 917 Christum
790 877 895 916 non
937 861 1258 930 duplicares.
1309 859 1542 923 Deinde,
1580 874 1759 928 quaeso
1784 865 1858 923 te,

288 954 483 1011 oblitus
506 967 566 1009 es
591 952 733 1023 quod
768 953 901 1022 lapis
929 962 1011 1008 est
1044 950 1286 1007 Christus
1305 993 1320 1018 ,
1353 961 1407 1006 et
1448 940 1692 1021 Lapidem
1716 966 1861 1021 quem

284 1046 673 1118 reprobavcrunt
707 1047 1048 1115 tedi/icantes,
1099 1045 1180 1099 hic
1205 1047 1366 1116 factus
1394 1055 1464 1099 est
1501 1046 1560 1097 in
1590 1053 1742 1113 caput
1767 1059 1861 1095 an-

285 1139 392 1209 guli
436 1136 607 1209 (Psal.
635 1141 776 1193 cxvii
795 1178 810 1202 ,
840 1136 950 1203 Ὡς
1000 1136 1187 1191 Matth.
1215 1152 1335 1201 χιιι,
1366 1135 1436 1191 42
1459 1178 1474 1201 ,
1504 1144 1550 1189 et
1578 1135 1596 1189 l
1623 1133 1764 1188 Petr.
1797 1148 1856 1199 tt,

287 1232 339 1296 4,
370 1230 458 1299 7)?
487 1228 543 1285 Si
572 1245 699 1300 ergo
726 1230 860 1300 lapis
885 1236 968 1284 est
988 1228 1249 1295 Christus,
1282 1238 1336 1284 et
1363 1228 1629 1285 Christum
1655 1228 1736 1281 vis
1760 1227 1859 1280 im-

268 1318 483 1390 ‘ponere
504 1336 667 1392 super
692 1320 983 1385 Christum,
1007 1322 1203 1377 excidit
1231 1322 1322 1375 tibi
1350 1320 1489 1390 quod
1516 1320 1760 1373 audivisti
1803 1319 1856 1373 in

285 1412 593 1484 Evangelia,
615 1414 736 1482 quia
760 1414 892 1483 lapis
917 1428 1080 1482 super
1094 1413 1319 1482 lapidem
1344 1428 1448 1466 non
1466 1412 1624 1466 stabit
1643 1410 1853 1475 (illatth.

283 1520 426 1571 xxiv,
455 1504 552 1574 2)?
577 1505 801 1559 Tantum
824 1515 999 1560 autem
1025 1506 1166 1560 valet
1183 1505 1428 1575 junctura
1456 1503 1759 1567 charitatis,
1799 1513 1858 1557 ut

228 1672 233 1675 τ
284 1598 524 1666 quamvis
563 1598 716 1652 multi
759 1597 962 1667 lapides
994 1598 1093 1652 vivi
1139 1599 1189 1651 in
1238 1606 1501 1651 structura
1544 1596 1721 1665 templi
1763 1594 1853 1649 Dei

282 1689 632 1755 conveniant,
681 1704 817 1744 unus
865 1691 999 1760 lapis
1045 1706 1111 1745 ex
1138 1690 1384 1745 omnibus
1420 1689 1528 1741 liat.
1562 1688 1637 1741 Tn
1678 1697 1854 1742 autem

282 1780 536 1834 diseidisti
566 1790 650 1846 te;
681 1781 749 1836 ab
776 1781 1127 1836 mdiﬁcatione
1148 1796 1366 1837 revocas
1390 1822 1402 1840 .
1439 1781 1504 1835 ad
1528 1782 1731 1835 ruinam
1758 1795 1853 1834 vo-

283 1888 399 1937 cas;
440 1882 496 1927 et
533 1872 805 1927 abundant
846 1873 929 1929 ha:
964 1874 1204 1933 insiditc.
1240 1882 1292 1928 et
1318 1888 1420 1926 non
1443 1874 1723 1942 quiescunt
1757 1888 1768 1924 :
1801 1879 1856 1925 et

282 1966 518 2020 videmus
537 2007 553 2032 ,
586 1974 640 2019 et
670 1966 978 2031 toleramus,
1019 1975 1074 2019 et
1096 1946 1347 2036 quantum
1377 1979 1658 2034 possumus
1681 1963 1850 2032 repri-

280 2076 425 2116 mere
466 2077 756 2126 conamur,
802 2060 1154 2130 disputando,
1207 2058 1608 2123 convincendo,
1653 2071 1851 2113 conve-

280 2154 472 2209 niendo
492 2197 506 2218 ,
537 2155 790 2211 terrendo
811 2197 825 2219 ,
866 2165 1041 2211 tamen
1067 2157 1121 2210 in
1149 2155 1394 2210 omnibus
1416 2157 1432 2187 ¹
1458 2152 1739 2224 diligendo.
1786 2152 1854 2207 Et

277 2260 398 2299 cuin
420 2245 536 2300 haec
566 2246 719 2301 nobis
744 2244 1020 2315 agentibus
1044 2254 1382 2315 perseverant
1408 2245 1459 2299 in
1486 2244 1647 2311 malo,
1678 2252 1733 2298 et
1758 2256 1852 2297 cor

282 2347 524 2395 nostrum
549 2338 616 2394 de
654 2339 905 2394 fraternis
930 2340 1189 2395 mortibus
1213 2339 1570 2404 contabescit,
1607 2351 1726 2392 cum
1756 2351 1851 2392 eos

275 2429 365 2499 qui
390 2429 518 2485 foris
536 2438 660 2484 sunt
682 2429 861 2496 dolet,
890 2430 973 2485 his
999 2431 1087 2500 qui
1112 2431 1251 2484 intus
1272 2438 1394 2484 sunt
1426 2430 1574 2483 timet
1597 2443 1731 2498 ,per
1757 2443 1851 2482 an-

271 2522 474 2592 gustias
500 2522 851 2578 multiformes
879 2532 933 2577 et
961 2522 1300 2577 incessabiles
1334 2521 1651 2576 tentationes
1674 2563 1689 2588 ,
1731 2520 1851 2590 qui-

275 2615 376 2669 bus
400 2614 632 2670 abundat
658 2615 772 2670 haec
799 2616 901 2669 vita
925 2657 940 2681 ,
970 2614 1093 2685 quid
1116 2614 1303 2669 facturi
1330 2615 1550 2669 sumus?
1580 2614 1655 2668 Ex
1683 2614 1849 2667 abun-

270 2705 453 2759 dantia
493 2706 635 2761 enim
678 2706 967 2776 iniquitatis
996 2706 1052 2760 fit
1074 2705 1285 2777 quidam
1318 2714 1498 2775 torpor
1528 2704 1802 2760 charitatis
1830 2722 1843 2758 :

272 2797 516 2865 quoniam
539 2796 810 2850 abundavit
837 2796 1077 2866 iniquitas
1098 2837 1112 2860 ,
1149 2796 1426 2865 refrigescit
1460 2794 1678 2849 charitas
1711 2794 1846 2846 mul-

270 2898 455 2940 torum.
487 2887 556 2942 Et
581 2887 705 2957 quid
730 2902 915 2941 sumus
944 2886 1165 2952 facturi,
1205 2886 1305 2940 nisi
1337 2884 1476 2956 quod
1509 2885 1775 2954 sequitur,
1803 2884 1847 2937 si

271 2988 448 3035 tamen
494 2979 608 3048 ipso
651 2978 930 3048 adjuvante
971 2979 1283 3050 possimus:
1331 2978 1428 3045 Qui
1471 2975 1847 3044 perseveraverit

268 3087 426 3140 usque
448 3072 501 3129 in
520 3072 691 3140 liuent,
724 3072 805 3126 hic
822 3072 989 3127 salvus
1010 3073 1099 3127 erit
1119 3071 1168 3143 (1
1175 3071 1302 3139 bid.,
1335 3072 1422 3137 12,
1449 3071 1566 3142 1'5)?

342 3160 396 3215 2.
429 3160 574 3234 [νει-ε.
608 3162 643 3216 2
666 3204 681 3225 ,
708 3162 786 3235 5.]
834 3163 972 3234 Ergo
997 3163 1239 3218 dicamus
1272 3162 1410 3233 quod
1440 3163 1536 3216 iste
1564 3161 1799 3230 psalmus
1829 3178 1843 3215 :

270 3253 536 3308 Sustinens
563 3254 778 3308 sustinui
804 3253 1100 3307 Dominum.
1146 3253 1410 3309 Sustinens
1445 3252 1693 3316 sustinui,
1735 3266 1843 3306 non

268 3344 559 3415 quemlibet
588 3346 856 3401 hominem
889 3345 1261 3415 promissorem
1282 3387 1296 3413 ,
1343 3346 1431 3416 qui
1471 3345 1638 3414 possit
1663 3343 1846 3400 fallere

265 3446 325 3491 et
369 3436 513 3501 falli;
562 3437 984 3508 nomquemlibet
1024 3437 1292 3494 hominem
1313 3437 1727 3507 consolatorem,
1755 3436 1843 3507 qui

265 3537 443 3595 potest
472 3528 679 3583 tristitia
702 3543 796 3583 sua
820 3538 943 3584 ante
978 3528 1458 3598 tabescere,.quam
1486 3544 1571 3584 me
1601 3529 1841 3585 reticere.

265 3616 582 3674 Consoletur
629 3634 715 3674 me
764 3618 926 3674 frater
953 3619 1113 3675 homo
1135 3635 1255 3675 cum
1285 3620 1448 3674 tristis
1494 3628 1839 3684 estmecum;

263 3711 424 3764 simul
453 3726 744 3781 gemamus,
770 3711 925 3766 simul
953 3711 1200 3775 fleamus,
1230 3711 1385 3766 simul
1410 3725 1653 3774 oremus,
1683 3710 1843 3764 simul

264 3804 655 3868 sustineamus;
683 3819 840 3874 quem
862 3845 876 3869 ,
905 3803 1004 3857 nisi
1033 3803 1308 3857 Dominum
1333 3804 1421 3872 qui
1447 3802 1707 3871 promissa
1735 3816 1839 3855 non

262 3895 477 3962 aufert,
520 3895 613 3950 sed
656 3894 870 3964 djll'ert?
912 3893 1196 3950 Exhibebit
1239 3895 1494 3964 profecto.
1541 3893 1836 3954 exhibebit;

261 3986 388 4057 quia
425 3986 588 4045 multa
628 3986 738 4056 jam
779 3985 1020 4041 exhibuit
1049 4002 1064 4039 :
1091 3994 1143 4040 et
1186 3985 1318 4039 nihil
1347 3984 1414 4040 de
1450 3985 1541 4040 Dei
1572 3984 1795 4039 veritate
1819 3987 1838 4016 ¹

263 4076 552 4133 formidare
576 4076 892 4134 deberemus
919 4117 933 4143 ,
961 4077 1166 4132 etiamsi
1193 4075 1319 4130 nihil
1348 4077 1519 4131 adhuc
1546 4075 1837 4132 exhiberet.

263 4172 406 4225 Ecce
428 4170 533 4240 jam
556 4181 804 4242 putemus
828 4171 918 4238 ita,
953 4171 1130 4225 omnia
1170 4169 1443 4240 promisit,
1472 4168 1718 4222 'nondum
1747 4167 1843 4221 ali-

261 4263 391 4334 quid
412 4262 559 4318 dedit
586 4281 600 4318 :
626 4263 849 4318 idoneus
888 4262 1181 4333 promissor
1202 4269 1284 4316 est
1304 4301 1318 4325 ,
1365 4259 1535 4315 ﬁdelis
1561 4258 1798 4313 redditor
1823 4276 1838 4325 ;

261 4364 327 4409 tu
354 4363 554 4410 tantum
575 4363 690 4411 esto
715 4355 835 4424 pius
863 4362 1080 4410 exactor
1090 4375 1106 4420 ς
1137 4352 1235 4407 etsi
1258 4350 1506 4421 parvulus
1525 4393 1540 4416 ,
1569 4351 1669 4405 etsi
1693 4350 1842 4404 infir-

259 4463 407 4511 mus,
430 4449 582 4519 exige
611 4446 1049 4508 misericordbm.
1076 4444 1191 4499 Non
1219 4442 1366 4497 vides
1394 4451 1603 4496 teneros
1632 4441 1652 4471 ³
1677 4456 1842 4511 agnos

260 4540 526 4609 capitibus
566 4541 779 4610 pulsare
818 4539 980 4593 ubera
1023 4546 1273 4601 matrum,
1304 4543 1361 4589 ut
1383 4534 1519 4588 lacte
1544 4534 1841 4588 satientur?

259 4634 556 4697 Sustinens,
589 4632 778 4701 inquit,
808 4630 1023 4685 sustinui
1049 4628 1339 4682 Dominum.
1372 4626 1440 4681 Et
1462 4625 1586 4697 quid
1614 4625 1734 4680 ille?
1760 4628 1840 4679 An

253 4725 457 4782 avertit
476 4740 535 4781 se
563 4740 593 4778 a
630 4733 681 4779 te
700 4766 716 4791 ,
756 4738 824 4778 an
853 4723 1200 4778 sus1inentem
1229 4719 1567 4788 contempsit,
1595 4734 1661 4771 an
1706 4716 1844 4773 forte

256 4834 374 4873 non
396 4817 562 4872 vidit?
586 4816 703 4872 Non
744 4816 900 4887 plane
929 4815 1018 4869 ita.
1048 4813 1155 4869 Sed
1169 4812 1333 4883 quid?
1367 4811 1434 4864 Et
1458 4812 1670 4865 'auendit
1696 4812 1839 4875 mihi,

254 4922 307 4965 et
332 4910 587 4965 exaudivit
617 4908 1015 4980 deprecationem
1042 4921 1224 4960 meam.
1256 4902 1526 4968 Attendit,
1556 4911 1608 4955 et
1629 4899 1845 4955 exaudi-

255 5006 361 5057 vit.
388 5003 527 5057 Ecce
552 5016 655 5056 non
700 5000 893 5054 frustra
919 4998 1212 5054 sustinuisti
1240 5014 1252 5050 :
1284 5011 1444 5065 super
1469 5003 1520 5049 te
1543 4994 1679 5048 oculi
1707 4993 1841 5064 ejus,

251 5096 332 5151 ad
361 5104 412 5151 te
445 5108 603 5150 aures
643 5092 780 5163 ejus.
830 5092 976 5146 Oculi
1004 5091 1145 5146 enim
1168 5088 1391 5144 'Domini
1425 5103 1575 5158 super
1586 5087 1771 5155 justas,
1800 5096 1853 5141 et.

252 5197 416 5235 aures
442 5182 549 5252 ejus
575 5179 629 5232 in
650 5193 818 5250 preces
837 5192 1027 5231 eorum.
1056 5174 1191 5241 Quid
1211 5188 1338 5244 ergo
1353 5214 1368 5240 ,
1392 5187 1512 5227 cum
1540 5171 1678 5225 male
1704 5170 1846 5225 face-

256 5286 386 5334 res,
418 5285 541 5325 cum
567 5284 687 5326 eum
714 5266 1148 5336 blasphemares,
1179 5279 1284 5318 non
1318 5262 1587 5318 videbat?
1611 5276 1718 5314 non
1755 5276 1849 5313 au-

200 5402 215 5409 -
253 5360 488 5418 diebat?
533 5361 603 5416 Et
638 5359 728 5415 ubi
763 5365 851 5413 est
876 5355 1019 5426 quod
1044 5356 1095 5409 in
1134 5355 1249 5424 ipso
1285 5354 1486 5423 psalmo
1513 5352 1713 5407 dictum
1742 5359 1842 5415 est,

269 5455 467 5509 Vultus
480 5463 647 5507 autent
667 5450 869 5506 Domini
886 5464 1038 5518 super
1049 5448 1283 5518 facientes
1304 5446 1473 5499 mala?
1498 5443 1604 5500 Sed
1631 5442 1849 5512 utquid?

258 5548 345 5607 Ut
363 5546 544 5621 perdat
564 5546 628 5601 de
661 5554 795 5600 terra
824 5540 1114 5615 memoriam
1137 5555 1307 5593 eorum
1336 5535 1503 5609 (Psal.
1533 5552 1693 5590 xxxnt
1714 5576 1727 5598 ,
1760 5535 1846 5601 16,

342 5671 366 5745 ξ
384 5691 463 5736 Er.
490 5690 541 5733 et
563 5681 745 5745 aliquot
764 5686 905 5745 ttss.,_
913 5683 1072 5745 tamen
1084 5686 1260 5745 omnes
1278 5670 1562 5745 diligendo”

346 5740 367 5768 ³
383 5734 533 5795 vatio.
553 5734 708 5793 stsfet
728 5734 941 5791 nonnulli
968 5753 998 5788 e
1021 5735 1202 5795 Gallic,
1226 5734 1287 5785 de
1320 5734 1409 5784 Dei
1429 5734 1673 5797 ﬁrmitate.

345 5809 365 5837 ³
384 5815 459 5857 Fr.
480 5814 533 5856 et
555 5805 778 5870 plerique
802 5812 890 5854 Mss
913 5838 928 5865 ,
952 5798 1199 5865 perbreves
1227 5808 1390 5863 agnos.
1412 5795 1544 5848 Colb.
1570 5796 1742 5855 codex,
1764 5808 1849 5858 per

261 5883 448 5935 greges
470 5881 633 5933 agnos.

1310 383 1701 446 ENABRATIO
1753 387 1815 443 IN
1853 384 2171 447 PSALMIJM
2211 389 2451 451 XXXIX.

2865 462 2877 471 .
3434 424 3533 480 45ςὶ

1968 496 2078 569 17).
2105 501 2245 594 lingu
2270 514 2462 594 etcum
2488 508 2657 565 malus
2685 525 2848 581 esses,
2879 519 3183 579 attendebat
3209 533 3276 594 te,
3309 531 3402 586 sed
3431 551 3535 590 non

1965 590 2268 681 attendebat
2297 592 2409 650 tibi.
2455 597 2684 657 Proinde
2727 603 2829 661 iste
2854 608 2943 677 qui
2986 590 3271 671 sustinens
3292 623 3537 681 sustinuit

1966 679 2276 750 Dominum,
2306 700 2489 755 parum
2511 690 2558 744 ei
2583 690 2908 765 fuitdicere,
2941 700 3180 759 Attendit
3204 722 3328 764 me:
3361 679 3536 769 Attene

1926 790 1931 795 τ
1963 773 2038 826 dit
2063 774 2207 867 mihi,
2233 777 2419 847 inquit,
2452 781 2503 836 id
2525 791 2624 849 est,
2650 788 2974 847 consolando
2996 794 3013 824 ¹
3036 798 3256 854 attendit
3281 842 3296 867 ,
3326 812 3381 857 ut
3407 806 3533 863 mihi

1962 864 2257 934 prodesset.
2298 869 2433 937 Quid
2469 875 2732 931 attendit?
2771 879 2837 933 Et
2865 884 3116 940 exaudivit
3140 864 3533 962 deprecationem

1961 972 2120 1011 meam
2128 998 2142 1011 .
3036 991 3049 1003 ο

2030 1050 2083 1103 3.
2116 1051 2183 1105 Et
2206 1052 2330 1121 quid
2354 1054 2443 1110 tibi
2469 1060 2753 1125 [ινξρειὶιίιῖ
2799 1065 2922 1134 quid
2963 1069 3055 1124 tibi
3080 1070 3234 1128 fecit?
3270 1074 3337 1130 Et
3362 1080 3534 1135 eduxit

1958 1158 2038 1195 me
2083 1143 2146 1196 de
2180 1143 2296 1197 lacu
2335 1148 2579 1216 miseriae,
2617 1161 2665 1205 et
2694 1152 2756 1206 de
2781 1153 2884 1211 luto
2912 1160 3021 1213 limi
3053 1177 3073 1216 :
3106 1174 3154 1217 et
3180 1170 3354 1223 statuit
3379 1188 3532 1240 supra

1959 1241 2150 1300 petram
2179 1234 2329 1303 pedes
2349 1254 2482 1291 meos
2501 1281 2515 1304 ,
2561 1250 2607 1294 et
2630 1243 2811 1299 direxit
2835 1264 3034 1317 gressus
3052 1268 3204 1310 meos.
3237 1258 3306 1312 Et
3329 1234 3531 1317 inanisit

1956 1326 2009 1377 in
2050 1341 2105 1379 os
2145 1343 2306 1380 meum
2357 1331 2607 1385 canticum
2650 1350 2866 1404 novum,
2912 1340 3153 1412 hymnum
3181 1346 3291 1403 Deo
3338 1365 3526 1408 nostra.

1956 1413 2142 1512 stagna
2170 1419 2326 1512 bona
2345 1422 2615 1489 praestitit,
2661 1426 2907 1491 etadhuc
2937 1431 3145 1488 debitor
3167 1447 3249 1491 est
3280 1456 3293 1492 :
3327 1441 3420 1495 sed
3442 1445 3529 1512 qui

1958 1504 2072 1559 haec
2094 1506 2293 1561 reddita
2308 1508 2415 1578 jam
2438 1520 2599 1577 tenet,
2623 1514 2689 1569 de
2707 1518 2915 1573 caeteris
2931 1522 3133 1590 credat,
3158 1527 3246 1595 qui
3271 1530 3290 1559 '
3311 1504 3530 1588 credere

1955 1594 2136 1650 debuit
2178 1607 2231 1651 et
2275 1610 2556 1670 antequam
2600 1605 2797 1674 aliquid
2840 1622 3095 1668 sumeret.
3148 1614 3328 1673 Rebus
3369 1621 3527 1676 etiam

1956 1688 2083 1757 ipsis
2128 1692 2389 1758 persuasit
2421 1694 2571 1748 nobis
2600 1696 2852 1754 Dominus
2886 1714 3066 1758 noswr
3090 1705 3299 1763 fidelem
3324 1727 3385 1767 se
3409 1728 3529 1770 esse

1956 1781 2352 1847 promissorem,
2383 1784 2582 1855 largum
2603 1787 2862 1844 datorem.
2891 1791 3027 1858 Quid
3050 1811 3177 1866 ergo
3202 1815 3340 1856 nunc
3368 1802 3530 1858 fecit?

1954 1872 2147 1926 Eduxit
2173 1891 2252 1927 me
2296 1876 2358 1928 de
2383 1877 2496 1931 lacu
2536 1880 2766 1935 miseriae.
2807 1883 2937 1952 Quis
2968 1897 3049 1942 est
3081 1889 3224 1946 lacus
3254 1894 3483 1950 miseria:
3502 1898 3530 1953 2

1938 1962 2291 2019 .Profunditas
2315 1966 2620 2036 iniquitatis.
2651 1986 2714 2026 ex
2737 1976 3038 2033 carnalibus
3061 1983 3526 2051 concupiscentiis.

1952 2053 2069 2139 Hoc,
2092 2064 2175 2110 est
2193 2056 2357 2124 enim,
2384 2068 2433 2112 et
2457 2059 2519 2113 de
2542 2062 2646 2115 luto
2674 2063 2798 2117 limi.
2828 2064 2977 2122 Unde
3004 2079 3054 2123 te
3075 2069 3298 2126 eduxit?
3316 2075 3389 2129 De
3413 2090 3528 2145 pro-

1950 2145 2114 2202 fundo
2153 2150 2401 2220 quodam.
2444 2151 2595 2209 Unde
2625 2155 2675 2209 in
2720 2156 2827 2211 alio
2872 2160 3074 2227 psalmo
3106 2163 3411 2223 clamabas:
3450 2169 3528 2227 De

1951 2244 2221 2315 profundis
2259 2243 2472 2299 clamavi
2495 2247 2563 2299 ad
2591 2255 2666 2314 te,
2696 2246 2910 2304 Domine
2938 2250 3104 2322 (Psal.
3136 2271 3325 2325 cxxxx,
3357 2260 3430 2332 i).
3459 2262 3527 2318 Et

1950 2333 2041 2402 qui
2057 2333 2165 2402 jam
2191 2334 2258 2390 de
2289 2335 2548 2405 profundo
2573 2338 2822 2405 clamant,
2852 2355 2955 2396 non
2985 2346 3195 2414 penitus
3224 2349 3278 2403 in
3311 2352 3526 2419 profun-

1949 2424 2020 2481 do
2039 2436 2161 2480 sunt
2186 2445 2199 2480 :
2229 2427 2431 2482 clamor
2456 2428 2568 2499 ipse
2583 2430 2691 2499 jam
2713 2431 2871 2487 levat.
2926 2434 3061 2491 Sunt
3096 2440 3183 2493 alii
3218 2442 3525 2511 profundius

1949 2516 2004 2572 in
2042 2517 2335 2586 profundo,
2386 2521 2475 2591 qui
2515 2537 2614 2576 nec
2640 2524 2871 2578 sentiunt
2900 2541 2957 2600 se
2986 2543 3105 2583 esse
3145 2530 3196 2584 in
3238 2534 3519 2600 profundo.

1948 2608 2105 2663 Tales
2137 2618 2260 2663 sunt
2288 2612 2497 2679 superbi
2522 2595 2947 2683 contemptores,
2981 2633 3084 2673 non
3113 2621 3180 2689 pii
3208 2595 3523 2693 deprecato-

1947 2716 2068 2768 res,
2096 2717 2199 2755 non
2230 2703 2503 2772 lacrymosi
2525 2704 2838 2760 clamatores
2868 2725 2880 2760 :
2907 2709 3001 2762 sed
3029 2710 3190 2773 tales,
3220 2716 3401 2782 quales
3419 2718 3524 2771 alio
3553 2734 3555 2737 '

1947 2792 2064 2847 loco
2095 2792 2364 2863 Scriptura
2398 2794 2680 2864 designat:
2717 2794 2956 2852 Peccator
2975 2816 3086 2853 cum
3109 2806 3291 2857 renerit
3329 2807 3379 2858 in
3402 2825 3522 2872 pro-

1947 2887 2161 2958 fundum
2180 2890 2444 2952 malorum,
2471 2892 2739 2943 contemnit
2769 2891 2947 2962 (Prov.
2976 2910 3128 2959 xvur,
3159 2897 3236 2967 ‘5).
3260 2897 3357 2953 Cui
3377 2902 3521 2956 enim

1947 2994 2131 3050 parum
2159 2990 2239 3035 est
2266 2995 2383 3034 esse
2404 2990 2736 3051 peccatorum
2756 3024 2769 3046 ,
2799 2984 2898 3038 nisi
2919 2985 3078 3040 etiam
3109 3002 3214 3042 non
3242 2991 3520 3059 sitpecca-

1946 3080 2119 3127 torum
2149 3087 2360 3126 suorum
2386 3072 2680 3137 confessor,
2708 3074 2800 3128 sed
2826 3073 3093 3143 defensor,
3119 3077 3276 3133 altius
3305 3080 3357 3134 in
3390 3097 3519 3152 pro-

1945 3162 2109 3218 fundo
2147 3172 2246 3218 est.
2303 3162 2392 3218 Ille
2420 3172 2595 3217 autem
2641 3166 2729 3232 qpi
2775 3164 2842 3219 de
2888 3165 3153 3234 profundo.
3183 3171 3517 3241 exclamavit,

1941 3254 2051 3324 jam
2079 3254 2145 3310 ab
2175 3254 2281 3308 imo
2324 3253 2567 3323 profundi
2599 3264 2757 3324 caput
2790 3265 2850 3309 ut
2876 3257 3127 3313 clamaret
3154 3259 3347 3317 levavit
3379 3281 3394 3318 :
3422 3279 3519 3319 au-
3567 3251 3571 3254 ’

1943 3345 2085 3401 ditus
2103 3353 2204 3411 est,
2231 3346 2450 3400 eductus
2476 3354 2557 3401 est
2582 3345 2648 3401 de
2674 3347 2788 3401 lacu
2818 3348 3070 3417 miseriae,
3091 3359 3144 3405 et
3163 3351 3230 3406 de
3250 3354 3361 3409 luto
3385 3354 3518 3410 limi.

1943 3438 2059 3494 1am
2090 3438 2246 3493 habet
2291 3438 2445 3493 fidem
2472 3480 2486 3500 ,
2534 3455 2691 3508 quam
2719 3455 2823 3493 non
2854 3440 3116 3508 habebat;
3165 3443 3516 3515 habetspem,

1945 3531 2061 3586 sine
2080 3545 2179 3600 qua
2202 3538 2317 3584 erat
2341 3546 2355 3594 ;
2387 3530 2436 3583 in
2463 3529 2678 3584 Christo
2701 3530 2957 3595 ambulat,
2988 3534 3079 3602 qui
3110 3533 3161 3587 in
3190 3535 3399 3589 diabolo
3427 3551 3516 3590 er-

1942 3623 2115 3676 rabat.
2148 3618 2269 3675 Ideo
2296 3621 2436 3675 enim
2456 3661 2468 3683 ,
2503 3612 2715 3688 Posuit,
2746 3622 2947 3691 inquit,
2969 3638 3125 3691 supra
3149 3634 3339 3692 petram
3368 3627 3518 3694 pedes

1942 3729 2096 3777 meos,
2123 3721 2168 3764 et
2206 3711 2385 3765 direxit
2416 3727 2615 3781 gressus
2638 3727 2791 3765 meos.
2838 3711 2991 3766 Petra
3016 3721 3191 3766 autem
3217 3721 3333 3768 erat
3358 3715 3516 3769 Chri-

1942 3812 2054 3859 stus
2102 3802 2144 3875 (l
2171 3802 2365 3866 Cons,
2395 3802 2470 3870 4).
2524 3801 2703 3855 Simus
2747 3816 2909 3870 super
2946 3810 3175 3870 petram,
3225 3802 3521 3874 dirigantur

1941 3908 2152 3964 gressus
2176 3894 2340 3948 nostri
2372 3910 2384 3948 ε
2408 3907 2541 3961 Opus
2566 3901 2648 3947 est
2679 3900 2855 3947 tamen
2881 3892 3053 3947 adhuc
3076 3901 3132 3947 ut
3164 3894 3514 3965 ambulemus,

1940 3995 1998 4040 ut
2036 3984 2103 4040 ad
2144 3984 2341 4055 aliquid
2384 3982 2775 4053 perveniamus.
2828 3983 2961 4039 Nam
2990 3984 3184 4041 Paulus
3223 3985 3513 4057 apostolus,

1938 4077 2046 4147 jam
2070 4091 2230 4147 super
2266 4087 2469 4146 petram
2495 4118 2510 4141 ,
2553 4075 2662 4145 jam
2701 4074 2917 4130 directis
2952 4075 3173 4146 pedibus
3203 4081 3347 4143 suis,
3389 4080 3514 4149 quid

1942 4168 2189 4226 dicebat?
2234 4168 2353 4223 Non
2375 4170 2492 4238 quia
2519 4171 2634 4239 jam
2663 4169 2938 4239 acceperim
2962 4210 2978 4235 ,
3020 4179 3106 4222 aut
3123 4172 3234 4241 jam
3270 4176 3516 4242 perfectus

1942 4263 2036 4316 s'im
2067 4277 2086 4315 :
2110 4263 2290 4329 fratres
2308 4302 2323 4323 ,
2358 4276 2449 4330 ego
2478 4276 2577 4313 non
2603 4260 2819 4313 arbitror
2843 4275 2923 4313 me
2944 4261 3350 4330 apprehendisse.
3379 4262 3517 4329 Quid

1944 4372 2071 4426 ergo
2102 4356 2195 4409 tibi
2223 4354 2511 4424 praestitum
2535 4359 2647 4418 est,
2693 4351 2738 4406 si
2768 4366 2875 4406 non
2903 4351 3338 4422 apprehendisti?
3363 4353 3516 4409 Unde

1942 4449 2138 4518 gratias
2159 4447 2270 4516 agis
2289 4488 2303 4512 ,
2330 4460 2450 4500 cum
2478 4443 2610 4499 dicis
2635 4461 2649 4497 :
2681 4443 2786 4499 Sed
2810 4440 3201 4496 misericordiam
3225 4454 3516 4499 consecutus

1942 4556 2052 4594 sum
2075 4540 2117 4611 (Ι
2150 4538 2280 4591 Tim.
2309 4553 2347 4602 ι,
2381 4538 2505 4609 13)?
2529 4536 2660 4603 Quia
2687 4534 2877 4591 directi
2902 4543 3027 4590 sunt
3047 4532 3227 4603 pedes,
3257 4534 3378 4604 quia
3404 4534 3516 4604 jam

1943 4645 2101 4700 supra
2129 4637 2329 4698 petram
2355 4627 2606 4681 ambulat.
2648 4625 2785 4694 Quid
2822 4625 2962 4680 enim
2988 4623 3108 4678 ait?
3157 4622 3327 4679 Unum
3348 4635 3529 4679 autem.

1943 4736 2056 4792 quae
2090 4733 2221 4774 retro
2249 4718 2447 4773 oblitus.
2495 4718 2624 4786 Quae
2660 4716 2845 4772 retro?
2890 4715 3063 4770 Lacus
3089 4715 3334 4769 miseriae.
3380 4715 3516 4784 Quid

1945 4823 2056 4877 est,
2083 4810 2266 4866 retro?
2314 4810 2496 4873 Limus
2518 4808 2643 4873 luti,
2672 4805 3113 4877 concupiscentiae
3136 4806 3406 4872 carnales,
3438 4817 3517 4863 te-

1934 4896 2123 4961 nebrat
2149 4904 2503 4974 iniquitatum.
2547 4901 2674 4968 Qua:
2702 4909 2834 4953 retro
2871 4898 3053 4954 oblitus
3073 4941 3087 4966 ,
3111 4899 3164 4954 in
3188 4917 3248 4955 ea
3270 4917 3383 4973 qua:
3403 4912 3519 4957 ants

1945 5005 2059 5051 sunt
2086 5004 2328 5050 extentus.
2359 4992 2473 5047 Non
2504 5007 2563 5046 se
2586 4991 2783 5065 diceret
2812 4998 3104 5055 extentum,
3130 4992 3175 5045 si
3196 4991 3303 5062 jam
3329 5007 3518 5062 perve-

1948 5091 2132 5146 nisset.
2164 5085 2479 5143 Extenditur
2507 5083 2646 5140 enim
2686 5084 2894 5138 animus
2925 5083 3194 5140 desiderio
3218 5085 3293 5140 rei
3320 5100 3520 5157 concu-

1948 5184 2105 5252 pitre,
2146 5195 2252 5234 non
2301 5177 2479 5231 ltetitia
2506 5184 2825 5231 consecutus.
2875 5174 2940 5228 In
2975 5191 3035 5228 ea
3070 5191 3183 5245 quin
3221 5185 3337 5228 ante
3379 5184 3516 5238 sunt,

1950 5272 2149 5343 inquit,
2175 5276 2398 5325 extentus
2416 5309 2431 5334 ,
2458 5283 2635 5337 sequor
2658 5266 2724 5319 ad
2757 5266 2977 5335 palatum
2995 5281 3226 5334 supernae
3248 5264 3520 5349 aqcatiouis

1950 5362 2044 5417 Dei
2063 5362 2117 5415 in
2146 5360 2342 5415 Christo
2359 5358 2484 5413 Jesu
2515 5357 2729 5430 (Philip.
2761 5357 2952 5423 ιιι,τ12,
2979 5356 3091 5425 15).
3117 5355 3392 5416 Currebat,
3430 5370 3516 5407 se-

1951 5453 2210 5523 quebatur
2254 5449 2321 5505 ad
2370 5452 2618 5520 palmam.
2672 5448 2737 5503 Et
2782 5450 2885 5502 alio
2929 5448 3047 5503 loco
3094 5446 3203 5515 jam
3247 5444 3521 5514 proximus

1951 5546 2140 5617 palma:
2165 5586 2180 5610 ,
2216 5542 2465 5606 Cursum,
2500 5541 2702 5612 inquit,
2740 5539 3097 5619 consummavi.
3151 5534 3370 5602 Quando
3394 5549 3523 5603 ergo

2018 5729 2034 5759 ί
2062 5724 2397 5789 Aliquot_tt_tss.,
2431 5721 2717 5789 consulendo
2743 5733 2761 5769 :
2783 5733 2841 5770 ac
2862 5708 3523 5789 paulo___post__pleriqoefe-

1956 5772 2295 5854 rtmt,iit'_ntihi
2317 5772 2561 5848 prbdesset
2578 5784 2702 5854 quod
2716 5772 2914 5833 attendit
2944 5790 2961 5828 :
2998 5772 3335 5830 Et'eatuudirit,
3361 5780 3465 5824 etc.

2020 5854 2039 5883 ²
2059 5851 2194 5908 ι-;‹ιίιὶ,
2210 5860 2338 5913 qua'.
2359 5855 2413 5898 At
2430 5854 2551 5907 iussu,
2573 5851 2668 5918 ,μιξ-
