3972 6198
470 371 574 425 455

469 482 674 537 dicebat
696 521 711 546 ,
749 480 941 544 Sequor
970 477 1037 530 ad
1060 478 1282 546 palmam
1309 493 1540 547 superni:
1568 477 1840 533 vocationis
1863 518 1879 545 ,
1919 479 2039 550 quia

471 575 575 630 iam
602 572 757 643 pedes
782 570 896 640 ejus
924 569 976 623 in
1007 579 1154 640 petra
1189 571 1378 626 directi
1406 580 1559 626 erant
1581 613 1596 635 ,
1639 574 1749 641 jam
1777 571 1915 625 viam
1944 571 2043 625 bo-

472 680 591 720 nam
618 662 918 716 ambulabat
946 678 959 714 :
990 660 1181 717 habeat
1221 661 1360 717 unde
1398 662 1596 732 gratias
1624 671 1837 732 ageret,
1877 661 2043 716 habe-

472 755 563 809 bat
588 753 728 825 quod
754 762 990 824 peteret,
1019 752 1216 824 gratias
1248 767 1411 822 agens
1435 752 1503 808 de
1526 752 1778 821 acceptis,
1811 761 1998 822 petens
2027 753 2042 782 ί

470 845 670 900 delita.
714 844 788 899 De
812 844 1004 916 quibus
1030 844 1297 913 acceptis?
1342 843 1415 898 De
1444 843 1765 914 indulgentia
1796 852 2044 914 peccato-

470 936 611 1001 ium,
633 935 699 989 de
723 934 1102 993 illuminatione
1124 934 1265 999 ﬁdei,
1283 935 1350 990 de
1375 935 1565 990 robore
1587 935 1721 1003 spei,
1748 935 1814 989 de
1835 936 2044 989 flamma

470 1028 765 1084 rharitatis.
817 1027 972 1085 Unde
1015 1039 1189 1083 autem
1226 1028 1400 1083 adhuc
1426 1028 1705 1103 Dominum
1752 1028 2045 1083 debitorem

471 1120 720 1193 tenebat?
742 1120 819 1174 De
842 1131 1019 1175 ccetero
1034 1161 1047 1185 ,
1079 1120 1266 1189 inquit,
1293 1130 1518 1190 superest
1543 1121 1668 1174 mihi
1689 1135 1874 1173 corona
1889 1120 2047 1191 justi-

470 1215 573 1267 tiw.
605 1213 791 1267 Adhuc
813 1226 941 1282 ergo
966 1212 1094 1265 mihi
1120 1211 1320 1281 aliquid
1347 1211 1592 1267 debetur.
1622 1210 1759 1277 Quid
1785 1210 2047 1266 debetur?

471 1302 671 1358 Corona
686 1302 899 1373 justitiae
918 1344 933 1368 ,
963 1318 1113 1370 quam
1151 1301 1323 1355 reddet
1351 1301 1473 1354 mihi
1494 1301 1742 1355 Dominus
1771 1300 1827 1354 in
1855 1302 1944 1355 illa
1968 1302 2048 1355 die

471 1399 632 1464 justus
646 1395 812 1465 judea:
839 1392 902 1466 (ll
926 1392 1058 1447 Tim.
1090 1410 1159 1459 ιν,
1189 1393 1253 1462 7,
1283 1391 1361 1465 8).
1389 1393 1567 1448 Primo
1594 1392 1852 1464 benignus
1877 1403 2044 1462 pater,

474 1497 532 1541 ut
573 1496 782 1541 erueret
830 1488 897 1542 de
922 1487 1037 1540 lacu
1066 1487 1327 1552 miseriae,
1372 1496 1430 1541 ut
1458 1486 1681 1541 donaret
1717 1496 1963 1556 peccata,
1992 1496 2049 1542 ut

475 1579 725 1633 liberaret
753 1578 820 1632 de
846 1579 957 1632 luto
985 1579 1095 1633 limi
1126 1595 1139 1631 :
1175 1562 1357 1647 postea
1381 1578 1555 1648 justus
1573 1578 1734 1648 judex
1761 1619 1775 1643 ,
1820 1578 2049 1634 reddens

475 1671 610 1725 bene
648 1669 938 1723 ambulanti
981 1669 1121 1738 quod
1170 1669 1450 1738 promisit,
1497 1670 1582 1723 cui
1613 1670 1781 1738 primo
1809 1679 1866 1724 ut
1911 1670 2048 1725 bene

471 1763 764 1839 ambularet
782 1762 1021 1817 donavit.
1037 1761 1247 1817 Reddet
1270 1777 1395 1830 ergo
1411 1765 1584 1831 justus
1601 1760 1761 1831 judex
1788 1780 1801 1814 :
1825 1756 1919 1817 Sed
1933 1764 2051 1832 qui—

474 1855 616 1910 bus?
649 1853 748 1921 Qui
772 1854 1149 1925 perseveraverit
1175 1870 1329 1922 usque
1362 1855 1412 1907 in
1444 1854 1594 1923 finem
1616 1896 1629 1919 ,
1664 1854 1743 1905 hic
1764 1853 1933 1907 salvus
1956 1854 2049 1907 erit

474 1945 683 2015 (Matt/1.
711 1961 764 2009 ιε,
792 1945 883 2008 9‘2,
908 1954 957 1999 et
987 1960 1129 2007 xxw,
1159 1945 1267 2010 15).

540 2037 592 2090 4.
624 2033 788 2108 [vers.
819 2034 908 2109 4.]
938 2034 1005 2089 Et
1047 2037 1251 2089 immisit
1290 2037 1342 2088 in
1385 2052 1440 2088 os
1482 2052 1645 2088 meum
1674 2037 1923 2089 canticum
1954 2052 2047 2090 no-
2089 2042 2096 2048 ”

473 2144 606 2180 rum.
652 2127 805 2195 Quod
847 2126 1110 2201 canticum
1156 2126 1388 2180 novum?
1424 2126 1683 2198 Hymnum
1710 2126 1818 2180 Deo
1858 2136 2045 2182 nostra.

476 2217 697 2273 Dicebas
737 2216 874 2274 forte
905 2217 1131 2289 hymnos
1168 2217 1274 2272 diis
1296 2218 1507 2279 alienis,
1545 2228 1756 2273 veteres
1783 2220 2045 2289 hymnos;

477 2308 593 2376 quia
622 2318 773 2361 vetus
793 2307 953 2361 homo
973 2306 1204 2374 dicelzat,
1228 2323 1336 2363 non
1360 2322 1526 2362 novus
1548 2308 1707 2363 homo
1732 2310 1819 2361 ﬁat
1844 2326 1857 2363 ε
1884 2323 2049 2362 novus

477 2398 657 2461 homo,
686 2398 825 2453 dicat
861 2399 1123 2454 canticum
1156 2414 1346 2453 novum
1378 2417 1391 2453 :
1424 2400 1701 2454 innovatus
1739 2409 1881 2455 amet
1914 2416 2048 2454 nova

472 2491 665 2561 quibus
709 2480 1011 2545 renovatur.
1043 2488 1175 2545 Nam
1217 2490 1341 2561 quid
1373 2491 1637 2561 antiquius
1680 2491 1818 2551 Deo.
1852 2491 1941 2561 qui
1969 2500 2051 2545 est

471 2595 596 2639 ante
616 2585 813 2649 omnia,
843 2593 898 2639 et
925 2583 1044 2638 siue
1073 2583 1197 2651 line,
1224 2593 1278 2638 et
1303 2584 1416 2638 sine
1444 2583 1635 2637 initio?
1662 2583 1777 2637 Tibi
1805 2582 1861 2636 ﬁt
1883 2596 2050 2638 novus

436 2699 447 2710 -
472 2673 711 2731 redeunti
738 2692 753 2741 ;
779 2674 900 2747 quia
930 2673 1258 2731 discedendo
1285 2673 1453 2729 l'artus
1479 2689 1598 2728 eras
1626 2684 1796 2739 vetus,
1823 2684 1875 2728 et
1902 2674 2048 2730 dixe-

472 2782 559 2822 ras
584 2783 599 2823 :
626 2766 909 2822 Inveteravi
932 2768 985 2820 in
1010 2767 1238 2821 omnibus
1280 2767 1496 2821 inimicis
1526 2768 1647 2845 meis
1674 2765 1768 2839 (Ps
1779 2767 1842 2820 nl.
1870 2784 1943 2833 γι,
1967 2766 2045 2831 8).

470 2860 707 2916 Dicimus
730 2863 751 2893 ⁸
777 2875 905 2931 ergo
933 2860 1187 2931 hymnum
1220 2863 1329 2915 Deo
1355 2869 1558 2925 nostro,
1591 2870 1644 2913 et
1682 2862 1794 2928 ipse
1823 2860 2049 2929 hjmnus

473 2950 660 3004 liberat
689 2964 806 3004 nos.
840 2949 1080 3003 Laudatis
1124 2950 1264 3003 enim
1310 2949 1545 3004 inrocabo
1576 2949 1843 3003 Dominum
1870 2991 1884 3014 ,
1916 2960 1963 3003 et
1987 2950 2048 3002 ab

469 3041 684 3094 inimicis
714 3041 835 3094 meis
880 3039 1049 3094 salvus
1076 3057 1160 3094 ero
1203 3038 1372 3113 (Psal.
1397 3057 1500 3094 xvn
1524 3082 1539 3106 ,
1568 3040 1646 3112 4).
1689 3041 1927 3112 Hymnus
1967 3049 2049 3094 est

469 3130 612 3183 enim
657 3130 921 3185 canticum
966 3129 1155 3184 laudis.
1202 3129 1449 3184 Laudatis
1484 3130 1690 3196 invoca,
1719 3146 1823 3185 non
1866 3146 2050 3201 repre-

474 3221 730 3277 hendens.
758 3220 982 3287 Quando
1007 3220 1149 3277 enim
1178 3220 1394 3275 invocas
1416 3220 1604 3287 Deum,
1634 3229 1693 3275 ut
1720 3231 1923 3289 premat
1949 3222 2049 3277 ini-

473 3314 667 3369 micam
696 3323 864 3378 tuum,
896 3311 1107 3383 quando
1134 3311 1202 3366 de
1230 3311 1366 3364 malo
1391 3311 1569 3366 alieno
1599 3312 1831 3380 gaudere
1860 3314 1968 3376 vis,
1995 3327 2050 3371 et

469 3405 534 3459 ad
578 3404 677 3459 hoc
706 3406 902 3459 malum
951 3404 1164 3458 invocas
1190 3402 1356 3457 Deum
1382 3443 1398 3468 ,
1430 3404 1739 3474 participem
1771 3421 1891 3459 eum
1921 3406 2048 3463 facis

473 3496 687 3552 malitiae
718 3505 842 3549 tum.
889 3494 945 3550 Si
989 3494 1296 3564 participem
1326 3508 1448 3547 eum
1492 3492 1620 3549 facis
1665 3495 1901 3561 malitiae,
1941 3513 2045 3552 non

468 3601 597 3652 ergo
621 3586 841 3641 laudans
868 3586 1102 3651 invocas,
1127 3584 1218 3639 sed
1251 3584 1665 3653 reprehendens.
1694 3586 1875 3640 Talem
1902 3590 2043 3643 enim

470 3688 625 3749 putas
648 3678 833 3744 Deum,
858 3676 1029 3747 qualis
1057 3685 1109 3729 tu
1136 3690 1213 3729 es.
1244 3674 1396 3730 Unde
1421 3675 1512 3729 tibi
1538 3677 1643 3729 alio
1674 3677 1789 3732 loco
1814 3677 2006 3735 dicitur
2029 3700 2043 3736 :

472 3768 596 3824 Ifazc
630 3769 825 3841 fecisti,
853 3779 896 3822 et
925 3766 1095 3830 tacui;
1124 3766 1403 3837 suspicatus
1427 3782 1479 3819 es
1503 3766 1877 3835 iniquitatem’,
1908 3771 2045 3840 quod

466 3877 552 3914 ero
581 3859 669 3912 tibi
691 3859 870 3912 similis
896 3856 1068 3928 (Paul.
1094 3872 1218 3911 χιιι(
1241 3899 1254 3920 ,
1279 3858 1341 3910 2|
1364 3857 1402 3926 ).
1431 3855 1675 3910 Laudans
1700 3874 1827 3929 ergo
1859 3860 2042 3914 invoca

469 3950 792 4005 Dominum:
832 3950 939 4002 noli
979 3963 1098 4003 cum
1144 3956 1327 4018 putare
1354 3948 1577 4001 similem
1612 3944 1738 4013 tibi,
1774 3962 1825 4003 ut
1857 3952 2045 4006 similis

471 4047 565 4097 fias
608 4043 704 4095 illi.
754 4041 930 4095 Estote
972 4043 1104 4093 enim
1133 4041 1259 4093 sicut
1292 4039 1446 4094 Pater
1489 4050 1646 4093 vester
1674 4041 1876 4111 perfecti
1904 4084 1917 4106 ,
1958 4046 2044 4111 qui

467 4135 624 4189 solent
646 4149 794 4187 suum
825 4132 946 4185 oriri
976 4131 1098 4202 facit
1123 4148 1276 4199 super
1308 4131 1462 4186 bonos
1501 4141 1546 4184 et
1585 4132 1744 4184 malos
1767 4172 1782 4199 ,
1829 4142 1875 4185 et
1916 4136 2075 4214 pluit.

465 4243 618 4296 super
647 4226 817 4295 justos
858 4234 903 4275 et
944 4222 1157 4292 injustas
1191 4221 1397 4292 (Matth.
1425 4239 1478 4287 v,
1507 4223 1595 4287 48,
1625 4221 1738 4294 45).
1786 4223 1875 4277 Sic
1915 4240 2042 4294 ergo

466 4317 619 4373 lauda
644 4314 946 4381 Dominum,
972 4324 1027 4366 ut
1054 4314 1189 4367 nolis
1214 4313 1351 4368 male
1374 4314 1603 4369 inimicis
1626 4317 1750 4370 tuis.
1785 4315 1851 4369 Et
1876 4331 2042 4386 quan-

465 4420 577 4465 tum
607 4410 717 4473 eis,
753 4407 962 4477 inquis;
991 4406 1146 4461 velim
1181 4407 1416 4461 bonum?
1456 4408 1719 4475 Quantum
1763 4409 1876 4463 tibi.
1924 4411 2038 4466 Non

465 4504 606 4558 enim
636 4502 705 4556 de
736 4506 825 4555 tuo
850 4498 1123 4568 accepturi
1170 4506 1294 4552 sunt
1338 4506 1396 4552 ut
1441 4499 1565 4553 boni
1611 4494 1751 4564 sint,
1782 4512 1871 4554 aut
1899 4503 2038 4571 quod
2073 4567 2081 4571 ἢ

466 4595 569 4648 illis
593 4593 825 4657 dabitur,
859 4591 950 4646 tibi
979 4590 1266 4644 minuetur.
1311 4587 1558 4645 Inimicus
1586 4600 1722 4657 tuus,
1763 4595 1884 4662 quia
1922 4610 2038 4648 ma-

465 4685 547 4739 lus
574 4695 676 4751 est,
707 4684 952 4738 inimicus
980 4692 1061 4737 est
1094 4700 1109 4735 :
1141 4683 1197 4735 lit
1240 4681 1410 4735 bonus
1434 4723 1447 4745 ,
1495 4691 1548 4735 et
1576 4683 1777 4737 anticus
1818 4686 1951 4750 erit,
1985 4696 2037 4741 rt

462 4778 638 4831 socius
678 4777 817 4839 erit;
867 4786 923 4828 ut
960 4775 1118 4829 simul
1156 4774 1285 4828 velis
1316 4774 1591 4843 possidere
1618 4775 1758 4844 quod
1797 4780 2031 4847 amabas,

455 4872 567 4935 jam
597 4864 761 4918 frater
797 4868 918 4920 erit.
965 4865 1208 4921 Laudans
1251 4880 1378 4936 ergo
1422 4866 1629 4929 invoca,
1660 4864 1913 4936 hymnum
1949 4870 2034 4926 die

463 4948 572 5012 lteo
608 4965 718 5011 tuo.
762 4955 1083 5025 Sacri/icium
1125 4956 1322 5024 laudis,
1349 4957 1453 5048 git,
1480 4956 1784 5029 gloriﬁcabit
1825 4977 1920 5015 me.
1965 4963 2032 5018 Ει

461 5049 630 5123 quid?
672 5049 844 5117 major
880 5048 1047 5120 gloria
1089 5050 1193 5105 erit
1232 5050 1364 5116 Deo,
1405 5050 1525 5121 quia
1564 5049 1832 5121 glorilieas
1869 5056 2032 5109 runt?

454 5151 549 5197 aut
573 5141 816 5196 addimus
841 5141 1063 5211 gloriam
1093 5142 1231 5209 Deo,
1256 5141 1470 5212 quando
1494 5142 1544 5196 ei
1571 5142 1818 5208 dicimus,
1849 5142 2028 5199 Glori-

457 5234 558 5289 tico
590 5243 674 5297 te,
720 5232 860 5287 Deus
889 5232 1082 5287 meus?
1124 5240 1216 5286 aut
1258 5234 1575 5289 sanctiorem
1616 5250 1737 5288 eum
1785 5234 2025 5303 facimus,

455 5326 667 5395 quando
692 5324 934 5385 dicimus.
962 5323 1226 5378 Benedico
1253 5334 1322 5388 te,
1349 5325 1485 5380 Deus
1512 5326 1700 5381 meus?
1727 5325 1843 5396 Ipse
1862 5342 2028 5394 quan-

452 5417 524 5473 do
551 5434 646 5474 nos
670 5414 934 5472 benedieit
954 5454 971 5481 ,
997 5412 1125 5467 facit
1152 5428 1248 5468 nos
1277 5416 1568 5471 sanctiores
1588 5458 1602 5481 ,
1633 5415 1755 5472 facit
1778 5431 1876 5471 nos
1904 5417 2024 5473 feli-

515 5574 532 5605 ί
557 5580 686 5628 ιω..
709 5579 868 5635 petens
896 5563 1077 5621 dimitti
1097 5562 1275 5616 debita.
1300 5563 1539 5625 Verbum,
1565 5565 1771 5627 dimitti,
1801 5567 1940 5618 abest
1962 5569 2023 5617 ab

642 5644 652 5666 ο
1990 5662 1993 5669 .

448 5641 534 5731 Et;
548 5643 829 5760 _At
849 5701 981 5753 Lov.,
1008 5688 1227 5760 dicamus
1256 5683 1487 5760 :__et_infra
1504 5686 1707 5760 ,‘liberet
1728 5701 1855 5760 nos._
1872 5750 1887 5760 .
1906 5750 1918 5760 ‘
1969 5753 1978 5760 _

456 5811 471 5857 ι
512 5759 531 5789 ³
709 5756 868 5820 urique
908 5750 1111 5814 At'ttss”
1132 5750 1465 5817 iniquitatem;
1496 5756 1566 5800 sic
1606 5750 1797 5808 iisimet
1828 5750 1937 5801 Edd.
1967 5753 2016 5802 in

493 5827 542 5865 εει
567 5853 577 5859 .
658 5856 666 5867 .

1598 388 1601 391 ·
1684 365 1743 421 S.
1784 363 2147 421 AUCUSTINI
2185 361 2490 420 EPISCOPI

3621 361 3721 416 4⁸56

2156 475 2370 540 ciores;
2410 473 2623 547 quando
2650 490 2748 531 nos
2774 475 3056 547 gloriﬁcat,
3087 474 3212 531 facit
3237 484 3333 530 nos
3357 473 3718 545 gloriosiores,
3802 460 3808 467 ’

2151 566 2276 622 facit
2319 582 2417 623 nos
2463 568 2831 626 honoratiores
2868 587 2883 625 :
2922 569 3135 641 quando
3178 584 3299 624 eum
3341 567 3719 640 gloriﬁcamus,

2151 659 2303 715 nobis
2343 660 2577 729 prodest,
2616 677 2723 717 non
2756 662 2851 716 illi.
2882 662 3165 731 Quomodo
3189 661 3332 716 enim
3366 676 3488 716 eum
3521 660 3729 730 gloriﬁ-

2149 752 2372 807 camus?
2411 752 2715 808 Cloriosum
2756 753 3001 821 dicendo,
3043 768 3149 809 non
3190 751 3454 808 faciendo.
3496 750 3723 806 Proinde

2148 842 2273 912 quid
2302 853 2516 898 secutus
2540 845 2636 909 ait,
2674 860 2794 900 cum
2820 845 3041 910 diceret,
3069 846 3392 913 Sacriﬁcium
3420 843 3589 898 laudis
3616 844 3743 912 glo-.

2149 933 2363 1001 riﬁcabit
2404 933 2528 988 me?
2580 935 2656 990 Ne
2699 944 2914 1005 putares
2958 944 3010 991 te
3053 935 3250 1005 aliquid
3297 946 3552 1005 prmstare
3590 934 3717 1001 Deo,

2149 1024 2420 1081 offerendo
2447 1028 2520 1082 illi
2550 1028 2867 1083 sacriﬁcium
2908 1028 3097 1094 laudis,
3125 1027 3192 1081 Et
3213 1028 3283 1081 ibi
3307 1037 3378 1081 cst
3404 1028 3505 1090 via,
3534 1026 3721 1095 inquit,

2149 1116 2234 1169 ubi
2253 1118 2510 1171 ostendam
2531 1117 2609 1171 illi
2630 1121 2852 1173 salutare
2875 1134 3044 1173 meum
3065 1118 3236 1193 (Psat.
3258 1133 3400 1182 xux,
3422 1116 3542 1189 25).
3566 1117 3723 1172 Vides

2149 1207 2272 1275 quia
2302 1208 2394 1262 tibi
2442 1209 2680 1279 proderit
2722 1210 2936 1265 laudare
2977 1211 3174 1276 Deum,
3202 1224 3308 1264 non
3344 1209 3474 1264 Deo.
3517 1207 3725 1264 Laudas

2155 1297 2315 1351 Deum
2338 1297 2362 1352 ?
2407 1300 2659 1355 Ambulas
2685 1301 2844 1354 viam.
2886 1300 3254 1371 Reprehendis
3279 1299 3492 1357 Deum?
3538 1298 3725 1355 Perdi-

2150 1386 2273 1441 disti
2300 1389 2459 1442 viam.

2222 1479 2277 1532 5.
2307 1477 2372 1532 Et
2393 1479 2596 1533 immisit
2616 1480 2669 1533 in
2697 1496 2753 1535 os
2772 1494 2950 1535 meum
2984 1480 3234 1535 canticum
3256 1487 3459 1547 novum,
3487 1480 3727 1552 hymnum

2152 1572 2260 1631 Deo
2286 1583 2477 1628 nostra.
2514 1573 2675 1649 Forte
2700 1575 2889 1644 quierit
2911 1574 3117 1644 aliquis,
3146 1590 3267 1644 qua:
3291 1589 3517 1643 persona
3548 1575 3731 1645 loqua-

2151 1675 2237 1719 tur
2257 1666 2310 1719 in
2337 1666 2437 1720 hoc
2460 1665 2684 1735 psalmo.
2706 1666 2943 1722 Breviter
2966 1666 3211 1733 dixerim,
3232 1666 3472 1720 Christus
3496 1678 3597 1720 εει.
3624 1665 3727 1720 Sed

2150 1759 2286 1812 sicut
2312 1759 2500 1821 nostis,
2529 1757 2742 1826 fratres,
2783 1768 2837 1815 et
2860 1773 3005 1829 Stepe
3032 1758 3317 1814 dicendum
3356 1767 3458 1822 est,
3486 1757 3731 1813 Christus

2151 1834 2434 1922 aliquando
2459 1851 2694 1921 loquitur
2716 1866 2781 1907 ex
2811 1865 2890 1918 se,
2921 1851 2973 1906 id
2997 1860 3080 1906 cst
3105 1866 3170 1906 ex
3201 1852 3372 1920 Capite
3398 1858 3582 1905 nostro
3612 1862 3733 1905 :est

2150 1942 2293 1999 enim
2322 1946 2436 2014 ipse
2463 1946 2707 2009 Salvator
2733 1946 2974 2015 corporis
2996 1986 3013 2012 ,
3051 1954 3211 2014 caput
3247 1953 3488 1999 nostrum
3509 1984 3524 2008 ,
3564 1944 3732 1999 Filius

2152 2038 2244 2093 Dei
2275 2048 2429 2092 natus
2450 2053 2513 2093 ex
2535 2037 2771 2109 virgine,
2802 2052 2990 2107 passus
3016 2052 3111 2108 pro
3149 2036 3324 2101 nobis.
3356 2050 3640 2106 resurgens
3663 2038 3730 2089 ad

2150 2143 2250 2184 nos
2284 2126 2652 2199 justiﬁeandos
2670 2168 2685 2195 ,
2714 2129 2909 2185 sedens
2935 2128 3001 2183 ad
3026 2129 3299 2186 dexteram
3328 2128 3419 2182 Dei
3457 2127 3524 2182 ad
3562 2128 3734 2183 inter—

2151 2221 2456 2289 pellandum
2495 2235 2592 2291 pro
2630 2221 2803 2288 nobis,
2845 2220 3201 2276 retributurus
3232 2219 3410 2274 omnia
3439 2219 3491 2273 in
3532 2218 3735 2288 judicio

2152 2310 2290 2364 bona
2330 2310 2506 2375 bonis,
2542 2311 2679 2365 mala
2709 2311 2884 2367 malis.
2927 2310 3095 2380 Caput
3138 2319 3377 2366 nostrum
3423 2310 3541 2374 ille,
3572 2320 3731 2382 caput

2153 2400 2400 2470 dignatus
2435 2411 2517 2455 est
2555 2401 2795 2471 corporis
2831 2401 2966 2466 ﬁeri,
2993 2416 3209 2457 carnem
3239 2388 3609 2456 assumendoa
3634 2415 3736 2455 no-

2154 2492 2256 2556 bis,
2301 2492 2476 2563 inqua
2508 2503 2804 2548 moreretur
2830 2508 2923 2562 pro
2952 2492 3107 2547 nobis
3134 2510 3148 2545 :
3180 2504 3338 2563 quam
3365 2493 3527 2548 etiam
3548 2507 3731 2547 resus-

2151 2582 2328 2637 citavit
2377 2593 2590 2658 propter
2626 2598 2756 2649 nos,
2799 2591 2857 2637 ut
2894 2584 2948 2638 in
2996 2583 3083 2637 illa
3120 2597 3283 2639 carne
3320 2583 3737 2638 resurrectionis

2153 2674 2304 2730 nobis
2346 2674 2613 2746 prteberet
2660 2674 2967 2744 exemplum
2991 2716 3005 2740 ,
3039 2681 3098 2728 ut
3139 2687 3355 2743 sperare
3401 2673 3738 2729 disceremus

2150 2765 2292 2834 quod
2319 2765 2766 2836 deSperabamus,
2790 2773 2844 2820 et
2873 2764 3191 2820 haberemus
3209 2764 3321 2833 jam
3360 2763 3524 2835 pedes
3558 2765 3610 2818 in
3635 2779 3739 2832 pe-

2154 2865 2254 2920 tra,
2277 2857 2667 2911 ambularemus
2689 2856 2740 2910 in
2762 2855 2993 2911 Christo.
3023 2855 3280 2926 Loquitur
3296 2870 3423 2927 ergo
3450 2854 3739 2925 aliquando

2151 2962 2216 3001 ex
2243 2948 2413 3016 capite
2440 2957 2645 3010 nostro,
2676 2946 2910 3015 loquitur
2946 2944 3232 3017 aliquando
3269 2954 3324 3000 et
3363 2960 3428 3001 ex
3466 2944 3637 3012 nobis,
3680 2945 3741 3000 id

2151 3048 2321 3092 estex
2354 3036 2607 3091 membris
2625 3037 2774 3091 suis:
2805 3036 2927 3106 quia
2958 3038 3117 3091 etiam
3159 3036 3372 3106 quando
3396 3035 3561 3101 dixit,
3590 3034 3741 3089 Esu-

2150 3129 2262 3193 riou',
2305 3137 2351 3181 et
2378 3127 2585 3181 dedistis
2616 3126 2742 3180 mihi
2775 3127 3082 3181 manducare
3119 3126 3333 3197 (Matth.
3357 3142 3482 3189 xxv,
3505 3123 3629 3197 55),
3663 3141 3741 3182 ex

2152 3208 2406 3275 membris
2426 3221 2536 3275 suis
2560 3220 2893 3291 loquebatur,
2919 3235 3026 3275 non
3049 3236 3118 3276 ex
3141 3235 3220 3276 se.
3244 3221 3313 3276 Et
3339 3220 3549 3291 quando
3572 3220 3740 3287 dixit,

2151 3309 2331 3374 Saule,
2360 3308 2538 3375 Sanlé,
2579 3312 2701 3381 quid
2736 3328 2816 3365 me
2843 3312 3153 3383 persequeris
3182 3310 3321 3382 (Act.
3344 3327 3417 3376 Ix,
3442 3311 3496 3382 4)
3515 3310 3541 3364 ?
3571 3323 3740 3380 caput

2150 3414 2248 3472 pro
2288 3401 2542 3456 membris
2580 3401 2844 3456 clamabat
2880 3420 2894 3456 :
2933 3412 2988 3455 et
3030 3409 3203 3455 tamen
3248 3416 3353 3456 non
3396 3401 3553 3471 dixit,
3590 3400 3742 3469 Quid

2150 3494 2486 3563 persequeris
2511 3494 2748 3548 membra
2780 3493 2935 3549 mea?
2964 3494 3079 3559 sed,
3106 3493 3226 3564 quid
3260 3510 3338 3548 me
3375 3496 3691 3564 persequeris
3715 3496 3741 3551 Ξ

2148 3584 2201 3639 Si
2246 3585 2299 3638 in
2341 3585 2493 3641 nobis
2529 3587 2640 3654 ipse
2679 3585 2891 3654 patitur,
2915 3594 2971 3641 et
3000 3600 3096 3639 nos
3129 3584 3182 3639 in
3214 3584 3305 3641 illo
3328 3585 3741 3642 coronabimur.

2148 3674 2273 3730 [huc
2298 3687 2377 3730 est
2399 3675 2630 3731 cbaritas
2645 3675 2866 3730 Christi.
2893 3674 3030 3741 Quid
3052 3673 3174 3728 huic
3199 3674 3495 3744 comparati
3517 3685 3699 3745 potest
3715 3676 3742 3731 ἳ

2150 3767 2315 3837 Hujus
2356 3767 2435 3822 rei
2464 3768 2716 3839 hymnum
2759 3766 2977 3821 immisit
3023 3767 3073 3820 in
3114 3781 3176 3820 os
3217 3777 3482 3834 nostrum,
3524 3780 3580 3823 et
3598 3768 3745 3826 dicit

2149 3858 2248 3912 huc
2278 3875 2344 3913 ex
2373 3861 2627 3915 membris
2649 3861 2779 3913 Suis.

2217 3955 2270 4004 (ι.
2305 3949 2547 4004 Videbunt
2563 3951 2712 4021 justi,
2743 3960 2788 4003 et
2814 3950 3071 4017 timebunt,
3101 3960 3146 4005 et
3184 3952 3454 4021 sperabunt
3475 3953 3527 4005 in
3551 3951 3746 4008 Domi—

2147 4059 2284 4095 num.
2319 4039 2564 4094 Videbunt
2591 4041 2741 4111 justi.
2781 4040 2879 4107 Qui
2915 4041 3085 4108 justi?
3113 4040 3358 4097 Fideles:
3388 4043 3510 4112 quia
3550 4042 3747 4112 justus

2144 4148 2207 4185 ex
2252 4132 2355 4186 ﬁde
2393 4132 2522 4185 vivit
2558 4130 2783 4200 (ﬂabat.
2808 4147 2864 4196 ιι,
2892 4132 2946 4194 4,
2973 4143 3016 4185 et
3039 4130 3189 4186 Rom.
3217 4148 3264 4197 ι,
3293 4134 3403 4205 17).
3432 4134 3643 4189 Etenim
3680 4138 3747 4192 in

2146 4222 2382 4278 Ecclesia
2425 4224 2521 4277 istc
2563 4223 2692 4277 ordo
2721 4232 2842 4278 est:
2878 4224 2966 4277 alii
3002 4224 3320 4293 praecedunt,
3366 4226 3457 4279 alii
3488 4243 3747 4297 sequun-

2145 4325 2266 4369 tur:
2295 4324 2349 4369 et
2382 4316 2469 4384 qui
2500 4316 2825 4384 praecedunt,
2872 4316 3117 4385 exemplo
3144 4331 3203 4371 se
3233 4316 3473 4387 przebent
3498 4333 3751 4388 sequest-

2144 4414 2319 4477 tibus;
2351 4422 2403 4467 et
2429 4413 2518 4483 qui
2546 4423 2859 4483 sequuntur,
2894 4414 3168 4481 im-itzurtur
3197 4414 3580 4484 prmeedentes.
3613 4415 3749 4473 Sed

2144 4513 2197 4558 et
2227 4504 2299 4559 illi
2325 4507 2413 4574 qui
2438 4519 2497 4560 se
2529 4505 2774 4574 exemplo
2803 4504 3040 4574 praebent
3072 4505 3436 4576 sequentibus,
3467 4511 3753 4578 numquid

2142 4598 2405 4651 nemiuem
2449 4597 2788 4668 sequuntur?
2816 4597 2873 4654 Si
2916 4598 3183 4653 neminem
3213 4609 3534 4669 sequuntur,
3568 4616 3755 4659 erra-

2141 4690 2290 4744 bunt.
2333 4691 2638 4759 Sequuntur
2665 4707 2794 4762 ergo
2834 4701 2888 4748 et
2929 4691 3006 4746 illi
3051 4691 3306 4763 aliquem,
3352 4693 3521 4763 ipsum
3558 4693 3751 4753 Chri-

2138 4791 2296 4835 stum.
2326 4780 2570 4837 Meliores
2590 4783 2785 4853 quique
2805 4783 2859 4837 in
2883 4782 3142 4849 Ecclesia,
3165 4782 3358 4853 quibus
3381 4800 3483 4839 non
3506 4800 3756 4843 reman-

2137 4873 2206 4926 sit
2224 4871 2335 4942 jam
2359 4871 2518 4929 homo
2537 4889 2696 4944 quem
2721 4872 3011 4940 imitentur,
3035 4874 3158 4945 quia
3180 4890 3366 4930 omnes
3386 4875 3755 4945 proﬁciendo

2136 4971 2538 5033 superaverunt,
2568 4964 2681 5034 ipse
2704 4963 2947 5020 Christus
2971 4965 3051 5020 eis
3074 4973 3333 5029 remanet,
3357 4980 3517 5036 quem
3546 4983 3756 5039 usque

2134 5056 2190 5111 in
2236 5055 2394 5111 ﬁnem
2441 5065 2750 5127 sequantur.
2798 5057 2867 5112 Et
2908 5058 3127 5114 cernitis
3155 5058 3172 5090 ⁸
3199 5058 3472 5113 ordinatos
3512 5061 3756 5130 gradus

2133 5163 2231 5218 per
2240 5147 2456 5203 Paulum
2473 5149 2770 5217 apostolum
2790 5149 3053 5205 dicentem
3074 5167 3087 5201 :
3107 5148 3397 5204 Imitatores
3416 5151 3515 5205 mei
3533 5162 3748 5220 estate,

2131 5241 2259 5294 sicut
2281 5249 2329 5294 et
2354 5255 2446 5308 ego
2472 5239 2658 5295 Christi
2679 5240 2732 5313 (Ι
2755 5240 2874 5297 Cor.
2898 5258 2972 5310 tv,
3001 5242 3114 5314 16).
3143 5242 3282 5316 Ergo
3300 5243 3398 5314 qui
3423 5244 3535 5313 jam
3561 5245 3753 5307 dire-

2129 5344 2246 5389 etos
2273 5347 2487 5404 gressus
2530 5333 2728 5390 habent
2773 5337 2826 5389 in
2873 5344 3041 5406 petra,
3088 5334 3256 5391 forma
3286 5336 3391 5390 sint
3417 5336 3696 5398 ﬁdelibus
3734 5365 3755 5402 :

2132 5424 2239 5478 Sed
2262 5425 2450 5491 forata,
2494 5424 2682 5493 inquit,
2711 5435 2813 5480 esto
2853 5425 3084 5495 ﬁdelibus
3128 5425 3182 5497 (l
3204 5424 3335 5481 Tim.
3356 5442 3432 5493 ιν,
3463 5425 3573 5501 12).
3606 5430 3757 5504 Ipsi

2130 5514 2314 5571 ﬁdeles
2339 5522 2462 5569 sunt
2482 5514 2639 5586 justi,
2670 5517 2759 5586 qui
2797 5517 3131 5573 attendentes
3156 5532 3250 5573 eos
3270 5519 3363 5589 qui
3393 5533 3453 5575 se
3482 5519 3534 5576 in
3565 5521 3763 5586 bono

2128 5607 2452 5677 praecedunt,
2499 5607 2754 5663 imitando
2794 5617 3110 5677 sequuntur.
3158 5609 3437 5676 Quomodo
3464 5627 3758 5684 sequun-

2128 5700 2252 5754 tur?
2292 5699 2539 5754 Videbunt
2574 5702 2720 5773 justi,
2768 5712 2814 5756 et
2856 5701 3114 5755 timebunt.
3139 5701 3421 5771 Videbunt,
3450 5715 3504 5759 et
3544 5708 3742 5768 time-

2194 5816 2207 5844 ⁸
2231 5813 2547 5877 Maxinmpars
2561 5820 2686 5865 Mss:
2714 5821 2767 5865 Lt
2791 5812 2999 5865 (naritus
3025 5814 3213 5871 ordinat
3236 5816 3319 5869 hos
3341 5818 3541 5885 gradus.
