  <div class='ocr_page' id='page_1' title='image "/cluster/home/n/w/nwhite01/storage/ocr_20150623/36/hvd.32044096580584/226.png"; bbox 0 0 1986 3099; ppageno 0'>
   <div class='ocr_carea' id='block_1_1' title="bbox 165 171 1252 205">
    <p class='ocr_par' dir='ltr' id='par_1_1' title="bbox 165 171 1252 205">
     <span class='ocr_line' id='line_1_1' title="bbox 165 171 1252 205; baseline -0.002 0"><span class='ocrx_word' id='word_1_1' title='bbox 165 179 197 205; x_wconf 73' lang='lat'><strong>57</strong></span> <span class='ocrx_word' id='word_1_2' title='bbox 416 171 418 174; x_wconf 61' lang='grc'><em>’</em></span> <span class='ocrx_word' id='word_1_3' title='bbox 675 174 873 203; x_wconf 77' lang='lat' dir='ltr'><strong>ENAliRATlO</strong></span> <span class='ocrx_word' id='word_1_4' title='bbox 892 174 925 203; x_wconf 94' lang='lat' dir='ltr'><strong>lN</strong></span> <span class='ocrx_word' id='word_1_5' title='bbox 945 175 1101 204; x_wconf 73' lang='lat' dir='ltr'><strong>PSALMUll‘l</strong></span> <span class='ocrx_word' id='word_1_6' title='bbox 1123 176 1252 203; x_wconf 70' lang='lat' dir='ltr'><strong>XXXIX.~</strong></span> 
     </span>
    </p>
   </div>
   <div class='ocr_carea' id='block_1_2' title="bbox 147 232 931 269">
    <p class='ocr_par' dir='ltr' id='par_1_2' title="bbox 147 232 931 269">
     <span class='ocr_line' id='line_1_2' title="bbox 147 232 931 269; baseline -0.004 -7"><span class='ocrx_word' id='word_1_7' title='bbox 147 236 211 263; x_wconf 88' lang='lat' dir='ltr'><strong>bttttt</strong></span> <span class='ocrx_word' id='word_1_8' title='bbox 226 234 301 269; x_wconf 83' lang='lat' dir='ltr'><strong>sequi</strong></span> <span class='ocrx_word' id='word_1_9' title='bbox 319 234 374 262; x_wconf 80' lang='lat' dir='ltr'><strong>vias</strong></span> <span class='ocrx_word' id='word_1_10' title='bbox 391 233 483 265; x_wconf 89' lang='lat' dir='ltr'><strong>malas,</strong></span> <span class='ocrx_word' id='word_1_11' title='bbox 498 238 558 261; x_wconf 86' lang='lat' dir='ltr'><strong>cum</strong></span> <span class='ocrx_word' id='word_1_12' title='bbox 572 232 661 260; x_wconf 90' lang='lat' dir='ltr'><strong>vident</strong></span> <span class='ocrx_word' id='word_1_13' title='bbox 673 240 792 268; x_wconf 87' lang='lat' dir='ltr'><strong>quosque</strong></span> <span class='ocrx_word' id='word_1_14' title='bbox 806 232 931 260; x_wconf 78' lang='lat' dir='ltr'><strong>meliores</strong></span> 
     </span>
    </p>
   </div>
   <div class='ocr_carea' id='block_1_3' title="bbox 147 279 930 316">
    <p class='ocr_par' dir='ltr' id='par_1_3' title="bbox 147 279 930 316">
     <span class='ocr_line' id='line_1_3' title="bbox 147 279 930 316; baseline -0.001 -10"><span class='ocrx_word' id='word_1_15' title='bbox 147 283 199 316; x_wconf 80' lang='lat' dir='ltr'><strong>jnm</strong></span> <span class='ocrx_word' id='word_1_16' title='bbox 223 281 335 316; x_wconf 78' lang='lat' dir='ltr'><strong>elegisse</strong></span> <span class='ocrx_word' id='word_1_17' title='bbox 351 280 405 307; x_wconf 83' lang='lat' dir='ltr'><strong>vias</strong></span> <span class='ocrx_word' id='word_1_18' title='bbox 429 280 531 312; x_wconf 84' lang='lat' dir='ltr'><strong>bonas;</strong></span> <span class='ocrx_word' id='word_1_19' title='bbox 555 284 581 307; x_wconf 90' lang='lat' dir='ltr'><strong>et</strong></span> <span class='ocrx_word' id='word_1_20' title='bbox 603 279 694 306; x_wconf 88' lang='lat' dir='ltr'><strong>dicunt</strong></span> <span class='ocrx_word' id='word_1_21' title='bbox 716 279 741 306; x_wconf 90' lang='lat' dir='ltr'><strong>in</strong></span> <span class='ocrx_word' id='word_1_22' title='bbox 761 279 849 306; x_wconf 85' lang='lat' dir='ltr'><strong>animo</strong></span> <span class='ocrx_word' id='word_1_23' title='bbox 871 286 930 312; x_wconf 90' lang='lat' dir='ltr'><strong>suo,</strong></span> 
     </span>
    </p>
   </div>
   <div class='ocr_carea' id='block_1_4' title="bbox 147 324 931 361">
    <p class='ocr_par' dir='ltr' id='par_1_4' title="bbox 147 324 931 361">
     <span class='ocr_line' id='line_1_4' title="bbox 147 324 931 361; baseline -0.001 -9"><span class='ocrx_word' id='word_1_24' title='bbox 147 326 369 361; x_wconf 78' lang='lat' dir='ltr'><strong>quemadmodum</strong></span> <span class='ocrx_word' id='word_1_25' title='bbox 392 326 477 352; x_wconf 76' lang='lat' dir='ltr'><strong>solent</strong></span> <span class='ocrx_word' id='word_1_26' title='bbox 498 324 586 352; x_wconf 89' lang='lat' dir='ltr'><strong>dicere</strong></span> <span class='ocrx_word' id='word_1_27' title='bbox 608 324 742 357; x_wconf 92' lang='lat' dir='ltr'><strong>viatores,</strong></span> <span class='ocrx_word' id='word_1_28' title='bbox 766 324 931 351; x_wconf 87' lang='lat' dir='ltr'><strong>attendentes</strong></span> 
     </span>
    </p>
   </div>
   <div class='ocr_carea' id='block_1_5' title="bbox 147 369 933 405">
    <p class='ocr_par' dir='ltr' id='par_1_5' title="bbox 147 369 933 405">
     <span class='ocr_line' id='line_1_5' title="bbox 147 369 933 405; baseline -0.001 -7"><span class='ocrx_word' id='word_1_29' title='bbox 147 372 213 399; x_wconf 75' lang='lat' dir='ltr'><strong>alios</strong></span> <span class='ocrx_word' id='word_1_30' title='bbox 227 379 286 398; x_wconf 88' lang='lat' dir='ltr'><strong>eutn</strong></span> <span class='ocrx_word' id='word_1_31' title='bbox 304 371 508 405; x_wconf 64' lang='lat' dir='ltr'><strong>[lrmStmlpllOlle</strong></span> <span class='ocrx_word' id='word_1_32' title='bbox 520 370 686 397; x_wconf 75' lang='lat' dir='ltr'><strong>ambulantes</strong></span> <span class='ocrx_word' id='word_1_33' title='bbox 704 370 731 397; x_wconf 88' lang='lat' dir='ltr'><strong>iri</strong></span> <span class='ocrx_word' id='word_1_34' title='bbox 746 370 786 397; x_wconf 83' lang='lat' dir='ltr'><strong>via</strong></span> <span class='ocrx_word' id='word_1_35' title='bbox 796 391 803 403; x_wconf 94' lang='lat'><strong>,</strong></span> <span class='ocrx_word' id='word_1_36' title='bbox 819 370 868 405; x_wconf 80' lang='lat' dir='ltr'><strong>ipsi</strong></span> <span class='ocrx_word' id='word_1_37' title='bbox 882 369 933 397; x_wconf 93' lang='lat' dir='ltr'><strong>ad-.</strong></span> 
     </span>
    </p>
   </div>
   <div class='ocr_carea' id='block_1_6' title="bbox 148 415 931 450">
    <p class='ocr_par' dir='ltr' id='par_1_6' title="bbox 148 415 931 450">
     <span class='ocr_line' id='line_1_6' title="bbox 148 415 931 450; baseline -0.003 -7"><span class='ocrx_word' id='word_1_38' title='bbox 148 417 198 443; x_wconf 91' lang='lat' dir='ltr'><strong>huc</strong></span> <span class='ocrx_word' id='word_1_39' title='bbox 213 417 303 443; x_wconf 89' lang='lat' dir='ltr'><strong>ittcerti</strong></span> <span class='ocrx_word' id='word_1_40' title='bbox 318 417 375 448; x_wconf 70' lang='lat' dir='ltr'><strong>vim,</strong></span> <span class='ocrx_word' id='word_1_41' title='bbox 391 420 415 442; x_wconf 89' lang='lat' dir='ltr'><strong>et</strong></span> <span class='ocrx_word' id='word_1_42' title='bbox 431 415 505 450; x_wconf 87' lang='lat' dir='ltr'><strong>quasi</strong></span> <span class='ocrx_word' id='word_1_43' title='bbox 519 415 678 442; x_wconf 85' lang='lat' dir='ltr'><strong>ﬂuctuantes</strong></span> <span class='ocrx_word' id='word_1_44' title='bbox 691 423 741 450; x_wconf 92' lang='lat' dir='ltr'><strong>qua</strong></span> <span class='ocrx_word' id='word_1_45' title='bbox 755 420 826 448; x_wconf 89' lang='lat' dir='ltr'><strong>eant,</strong></span> <span class='ocrx_word' id='word_1_46' title='bbox 841 415 931 442; x_wconf 89' lang='lat' dir='ltr'><strong>dicunt</strong></span> 
     </span>
    </p>
   </div>
   <div class='ocr_carea' id='block_1_7' title="bbox 147 459 931 495">
    <p class='ocr_par' dir='ltr' id='par_1_7' title="bbox 147 459 931 495">
     <span class='ocr_line' id='line_1_7' title="bbox 147 459 931 495; baseline -0.003 -6"><span class='ocrx_word' id='word_1_47' title='bbox 147 462 195 489; x_wconf 87' lang='lat' dir='ltr'><strong>sibi</strong></span> <span class='ocrx_word' id='word_1_48' title='bbox 209 471 214 488; x_wconf 90' lang='lat'><strong>:</strong></span> <span class='ocrx_word' id='word_1_49' title='bbox 234 461 292 488; x_wconf 85' lang='lat' dir='ltr'><strong>Non</strong></span> <span class='ocrx_word' id='word_1_50' title='bbox 310 461 406 487; x_wconf 80' lang='lat' dir='ltr'><strong>frustra</strong></span> <span class='ocrx_word' id='word_1_51' title='bbox 420 461 456 487; x_wconf 87' lang='lat' dir='ltr'><strong>illi</strong></span> <span class='ocrx_word' id='word_1_52' title='bbox 473 459 521 487; x_wconf 90' lang='lat' dir='ltr'><strong>hac</strong></span> <span class='ocrx_word' id='word_1_53' title='bbox 539 464 613 493; x_wconf 85' lang='lat' dir='ltr'><strong>eunt,</strong></span> <span class='ocrx_word' id='word_1_54' title='bbox 628 459 732 495; x_wconf 81' lang='lat' dir='ltr'><strong>quando</strong></span> <span class='ocrx_word' id='word_1_55' title='bbox 745 460 790 487; x_wconf 91' lang='lat' dir='ltr'><strong>illo</strong></span> <span class='ocrx_word' id='word_1_56' title='bbox 802 464 865 487; x_wconf 77' lang='lat' dir='ltr'><strong>eunt</strong></span> <span class='ocrx_word' id='word_1_57' title='bbox 879 467 931 494; x_wconf 93' lang='lat' dir='ltr'><strong>quo</strong></span> 
     </span>
    </p>
   </div>
   <div class='ocr_carea' id='block_1_8' title="bbox 147 505 931 541">
    <p class='ocr_par' dir='ltr' id='par_1_8' title="bbox 147 505 931 541">
     <span class='ocr_line' id='line_1_8' title="bbox 147 505 931 541; baseline -0.001 -8"><span class='ocrx_word' id='word_1_58' title='bbox 147 516 195 534; x_wconf 88' lang='lat' dir='ltr'><strong>ttos</strong></span> <span class='ocrx_word' id='word_1_59' title='bbox 217 507 256 533; x_wconf 91' lang='lat' dir='ltr'><strong>ire</strong></span> <span class='ocrx_word' id='word_1_60' title='bbox 275 507 412 538; x_wconf 86' lang='lat' dir='ltr'><strong>volumus;</strong></span> <span class='ocrx_word' id='word_1_61' title='bbox 433 511 459 532; x_wconf 87' lang='lat' dir='ltr'><strong>et</strong></span> <span class='ocrx_word' id='word_1_62' title='bbox 480 512 561 541; x_wconf 87' lang='lat' dir='ltr'><strong>quare</strong></span> <span class='ocrx_word' id='word_1_63' title='bbox 580 513 640 533; x_wconf 93' lang='lat' dir='ltr'><strong>cum</strong></span> <span class='ocrx_word' id='word_1_64' title='bbox 662 513 756 540; x_wconf 79' lang='lat' dir='ltr'><strong>magna</strong></span> <span class='ocrx_word' id='word_1_65' title='bbox 770 505 864 533; x_wconf 82' lang='lat' dir='ltr'><strong>ﬁducia</strong></span> <span class='ocrx_word' id='word_1_66' title='bbox 882 505 931 533; x_wconf 90' lang='lat' dir='ltr'><strong>bac</strong></span> 
     </span>
    </p>
   </div>
   <div class='ocr_carea' id='block_1_9' title="bbox 148 552 931 588">
    <p class='ocr_par' dir='ltr' id='par_1_9' title="bbox 148 552 931 588">
     <span class='ocr_line' id='line_1_9' title="bbox 148 552 931 588; baseline -0.001 -8"><span class='ocrx_word' id='word_1_67' title='bbox 148 558 219 587; x_wconf 82' lang='lat' dir='ltr'><strong>cunt,</strong></span> <span class='ocrx_word' id='word_1_68' title='bbox 245 554 294 580; x_wconf 87' lang='lat' dir='ltr'><strong>nisi</strong></span> <span class='ocrx_word' id='word_1_69' title='bbox 316 554 375 588; x_wconf 90' lang='lat' dir='ltr'><strong>quia</strong></span> <span class='ocrx_word' id='word_1_70' title='bbox 399 554 457 580; x_wconf 88' lang='lat' dir='ltr'><strong>illac</strong></span> <span class='ocrx_word' id='word_1_71' title='bbox 476 554 514 581; x_wconf 87' lang='lat' dir='ltr'><strong>ire</strong></span> <span class='ocrx_word' id='word_1_72' title='bbox 528 553 703 587; x_wconf 90' lang='lat' dir='ltr'><strong>perniciosum</strong></span> <span class='ocrx_word' id='word_1_73' title='bbox 726 552 788 580; x_wconf 87' lang='lat' dir='ltr'><strong>est?</strong></span> <span class='ocrx_word' id='word_1_74' title='bbox 807 552 931 579; x_wconf 76' lang='lat' dir='ltr'><strong>Videbunt</strong></span> 
     </span>
    </p>
   </div>
   <div class='ocr_carea' id='block_1_10' title="bbox 148 598 930 633">
    <p class='ocr_par' dir='ltr' id='par_1_10' title="bbox 148 598 930 633">
     <span class='ocr_line' id='line_1_10' title="bbox 148 598 930 633; baseline 0 -8"><span class='ocrx_word' id='word_1_75' title='bbox 148 607 209 633; x_wconf 80' lang='lat' dir='ltr'><strong>ergo</strong></span> <span class='ocrx_word' id='word_1_76' title='bbox 232 599 304 632; x_wconf 81' lang='lat' dir='ltr'><strong>iusti,</strong></span> <span class='ocrx_word' id='word_1_77' title='bbox 327 603 348 625; x_wconf 79' lang='lat' dir='ltr'><strong>cl</strong></span> <span class='ocrx_word' id='word_1_78' title='bbox 364 599 492 625; x_wconf 73' lang='lat' dir='ltr'><strong>timebunt.</strong></span> <span class='ocrx_word' id='word_1_79' title='bbox 508 600 653 633; x_wconf 79' lang='lat' dir='ltr'><strong>Angustam</strong></span> <span class='ocrx_word' id='word_1_80' title='bbox 673 599 741 625; x_wconf 89' lang='lat' dir='ltr'><strong>viam</strong></span> <span class='ocrx_word' id='word_1_81' title='bbox 762 598 852 626; x_wconf 88' lang='lat' dir='ltr'><strong>videttt</strong></span> <span class='ocrx_word' id='word_1_82' title='bbox 870 598 930 631; x_wconf 88' lang='lat' dir='ltr'><strong>ltac,</strong></span> 
     </span>
    </p>
   </div>
   <div class='ocr_carea' id='block_1_11' title="bbox 149 643 932 678">
    <p class='ocr_par' dir='ltr' id='par_1_11' title="bbox 149 643 932 678">
     <span class='ocr_line' id='line_1_11' title="bbox 149 643 932 678; baseline 0 -7"><span class='ocrx_word' id='word_1_83' title='bbox 149 645 225 671; x_wconf 88' lang='lat' dir='ltr'><strong>latant</strong></span> <span class='ocrx_word' id='word_1_84' title='bbox 252 645 321 671; x_wconf 87' lang='lat' dir='ltr'><strong>viam</strong></span> <span class='ocrx_word' id='word_1_85' title='bbox 345 644 435 671; x_wconf 85' lang='lat' dir='ltr'><strong>vident</strong></span> <span class='ocrx_word' id='word_1_86' title='bbox 459 644 539 672; x_wconf 86' lang='lat' dir='ltr'><strong>illae:</strong></span> <span class='ocrx_word' id='word_1_87' title='bbox 560 645 609 671; x_wconf 86' lang='lat' dir='ltr'><strong>hac</strong></span> <span class='ocrx_word' id='word_1_88' title='bbox 629 643 720 671; x_wconf 84' lang='lat' dir='ltr'><strong>vident</strong></span> <span class='ocrx_word' id='word_1_89' title='bbox 742 643 855 678; x_wconf 78' lang='lat' dir='ltr'><strong>paucos,</strong></span> <span class='ocrx_word' id='word_1_90' title='bbox 873 644 932 671; x_wconf 86' lang='lat' dir='ltr'><strong>illac</strong></span> 
     </span>
    </p>
   </div>
   <div class='ocr_carea' id='block_1_12' title="bbox 149 689 932 726">
    <p class='ocr_par' dir='ltr' id='par_1_12' title="bbox 149 689 932 726">
     <span class='ocr_line' id='line_1_12' title="bbox 149 689 932 726; baseline -0.001 -9"><span class='ocrx_word' id='word_1_91' title='bbox 149 691 243 717; x_wconf 87' lang='lat' dir='ltr'><strong>multos</strong></span> <span class='ocrx_word' id='word_1_92' title='bbox 265 690 369 726; x_wconf 70' lang='lat' dir='ltr'><strong>(Mall/t.</strong></span> <span class='ocrx_word' id='word_1_93' title='bbox 384 699 432 722; x_wconf 86' lang='lat' dir='ltr'><strong>vn,</strong></span> <span class='ocrx_word' id='word_1_94' title='bbox 449 690 480 717; x_wconf 79' lang='grc'><strong>15</strong></span> <span class='ocrx_word' id='word_1_95' title='bbox 491 711 499 723; x_wconf 82' lang='grc'><em>,</em></span> <span class='ocrx_word' id='word_1_96' title='bbox 521 689 584 726; x_wconf 72' lang='grc' dir='ltr'><strong>Μ).</strong></span> <span class='ocrx_word' id='word_1_97' title='bbox 607 689 660 717; x_wconf 85' lang='lat' dir='ltr'><strong>Sed</strong></span> <span class='ocrx_word' id='word_1_98' title='bbox 675 690 696 716; x_wconf 89' lang='lat' dir='ltr'><strong>si</strong></span> <span class='ocrx_word' id='word_1_99' title='bbox 710 690 796 724; x_wconf 86' lang='lat' dir='ltr'><strong>justus</strong></span> <span class='ocrx_word' id='word_1_100' title='bbox 811 697 856 722; x_wconf 86' lang='lat' dir='ltr'><strong>es,</strong></span> <span class='ocrx_word' id='word_1_101' title='bbox 877 689 932 716; x_wconf 92' lang='lat' dir='ltr'><strong>noli</strong></span> 
     </span>
    </p>
   </div>
   <div class='ocr_carea' id='block_1_13' title="bbox 151 736 930 771">
    <p class='ocr_par' dir='ltr' id='par_1_13' title="bbox 151 736 930 771">
     <span class='ocr_line' id='line_1_13' title="bbox 151 736 930 771; baseline -0.001 -8"><span class='ocrx_word' id='word_1_102' title='bbox 151 745 302 769; x_wconf 85' lang='lat' dir='ltr'><strong>numerare,</strong></span> <span class='ocrx_word' id='word_1_103' title='bbox 317 737 362 763; x_wconf 85' lang='lat' dir='ltr'><strong>sed</strong></span> <span class='ocrx_word' id='word_1_104' title='bbox 379 736 515 771; x_wconf 80' lang='lat' dir='ltr'><strong>appende;</strong></span> <span class='ocrx_word' id='word_1_105' title='bbox 536 741 660 764; x_wconf 73' lang='lat' dir='ltr'><strong>stateram</strong></span> <span class='ocrx_word' id='word_1_106' title='bbox 672 736 737 763; x_wconf 84' lang='lat' dir='ltr'><strong>aller</strong></span> <span class='ocrx_word' id='word_1_107' title='bbox 750 744 862 771; x_wconf 79' lang='lat' dir='ltr'><strong>:equant,</strong></span> <span class='ocrx_word' id='word_1_108' title='bbox 879 743 930 763; x_wconf 91' lang='lat' dir='ltr'><strong>non</strong></span> 
     </span>
    </p>
   </div>
   <div class='ocr_carea' id='block_1_14' title="bbox 151 781 932 817">
    <p class='ocr_par' dir='ltr' id='par_1_14' title="bbox 151 781 932 817">
     <span class='ocr_line' id='line_1_14' title="bbox 151 781 932 817; baseline -0.003 -7"><span class='ocrx_word' id='word_1_109' title='bbox 151 783 276 814; x_wconf 86' lang='lat' dir='ltr'><strong>dolosam,</strong></span> <span class='ocrx_word' id='word_1_110' title='bbox 293 783 351 817; x_wconf 86' lang='lat' dir='ltr'><strong>quia</strong></span> <span class='ocrx_word' id='word_1_111' title='bbox 365 783 450 817; x_wconf 86' lang='lat' dir='ltr'><strong>justus</strong></span> <span class='ocrx_word' id='word_1_112' title='bbox 464 783 610 817; x_wconf 88' lang='lat' dir='ltr'><strong>appellatus</strong></span> <span class='ocrx_word' id='word_1_113' title='bbox 624 791 652 810; x_wconf 89' lang='lat' dir='ltr'><strong>es</strong></span> <span class='ocrx_word' id='word_1_114' title='bbox 667 791 674 810; x_wconf 87' lang='lat'><strong>:</strong></span> <span class='ocrx_word' id='word_1_115' title='bbox 691 781 812 809; x_wconf 79' lang='lat' dir='ltr'><strong>Videbunt</strong></span> <span class='ocrx_word' id='word_1_116' title='bbox 822 782 895 817; x_wconf 80' lang='lat' dir='ltr'><strong>justi,</strong></span> <span class='ocrx_word' id='word_1_117' title='bbox 909 787 932 809; x_wconf 75' lang='lat' dir='ltr'><strong>et</strong></span> 
     </span>
    </p>
   </div>
   <div class='ocr_carea' id='block_1_15' title="bbox 153 830 933 865">
    <p class='ocr_par' dir='ltr' id='par_1_15' title="bbox 153 830 933 865">
     <span class='ocr_line' id='line_1_15' title="bbox 153 830 933 865; baseline 0.001 -9"><span class='ocrx_word' id='word_1_118' title='bbox 153 830 277 862; x_wconf 70' lang='lat' dir='ltr'><strong>timebunt,</strong></span> <span class='ocrx_word' id='word_1_119' title='bbox 290 830 387 856; x_wconf 90' lang='lat' dir='ltr'><strong>dictum</strong></span> <span class='ocrx_word' id='word_1_120' title='bbox 400 830 486 857; x_wconf 82' lang='lat' dir='ltr'><strong>est-de</strong></span> <span class='ocrx_word' id='word_1_121' title='bbox 500 835 534 857; x_wconf 92' lang='lat' dir='ltr'><strong>te.</strong></span> <span class='ocrx_word' id='word_1_122' title='bbox 546 830 606 857; x_wconf 88' lang='lat' dir='ltr'><strong>Noli</strong></span> <span class='ocrx_word' id='word_1_123' title='bbox 618 837 682 865; x_wconf 81' lang='lat' dir='ltr'><strong>ergo</strong></span> <span class='ocrx_word' id='word_1_124' title='bbox 692 838 833 857; x_wconf 88' lang='lat' dir='ltr'><strong>numerare</strong></span> <span class='ocrx_word' id='word_1_125' title='bbox 844 830 933 857; x_wconf 78' lang='lat' dir='ltr'><strong>turbas</strong></span> 
     </span>
    </p>
   </div>
   <div class='ocr_carea' id='block_1_16' title="bbox 154 876 932 910">
    <p class='ocr_par' dir='ltr' id='par_1_16' title="bbox 154 876 932 910">
     <span class='ocr_line' id='line_1_16' title="bbox 154 876 932 910; baseline 0 -8"><span class='ocrx_word' id='word_1_126' title='bbox 154 877 284 903; x_wconf 83' lang='lat' dir='ltr'><strong>hominum</strong></span> <span class='ocrx_word' id='word_1_127' title='bbox 301 876 454 903; x_wconf 84' lang='lat' dir='ltr'><strong>incedentes</strong></span> <span class='ocrx_word' id='word_1_128' title='bbox 468 876 533 903; x_wconf 85' lang='lat' dir='ltr'><strong>latas</strong></span> <span class='ocrx_word' id='word_1_129' title='bbox 546 876 611 909; x_wconf 83' lang='lat' dir='ltr'><strong>vias,</strong></span> <span class='ocrx_word' id='word_1_130' title='bbox 628 876 767 910; x_wconf 89' lang='lat' dir='ltr'><strong>implentcs</strong></span> <span class='ocrx_word' id='word_1_131' title='bbox 788 876 932 903; x_wconf 88' lang='lat' dir='ltr'><strong>crastinum</strong></span> 
     </span>
    </p>
   </div>
   <div class='ocr_carea' id='block_1_17' title="bbox 153 920 934 954">
    <p class='ocr_par' dir='ltr' id='par_1_17' title="bbox 153 920 934 954">
     <span class='ocr_line' id='line_1_17' title="bbox 153 920 934 954; baseline -0.001 -6"><span class='ocrx_word' id='word_1_132' title='bbox 153 922 259 954; x_wconf 84' lang='lat' dir='ltr'><strong>circum,</strong></span> <span class='ocrx_word' id='word_1_133' title='bbox 277 922 391 948; x_wconf 88' lang='lat' dir='ltr'><strong>civitatis</strong></span> <span class='ocrx_word' id='word_1_134' title='bbox 402 921 519 948; x_wconf 81' lang='lat' dir='ltr'><strong>Natalem</strong></span> <span class='ocrx_word' id='word_1_135' title='bbox 533 920 670 948; x_wconf 87' lang='lat' dir='ltr'><strong>clamando</strong></span> <span class='ocrx_word' id='word_1_136' title='bbox 685 921 857 954; x_wconf 82' lang='lat' dir='ltr'><strong>celebrantes,</strong></span> <span class='ocrx_word' id='word_1_137' title='bbox 870 921 934 948; x_wconf 80' lang='lat' dir='ltr'><strong>civi-</strong></span> 
     </span>
    </p>
   </div>
   <div class='ocr_carea' id='block_1_18' title="bbox 155 966 934 1001">
    <p class='ocr_par' dir='ltr' id='par_1_18' title="bbox 155 966 934 1001">
     <span class='ocr_line' id='line_1_18' title="bbox 155 966 934 1001; baseline 0 -9"><span class='ocrx_word' id='word_1_138' title='bbox 155 972 228 993; x_wconf 85' lang='lat' dir='ltr'><strong>latent</strong></span> <span class='ocrx_word' id='word_1_139' title='bbox 246 967 330 1001; x_wconf 81' lang='lat' dir='ltr'><strong>ipsam</strong></span> <span class='ocrx_word' id='word_1_140' title='bbox 346 967 413 993; x_wconf 86' lang='lat' dir='ltr'><strong>male</strong></span> <span class='ocrx_word' id='word_1_141' title='bbox 428 966 540 994; x_wconf 82' lang='lat' dir='ltr'><strong>vivendo</strong></span> <span class='ocrx_word' id='word_1_142' title='bbox 560 971 704 1001; x_wconf 85' lang='lat' dir='ltr'><strong>turpantes.</strong></span> <span class='ocrx_word' id='word_1_143' title='bbox 724 966 782 993; x_wconf 90' lang='lat' dir='ltr'><strong>Noli</strong></span> <span class='ocrx_word' id='word_1_144' title='bbox 798 974 860 1001; x_wconf 80' lang='lat' dir='ltr'><strong>ergo</strong></span> <span class='ocrx_word' id='word_1_145' title='bbox 874 966 934 993; x_wconf 86' lang='lat' dir='ltr'><strong>illos</strong></span> 
     </span>
    </p>
   </div>
   <div class='ocr_carea' id='block_1_19' title="bbox 153 1012 933 1047">
    <p class='ocr_par' dir='ltr' id='par_1_19' title="bbox 153 1012 933 1047">
     <span class='ocr_line' id='line_1_19' title="bbox 153 1012 933 1047; baseline -0.001 -8"><span class='ocrx_word' id='word_1_146' title='bbox 153 1013 303 1045; x_wconf 82' lang='lat' dir='ltr'><strong>attendere;</strong></span> <span class='ocrx_word' id='word_1_147' title='bbox 321 1013 394 1039; x_wconf 89' lang='lat' dir='ltr'><strong>multi</strong></span> <span class='ocrx_word' id='word_1_148' title='bbox 408 1019 477 1044; x_wconf 88' lang='lat' dir='ltr'><strong>sunt,</strong></span> <span class='ocrx_word' id='word_1_149' title='bbox 492 1017 518 1040; x_wconf 87' lang='lat' dir='ltr'><strong>et</strong></span> <span class='ocrx_word' id='word_1_150' title='bbox 531 1013 589 1047; x_wconf 88' lang='lat' dir='ltr'><strong>quis</strong></span> <span class='ocrx_word' id='word_1_151' title='bbox 602 1012 744 1040; x_wconf 85' lang='lat' dir='ltr'><strong>numerat?</strong></span> <span class='ocrx_word' id='word_1_152' title='bbox 757 1012 834 1039; x_wconf 81' lang='lat' dir='ltr'><strong>Pauci</strong></span> <span class='ocrx_word' id='word_1_153' title='bbox 845 1017 933 1039; x_wconf 88' lang='lat' dir='ltr'><strong>atttem</strong></span> 
     </span>
    </p>
   </div>
   <div class='ocr_carea' id='block_1_20' title="bbox 155 1058 933 1094">
    <p class='ocr_par' dir='ltr' id='par_1_20' title="bbox 155 1058 933 1094">
     <span class='ocr_line' id='line_1_20' title="bbox 155 1058 933 1094; baseline -0.001 -9"><span class='ocrx_word' id='word_1_154' title='bbox 155 1067 196 1093; x_wconf 83' lang='lat' dir='ltr'><strong>per</strong></span> <span class='ocrx_word' id='word_1_155' title='bbox 209 1060 275 1085; x_wconf 88' lang='lat' dir='ltr'><strong>viam</strong></span> <span class='ocrx_word' id='word_1_156' title='bbox 295 1064 442 1094; x_wconf 79' lang='lat' dir='ltr'><strong>angustant.</strong></span> <span class='ocrx_word' id='word_1_157' title='bbox 465 1059 572 1089; x_wconf 79' lang='lat' dir='ltr'><strong>I‘rol&#39;er,</strong></span> <span class='ocrx_word' id='word_1_158' title='bbox 590 1058 693 1093; x_wconf 89' lang='lat' dir='ltr'><strong>ittquant</strong></span> <span class='ocrx_word' id='word_1_159' title='bbox 707 1079 714 1091; x_wconf 96' lang='lat'><strong>,</strong></span> <span class='ocrx_word' id='word_1_160' title='bbox 728 1062 853 1085; x_wconf 83' lang='lat' dir='ltr'><strong>stateram</strong></span> <span class='ocrx_word' id='word_1_161' title='bbox 867 1079 873 1090; x_wconf 97' lang='lat'><strong>,</strong></span> <span class='ocrx_word' id='word_1_162' title='bbox 888 1066 933 1092; x_wconf 89' lang='lat' dir='ltr'><strong>ap-</strong></span> 
     </span>
    </p>
   </div>
   <div class='ocr_carea' id='block_1_21' title="bbox 155 1105 933 1140">
    <p class='ocr_par' dir='ltr' id='par_1_21' title="bbox 155 1105 933 1140">
     <span class='ocr_line' id='line_1_21' title="bbox 155 1105 933 1140; baseline -0.001 -9"><span class='ocrx_word' id='word_1_163' title='bbox 155 1105 235 1140; x_wconf 82' lang='lat' dir='ltr'><strong>pende</strong></span> <span class='ocrx_word' id='word_1_164' title='bbox 257 1115 262 1131; x_wconf 92' lang='lat'><strong>:</strong></span> <span class='ocrx_word' id='word_1_165' title='bbox 285 1105 343 1132; x_wconf 85' lang='lat' dir='ltr'><strong>vide</strong></span> <span class='ocrx_word' id='word_1_166' title='bbox 367 1110 457 1131; x_wconf 79' lang='lat' dir='ltr'><strong>contra</strong></span> <span class='ocrx_word' id='word_1_167' title='bbox 480 1112 563 1139; x_wconf 81' lang='lat' dir='ltr'><strong>pauca</strong></span> <span class='ocrx_word' id='word_1_168' title='bbox 584 1111 664 1139; x_wconf 81' lang='lat' dir='ltr'><strong>grana</strong></span> <span class='ocrx_word' id='word_1_169' title='bbox 686 1109 811 1139; x_wconf 81' lang='lat' dir='ltr'><strong>quantam</strong></span> <span class='ocrx_word' id='word_1_170' title='bbox 833 1105 933 1138; x_wconf 86' lang='lat' dir='ltr'><strong>paleam</strong></span> 
     </span>
    </p>
   </div>
   <div class='ocr_carea' id='block_1_22' title="bbox 155 1149 932 1184">
    <p class='ocr_par' dir='ltr' id='par_1_22' title="bbox 155 1149 932 1184">
     <span class='ocr_line' id='line_1_22' title="bbox 155 1149 932 1184; baseline -0.003 -7"><span class='ocrx_word' id='word_1_171' title='bbox 155 1152 230 1178; x_wconf 80' lang='lat' dir='ltr'><strong>leves.</strong></span> <span class='ocrx_word' id='word_1_172' title='bbox 253 1151 307 1177; x_wconf 83' lang='lat' dir='ltr'><strong>Hoc</strong></span> <span class='ocrx_word' id='word_1_173' title='bbox 327 1155 404 1184; x_wconf 78' lang='lat' dir='ltr'><strong>agant</strong></span> <span class='ocrx_word' id='word_1_174' title='bbox 421 1150 511 1176; x_wconf 86' lang='lat' dir='ltr'><strong>tideles</strong></span> <span class='ocrx_word' id='word_1_175' title='bbox 529 1150 591 1184; x_wconf 84' lang='lat' dir='ltr'><strong>justi</strong></span> <span class='ocrx_word' id='word_1_176' title='bbox 612 1149 655 1184; x_wconf 87' lang='lat' dir='ltr'><strong>qtti</strong></span> <span class='ocrx_word' id='word_1_177' title='bbox 678 1154 831 1184; x_wconf 90' lang='lat' dir='ltr'><strong>sequuntur.</strong></span> <span class='ocrx_word' id='word_1_178' title='bbox 846 1149 913 1183; x_wconf 86' lang='lat' dir='ltr'><strong>Quid</strong></span> <span class='ocrx_word' id='word_1_179' title='bbox 925 1150 932 1164; x_wconf 92' lang='grc'>¹</span> 
     </span>
    </p>
   </div>
   <div class='ocr_carea' id='block_1_23' title="bbox 155 1196 933 1232">
    <p class='ocr_par' dir='ltr' id='par_1_23' title="bbox 155 1196 933 1232">
     <span class='ocr_line' id='line_1_23' title="bbox 155 1196 933 1232; baseline -0.004 -8"><span class='ocrx_word' id='word_1_180' title='bbox 155 1198 189 1224; x_wconf 86' lang='lat' dir='ltr'><strong>illi</strong></span> <span class='ocrx_word' id='word_1_181' title='bbox 204 1198 246 1232; x_wconf 86' lang='lat' dir='ltr'><strong>qui</strong></span> <span class='ocrx_word' id='word_1_182' title='bbox 262 1196 433 1231; x_wconf 69' lang='lat' dir='ltr'><strong>prtcccdnnt?</strong></span> <span class='ocrx_word' id='word_1_183' title='bbox 456 1196 511 1223; x_wconf 73' lang='lat' dir='ltr'><strong>Non</strong></span> <span class='ocrx_word' id='word_1_184' title='bbox 525 1196 688 1231; x_wconf 79' lang='lat' dir='ltr'><strong>superbiant,</strong></span> <span class='ocrx_word' id='word_1_185' title='bbox 701 1204 753 1222; x_wconf 88' lang='lat' dir='ltr'><strong>ttott</strong></span> <span class='ocrx_word' id='word_1_186' title='bbox 768 1203 796 1223; x_wconf 90' lang='lat' dir='ltr'><strong>se</strong></span> <span class='ocrx_word' id='word_1_187' title='bbox 807 1196 933 1226; x_wconf 75' lang='lat' dir='ltr'><strong>exultent,</strong></span> 
     </span>
    </p>
   </div>
   <div class='ocr_carea' id='block_1_24' title="bbox 156 1240 935 1277">
    <p class='ocr_par' dir='ltr' id='par_1_24' title="bbox 156 1240 935 1277">
     <span class='ocr_line' id='line_1_24' title="bbox 156 1240 935 1277; baseline -0.005 -7"><span class='ocrx_word' id='word_1_188' title='bbox 156 1251 204 1270; x_wconf 89' lang='lat' dir='ltr'><strong>tton</strong></span> <span class='ocrx_word' id='word_1_189' title='bbox 217 1243 350 1277; x_wconf 72' lang='lat' dir='ltr'><strong>decipiant</strong></span> <span class='ocrx_word' id='word_1_190' title='bbox 366 1245 516 1276; x_wconf 75' lang='lat' dir='ltr'><strong>sequentes.</strong></span> <span class='ocrx_word' id='word_1_191' title='bbox 536 1241 673 1275; x_wconf 85' lang='lat' dir='ltr'><strong>Quomodo</strong></span> <span class='ocrx_word' id='word_1_192' title='bbox 686 1245 795 1276; x_wconf 86' lang='lat' dir='ltr'><strong>possunt</strong></span> <span class='ocrx_word' id='word_1_193' title='bbox 813 1240 935 1275; x_wconf 84' lang='lat' dir='ltr'><strong>decipere</strong></span> 
     </span>
    </p>
   </div>
   <div class='ocr_carea' id='block_1_25' title="bbox 154 1286 936 1323">
    <p class='ocr_par' dir='ltr' id='par_1_25' title="bbox 154 1286 936 1323">
     <span class='ocr_line' id='line_1_25' title="bbox 154 1286 936 1323; baseline -0.003 -8"><span class='ocrx_word' id='word_1_194' title='bbox 154 1293 291 1323; x_wconf 76' lang='lat' dir='ltr'><strong>sequentes</strong></span> <span class='ocrx_word' id='word_1_195' title='bbox 301 1289 312 1314; x_wconf 83' lang='lat'><strong>?</strong></span> <span class='ocrx_word' id='word_1_196' title='bbox 334 1286 515 1314; x_wconf 74' lang='lat' dir='ltr'><strong>l’t&#39;omittendo</strong></span> <span class='ocrx_word' id='word_1_197' title='bbox 541 1287 593 1314; x_wconf 87' lang='lat' dir='ltr'><strong>illis</strong></span> <span class='ocrx_word' id='word_1_198' title='bbox 619 1287 643 1313; x_wconf 90' lang='lat' dir='ltr'><strong>in</strong></span> <span class='ocrx_word' id='word_1_199' title='bbox 672 1294 700 1313; x_wconf 87' lang='lat' dir='ltr'><strong>se</strong></span> <span class='ocrx_word' id='word_1_200' title='bbox 721 1286 841 1313; x_wconf 85' lang='lat' dir='ltr'><strong>salutem.</strong></span> <span class='ocrx_word' id='word_1_201' title='bbox 869 1286 936 1320; x_wconf 87' lang='lat' dir='ltr'><strong>Quid</strong></span> 
     </span>
    </p>
   </div>
   <div class='ocr_carea' id='block_1_26' title="bbox 155 1330 936 1368">
    <p class='ocr_par' dir='ltr' id='par_1_26' title="bbox 155 1330 936 1368">
     <span class='ocr_line' id='line_1_26' title="bbox 155 1330 936 1368; baseline -0.004 -8"><span class='ocrx_word' id='word_1_202' title='bbox 155 1341 214 1368; x_wconf 78' lang='lat' dir='ltr'><strong>ergo</strong></span> <span class='ocrx_word' id='word_1_203' title='bbox 234 1333 332 1360; x_wconf 89' lang='lat' dir='ltr'><strong>debcttt</strong></span> <span class='ocrx_word' id='word_1_204' title='bbox 358 1333 394 1359; x_wconf 91' lang='lat' dir='ltr'><strong>illi</strong></span> <span class='ocrx_word' id='word_1_205' title='bbox 417 1332 459 1366; x_wconf 86' lang='lat' dir='ltr'><strong>qui</strong></span> <span class='ocrx_word' id='word_1_206' title='bbox 480 1331 646 1366; x_wconf 87' lang='lat' dir='ltr'><strong>sequuntur?</strong></span> <span class='ocrx_word' id='word_1_207' title='bbox 669 1330 791 1358; x_wconf 81' lang='lat' dir='ltr'><strong>Videbunt</strong></span> <span class='ocrx_word' id='word_1_208' title='bbox 810 1332 892 1366; x_wconf 83' lang='lat' dir='ltr'><strong>justi,</strong></span> <span class='ocrx_word' id='word_1_209' title='bbox 913 1337 936 1358; x_wconf 86' lang='lat' dir='ltr'><strong>et</strong></span> 
     </span>
    </p>
   </div>
   <div class='ocr_carea' id='block_1_27' title="bbox 155 1376 935 1411">
    <p class='ocr_par' dir='ltr' id='par_1_27' title="bbox 155 1376 935 1411">
     <span class='ocr_line' id='line_1_27' title="bbox 155 1376 935 1411; baseline 0 -8"><span class='ocrx_word' id='word_1_210' title='bbox 155 1378 279 1411; x_wconf 81' lang='lat' dir='ltr'><strong>timebunt,</strong></span> <span class='ocrx_word' id='word_1_211' title='bbox 297 1383 319 1403; x_wconf 89' lang='lat' dir='ltr'><strong>et</strong></span> <span class='ocrx_word' id='word_1_212' title='bbox 334 1378 467 1411; x_wconf 77' lang='lat' dir='ltr'><strong>sperabunt</strong></span> <span class='ocrx_word' id='word_1_213' title='bbox 478 1377 503 1403; x_wconf 89' lang='lat' dir='ltr'><strong>in</strong></span> <span class='ocrx_word' id='word_1_214' title='bbox 516 1376 670 1403; x_wconf 85' lang='lat' dir='ltr'><strong>Dominum:</strong></span> <span class='ocrx_word' id='word_1_215' title='bbox 687 1383 738 1403; x_wconf 92' lang='lat' dir='ltr'><strong>non</strong></span> <span class='ocrx_word' id='word_1_216' title='bbox 753 1377 777 1403; x_wconf 88' lang='lat' dir='ltr'><strong>itt</strong></span> <span class='ocrx_word' id='word_1_217' title='bbox 792 1384 838 1403; x_wconf 88' lang='lat' dir='ltr'><strong>eos</strong></span> <span class='ocrx_word' id='word_1_218' title='bbox 848 1384 862 1402; x_wconf 87' lang='lat' dir='ltr'><strong>a</strong></span> <span class='ocrx_word' id='word_1_219' title='bbox 876 1377 935 1411; x_wconf 34' lang='lat' dir='ltr'><strong>quis</strong></span> 
     </span>
    </p>
   </div>
   <div class='ocr_carea' id='block_1_28' title="bbox 157 1421 934 1458">
    <p class='ocr_par' dir='ltr' id='par_1_28' title="bbox 157 1421 934 1458">
     <span class='ocr_line' id='line_1_28' title="bbox 157 1421 934 1458; baseline -0.001 -8"><span class='ocrx_word' id='word_1_220' title='bbox 157 1424 201 1450; x_wconf 71' lang='lat' dir='ltr'><strong>ltus</strong></span> <span class='ocrx_word' id='word_1_221' title='bbox 221 1424 404 1458; x_wconf 73' lang='lat' dir='ltr'><strong>przeceduntur</strong></span> <span class='ocrx_word' id='word_1_222' title='bbox 424 1432 430 1448; x_wconf 92' lang='lat'><strong>:</strong></span> <span class='ocrx_word' id='word_1_223' title='bbox 451 1422 497 1449; x_wconf 85' lang='lat' dir='ltr'><strong>sed</strong></span> <span class='ocrx_word' id='word_1_224' title='bbox 519 1421 678 1449; x_wconf 85' lang='lat' dir='ltr'><strong>attendendo</strong></span> <span class='ocrx_word' id='word_1_225' title='bbox 699 1422 877 1456; x_wconf 70' lang='lat' dir='ltr'><strong>prmcedentes</strong></span> <span class='ocrx_word' id='word_1_226' title='bbox 896 1430 934 1454; x_wconf 89' lang='lat' dir='ltr'><strong>sc,</strong></span> 
     </span>
    </p>
   </div>
   <div class='ocr_carea' id='block_1_29' title="bbox 155 1467 935 1504">
    <p class='ocr_par' dir='ltr' id='par_1_29' title="bbox 155 1467 935 1504">
     <span class='ocr_line' id='line_1_29' title="bbox 155 1467 935 1504; baseline -0.003 -8"><span class='ocrx_word' id='word_1_227' title='bbox 155 1474 296 1504; x_wconf 79' lang='lat' dir='ltr'><strong>scqumtnr</strong></span> <span class='ocrx_word' id='word_1_228' title='bbox 315 1468 419 1503; x_wconf 86' lang='lat' dir='ltr'><strong>quidem</strong></span> <span class='ocrx_word' id='word_1_229' title='bbox 435 1473 460 1495; x_wconf 90' lang='lat' dir='ltr'><strong>et</strong></span> <span class='ocrx_word' id='word_1_230' title='bbox 481 1468 627 1500; x_wconf 85' lang='lat' dir='ltr'><strong>imitantur,</strong></span> <span class='ocrx_word' id='word_1_231' title='bbox 643 1467 690 1495; x_wconf 90' lang='lat' dir='ltr'><strong>sed</strong></span> <span class='ocrx_word' id='word_1_232' title='bbox 710 1468 769 1502; x_wconf 87' lang='lat' dir='ltr'><strong>quia</strong></span> <span class='ocrx_word' id='word_1_233' title='bbox 789 1467 905 1502; x_wconf 81' lang='lat' dir='ltr'><strong>cogitant</strong></span> <span class='ocrx_word' id='word_1_234' title='bbox 921 1475 935 1494; x_wconf 90' lang='lat' dir='ltr'><strong>a</strong></span> 
     </span>
    </p>
   </div>
   <div class='ocr_carea' id='block_1_30' title="bbox 155 1513 934 1549">
    <p class='ocr_par' dir='ltr' id='par_1_30' title="bbox 155 1513 934 1549">
     <span class='ocr_line' id='line_1_30' title="bbox 155 1513 934 1549; baseline -0.004 -7"><span class='ocrx_word' id='word_1_235' title='bbox 155 1524 204 1549; x_wconf 87' lang='lat' dir='ltr'><strong>quo</strong></span> <span class='ocrx_word' id='word_1_236' title='bbox 222 1515 371 1549; x_wconf 88' lang='lat' dir='ltr'><strong>acceperint</strong></span> <span class='ocrx_word' id='word_1_237' title='bbox 395 1514 429 1540; x_wconf 92' lang='lat' dir='ltr'><strong>illi</strong></span> <span class='ocrx_word' id='word_1_238' title='bbox 442 1518 470 1540; x_wconf 78' lang='grc' dir='ltr'><strong>ιιι</strong></span> <span class='ocrx_word' id='word_1_239' title='bbox 484 1513 643 1548; x_wconf 74' lang='lat' dir='ltr'><strong>pratcedant,</strong></span> <span class='ocrx_word' id='word_1_240' title='bbox 659 1517 685 1540; x_wconf 92' lang='lat' dir='ltr'><strong>et</strong></span> <span class='ocrx_word' id='word_1_241' title='bbox 700 1513 725 1539; x_wconf 91' lang='lat' dir='ltr'><strong>itt</strong></span> <span class='ocrx_word' id='word_1_242' title='bbox 745 1520 804 1539; x_wconf 89' lang='lat' dir='ltr'><strong>eum</strong></span> <span class='ocrx_word' id='word_1_243' title='bbox 819 1517 934 1547; x_wconf 85' lang='lat' dir='ltr'><strong>sperant.</strong></span> 
     </span>
    </p>
   </div>
   <div class='ocr_carea' id='block_1_31' title="bbox 155 1558 935 1594">
    <p class='ocr_par' dir='ltr' id='par_1_31' title="bbox 155 1558 935 1594">
     <span class='ocr_line' id='line_1_31' title="bbox 155 1558 935 1594; baseline -0.004 -7"><span class='ocrx_word' id='word_1_244' title='bbox 155 1561 276 1594; x_wconf 80' lang='lat' dir='ltr'><strong>Quamvis</strong></span> <span class='ocrx_word' id='word_1_245' title='bbox 294 1567 356 1594; x_wconf 78' lang='lat' dir='ltr'><strong>ergo</strong></span> <span class='ocrx_word' id='word_1_246' title='bbox 376 1560 439 1586; x_wconf 81' lang='lat' dir='ltr'><strong>istos</strong></span> <span class='ocrx_word' id='word_1_247' title='bbox 454 1559 598 1590; x_wconf 87' lang='lat' dir='ltr'><strong>imitentur,</strong></span> <span class='ocrx_word' id='word_1_248' title='bbox 621 1565 695 1593; x_wconf 90' lang='lat' dir='ltr'><strong>spem</strong></span> <span class='ocrx_word' id='word_1_249' title='bbox 715 1565 789 1585; x_wconf 90' lang='lat' dir='ltr'><strong>suam</strong></span> <span class='ocrx_word' id='word_1_250' title='bbox 809 1562 896 1584; x_wconf 88' lang='lat' dir='ltr'><strong>tamen</strong></span> <span class='ocrx_word' id='word_1_251' title='bbox 910 1558 935 1584; x_wconf 92' lang='lat' dir='ltr'><strong>in</strong></span> 
     </span>
    </p>
   </div>
   <div class='ocr_carea' id='block_1_32' title="bbox 156 1604 934 1640">
    <p class='ocr_par' dir='ltr' id='par_1_32' title="bbox 156 1604 934 1640">
     <span class='ocr_line' id='line_1_32' title="bbox 156 1604 934 1640; baseline -0.003 -8"><span class='ocrx_word' id='word_1_252' title='bbox 156 1607 197 1633; x_wconf 91' lang='lat' dir='ltr'><strong>illo</strong></span> <span class='ocrx_word' id='word_1_253' title='bbox 210 1611 319 1640; x_wconf 83' lang='lat' dir='ltr'><strong>ponunt,</strong></span> <span class='ocrx_word' id='word_1_254' title='bbox 334 1614 347 1632; x_wconf 91' lang='lat' dir='ltr'><strong>a</strong></span> <span class='ocrx_word' id='word_1_255' title='bbox 362 1613 414 1640; x_wconf 88' lang='lat' dir='ltr'><strong>quo</strong></span> <span class='ocrx_word' id='word_1_256' title='bbox 428 1610 454 1631; x_wconf 90' lang='lat' dir='ltr'><strong>et</strong></span> <span class='ocrx_word' id='word_1_257' title='bbox 470 1605 515 1633; x_wconf 89' lang='lat' dir='ltr'><strong>jsti</strong></span> <span class='ocrx_word' id='word_1_258' title='bbox 528 1609 689 1639; x_wconf 87' lang='lat' dir='ltr'><strong>acceperunt</strong></span> <span class='ocrx_word' id='word_1_259' title='bbox 704 1604 774 1631; x_wconf 89' lang='lat' dir='ltr'><strong>unde</strong></span> <span class='ocrx_word' id='word_1_260' title='bbox 787 1604 852 1631; x_wconf 85' lang='lat' dir='ltr'><strong>tales</strong></span> <span class='ocrx_word' id='word_1_261' title='bbox 865 1608 934 1631; x_wconf 90' lang='lat' dir='ltr'><strong>sunt.</strong></span> 
     </span>
    </p>
   </div>
   <div class='ocr_carea' id='block_1_33' title="bbox 161 1650 936 1687">
    <p class='ocr_par' dir='ltr' id='par_1_33' title="bbox 161 1650 936 1687">
     <span class='ocr_line' id='line_1_33' title="bbox 161 1650 936 1687; baseline -0.004 -8"><span class='ocrx_word' id='word_1_262' title='bbox 161 1652 278 1679; x_wconf 68' lang='lat' dir='ltr'><strong>Videbunt</strong></span> <span class='ocrx_word' id='word_1_263' title='bbox 294 1653 368 1687; x_wconf 88' lang='lat' dir='ltr'><strong>justi,</strong></span> <span class='ocrx_word' id='word_1_264' title='bbox 380 1657 401 1678; x_wconf 84' lang='lat' dir='ltr'><strong>ct</strong></span> <span class='ocrx_word' id='word_1_265' title='bbox 418 1652 547 1683; x_wconf 83' lang='lat' dir='ltr'><strong>timebunt,</strong></span> <span class='ocrx_word' id='word_1_266' title='bbox 559 1656 582 1678; x_wconf 91' lang='lat' dir='ltr'><strong>et</strong></span> <span class='ocrx_word' id='word_1_267' title='bbox 593 1650 727 1685; x_wconf 73' lang='lat' dir='ltr'><strong>sperabunt</strong></span> <span class='ocrx_word' id='word_1_268' title='bbox 743 1651 769 1677; x_wconf 81' lang='lat' dir='ltr'><strong>in</strong></span> <span class='ocrx_word' id='word_1_269' title='bbox 781 1650 915 1677; x_wconf 88' lang='lat' dir='ltr'><strong>Dominunt</strong></span> <span class='ocrx_word' id='word_1_270' title='bbox 926 1658 936 1676; x_wconf 91' lang='lat'><strong>:</strong></span> 
     </span>
    </p>
   </div>
   <div class='ocr_carea' id='block_1_34' title="bbox 155 1696 937 1733">
    <p class='ocr_par' dir='ltr' id='par_1_34' title="bbox 155 1696 937 1733">
     <span class='ocr_line' id='line_1_34' title="bbox 155 1696 937 1733; baseline -0.003 -9"><span class='ocrx_word' id='word_1_271' title='bbox 155 1699 373 1733; x_wconf 83' lang='lat' dir='ltr'><strong>quemadmodum</strong></span> <span class='ocrx_word' id='word_1_272' title='bbox 389 1699 413 1725; x_wconf 95' lang='lat' dir='ltr'><strong>in</strong></span> <span class='ocrx_word' id='word_1_273' title='bbox 425 1698 476 1724; x_wconf 91' lang='lat' dir='ltr'><strong>alio</strong></span> <span class='ocrx_word' id='word_1_274' title='bbox 491 1697 610 1732; x_wconf 81' lang='lat' dir='ltr'><strong>psalmo,</strong></span> <span class='ocrx_word' id='word_1_275' title='bbox 623 1696 711 1723; x_wconf 69' lang='lat' dir='ltr'><strong>Levavi</strong></span> <span class='ocrx_word' id='word_1_276' title='bbox 724 1697 808 1723; x_wconf 84' lang='lat' dir='ltr'><strong>oculos</strong></span> <span class='ocrx_word' id='word_1_277' title='bbox 825 1704 891 1723; x_wconf 83' lang='lat' dir='ltr'><strong>meos</strong></span> <span class='ocrx_word' id='word_1_278' title='bbox 910 1697 937 1723; x_wconf 87' lang='lat' dir='ltr'><strong>in</strong></span> 
     </span>
    </p>
   </div>
   <div class='ocr_carea' id='block_1_35' title="bbox 155 1742 935 1778">
    <p class='ocr_par' dir='ltr' id='par_1_35' title="bbox 155 1742 935 1778">
     <span class='ocr_line' id='line_1_35' title="bbox 155 1742 935 1778; baseline -0.001 -9"><span class='ocrx_word' id='word_1_279' title='bbox 155 1749 256 1774; x_wconf 83' lang='lat' dir='ltr'><strong>montes.</strong></span> <span class='ocrx_word' id='word_1_280' title='bbox 278 1743 448 1778; x_wconf 75' lang='lat' dir='ltr'><strong>intelligimus</strong></span> <span class='ocrx_word' id='word_1_281' title='bbox 463 1746 577 1775; x_wconf 75' lang='lat' dir='ltr'><strong>mortles,</strong></span> <span class='ocrx_word' id='word_1_282' title='bbox 600 1742 687 1769; x_wconf 86' lang='lat' dir='ltr'><strong>claros</strong></span> <span class='ocrx_word' id='word_1_283' title='bbox 701 1749 820 1776; x_wconf 90' lang='lat' dir='ltr'><strong>quosque</strong></span> <span class='ocrx_word' id='word_1_284' title='bbox 838 1746 864 1768; x_wconf 88' lang='lat' dir='ltr'><strong>et</strong></span> <span class='ocrx_word' id='word_1_285' title='bbox 879 1749 935 1768; x_wconf 88' lang='lat' dir='ltr'><strong>nta-</strong></span> 
     </span>
    </p>
   </div>
   <div class='ocr_carea' id='block_1_36' title="bbox 154 1787 934 1824">
    <p class='ocr_par' dir='ltr' id='par_1_36' title="bbox 154 1787 934 1824">
     <span class='ocr_line' id='line_1_36' title="bbox 154 1787 934 1824; baseline -0.003 -9"><span class='ocrx_word' id='word_1_286' title='bbox 154 1797 217 1824; x_wconf 72' lang='lat' dir='ltr'><strong>gnos</strong></span> <span class='ocrx_word' id='word_1_287' title='bbox 237 1789 363 1817; x_wconf 63' lang='lat' dir='ltr'><strong>Ecclesim</strong></span> <span class='ocrx_word' id='word_1_288' title='bbox 383 1788 533 1822; x_wconf 87' lang='lat' dir='ltr'><strong>spirituales</strong></span> <span class='ocrx_word' id='word_1_289' title='bbox 555 1788 642 1819; x_wconf 83' lang='lat' dir='ltr'><strong>viros,</strong></span> <span class='ocrx_word' id='word_1_290' title='bbox 664 1795 773 1822; x_wconf 79' lang='lat' dir='ltr'><strong>magnos</strong></span> <span class='ocrx_word' id='word_1_291' title='bbox 792 1787 934 1821; x_wconf 85' lang='lat' dir='ltr'><strong>soliditate,</strong></span> 
     </span>
    </p>
   </div>
   <div class='ocr_carea' id='block_1_37' title="bbox 154 1832 936 1867">
    <p class='ocr_par' dir='ltr' id='par_1_37' title="bbox 154 1832 936 1867">
     <span class='ocr_line' id='line_1_37' title="bbox 154 1832 936 1867; baseline -0.005 -5"><span class='ocrx_word' id='word_1_292' title='bbox 154 1844 204 1862; x_wconf 89' lang='lat' dir='ltr'><strong>non</strong></span> <span class='ocrx_word' id='word_1_293' title='bbox 217 1840 329 1862; x_wconf 83' lang='lat' dir='ltr'><strong>tumore.</strong></span> <span class='ocrx_word' id='word_1_294' title='bbox 352 1835 401 1861; x_wconf 75' lang='lat' dir='ltr'><strong>I’er</strong></span> <span class='ocrx_word' id='word_1_295' title='bbox 414 1834 485 1867; x_wconf 86' lang='lat' dir='ltr'><strong>ipsos</strong></span> <span class='ocrx_word' id='word_1_296' title='bbox 496 1833 572 1860; x_wconf 87' lang='lat' dir='ltr'><strong>nobis</strong></span> <span class='ocrx_word' id='word_1_297' title='bbox 583 1832 717 1867; x_wconf 87' lang='lat' dir='ltr'><strong>Scriptura</strong></span> <span class='ocrx_word' id='word_1_298' title='bbox 731 1832 817 1859; x_wconf 90' lang='lat' dir='ltr'><strong>omnis</strong></span> <span class='ocrx_word' id='word_1_299' title='bbox 830 1832 936 1866; x_wconf 89' lang='lat' dir='ltr'><strong>dispen-</strong></span> 
     </span>
    </p>
   </div>
   <div class='ocr_carea' id='block_1_38' title="bbox 153 1876 937 1914">
    <p class='ocr_par' dir='ltr' id='par_1_38' title="bbox 153 1876 937 1914">
     <span class='ocr_line' id='line_1_38' title="bbox 153 1876 937 1914; baseline -0.003 -6"><span class='ocrx_word' id='word_1_300' title='bbox 153 1887 208 1908; x_wconf 82' lang='lat' dir='ltr'><strong>sata</strong></span> <span class='ocrx_word' id='word_1_301' title='bbox 223 1886 279 1913; x_wconf 82' lang='lat' dir='ltr'><strong>est;</strong></span> <span class='ocrx_word' id='word_1_302' title='bbox 304 1881 442 1914; x_wconf 69' lang='lat' dir='ltr'><strong>Prophette</strong></span> <span class='ocrx_word' id='word_1_303' title='bbox 460 1884 530 1912; x_wconf 88' lang='lat' dir='ltr'><strong>sunt,</strong></span> <span class='ocrx_word' id='word_1_304' title='bbox 543 1878 716 1913; x_wconf 67' lang='lat' dir='ltr'><strong>Evangelistaa</strong></span> <span class='ocrx_word' id='word_1_305' title='bbox 727 1876 802 1911; x_wconf 87' lang='lat' dir='ltr'><strong>sunt,</strong></span> <span class='ocrx_word' id='word_1_306' title='bbox 814 1879 937 1906; x_wconf 80' lang='lat' dir='ltr'><strong>doctores</strong></span> 
     </span>
    </p>
   </div>
   <div class='ocr_carea' id='block_1_39' title="bbox 154 1924 938 1958">
    <p class='ocr_par' dir='ltr' id='par_1_39' title="bbox 154 1924 938 1958">
     <span class='ocr_line' id='line_1_39' title="bbox 154 1924 938 1958; baseline -0.005 -4"><span class='ocrx_word' id='word_1_307' title='bbox 154 1927 214 1954; x_wconf 81' lang='lat' dir='ltr'><strong>boni</strong></span> <span class='ocrx_word' id='word_1_308' title='bbox 234 1931 296 1953; x_wconf 91' lang='lat' dir='ltr'><strong>sunt</strong></span> <span class='ocrx_word' id='word_1_309' title='bbox 315 1936 320 1953; x_wconf 89' lang='lat'><strong>:</strong></span> <span class='ocrx_word' id='word_1_310' title='bbox 344 1927 404 1953; x_wconf 89' lang='lat' dir='ltr'><strong>illuc</strong></span> <span class='ocrx_word' id='word_1_311' title='bbox 425 1926 501 1952; x_wconf 79' lang='lat' dir='ltr'><strong>levavi</strong></span> <span class='ocrx_word' id='word_1_312' title='bbox 522 1925 607 1952; x_wconf 82' lang='lat' dir='ltr'><strong>oculos</strong></span> <span class='ocrx_word' id='word_1_313' title='bbox 620 1933 686 1952; x_wconf 82' lang='lat' dir='ltr'><strong>meos</strong></span> <span class='ocrx_word' id='word_1_314' title='bbox 706 1924 732 1951; x_wconf 87' lang='lat' dir='ltr'><strong>in</strong></span> <span class='ocrx_word' id='word_1_315' title='bbox 746 1925 857 1958; x_wconf 74' lang='lat' dir='ltr'><strong>montes,</strong></span> <span class='ocrx_word' id='word_1_316' title='bbox 871 1925 938 1951; x_wconf 88' lang='lat' dir='ltr'><strong>unde</strong></span> 
     </span>
    </p>
   </div>
   <div class='ocr_carea' id='block_1_40' title="bbox 152 1969 938 2004">
    <p class='ocr_par' dir='ltr' id='par_1_40' title="bbox 152 1969 938 2004">
     <span class='ocr_line' id='line_1_40' title="bbox 152 1969 938 2004; baseline -0.003 -6"><span class='ocrx_word' id='word_1_317' title='bbox 152 1973 230 1998; x_wconf 78' lang='lat' dir='ltr'><strong>renict</strong></span> <span class='ocrx_word' id='word_1_318' title='bbox 246 1972 369 1998; x_wconf 72' lang='lat' dir='ltr'><strong>auxiliata</strong></span> <span class='ocrx_word' id='word_1_319' title='bbox 383 1971 453 1997; x_wconf 81' lang='lat' dir='ltr'><strong>ini/ti.</strong></span> <span class='ocrx_word' id='word_1_320' title='bbox 475 1970 507 1997; x_wconf 85' lang='lat' dir='ltr'><strong>Et</strong></span> <span class='ocrx_word' id='word_1_321' title='bbox 526 1977 560 1997; x_wconf 87' lang='lat' dir='ltr'><strong>ne</strong></span> <span class='ocrx_word' id='word_1_322' title='bbox 579 1969 722 1997; x_wconf 88' lang='lat' dir='ltr'><strong>ltumattum</strong></span> <span class='ocrx_word' id='word_1_323' title='bbox 740 1974 845 2004; x_wconf 89' lang='lat' dir='ltr'><strong>putares</strong></span> <span class='ocrx_word' id='word_1_324' title='bbox 863 1969 938 1996; x_wconf 87' lang='lat' dir='ltr'><strong>auxi-</strong></span> 
     </span>
    </p>
   </div>
   <div class='ocr_carea' id='block_1_41' title="bbox 150 2015 936 2052">
    <p class='ocr_par' dir='ltr' id='par_1_41' title="bbox 150 2015 936 2052">
     <span class='ocr_line' id='line_1_41' title="bbox 150 2015 936 2052; baseline -0.005 -7"><span class='ocrx_word' id='word_1_325' title='bbox 150 2019 226 2048; x_wconf 84' lang='lat' dir='ltr'><strong>linnt.</strong></span> <span class='ocrx_word' id='word_1_326' title='bbox 244 2018 372 2052; x_wconf 84' lang='lat' dir='ltr'><strong>sequitur,</strong></span> <span class='ocrx_word' id='word_1_327' title='bbox 393 2022 419 2043; x_wconf 86' lang='lat' dir='ltr'><strong>et</strong></span> <span class='ocrx_word' id='word_1_328' title='bbox 438 2016 519 2043; x_wconf 88' lang='lat' dir='ltr'><strong>dicit:</strong></span> <span class='ocrx_word' id='word_1_329' title='bbox 533 2015 662 2042; x_wconf 71' lang='lat' dir='ltr'><strong>Auxilium</strong></span> <span class='ocrx_word' id='word_1_330' title='bbox 682 2023 763 2042; x_wconf 84' lang='lat' dir='ltr'><strong>meum</strong></span> <span class='ocrx_word' id='word_1_331' title='bbox 782 2024 798 2041; x_wconf 92' lang='lat' dir='ltr'><strong>a</strong></span> <span class='ocrx_word' id='word_1_332' title='bbox 816 2015 936 2048; x_wconf 87' lang='lat' dir='ltr'><strong>Domino,</strong></span> 
     </span>
    </p>
   </div>
   <div class='ocr_carea' id='block_1_42' title="bbox 148 2060 938 2098">
    <p class='ocr_par' dir='ltr' id='par_1_42' title="bbox 148 2060 938 2098">
     <span class='ocr_line' id='line_1_42' title="bbox 148 2060 938 2098; baseline -0.003 -8"><span class='ocrx_word' id='word_1_333' title='bbox 148 2064 196 2098; x_wconf 84' lang='lat' dir='ltr'><strong>qui</strong></span> <span class='ocrx_word' id='word_1_334' title='bbox 209 2064 265 2098; x_wconf 74' lang='lat' dir='ltr'><strong>fecit</strong></span> <span class='ocrx_word' id='word_1_335' title='bbox 279 2063 366 2089; x_wconf 77' lang='grc' dir='ltr'><strong>εαἸιληι</strong></span> <span class='ocrx_word' id='word_1_336' title='bbox 386 2068 408 2088; x_wconf 84' lang='grc' dir='ltr'><strong>οι</strong></span> <span class='ocrx_word' id='word_1_337' title='bbox 428 2067 520 2088; x_wconf 78' lang='lat' dir='ltr'><strong>terram</strong></span> <span class='ocrx_word' id='word_1_338' title='bbox 540 2060 623 2097; x_wconf 88' lang='lat' dir='ltr'><strong>(Psal.</strong></span> <span class='ocrx_word' id='word_1_339' title='bbox 636 2068 685 2088; x_wconf 77' lang='lat' dir='ltr'><strong>cxx</strong></span> <span class='ocrx_word' id='word_1_340' title='bbox 696 2082 703 2093; x_wconf 94' lang='lat'><strong>,</strong></span> <span class='ocrx_word' id='word_1_341' title='bbox 719 2061 728 2087; x_wconf 88' lang='lat' dir='ltr'><strong>l</strong></span> <span class='ocrx_word' id='word_1_342' title='bbox 742 2082 749 2093; x_wconf 92' lang='lat'><strong>,</strong></span> <span class='ocrx_word' id='word_1_343' title='bbox 760 2060 799 2096; x_wconf 71' lang='grc' dir='ltr'><strong>Ξ).</strong></span> <span class='ocrx_word' id='word_1_344' title='bbox 817 2060 938 2088; x_wconf 76' lang='lat' dir='ltr'><strong>Videbunt</strong></span> 
     </span>
    </p>
   </div>
   <div class='ocr_carea' id='block_1_43' title="bbox 149 2106 780 2145">
    <p class='ocr_par' dir='ltr' id='par_1_43' title="bbox 149 2106 780 2145">
     <span class='ocr_line' id='line_1_43' title="bbox 149 2106 780 2145; baseline -0.006 -9"><span class='ocrx_word' id='word_1_345' title='bbox 149 2110 224 2145; x_wconf 73' lang='lat' dir='ltr'><strong>iusti,</strong></span> <span class='ocrx_word' id='word_1_346' title='bbox 238 2113 259 2135; x_wconf 89' lang='lat' dir='ltr'><strong>et</strong></span> <span class='ocrx_word' id='word_1_347' title='bbox 274 2108 404 2141; x_wconf 81' lang='lat' dir='ltr'><strong>timebunt,</strong></span> <span class='ocrx_word' id='word_1_348' title='bbox 417 2112 439 2134; x_wconf 83' lang='lat' dir='ltr'><strong>ct</strong></span> <span class='ocrx_word' id='word_1_349' title='bbox 454 2106 587 2142; x_wconf 69' lang='lat' dir='ltr'><strong>sperabunt</strong></span> <span class='ocrx_word' id='word_1_350' title='bbox 598 2106 623 2133; x_wconf 86' lang='lat' dir='ltr'><strong>in</strong></span> <span class='ocrx_word' id='word_1_351' title='bbox 636 2106 780 2133; x_wconf 79' lang='lat' dir='ltr'><strong>Demittunt.</strong></span> 
     </span>
    </p>
   </div>
   <div class='ocr_carea' id='block_1_44' title="bbox 189 2163 936 2201">
    <p class='ocr_par' dir='ltr' id='par_1_44' title="bbox 189 2163 936 2201">
     <span class='ocr_line' id='line_1_44' title="bbox 189 2163 936 2201; baseline -0.004 -9"><span class='ocrx_word' id='word_1_352' title='bbox 189 2167 216 2192; x_wconf 84' lang='lat'><strong>7.</strong></span> <span class='ocrx_word' id='word_1_353' title='bbox 230 2164 305 2201; x_wconf 59' lang='lat' dir='ltr'><strong>[verax</strong></span> <span class='ocrx_word' id='word_1_354' title='bbox 317 2164 355 2200; x_wconf 76' lang='grc'><strong>5.]</strong></span> <span class='ocrx_word' id='word_1_355' title='bbox 372 2164 417 2190; x_wconf 77' lang='lat' dir='ltr'><strong>Eia</strong></span> <span class='ocrx_word' id='word_1_356' title='bbox 432 2164 476 2199; x_wconf 86' lang='lat' dir='ltr'><strong>qui</strong></span> <span class='ocrx_word' id='word_1_357' title='bbox 495 2163 586 2190; x_wconf 88' lang='lat' dir='ltr'><strong>volunt</strong></span> <span class='ocrx_word' id='word_1_358' title='bbox 612 2170 718 2197; x_wconf 88' lang='lat' dir='ltr'><strong>sperare</strong></span> <span class='ocrx_word' id='word_1_359' title='bbox 737 2164 763 2190; x_wconf 88' lang='lat' dir='ltr'><strong>itt</strong></span> <span class='ocrx_word' id='word_1_360' title='bbox 782 2163 918 2190; x_wconf 89' lang='lat' dir='ltr'><strong>Dominutn</strong></span> <span class='ocrx_word' id='word_1_361' title='bbox 930 2184 936 2196; x_wconf 94' lang='lat'><strong>,</strong></span> 
     </span>
    </p>
   </div>
   <div class='ocr_carea' id='block_1_45' title="bbox 145 2209 937 2246">
    <p class='ocr_par' dir='ltr' id='par_1_45' title="bbox 145 2209 937 2246">
     <span class='ocr_line' id='line_1_45' title="bbox 145 2209 937 2246; baseline -0.001 -8"><span class='ocrx_word' id='word_1_362' title='bbox 145 2213 198 2246; x_wconf 85' lang='lat' dir='ltr'><strong>qui</strong></span> <span class='ocrx_word' id='word_1_363' title='bbox 215 2211 302 2238; x_wconf 87' lang='lat' dir='ltr'><strong>vident</strong></span> <span class='ocrx_word' id='word_1_364' title='bbox 321 2216 347 2236; x_wconf 82' lang='lat' dir='ltr'><strong>et</strong></span> <span class='ocrx_word' id='word_1_365' title='bbox 367 2211 473 2243; x_wconf 84' lang='lat' dir='ltr'><strong>timent,</strong></span> <span class='ocrx_word' id='word_1_366' title='bbox 490 2210 598 2236; x_wconf 87' lang='lat' dir='ltr'><strong>titttcant</strong></span> <span class='ocrx_word' id='word_1_367' title='bbox 612 2209 747 2236; x_wconf 82' lang='lat' dir='ltr'><strong>ambulare</strong></span> <span class='ocrx_word' id='word_1_368' title='bbox 767 2210 822 2236; x_wconf 86' lang='lat' dir='ltr'><strong>vias</strong></span> <span class='ocrx_word' id='word_1_369' title='bbox 839 2210 937 2242; x_wconf 85' lang='lat' dir='ltr'><strong>malas,</strong></span> 
     </span>
    </p>
   </div>
   <div class='ocr_carea' id='block_1_46' title="bbox 146 2256 938 2291">
    <p class='ocr_par' dir='ltr' id='par_1_46' title="bbox 146 2256 938 2291">
     <span class='ocr_line' id='line_1_46' title="bbox 146 2256 938 2291; baseline 0 -8"><span class='ocrx_word' id='word_1_370' title='bbox 146 2259 212 2284; x_wconf 70' lang='lat' dir='ltr'><strong>vias</strong></span> <span class='ocrx_word' id='word_1_371' title='bbox 227 2258 309 2289; x_wconf 70' lang='lat' dir='ltr'><strong>latas;</strong></span> <span class='ocrx_word' id='word_1_372' title='bbox 325 2257 421 2291; x_wconf 81' lang='lat' dir='ltr'><strong>eligant</strong></span> <span class='ocrx_word' id='word_1_373' title='bbox 436 2258 503 2283; x_wconf 89' lang='lat' dir='ltr'><strong>viam</strong></span> <span class='ocrx_word' id='word_1_374' title='bbox 517 2261 664 2291; x_wconf 84' lang='lat' dir='ltr'><strong>angustam,</strong></span> <span class='ocrx_word' id='word_1_375' title='bbox 679 2256 721 2283; x_wconf 91' lang='lat' dir='ltr'><strong>ubi</strong></span> <span class='ocrx_word' id='word_1_376' title='bbox 733 2256 787 2290; x_wconf 85' lang='lat' dir='ltr'><strong>jam</strong></span> <span class='ocrx_word' id='word_1_377' title='bbox 798 2264 877 2290; x_wconf 88' lang='lat' dir='ltr'><strong>sttpra</strong></span> <span class='ocrx_word' id='word_1_378' title='bbox 891 2264 938 2291; x_wconf 91' lang='lat' dir='ltr'><strong>pe-</strong></span> 
     </span>
    </p>
   </div>
   <div class='ocr_carea' id='block_1_47' title="bbox 144 2301 981 2337">
    <p class='ocr_par' dir='ltr' id='par_1_47' title="bbox 144 2301 981 2337">
     <span class='ocr_line' id='line_1_47' title="bbox 144 2301 981 2337; baseline 0.001 -7"><span class='ocrx_word' id='word_1_379' title='bbox 144 2309 222 2330; x_wconf 82' lang='lat' dir='ltr'><strong>tram</strong></span> <span class='ocrx_word' id='word_1_380' title='bbox 237 2303 410 2337; x_wconf 86' lang='lat' dir='ltr'><strong>quorumdam</strong></span> <span class='ocrx_word' id='word_1_381' title='bbox 433 2302 527 2329; x_wconf 86' lang='lat' dir='ltr'><strong>directi</strong></span> <span class='ocrx_word' id='word_1_382' title='bbox 547 2307 607 2329; x_wconf 89' lang='lat' dir='ltr'><strong>sunt</strong></span> <span class='ocrx_word' id='word_1_383' title='bbox 626 2309 750 2336; x_wconf 76' lang='lat' dir='ltr'><strong>gressus:</strong></span> <span class='ocrx_word' id='word_1_384' title='bbox 773 2301 834 2336; x_wconf 89' lang='lat' dir='ltr'><strong>quid</strong></span> <span class='ocrx_word' id='word_1_385' title='bbox 854 2301 940 2329; x_wconf 81' lang='lat' dir='ltr'><strong>facere</strong></span> <span class='ocrx_word' id='word_1_386' title='bbox 979 2329 981 2331; x_wconf 78' lang='lat'><strong>,</strong></span> 
     </span>
    </p>
   </div>
   <div class='ocr_carea' id='block_1_48' title="bbox 140 2346 940 2382">
    <p class='ocr_par' dir='ltr' id='par_1_48' title="bbox 140 2346 940 2382">
     <span class='ocr_line' id='line_1_48' title="bbox 140 2346 940 2382; baseline -0.003 -6"><span class='ocrx_word' id='word_1_387' title='bbox 140 2349 286 2380; x_wconf 77' lang='lat' dir='ltr'><strong>debeant,</strong></span> <span class='ocrx_word' id='word_1_388' title='bbox 302 2348 408 2374; x_wconf 88' lang='lat' dir='ltr'><strong>audiant</strong></span> <span class='ocrx_word' id='word_1_389' title='bbox 430 2346 517 2375; x_wconf 86' lang='lat' dir='ltr'><strong>modo.</strong></span> <span class='ocrx_word' id='word_1_390' title='bbox 542 2347 634 2374; x_wconf 85' lang='lat' dir='ltr'><strong>Beatus</strong></span> <span class='ocrx_word' id='word_1_391' title='bbox 654 2347 691 2373; x_wconf 84' lang='lat' dir='ltr'><strong>vir</strong></span> <span class='ocrx_word' id='word_1_392' title='bbox 711 2347 782 2382; x_wconf 86' lang='lat' dir='ltr'><strong>cujus</strong></span> <span class='ocrx_word' id='word_1_393' title='bbox 801 2352 836 2374; x_wconf 82' lang='lat' dir='ltr'><strong>est</strong></span> <span class='ocrx_word' id='word_1_394' title='bbox 851 2356 940 2375; x_wconf 83' lang='lat' dir='ltr'><strong>nomen</strong></span> 
     </span>
    </p>
   </div>
   <div class='ocr_carea' id='block_1_49' title="bbox 139 2394 940 2429">
    <p class='ocr_par' dir='ltr' id='par_1_49' title="bbox 139 2394 940 2429">
     <span class='ocr_line' id='line_1_49' title="bbox 139 2394 940 2429; baseline -0.001 -7"><span class='ocrx_word' id='word_1_395' title='bbox 139 2395 259 2422; x_wconf 85' lang='lat' dir='ltr'><strong>Domini</strong></span> <span class='ocrx_word' id='word_1_396' title='bbox 266 2403 322 2429; x_wconf 77' lang='lat' dir='ltr'><strong>spes</strong></span> <span class='ocrx_word' id='word_1_397' title='bbox 331 2395 391 2429; x_wconf 80' lang='lat' dir='ltr'><strong>ejus,</strong></span> <span class='ocrx_word' id='word_1_398' title='bbox 407 2400 428 2420; x_wconf 84' lang='lat' dir='ltr'><strong>et</strong></span> <span class='ocrx_word' id='word_1_399' title='bbox 437 2403 486 2421; x_wconf 81' lang='lat' dir='ltr'><strong>non</strong></span> <span class='ocrx_word' id='word_1_400' title='bbox 499 2395 605 2429; x_wconf 72' lang='lat' dir='ltr'><strong>respexit</strong></span> <span class='ocrx_word' id='word_1_401' title='bbox 619 2394 644 2420; x_wconf 85' lang='lat' dir='ltr'><strong>in</strong></span> <span class='ocrx_word' id='word_1_402' title='bbox 659 2394 778 2421; x_wconf 76' lang='lat' dir='ltr'><strong>vanitates</strong></span> <span class='ocrx_word' id='word_1_403' title='bbox 792 2400 816 2420; x_wconf 88' lang='lat' dir='ltr'><strong>et</strong></span> <span class='ocrx_word' id='word_1_404' title='bbox 829 2395 940 2421; x_wconf 82' lang='lat' dir='ltr'><strong>insanias</strong></span> 
     </span>
    </p>
   </div>
   <div class='ocr_carea' id='block_1_50' title="bbox 137 2440 939 2475">
    <p class='ocr_par' dir='ltr' id='par_1_50' title="bbox 137 2440 939 2475">
     <span class='ocr_line' id='line_1_50' title="bbox 137 2440 939 2475; baseline 0 -7"><span class='ocrx_word' id='word_1_405' title='bbox 137 2440 367 2468; x_wconf 79' lang='lat' dir='ltr'><strong>mendoces.Ecce</strong></span> <span class='ocrx_word' id='word_1_406' title='bbox 375 2448 423 2475; x_wconf 89' lang='lat' dir='ltr'><strong>qua</strong></span> <span class='ocrx_word' id='word_1_407' title='bbox 433 2440 539 2467; x_wconf 83' lang='lat' dir='ltr'><strong>volebas</strong></span> <span class='ocrx_word' id='word_1_408' title='bbox 547 2440 596 2473; x_wconf 83' lang='lat' dir='ltr'><strong>ire,</strong></span> <span class='ocrx_word' id='word_1_409' title='bbox 602 2448 663 2467; x_wconf 86' lang='lat' dir='ltr'><strong>ecce</strong></span> <span class='ocrx_word' id='word_1_410' title='bbox 671 2440 744 2467; x_wconf 89' lang='lat' dir='ltr'><strong>tttrba</strong></span> <span class='ocrx_word' id='word_1_411' title='bbox 753 2441 799 2467; x_wconf 82' lang='lat' dir='ltr'><strong>via:</strong></span> <span class='ocrx_word' id='word_1_412' title='bbox 807 2441 879 2468; x_wconf 59' lang='lat' dir='ltr'><strong>lata);</strong></span> <span class='ocrx_word' id='word_1_413' title='bbox 888 2449 939 2468; x_wconf 90' lang='lat' dir='ltr'><strong>non</strong></span> 
     </span>
    </p>
   </div>
   <div class='ocr_carea' id='block_1_51' title="bbox 137 2486 940 2521">
    <p class='ocr_par' dir='ltr' id='par_1_51' title="bbox 137 2486 940 2521">
     <span class='ocr_line' id='line_1_51' title="bbox 137 2486 940 2521; baseline -0.002 -6"><span class='ocrx_word' id='word_1_414' title='bbox 137 2488 251 2515; x_wconf 77' lang='lat' dir='ltr'><strong>frustra</strong></span> <span class='ocrx_word' id='word_1_415' title='bbox 264 2487 319 2520; x_wconf 88' lang='lat' dir='ltr'><strong>ipsa</strong></span> <span class='ocrx_word' id='word_1_416' title='bbox 332 2486 403 2513; x_wconf 91' lang='lat' dir='ltr'><strong>ducit</strong></span> <span class='ocrx_word' id='word_1_417' title='bbox 416 2486 447 2512; x_wconf 89' lang='lat' dir='ltr'><strong>ad</strong></span> <span class='ocrx_word' id='word_1_418' title='bbox 463 2486 694 2521; x_wconf 83' lang='lat' dir='ltr'><strong>amphitheatrum,</strong></span> <span class='ocrx_word' id='word_1_419' title='bbox 712 2494 763 2513; x_wconf 91' lang='lat' dir='ltr'><strong>nott</strong></span> <span class='ocrx_word' id='word_1_420' title='bbox 777 2487 872 2513; x_wconf 83' lang='lat' dir='ltr'><strong>frustra</strong></span> <span class='ocrx_word' id='word_1_421' title='bbox 885 2487 940 2521; x_wconf 85' lang='lat' dir='ltr'><strong>ipsa</strong></span> 
     </span>
    </p>
   </div>
   <div class='ocr_carea' id='block_1_52' title="bbox 134 2525 941 2567">
    <p class='ocr_par' dir='ltr' id='par_1_52' title="bbox 134 2525 941 2567">
     <span class='ocr_line' id='line_1_52' title="bbox 134 2525 941 2567; baseline -0.002 -5"><span class='ocrx_word' id='word_1_422' title='bbox 134 2534 227 2562; x_wconf 88' lang='lat' dir='ltr'><strong>ducit</strong></span> <span class='ocrx_word' id='word_1_423' title='bbox 237 2532 269 2559; x_wconf 90' lang='lat' dir='ltr'><strong>ad</strong></span> <span class='ocrx_word' id='word_1_424' title='bbox 284 2537 406 2559; x_wconf 89' lang='lat' dir='ltr'><strong>tttortetn.</strong></span> <span class='ocrx_word' id='word_1_425' title='bbox 421 2533 466 2559; x_wconf 75' lang='lat' dir='ltr'><strong>Via</strong></span> <span class='ocrx_word' id='word_1_426' title='bbox 479 2532 530 2558; x_wconf 88' lang='lat' dir='ltr'><strong>lata</strong></span> <span class='ocrx_word' id='word_1_427' title='bbox 542 2533 673 2559; x_wconf 87' lang='lat' dir='ltr'><strong>tnortilera</strong></span> <span class='ocrx_word' id='word_1_428' title='bbox 687 2525 746 2559; x_wconf 81' lang='lat' dir='ltr'><strong>est:</strong></span> <span class='ocrx_word' id='word_1_429' title='bbox 763 2532 873 2559; x_wconf 88' lang='lat' dir='ltr'><strong>latitudo</strong></span> <span class='ocrx_word' id='word_1_430' title='bbox 884 2533 941 2567; x_wconf 85' lang='lat' dir='ltr'><strong>ejus</strong></span> 
     </span>
    </p>
   </div>
   <div class='ocr_carea' id='block_1_53' title="bbox 133 2577 939 2611">
    <p class='ocr_par' dir='ltr' id='par_1_53' title="bbox 133 2577 939 2611">
     <span class='ocr_line' id='line_1_53' title="bbox 133 2577 939 2611; baseline -0.004 -4"><span class='ocrx_word' id='word_1_431' title='bbox 133 2580 268 2607; x_wconf 73' lang='lat' dir='ltr'><strong>delectat</strong></span> <span class='ocrx_word' id='word_1_432' title='bbox 282 2578 314 2604; x_wconf 86' lang='lat' dir='ltr'><strong>ad</strong></span> <span class='ocrx_word' id='word_1_433' title='bbox 331 2583 449 2611; x_wconf 86' lang='lat' dir='ltr'><strong>tempus,</strong></span> <span class='ocrx_word' id='word_1_434' title='bbox 466 2577 525 2603; x_wconf 80' lang='lat' dir='ltr'><strong>ﬁnis</strong></span> <span class='ocrx_word' id='word_1_435' title='bbox 544 2578 599 2611; x_wconf 84' lang='lat' dir='ltr'><strong>ejus</strong></span> <span class='ocrx_word' id='word_1_436' title='bbox 613 2582 739 2611; x_wconf 78' lang='lat' dir='ltr'><strong>angustus</strong></span> <span class='ocrx_word' id='word_1_437' title='bbox 759 2577 785 2604; x_wconf 93' lang='lat' dir='ltr'><strong>in</strong></span> <span class='ocrx_word' id='word_1_438' title='bbox 800 2582 939 2605; x_wconf 63' lang='lat' dir='ltr'><strong>aeternum.</strong></span> 
     </span>
    </p>
   </div>
   <div class='ocr_carea' id='block_1_54' title="bbox 131 2622 941 2657">
    <p class='ocr_par' dir='ltr' id='par_1_54' title="bbox 131 2622 941 2657">
     <span class='ocr_line' id='line_1_54' title="bbox 131 2622 941 2657; baseline -0.004 -4"><span class='ocrx_word' id='word_1_439' title='bbox 131 2624 200 2653; x_wconf 61' lang='lat' dir='ltr'><strong>Sed</strong></span> <span class='ocrx_word' id='word_1_440' title='bbox 222 2623 304 2650; x_wconf 70' lang='lat' dir='ltr'><strong>[urbm</strong></span> <span class='ocrx_word' id='word_1_441' title='bbox 317 2628 448 2657; x_wconf 88' lang='lat' dir='ltr'><strong>strepunt,</strong></span> <span class='ocrx_word' id='word_1_442' title='bbox 465 2622 548 2649; x_wconf 72' lang='lat' dir='ltr'><strong>turba:</strong></span> <span class='ocrx_word' id='word_1_443' title='bbox 562 2622 696 2650; x_wconf 83' lang='lat' dir='ltr'><strong>festinant.</strong></span> <span class='ocrx_word' id='word_1_444' title='bbox 712 2623 795 2649; x_wconf 65' lang='lat' dir='ltr'><strong>turba:</strong></span> <span class='ocrx_word' id='word_1_445' title='bbox 807 2624 941 2650; x_wconf 69' lang='lat' dir='ltr'><strong>collustan-</strong></span> 
     </span>
    </p>
   </div>
   <div class='ocr_carea' id='block_1_55' title="bbox 131 2667 939 2703">
    <p class='ocr_par' dir='ltr' id='par_1_55' title="bbox 131 2667 939 2703">
     <span class='ocr_line' id='line_1_55' title="bbox 131 2667 939 2703; baseline -0.005 -5"><span class='ocrx_word' id='word_1_446' title='bbox 131 2677 186 2699; x_wconf 81' lang='lat' dir='ltr'><strong>tur</strong></span> <span class='ocrx_word' id='word_1_447' title='bbox 223 2669 339 2703; x_wconf 77' lang='lat' dir='ltr'><strong>’,turb;e</strong></span> <span class='ocrx_word' id='word_1_448' title='bbox 360 2672 527 2695; x_wconf 89' lang='lat' dir='ltr'><strong>concurrunt.</strong></span> <span class='ocrx_word' id='word_1_449' title='bbox 550 2667 608 2694; x_wconf 85' lang='lat' dir='ltr'><strong>ani</strong></span> <span class='ocrx_word' id='word_1_450' title='bbox 629 2668 739 2699; x_wconf 88' lang='lat' dir='ltr'><strong>imitari,</strong></span> <span class='ocrx_word' id='word_1_451' title='bbox 764 2668 817 2694; x_wconf 90' lang='lat' dir='ltr'><strong>noli</strong></span> <span class='ocrx_word' id='word_1_452' title='bbox 841 2669 939 2700; x_wconf 82' lang='lat' dir='ltr'><strong>aVerti;</strong></span> 
     </span>
    </p>
   </div>
   <div class='ocr_carea' id='block_1_56' title="bbox 129 2713 940 2746">
    <p class='ocr_par' dir='ltr' id='par_1_56' title="bbox 129 2713 940 2746">
     <span class='ocr_line' id='line_1_56' title="bbox 129 2713 940 2746; baseline -0.004 -2"><span class='ocrx_word' id='word_1_453' title='bbox 129 2715 284 2744; x_wconf 75' lang='lat' dir='ltr'><strong>vanitates</strong></span> <span class='ocrx_word' id='word_1_454' title='bbox 304 2718 381 2746; x_wconf 88' lang='lat' dir='ltr'><strong>sunt,</strong></span> <span class='ocrx_word' id='word_1_455' title='bbox 406 2718 431 2740; x_wconf 90' lang='lat' dir='ltr'><strong>et</strong></span> <span class='ocrx_word' id='word_1_456' title='bbox 453 2714 561 2740; x_wconf 75' lang='lat' dir='ltr'><strong>ittsattite</strong></span> <span class='ocrx_word' id='word_1_457' title='bbox 582 2713 731 2740; x_wconf 79' lang='lat' dir='ltr'><strong>mendaces.</strong></span> <span class='ocrx_word' id='word_1_458' title='bbox 754 2714 793 2741; x_wconf 87' lang='lat' dir='ltr'><strong>Sit</strong></span> <span class='ocrx_word' id='word_1_459' title='bbox 815 2714 940 2741; x_wconf 90' lang='lat' dir='ltr'><strong>Dominus</strong></span> 
     </span>
    </p>
   </div>
   <div class='ocr_carea' id='block_1_57' title="bbox 129 2758 941 2794">
    <p class='ocr_par' dir='ltr' id='par_1_57' title="bbox 129 2758 941 2794">
     <span class='ocr_line' id='line_1_57' title="bbox 129 2758 941 2794; baseline 0 -7"><span class='ocrx_word' id='word_1_460' title='bbox 129 2764 223 2790; x_wconf 85' lang='lat' dir='ltr'><strong>Deus</strong></span> <span class='ocrx_word' id='word_1_461' title='bbox 241 2764 300 2787; x_wconf 88' lang='lat' dir='ltr'><strong>tuus</strong></span> <span class='ocrx_word' id='word_1_462' title='bbox 319 2766 381 2794; x_wconf 86' lang='lat' dir='ltr'><strong>spes</strong></span> <span class='ocrx_word' id='word_1_463' title='bbox 395 2763 437 2786; x_wconf 87' lang='lat' dir='ltr'><strong>tua</strong></span> <span class='ocrx_word' id='word_1_464' title='bbox 452 2768 459 2786; x_wconf 87' lang='lat'><strong>:</strong></span> <span class='ocrx_word' id='word_1_465' title='bbox 474 2766 525 2785; x_wconf 86' lang='lat' dir='ltr'><strong>non</strong></span> <span class='ocrx_word' id='word_1_466' title='bbox 541 2758 609 2785; x_wconf 88' lang='lat' dir='ltr'><strong>aliud</strong></span> <span class='ocrx_word' id='word_1_467' title='bbox 624 2759 720 2793; x_wconf 89' lang='lat' dir='ltr'><strong>aliquid</strong></span> <span class='ocrx_word' id='word_1_468' title='bbox 733 2767 746 2786; x_wconf 91' lang='lat' dir='ltr'><strong>a</strong></span> <span class='ocrx_word' id='word_1_469' title='bbox 763 2759 873 2787; x_wconf 89' lang='lat' dir='ltr'><strong>Domino</strong></span> <span class='ocrx_word' id='word_1_470' title='bbox 887 2760 941 2787; x_wconf 88' lang='lat' dir='ltr'><strong>Deo</strong></span> 
     </span>
    </p>
   </div>
   <div class='ocr_carea' id='block_1_58' title="bbox 167 2833 944 2870">
    <p class='ocr_par' dir='ltr' id='par_1_58' title="bbox 167 2833 944 2870">
     <span class='ocr_line' id='line_1_58' title="bbox 167 2833 944 2870; baseline 0.004 -11"><span class='ocrx_word' id='word_1_471' title='bbox 167 2838 179 2853; x_wconf 71' lang='grc' dir='ltr'>ι</span> <span class='ocrx_word' id='word_1_472' title='bbox 196 2833 372 2870; x_wconf 64' lang='lat' dir='ltr'><strong>sicpleriquq</strong></span> <span class='ocrx_word' id='word_1_473' title='bbox 383 2838 447 2870; x_wconf 27' lang='lat' dir='ltr'><strong>ﬁsos,</strong></span> <span class='ocrx_word' id='word_1_474' title='bbox 456 2837 492 2870; x_wconf 30' lang='lat' dir='ltr'><strong>‘At</strong></span> <span class='ocrx_word' id='word_1_475' title='bbox 503 2833 558 2858; x_wconf 73' lang='lat' dir='ltr'><strong>laid.</strong></span> <span class='ocrx_word' id='word_1_476' title='bbox 570 2840 576 2858; x_wconf 74' lang='grc' dir='ltr'>ε</span> <span class='ocrx_word' id='word_1_477' title='bbox 589 2838 639 2859; x_wconf 79' lang='lat' dir='ltr'><strong>Hoc</strong></span> <span class='ocrx_word' id='word_1_478' title='bbox 650 2838 721 2868; x_wconf 76' lang='lat' dir='ltr'><strong>agant</strong></span> <span class='ocrx_word' id='word_1_479' title='bbox 731 2834 815 2868; x_wconf 80' lang='lat' dir='ltr'><strong>ﬁdeles</strong></span> <span class='ocrx_word' id='word_1_480' title='bbox 830 2836 892 2867; x_wconf 70' lang='lat' dir='ltr'><strong>justi</strong></span> <span class='ocrx_word' id='word_1_481' title='bbox 902 2835 944 2870; x_wconf 83' lang='lat' dir='ltr'><strong>qui</strong></span> 
     </span>
    </p>
   </div>
   <div class='ocr_carea' id='block_1_59' title="bbox 124 2864 486 2897">
    <p class='ocr_par' dir='ltr' id='par_1_59' title="bbox 124 2864 486 2897">
     <span class='ocr_line' id='line_1_59' title="bbox 124 2864 486 2897; baseline -0.008 -6"><span class='ocrx_word' id='word_1_482' title='bbox 124 2864 295 2897; x_wconf 57' lang='lat' dir='ltr'><strong>sequuntur,</strong></span> <span class='ocrx_word' id='word_1_483' title='bbox 309 2864 372 2896; x_wconf 69' lang='lat' dir='ltr'><strong>quod</strong></span> <span class='ocrx_word' id='word_1_484' title='bbox 380 2864 425 2894; x_wconf 79' lang='lat' dir='ltr'><strong>illi,</strong></span> <span class='ocrx_word' id='word_1_485' title='bbox 438 2868 486 2897; x_wconf 76' lang='lat' dir='ltr'><strong>etc.</strong></span> 
     </span>
    </p>
   </div>
   <div class='ocr_carea' id='block_1_60' title="bbox 166 2895 691 2926">
    <p class='ocr_par' dir='ltr' id='par_1_60' title="bbox 166 2895 691 2926">
     <span class='ocr_line' id='line_1_60' title="bbox 166 2895 691 2926; baseline 0 -4"><span class='ocrx_word' id='word_1_486' title='bbox 166 2895 179 2916; x_wconf 63' lang='grc' dir='ltr'>ἰ</span> <span class='ocrx_word' id='word_1_487' title='bbox 192 2898 246 2922; x_wconf 69' lang='lat' dir='ltr'><strong>sit:</strong></span> <span class='ocrx_word' id='word_1_488' title='bbox 255 2895 338 2926; x_wconf 78' lang='lat' dir='ltr'><strong>plures</strong></span> <span class='ocrx_word' id='word_1_489' title='bbox 351 2900 401 2921; x_wconf 76' lang='lat' dir='ltr'><strong>uss.</strong></span> <span class='ocrx_word' id='word_1_490' title='bbox 413 2900 440 2921; x_wconf 77' lang='grc' dir='ltr'><strong>Αι</strong></span> <span class='ocrx_word' id='word_1_491' title='bbox 451 2895 515 2926; x_wconf 53' lang='lat' dir='ltr'><strong>add,</strong></span> <span class='ocrx_word' id='word_1_492' title='bbox 526 2897 691 2922; x_wconf 79' lang='lat' dir='ltr'><strong>colluctantur.</strong></span> 
     </span>
    </p>
   </div>
   <div class='ocr_carea' id='block_1_61' title="bbox 987 234 1767 274">
    <p class='ocr_par' dir='ltr' id='par_1_61' title="bbox 987 234 1767 274">
     <span class='ocr_line' id='line_1_61' title="bbox 987 234 1767 274; baseline 0.013 -15"><span class='ocrx_word' id='word_1_493' title='bbox 987 237 1031 259; x_wconf 92' lang='lat' dir='ltr'><strong>tuo</strong></span> <span class='ocrx_word' id='word_1_494' title='bbox 1045 241 1146 268; x_wconf 74' lang='lat' dir='ltr'><strong>speres,</strong></span> <span class='ocrx_word' id='word_1_495' title='bbox 1161 234 1206 261; x_wconf 88' lang='lat' dir='ltr'><strong>sed</strong></span> <span class='ocrx_word' id='word_1_496' title='bbox 1221 234 1276 269; x_wconf 89' lang='lat' dir='ltr'><strong>ipse</strong></span> <span class='ocrx_word' id='word_1_497' title='bbox 1288 235 1413 264; x_wconf 88' lang='lat' dir='ltr'><strong>Dominus</strong></span> <span class='ocrx_word' id='word_1_498' title='bbox 1424 242 1484 265; x_wconf 86' lang='lat' dir='ltr'><strong>tuus</strong></span> <span class='ocrx_word' id='word_1_499' title='bbox 1498 238 1531 266; x_wconf 92' lang='lat' dir='ltr'><strong>sit</strong></span> <span class='ocrx_word' id='word_1_500' title='bbox 1545 246 1605 274; x_wconf 87' lang='lat' dir='ltr'><strong>spes</strong></span> <span class='ocrx_word' id='word_1_501' title='bbox 1620 245 1673 267; x_wconf 85' lang='lat' dir='ltr'><strong>tua.</strong></span> <span class='ocrx_word' id='word_1_502' title='bbox 1688 241 1767 269; x_wconf 84' lang='lat' dir='ltr'><strong>Natu-</strong></span> 
     </span>
    </p>
   </div>
   <div class='ocr_carea' id='block_1_62' title="bbox 983 280 1767 318">
    <p class='ocr_par' dir='ltr' id='par_1_62' title="bbox 983 280 1767 318">
     <span class='ocr_line' id='line_1_62' title="bbox 983 280 1767 318; baseline 0.011 -13"><span class='ocrx_word' id='word_1_503' title='bbox 983 287 1035 314; x_wconf 89' lang='lat' dir='ltr'><strong>que</strong></span> <span class='ocrx_word' id='word_1_504' title='bbox 1055 280 1128 306; x_wconf 94' lang='lat' dir='ltr'><strong>ntulti</strong></span> <span class='ocrx_word' id='word_1_505' title='bbox 1151 280 1183 307; x_wconf 88' lang='lat' dir='ltr'><strong>de</strong></span> <span class='ocrx_word' id='word_1_506' title='bbox 1204 280 1259 308; x_wconf 89' lang='lat' dir='ltr'><strong>Deo</strong></span> <span class='ocrx_word' id='word_1_507' title='bbox 1282 287 1389 316; x_wconf 88' lang='lat' dir='ltr'><strong>sperant</strong></span> <span class='ocrx_word' id='word_1_508' title='bbox 1407 284 1559 318; x_wconf 88' lang='lat' dir='ltr'><strong>pecuniam,</strong></span> <span class='ocrx_word' id='word_1_509' title='bbox 1575 286 1648 313; x_wconf 91' lang='lat' dir='ltr'><strong>multi</strong></span> <span class='ocrx_word' id='word_1_510' title='bbox 1667 287 1700 314; x_wconf 88' lang='lat' dir='ltr'><strong>de</strong></span> <span class='ocrx_word' id='word_1_511' title='bbox 1714 288 1767 315; x_wconf 88' lang='lat' dir='ltr'><strong>Deo</strong></span> 
     </span>
    </p>
   </div>
   <div class='ocr_carea' id='block_1_63' title="bbox 983 325 1767 367">
    <p class='ocr_par' dir='ltr' id='par_1_63' title="bbox 983 325 1767 367">
     <span class='ocr_line' id='line_1_63' title="bbox 983 325 1767 367; baseline 0.013 -16"><span class='ocrx_word' id='word_1_512' title='bbox 983 330 1092 360; x_wconf 87' lang='lat' dir='ltr'><strong>sperant</strong></span> <span class='ocrx_word' id='word_1_513' title='bbox 1103 325 1218 354; x_wconf 87' lang='lat' dir='ltr'><strong>honores</strong></span> <span class='ocrx_word' id='word_1_514' title='bbox 1228 327 1342 355; x_wconf 86' lang='lat' dir='ltr'><strong>eaducos</strong></span> <span class='ocrx_word' id='word_1_515' title='bbox 1354 333 1381 356; x_wconf 81' lang='lat' dir='ltr'><strong>et</strong></span> <span class='ocrx_word' id='word_1_516' title='bbox 1394 330 1535 365; x_wconf 85' lang='lat' dir='ltr'><strong>perituros,</strong></span> <span class='ocrx_word' id='word_1_517' title='bbox 1551 331 1621 360; x_wconf 84' lang='lat' dir='ltr'><strong>aliud</strong></span> <span class='ocrx_word' id='word_1_518' title='bbox 1634 334 1767 367; x_wconf 88' lang='lat' dir='ltr'><strong>quodlibet</strong></span> 
     </span>
    </p>
   </div>
   <div class='ocr_carea' id='block_1_64' title="bbox 983 371 1767 411">
    <p class='ocr_par' dir='ltr' id='par_1_64' title="bbox 983 371 1767 411">
     <span class='ocr_line' id='line_1_64' title="bbox 983 371 1767 411; baseline 0.011 -14"><span class='ocrx_word' id='word_1_519' title='bbox 983 378 998 397; x_wconf 89' lang='lat' dir='ltr'><strong>a</strong></span> <span class='ocrx_word' id='word_1_520' title='bbox 1014 371 1067 399; x_wconf 88' lang='lat' dir='ltr'><strong>Deo</strong></span> <span class='ocrx_word' id='word_1_521' title='bbox 1078 376 1174 406; x_wconf 79' lang='lat' dir='ltr'><strong>przeter</strong></span> <span class='ocrx_word' id='word_1_522' title='bbox 1187 373 1271 408; x_wconf 91' lang='lat' dir='ltr'><strong>ipsum</strong></span> <span class='ocrx_word' id='word_1_523' title='bbox 1286 374 1368 402; x_wconf 84' lang='lat' dir='ltr'><strong>Deum</strong></span> <span class='ocrx_word' id='word_1_524' title='bbox 1381 383 1387 401; x_wconf 87' lang='lat'>:</span> <span class='ocrx_word' id='word_1_525' title='bbox 1402 375 1448 403; x_wconf 84' lang='lat' dir='ltr'><strong>sed</strong></span> <span class='ocrx_word' id='word_1_526' title='bbox 1462 381 1489 403; x_wconf 88' lang='lat' dir='ltr'><strong>tu</strong></span> <span class='ocrx_word' id='word_1_527' title='bbox 1501 376 1587 411; x_wconf 92' lang='lat' dir='ltr'><strong>ipsum</strong></span> <span class='ocrx_word' id='word_1_528' title='bbox 1599 378 1679 405; x_wconf 86' lang='lat' dir='ltr'><strong>Deum</strong></span> <span class='ocrx_word' id='word_1_529' title='bbox 1695 383 1767 406; x_wconf 87' lang='lat' dir='ltr'><strong>tuum</strong></span> 
     </span>
    </p>
   </div>
   <div class='ocr_carea' id='block_1_65' title="bbox 982 418 1766 458">
    <p class='ocr_par' dir='ltr' id='par_1_65' title="bbox 982 418 1766 458">
     <span class='ocr_line' id='line_1_65' title="bbox 982 418 1766 458; baseline 0.01 -14"><span class='ocrx_word' id='word_1_530' title='bbox 982 422 1065 453; x_wconf 88' lang='lat' dir='ltr'><strong>pete:</strong></span> <span class='ocrx_word' id='word_1_531' title='bbox 1086 418 1139 445; x_wconf 90' lang='lat' dir='ltr'><strong>imo</strong></span> <span class='ocrx_word' id='word_1_532' title='bbox 1160 426 1222 447; x_wconf 91' lang='lat' dir='ltr'><strong>vero</strong></span> <span class='ocrx_word' id='word_1_533' title='bbox 1243 421 1401 456; x_wconf 88' lang='lat' dir='ltr'><strong>contemptis</strong></span> <span class='ocrx_word' id='word_1_534' title='bbox 1422 422 1497 455; x_wconf 84' lang='lat' dir='ltr'><strong>aliis,</strong></span> <span class='ocrx_word' id='word_1_535' title='bbox 1519 430 1601 458; x_wconf 74' lang='lat' dir='ltr'><strong>perge</strong></span> <span class='ocrx_word' id='word_1_536' title='bbox 1620 424 1654 451; x_wconf 89' lang='lat' dir='ltr'><strong>ad</strong></span> <span class='ocrx_word' id='word_1_537' title='bbox 1677 425 1766 457; x_wconf 83' lang='lat' dir='ltr'><strong>illum;</strong></span> 
     </span>
    </p>
   </div>
   <div class='ocr_carea' id='block_1_66' title="bbox 983 463 1769 504">
    <p class='ocr_par' dir='ltr' id='par_1_66' title="bbox 983 463 1769 504">
     <span class='ocr_line' id='line_1_66' title="bbox 983 463 1769 504; baseline 0.01 -14"><span class='ocrx_word' id='word_1_538' title='bbox 983 463 1140 491; x_wconf 91' lang='lat' dir='ltr'><strong>obliviscens</strong></span> <span class='ocrx_word' id='word_1_539' title='bbox 1164 465 1233 498; x_wconf 90' lang='lat' dir='ltr'><strong>alia,</strong></span> <span class='ocrx_word' id='word_1_540' title='bbox 1258 471 1390 495; x_wconf 86' lang='lat' dir='ltr'><strong>memento</strong></span> <span class='ocrx_word' id='word_1_541' title='bbox 1413 467 1497 501; x_wconf 85' lang='lat' dir='ltr'><strong>illius;</strong></span> <span class='ocrx_word' id='word_1_542' title='bbox 1524 469 1674 504; x_wconf 81' lang='lat' dir='ltr'><strong>relinquens</strong></span> <span class='ocrx_word' id='word_1_543' title='bbox 1697 475 1769 498; x_wconf 83' lang='lat' dir='ltr'><strong>retro</strong></span> 
     </span>
    </p>
   </div>
   <div class='ocr_carea' id='block_1_67' title="bbox 983 509 1767 550">
    <p class='ocr_par' dir='ltr' id='par_1_67' title="bbox 983 509 1767 550">
     <span class='ocr_line' id='line_1_67' title="bbox 983 509 1767 550; baseline 0.011 -15"><span class='ocrx_word' id='word_1_544' title='bbox 983 509 1044 543; x_wconf 88' lang='lat' dir='ltr'><strong>alia,</strong></span> <span class='ocrx_word' id='word_1_545' title='bbox 1059 510 1204 539; x_wconf 81' lang='lat' dir='ltr'><strong>extendere</strong></span> <span class='ocrx_word' id='word_1_546' title='bbox 1217 511 1242 539; x_wconf 92' lang='lat' dir='ltr'><strong>in</strong></span> <span class='ocrx_word' id='word_1_547' title='bbox 1257 512 1340 539; x_wconf 92' lang='lat' dir='ltr'><strong>illutn.</strong></span> <span class='ocrx_word' id='word_1_548' title='bbox 1353 513 1410 548; x_wconf 87' lang='lat' dir='ltr'><strong>ipse</strong></span> <span class='ocrx_word' id='word_1_549' title='bbox 1423 519 1495 541; x_wconf 89' lang='lat' dir='ltr'><strong>certe</strong></span> <span class='ocrx_word' id='word_1_550' title='bbox 1506 522 1627 542; x_wconf 88' lang='lat' dir='ltr'><strong>aversum</strong></span> <span class='ocrx_word' id='word_1_551' title='bbox 1640 517 1767 550; x_wconf 71' lang='lat' dir='ltr'><strong>correxit,</strong></span> 
     </span>
    </p>
   </div>
   <div class='ocr_carea' id='block_1_68' title="bbox 983 555 1769 597">
    <p class='ocr_par' dir='ltr' id='par_1_68' title="bbox 983 555 1769 597">
     <span class='ocr_line' id='line_1_68' title="bbox 983 555 1769 597; baseline 0.01 -15"><span class='ocrx_word' id='word_1_552' title='bbox 983 555 1040 589; x_wconf 90' lang='lat' dir='ltr'><strong>ipse</strong></span> <span class='ocrx_word' id='word_1_553' title='bbox 1052 555 1123 583; x_wconf 89' lang='lat' dir='ltr'><strong>ducit</strong></span> <span class='ocrx_word' id='word_1_554' title='bbox 1138 563 1238 584; x_wconf 89' lang='lat' dir='ltr'><strong>rectum</strong></span> <span class='ocrx_word' id='word_1_555' title='bbox 1254 558 1275 591; x_wconf 88' lang='grc'><strong>¹,</strong></span> <span class='ocrx_word' id='word_1_556' title='bbox 1292 559 1347 594; x_wconf 91' lang='lat' dir='ltr'><strong>ipse</strong></span> <span class='ocrx_word' id='word_1_557' title='bbox 1362 560 1500 594; x_wconf 88' lang='lat' dir='ltr'><strong>perducit:</strong></span> <span class='ocrx_word' id='word_1_558' title='bbox 1518 569 1580 596; x_wconf 75' lang='lat' dir='ltr'><strong>ergo</strong></span> <span class='ocrx_word' id='word_1_559' title='bbox 1592 561 1626 589; x_wconf 89' lang='lat' dir='ltr'><strong>sit</strong></span> <span class='ocrx_word' id='word_1_560' title='bbox 1640 562 1696 597; x_wconf 87' lang='lat' dir='ltr'><strong>ipse</strong></span> <span class='ocrx_word' id='word_1_561' title='bbox 1708 570 1769 597; x_wconf 89' lang='lat' dir='ltr'><strong>spes</strong></span> 
     </span>
    </p>
   </div>
   <div class='ocr_carea' id='block_1_69' title="bbox 984 601 1770 642">
    <p class='ocr_par' dir='ltr' id='par_1_69' title="bbox 984 601 1770 642">
     <span class='ocr_line' id='line_1_69' title="bbox 984 601 1770 642; baseline 0.011 -16"><span class='ocrx_word' id='word_1_562' title='bbox 984 605 1027 626; x_wconf 93' lang='lat' dir='ltr'><strong>tua</strong></span> <span class='ocrx_word' id='word_1_563' title='bbox 1037 621 1044 634; x_wconf 92' lang='lat'><strong>,</strong></span> <span class='ocrx_word' id='word_1_564' title='bbox 1061 602 1105 636; x_wconf 92' lang='lat' dir='ltr'><strong>qui</strong></span> <span class='ocrx_word' id='word_1_565' title='bbox 1120 601 1192 629; x_wconf 89' lang='lat' dir='ltr'><strong>ducit</strong></span> <span class='ocrx_word' id='word_1_566' title='bbox 1206 608 1231 630; x_wconf 91' lang='lat' dir='ltr'><strong>et</strong></span> <span class='ocrx_word' id='word_1_567' title='bbox 1245 603 1375 637; x_wconf 90' lang='lat' dir='ltr'><strong>perducit.</strong></span> <span class='ocrx_word' id='word_1_568' title='bbox 1391 604 1448 638; x_wconf 88' lang='lat' dir='ltr'><strong>Qtto</strong></span> <span class='ocrx_word' id='word_1_569' title='bbox 1463 605 1534 633; x_wconf 91' lang='lat' dir='ltr'><strong>ducit</strong></span> <span class='ocrx_word' id='word_1_570' title='bbox 1545 611 1572 633; x_wconf 88' lang='lat' dir='ltr'><strong>et</strong></span> <span class='ocrx_word' id='word_1_571' title='bbox 1586 614 1638 641; x_wconf 92' lang='lat' dir='ltr'><strong>quo</strong></span> <span class='ocrx_word' id='word_1_572' title='bbox 1651 607 1770 642; x_wconf 90' lang='lat' dir='ltr'><strong>perducit</strong></span> 
     </span>
    </p>
   </div>
   <div class='ocr_carea' id='block_1_70' title="bbox 984 647 1769 686">
    <p class='ocr_par' dir='ltr' id='par_1_70' title="bbox 984 647 1769 686">
     <span class='ocr_line' id='line_1_70' title="bbox 984 647 1769 686; baseline 0.01 -15"><span class='ocrx_word' id='word_1_573' title='bbox 984 649 1085 672; x_wconf 86' lang='lat' dir='ltr'><strong>terrena</strong></span> <span class='ocrx_word' id='word_1_574' title='bbox 1101 647 1226 674; x_wconf 86' lang='lat' dir='ltr'><strong>avaritia?</strong></span> <span class='ocrx_word' id='word_1_575' title='bbox 1239 647 1346 676; x_wconf 88' lang='lat' dir='ltr'><strong>Fundos</strong></span> <span class='ocrx_word' id='word_1_576' title='bbox 1358 650 1505 684; x_wconf 72' lang='lat' dir='ltr'><strong>quatrebas,</strong></span> <span class='ocrx_word' id='word_1_577' title='bbox 1522 656 1618 678; x_wconf 89' lang='lat' dir='ltr'><strong>terram</strong></span> <span class='ocrx_word' id='word_1_578' title='bbox 1633 652 1769 686; x_wconf 87' lang='lat' dir='ltr'><strong>possidere</strong></span> 
     </span>
    </p>
   </div>
   <div class='ocr_carea' id='block_1_71' title="bbox 983 691 1769 731">
    <p class='ocr_par' dir='ltr' id='par_1_71' title="bbox 983 691 1769 731">
     <span class='ocr_line' id='line_1_71' title="bbox 983 691 1769 731; baseline 0.01 -14"><span class='ocrx_word' id='word_1_579' title='bbox 983 691 1118 725; x_wconf 88' lang='lat' dir='ltr'><strong>cupiebas,</strong></span> <span class='ocrx_word' id='word_1_580' title='bbox 1135 693 1235 720; x_wconf 90' lang='lat' dir='ltr'><strong>vicinos</strong></span> <span class='ocrx_word' id='word_1_581' title='bbox 1250 694 1424 727; x_wconf 82' lang='lat' dir='ltr'><strong>excludeltas;</strong></span> <span class='ocrx_word' id='word_1_582' title='bbox 1439 695 1491 722; x_wconf 90' lang='lat' dir='ltr'><strong>illis</strong></span> <span class='ocrx_word' id='word_1_583' title='bbox 1504 696 1618 731; x_wconf 79' lang='lat' dir='ltr'><strong>exclusis</strong></span> <span class='ocrx_word' id='word_1_584' title='bbox 1628 718 1636 730; x_wconf 91' lang='lat'><strong>,</strong></span> <span class='ocrx_word' id='word_1_585' title='bbox 1655 697 1713 724; x_wconf 88' lang='lat' dir='ltr'><strong>aliis</strong></span> <span class='ocrx_word' id='word_1_586' title='bbox 1728 697 1769 724; x_wconf 91' lang='lat' dir='ltr'><strong>vi—</strong></span> 
     </span>
    </p>
   </div>
   <div class='ocr_carea' id='block_1_72' title="bbox 983 737 1769 777">
    <p class='ocr_par' dir='ltr' id='par_1_72' title="bbox 983 737 1769 777">
     <span class='ocr_line' id='line_1_72' title="bbox 983 737 1769 777; baseline 0.009 -13"><span class='ocrx_word' id='word_1_587' title='bbox 983 737 1049 764; x_wconf 89' lang='lat' dir='ltr'><strong>cinis</strong></span> <span class='ocrx_word' id='word_1_588' title='bbox 1064 737 1198 772; x_wconf 78' lang='lat' dir='ltr'><strong>inltiabas;</strong></span> <span class='ocrx_word' id='word_1_589' title='bbox 1213 744 1239 766; x_wconf 90' lang='lat' dir='ltr'><strong>et</strong></span> <span class='ocrx_word' id='word_1_590' title='bbox 1252 740 1349 768; x_wconf 86' lang='lat' dir='ltr'><strong>tamdiu</strong></span> <span class='ocrx_word' id='word_1_591' title='bbox 1362 741 1488 768; x_wconf 86' lang='lat' dir='ltr'><strong>tendebas</strong></span> <span class='ocrx_word' id='word_1_592' title='bbox 1498 743 1508 758; x_wconf 88' lang='grc'>¹</span> <span class='ocrx_word' id='word_1_593' title='bbox 1523 743 1670 777; x_wconf 86' lang='lat' dir='ltr'><strong>avaritiam,</strong></span> <span class='ocrx_word' id='word_1_594' title='bbox 1684 744 1769 771; x_wconf 88' lang='lat' dir='ltr'><strong>donec</strong></span> 
     </span>
    </p>
   </div>
   <div class='ocr_carea' id='block_1_73' title="bbox 984 782 1770 821">
    <p class='ocr_par' dir='ltr' id='par_1_73' title="bbox 984 782 1770 821">
     <span class='ocr_line' id='line_1_73' title="bbox 984 782 1770 821; baseline 0.01 -13"><span class='ocrx_word' id='word_1_595' title='bbox 984 782 1015 808; x_wconf 89' lang='lat' dir='ltr'><strong>ad</strong></span> <span class='ocrx_word' id='word_1_596' title='bbox 1030 782 1117 809; x_wconf 86' lang='lat' dir='ltr'><strong>littora</strong></span> <span class='ocrx_word' id='word_1_597' title='bbox 1133 785 1303 818; x_wconf 87' lang='lat' dir='ltr'><strong>pervenircs:</strong></span> <span class='ocrx_word' id='word_1_598' title='bbox 1321 787 1478 820; x_wconf 87' lang='lat' dir='ltr'><strong>perveniens</strong></span> <span class='ocrx_word' id='word_1_599' title='bbox 1498 788 1530 815; x_wconf 87' lang='lat' dir='ltr'><strong>ad</strong></span> <span class='ocrx_word' id='word_1_600' title='bbox 1550 788 1652 821; x_wconf 88' lang='lat' dir='ltr'><strong>littora,</strong></span> <span class='ocrx_word' id='word_1_601' title='bbox 1670 789 1770 816; x_wconf 88' lang='lat' dir='ltr'><strong>insulas</strong></span> 
     </span>
    </p>
   </div>
   <div class='ocr_carea' id='block_1_74' title="bbox 984 828 1770 870">
    <p class='ocr_par' dir='ltr' id='par_1_74' title="bbox 984 828 1770 870">
     <span class='ocr_line' id='line_1_74' title="bbox 984 828 1770 870; baseline 0.01 -16"><span class='ocrx_word' id='word_1_602' title='bbox 984 828 1164 862; x_wconf 86' lang='lat' dir='ltr'><strong>concupiscis;</strong></span> <span class='ocrx_word' id='word_1_603' title='bbox 1189 837 1309 864; x_wconf 85' lang='lat' dir='ltr'><strong>possessa</strong></span> <span class='ocrx_word' id='word_1_604' title='bbox 1328 836 1396 858; x_wconf 84' lang='lat' dir='ltr'><strong>terra</strong></span> <span class='ocrx_word' id='word_1_605' title='bbox 1409 852 1415 861; x_wconf 83' lang='lat'><strong>.</strong></span> <span class='ocrx_word' id='word_1_606' title='bbox 1430 832 1525 859; x_wconf 69' lang='lat' dir='ltr'><strong>caelum</strong></span> <span class='ocrx_word' id='word_1_607' title='bbox 1542 833 1609 861; x_wconf 79' lang='lat' dir='ltr'><strong>forte</strong></span> <span class='ocrx_word' id='word_1_608' title='bbox 1629 834 1668 861; x_wconf 90' lang='lat' dir='ltr'><strong>vis</strong></span> <span class='ocrx_word' id='word_1_609' title='bbox 1692 842 1770 870; x_wconf 86' lang='lat' dir='ltr'><strong>pren-</strong></span> 
     </span>
    </p>
   </div>
   <div class='ocr_carea' id='block_1_75' title="bbox 984 873 1770 916">
    <p class='ocr_par' dir='ltr' id='par_1_75' title="bbox 984 873 1770 916">
     <span class='ocr_line' id='line_1_75' title="bbox 984 873 1770 916; baseline 0.011 -17"><span class='ocrx_word' id='word_1_610' title='bbox 984 873 1056 901; x_wconf 92' lang='lat' dir='ltr'><strong>dere.</strong></span> <span class='ocrx_word' id='word_1_611' title='bbox 1077 873 1206 909; x_wconf 80' lang='lat' dir='ltr'><strong>Relinque</strong></span> <span class='ocrx_word' id='word_1_612' title='bbox 1222 883 1314 903; x_wconf 87' lang='lat' dir='ltr'><strong>ontnes</strong></span> <span class='ocrx_word' id='word_1_613' title='bbox 1328 884 1432 904; x_wconf 89' lang='lat' dir='ltr'><strong>amores</strong></span> <span class='ocrx_word' id='word_1_614' title='bbox 1445 887 1451 904; x_wconf 88' lang='lat'><strong>:</strong></span> <span class='ocrx_word' id='word_1_615' title='bbox 1466 878 1600 913; x_wconf 86' lang='lat' dir='ltr'><strong>pulchrior</strong></span> <span class='ocrx_word' id='word_1_616' title='bbox 1614 885 1655 907; x_wconf 90' lang='lat' dir='ltr'><strong>est</strong></span> <span class='ocrx_word' id='word_1_617' title='bbox 1668 880 1714 908; x_wconf 88' lang='lat' dir='ltr'><strong>ille</strong></span> <span class='ocrx_word' id='word_1_618' title='bbox 1725 881 1770 916; x_wconf 90' lang='lat' dir='ltr'><strong>qui</strong></span> 
     </span>
    </p>
   </div>
   <div class='ocr_carea' id='block_1_76' title="bbox 985 918 1777 948">
    <p class='ocr_par' dir='ltr' id='par_1_76' title="bbox 985 918 1777 948">
     <span class='ocr_line' id='line_1_76' title="bbox 985 918 1777 948; baseline 0.008 -3"><span class='ocrx_word' id='word_1_619' title='bbox 985 918 1045 945; x_wconf 82' lang='lat' dir='ltr'><strong>fecit</strong></span> <span class='ocrx_word' id='word_1_620' title='bbox 1058 919 1153 946; x_wconf 70' lang='lat' dir='ltr'><strong>cmlum</strong></span> <span class='ocrx_word' id='word_1_621' title='bbox 1169 924 1195 947; x_wconf 88' lang='lat' dir='ltr'><strong>et</strong></span> <span class='ocrx_word' id='word_1_622' title='bbox 1210 924 1317 948; x_wconf 87' lang='lat' dir='ltr'><strong>terram.</strong></span> <span class='ocrx_word' id='word_1_623' title='bbox 1775 926 1777 928; x_wconf 82' lang='grc'><strong>’</strong></span> 
     </span>
    </p>
   </div>
   <div class='ocr_carea' id='block_1_77' title="bbox 1020 965 1770 1005">
    <p class='ocr_par' dir='ltr' id='par_1_77' title="bbox 1020 965 1770 1005">
     <span class='ocr_line' id='line_1_77' title="bbox 1020 965 1770 1005; baseline 0.008 -13"><span class='ocrx_word' id='word_1_624' title='bbox 1020 965 1045 992; x_wconf 95' lang='grc'><strong>8.</strong></span> <span class='ocrx_word' id='word_1_625' title='bbox 1061 965 1152 993; x_wconf 77' lang='lat' dir='ltr'><strong>Beatus</strong></span> <span class='ocrx_word' id='word_1_626' title='bbox 1170 967 1215 1000; x_wconf 85' lang='lat' dir='ltr'><strong>vir,</strong></span> <span class='ocrx_word' id='word_1_627' title='bbox 1228 968 1300 1002; x_wconf 80' lang='lat' dir='ltr'><strong>cujus</strong></span> <span class='ocrx_word' id='word_1_628' title='bbox 1314 973 1350 996; x_wconf 80' lang='lat' dir='ltr'><strong>est</strong></span> <span class='ocrx_word' id='word_1_629' title='bbox 1368 977 1457 996; x_wconf 80' lang='lat' dir='ltr'><strong>nomen</strong></span> <span class='ocrx_word' id='word_1_630' title='bbox 1472 968 1577 997; x_wconf 88' lang='lat' dir='ltr'><strong>Domini</strong></span> <span class='ocrx_word' id='word_1_631' title='bbox 1589 978 1645 1005; x_wconf 79' lang='lat' dir='ltr'><strong>spes</strong></span> <span class='ocrx_word' id='word_1_632' title='bbox 1659 971 1731 1005; x_wconf 84' lang='lat' dir='ltr'><strong>ejus,</strong></span> <span class='ocrx_word' id='word_1_633' title='bbox 1747 977 1770 998; x_wconf 82' lang='lat' dir='ltr'><strong>et</strong></span> 
     </span>
    </p>
   </div>
   <div class='ocr_carea' id='block_1_78' title="bbox 985 1013 1771 1046">
    <p class='ocr_par' dir='ltr' id='par_1_78' title="bbox 985 1013 1771 1046">
     <span class='ocr_line' id='line_1_78' title="bbox 985 1013 1771 1046; baseline 0.009 -9"><span class='ocrx_word' id='word_1_634' title='bbox 985 1019 1034 1037; x_wconf 84' lang='lat' dir='ltr'><strong>non</strong></span> <span class='ocrx_word' id='word_1_635' title='bbox 1047 1013 1155 1046; x_wconf 72' lang='lat' dir='ltr'><strong>respexit</strong></span> <span class='ocrx_word' id='word_1_636' title='bbox 1176 1013 1202 1039; x_wconf 89' lang='lat' dir='ltr'><strong>in</strong></span> <span class='ocrx_word' id='word_1_637' title='bbox 1221 1014 1341 1040; x_wconf 79' lang='lat' dir='ltr'><strong>vanitates</strong></span> <span class='ocrx_word' id='word_1_638' title='bbox 1360 1019 1384 1041; x_wconf 84' lang='lat' dir='ltr'><strong>et</strong></span> <span class='ocrx_word' id='word_1_639' title='bbox 1405 1015 1517 1041; x_wconf 79' lang='lat' dir='ltr'><strong>insanias</strong></span> <span class='ocrx_word' id='word_1_640' title='bbox 1538 1016 1678 1043; x_wconf 81' lang='lat' dir='ltr'><strong>mendaces.</strong></span> <span class='ocrx_word' id='word_1_641' title='bbox 1695 1016 1771 1044; x_wconf 79' lang='lat' dir='ltr'><strong>Unde</strong></span> 
     </span>
    </p>
   </div>
   <div class='ocr_carea' id='block_1_79' title="bbox 985 1056 1773 1094">
    <p class='ocr_par' dir='ltr' id='par_1_79' title="bbox 985 1056 1773 1094">
     <span class='ocr_line' id='line_1_79' title="bbox 985 1056 1773 1094; baseline 0.009 -12"><span class='ocrx_word' id='word_1_642' title='bbox 985 1056 1055 1083; x_wconf 88' lang='lat' dir='ltr'><strong>enint</strong></span> <span class='ocrx_word' id='word_1_643' title='bbox 1080 1057 1187 1084; x_wconf 85' lang='lat' dir='ltr'><strong>insaniae</strong></span> <span class='ocrx_word' id='word_1_644' title='bbox 1210 1058 1370 1086; x_wconf 87' lang='lat' dir='ltr'><strong>mendaces?</strong></span> <span class='ocrx_word' id='word_1_645' title='bbox 1393 1059 1496 1086; x_wconf 82' lang='lat' dir='ltr'><strong>Insania</strong></span> <span class='ocrx_word' id='word_1_646' title='bbox 1519 1060 1649 1094; x_wconf 82' lang='lat' dir='ltr'><strong>mendax,</strong></span> <span class='ocrx_word' id='word_1_647' title='bbox 1672 1061 1773 1090; x_wconf 85' lang='lat' dir='ltr'><strong>sanitas</strong></span> 
     </span>
    </p>
   </div>
   <div class='ocr_carea' id='block_1_80' title="bbox 985 1103 1772 1140">
    <p class='ocr_par' dir='ltr' id='par_1_80' title="bbox 985 1103 1772 1140">
     <span class='ocr_line' id='line_1_80' title="bbox 985 1103 1772 1140; baseline 0.008 -11"><span class='ocrx_word' id='word_1_648' title='bbox 985 1110 1075 1129; x_wconf 83' lang='lat' dir='ltr'><strong>verax.</strong></span> <span class='ocrx_word' id='word_1_649' title='bbox 1092 1103 1156 1137; x_wconf 83' lang='lat' dir='ltr'><strong>Quae</strong></span> <span class='ocrx_word' id='word_1_650' title='bbox 1170 1103 1242 1131; x_wconf 88' lang='lat' dir='ltr'><strong>vides</strong></span> <span class='ocrx_word' id='word_1_651' title='bbox 1256 1104 1323 1131; x_wconf 92' lang='lat' dir='ltr'><strong>bona</strong></span> <span class='ocrx_word' id='word_1_652' title='bbox 1346 1110 1423 1140; x_wconf 90' lang='lat' dir='ltr'><strong>putas</strong></span> <span class='ocrx_word' id='word_1_653' title='bbox 1441 1106 1463 1139; x_wconf 82' lang='grc'><strong>³,</strong></span> <span class='ocrx_word' id='word_1_654' title='bbox 1485 1105 1582 1133; x_wconf 82' lang='lat' dir='ltr'><strong>falleris</strong></span> <span class='ocrx_word' id='word_1_655' title='bbox 1596 1115 1602 1133; x_wconf 93' lang='lat'><strong>:</strong></span> <span class='ocrx_word' id='word_1_656' title='bbox 1618 1114 1698 1134; x_wconf 90' lang='lat' dir='ltr'><strong>sanus</strong></span> <span class='ocrx_word' id='word_1_657' title='bbox 1718 1115 1772 1136; x_wconf 88' lang='lat' dir='ltr'><strong>non</strong></span> 
     </span>
    </p>
   </div>
   <div class='ocr_carea' id='block_1_81' title="bbox 986 1148 1772 1184">
    <p class='ocr_par' dir='ltr' id='par_1_81' title="bbox 986 1148 1772 1184">
     <span class='ocr_line' id='line_1_81' title="bbox 986 1148 1772 1184; baseline 0.009 -10"><span class='ocrx_word' id='word_1_658' title='bbox 986 1155 1025 1179; x_wconf 88' lang='lat' dir='ltr'><strong>cs,</strong></span> <span class='ocrx_word' id='word_1_659' title='bbox 1041 1148 1120 1175; x_wconf 90' lang='lat' dir='ltr'><strong>nimia</strong></span> <span class='ocrx_word' id='word_1_660' title='bbox 1131 1148 1205 1176; x_wconf 81' lang='lat' dir='ltr'><strong>febre</strong></span> <span class='ocrx_word' id='word_1_661' title='bbox 1218 1150 1387 1184; x_wconf 86' lang='lat' dir='ltr'><strong>phreneticus</strong></span> <span class='ocrx_word' id='word_1_662' title='bbox 1400 1151 1484 1178; x_wconf 84' lang='lat' dir='ltr'><strong>lactus</strong></span> <span class='ocrx_word' id='word_1_663' title='bbox 1496 1159 1525 1179; x_wconf 89' lang='lat' dir='ltr'><strong>es</strong></span> <span class='ocrx_word' id='word_1_664' title='bbox 1538 1160 1544 1184; x_wconf 96' lang='lat'><strong>;</strong></span> <span class='ocrx_word' id='word_1_665' title='bbox 1561 1159 1651 1179; x_wconf 91' lang='lat' dir='ltr'><strong>verunt</strong></span> <span class='ocrx_word' id='word_1_666' title='bbox 1660 1160 1720 1181; x_wconf 74' lang='lat' dir='ltr'><strong>non</strong></span> <span class='ocrx_word' id='word_1_667' title='bbox 1733 1159 1772 1181; x_wconf 89' lang='lat' dir='ltr'><strong>est</strong></span> 
     </span>
    </p>
   </div>
   <div class='ocr_carea' id='block_1_82' title="bbox 987 1193 1773 1233">
    <p class='ocr_par' dir='ltr' id='par_1_82' title="bbox 987 1193 1773 1233">
     <span class='ocr_line' id='line_1_82' title="bbox 987 1193 1773 1233; baseline 0.008 -14"><span class='ocrx_word' id='word_1_668' title='bbox 987 1193 1055 1227; x_wconf 90' lang='lat' dir='ltr'><strong>quod</strong></span> <span class='ocrx_word' id='word_1_669' title='bbox 1070 1193 1152 1220; x_wconf 89' lang='lat' dir='ltr'><strong>am&#39;as.</strong></span> <span class='ocrx_word' id='word_1_670' title='bbox 1167 1193 1271 1222; x_wconf 89' lang='lat' dir='ltr'><strong>Laudas</strong></span> <span class='ocrx_word' id='word_1_671' title='bbox 1286 1196 1403 1230; x_wconf 77' lang='lat' dir='ltr'><strong>aurigam</strong></span> <span class='ocrx_word' id='word_1_672' title='bbox 1420 1196 1473 1231; x_wconf 86' lang='lat' dir='ltr'><strong>(a),</strong></span> <span class='ocrx_word' id='word_1_673' title='bbox 1496 1197 1595 1224; x_wconf 86' lang='lat' dir='ltr'><strong>clamas</strong></span> <span class='ocrx_word' id='word_1_674' title='bbox 1608 1197 1717 1233; x_wconf 58' lang='grc' dir='ltr'><strong>θυι-ἰείη,</strong></span> <span class='ocrx_word' id='word_1_675' title='bbox 1734 1199 1773 1225; x_wconf 86' lang='lat' dir='ltr'><strong>itt-</strong></span> 
     </span>
    </p>
   </div>
   <div class='ocr_carea' id='block_1_83' title="bbox 986 1239 1772 1275">
    <p class='ocr_par' dir='ltr' id='par_1_83' title="bbox 986 1239 1772 1275">
     <span class='ocr_line' id='line_1_83' title="bbox 986 1239 1772 1275; baseline 0.009 -11"><span class='ocrx_word' id='word_1_676' title='bbox 986 1239 1057 1265; x_wconf 87' lang='lat' dir='ltr'><strong>sanis</strong></span> <span class='ocrx_word' id='word_1_677' title='bbox 1076 1239 1101 1266; x_wconf 91' lang='lat' dir='ltr'><strong>in</strong></span> <span class='ocrx_word' id='word_1_678' title='bbox 1116 1239 1244 1274; x_wconf 54' lang='lat' dir='ltr'><strong>aur&#39;gam.</strong></span> <span class='ocrx_word' id='word_1_679' title='bbox 1258 1239 1369 1268; x_wconf 88' lang='lat' dir='ltr'><strong>Vanitas</strong></span> <span class='ocrx_word' id='word_1_680' title='bbox 1391 1246 1448 1275; x_wconf 87' lang='lat' dir='ltr'><strong>est,</strong></span> <span class='ocrx_word' id='word_1_681' title='bbox 1469 1242 1571 1269; x_wconf 86' lang='lat' dir='ltr'><strong>insania</strong></span> <span class='ocrx_word' id='word_1_682' title='bbox 1592 1244 1707 1270; x_wconf 77' lang='lat' dir='ltr'><strong>mendax</strong></span> <span class='ocrx_word' id='word_1_683' title='bbox 1720 1248 1772 1271; x_wconf 85' lang='lat' dir='ltr'><strong>est.</strong></span> 
     </span>
    </p>
   </div>
   <div class='ocr_carea' id='block_1_84' title="bbox 986 1284 1773 1323">
    <p class='ocr_par' dir='ltr' id='par_1_84' title="bbox 986 1284 1773 1323">
     <span class='ocr_line' id='line_1_84' title="bbox 986 1284 1773 1323; baseline 0.008 -12"><span class='ocrx_word' id='word_1_684' title='bbox 986 1284 1043 1311; x_wconf 91' lang='lat' dir='ltr'><strong>Non</strong></span> <span class='ocrx_word' id='word_1_685' title='bbox 1057 1289 1097 1312; x_wconf 91' lang='lat' dir='ltr'><strong>est</strong></span> <span class='ocrx_word' id='word_1_686' title='bbox 1107 1306 1113 1317; x_wconf 93' lang='lat'><strong>,</strong></span> <span class='ocrx_word' id='word_1_687' title='bbox 1128 1284 1183 1312; x_wconf 89' lang='lat' dir='ltr'><strong>ait:</strong></span> <span class='ocrx_word' id='word_1_688' title='bbox 1200 1286 1265 1313; x_wconf 92' lang='lat' dir='ltr'><strong>ttiltil</strong></span> <span class='ocrx_word' id='word_1_689' title='bbox 1280 1287 1392 1320; x_wconf 89' lang='lat' dir='ltr'><strong>melius,</strong></span> <span class='ocrx_word' id='word_1_690' title='bbox 1415 1287 1480 1314; x_wconf 86' lang='lat' dir='ltr'><strong>nihil</strong></span> <span class='ocrx_word' id='word_1_691' title='bbox 1499 1287 1691 1316; x_wconf 86' lang='lat' dir='ltr'><strong>delectabilius.</strong></span> <span class='ocrx_word' id='word_1_692' title='bbox 1706 1289 1773 1323; x_wconf 86' lang='lat' dir='ltr'><strong>Quid</strong></span> 
     </span>
    </p>
   </div>
   <div class='ocr_carea' id='block_1_85' title="bbox 987 1329 1773 1370">
    <p class='ocr_par' dir='ltr' id='par_1_85' title="bbox 987 1329 1773 1370">
     <span class='ocr_line' id='line_1_85' title="bbox 987 1329 1773 1370; baseline 0.009 -14"><span class='ocrx_word' id='word_1_693' title='bbox 987 1329 1054 1357; x_wconf 89' lang='lat' dir='ltr'><strong>l‘acio</strong></span> <span class='ocrx_word' id='word_1_694' title='bbox 1067 1330 1205 1358; x_wconf 80' lang='lat' dir='ltr'><strong>l‘ebrienti?</strong></span> <span class='ocrx_word' id='word_1_695' title='bbox 1219 1331 1246 1359; x_wconf 91' lang='lat' dir='ltr'><strong>Si</strong></span> <span class='ocrx_word' id='word_1_696' title='bbox 1257 1336 1298 1359; x_wconf 87' lang='lat' dir='ltr'><strong>est</strong></span> <span class='ocrx_word' id='word_1_697' title='bbox 1309 1333 1335 1359; x_wconf 93' lang='lat' dir='ltr'><strong>in</strong></span> <span class='ocrx_word' id='word_1_698' title='bbox 1350 1332 1423 1359; x_wconf 87' lang='lat' dir='ltr'><strong>vobis</strong></span> <span class='ocrx_word' id='word_1_699' title='bbox 1436 1332 1629 1367; x_wconf 86' lang='lat' dir='ltr'><strong>misericordia,</strong></span> <span class='ocrx_word' id='word_1_700' title='bbox 1641 1339 1716 1362; x_wconf 89' lang='lat' dir='ltr'><strong>orate</strong></span> <span class='ocrx_word' id='word_1_701' title='bbox 1725 1343 1773 1370; x_wconf 90' lang='lat' dir='ltr'><strong>pro</strong></span> 
     </span>
    </p>
   </div>
   <div class='ocr_carea' id='block_1_86' title="bbox 988 1375 1774 1414">
    <p class='ocr_par' dir='ltr' id='par_1_86' title="bbox 988 1375 1774 1414">
     <span class='ocr_line' id='line_1_86' title="bbox 988 1375 1774 1414; baseline 0.008 -13"><span class='ocrx_word' id='word_1_702' title='bbox 988 1375 1091 1402; x_wconf 89' lang='lat' dir='ltr'><strong>talibus.</strong></span> <span class='ocrx_word' id='word_1_703' title='bbox 1108 1375 1174 1408; x_wconf 86' lang='lat' dir='ltr'><strong>Quia</strong></span> <span class='ocrx_word' id='word_1_704' title='bbox 1192 1380 1220 1403; x_wconf 89' lang='lat' dir='ltr'><strong>et</strong></span> <span class='ocrx_word' id='word_1_705' title='bbox 1232 1376 1288 1411; x_wconf 86' lang='lat' dir='ltr'><strong>ipse</strong></span> <span class='ocrx_word' id='word_1_706' title='bbox 1301 1376 1420 1404; x_wconf 90' lang='lat' dir='ltr'><strong>medicus</strong></span> <span class='ocrx_word' id='word_1_707' title='bbox 1434 1377 1592 1413; x_wconf 89' lang='lat' dir='ltr'><strong>plerumque</strong></span> <span class='ocrx_word' id='word_1_708' title='bbox 1604 1380 1629 1406; x_wconf 91' lang='lat' dir='ltr'><strong>in</strong></span> <span class='ocrx_word' id='word_1_709' title='bbox 1648 1379 1774 1414; x_wconf 86' lang='lat' dir='ltr'><strong>despera-</strong></span> 
     </span>
    </p>
   </div>
   <div class='ocr_carea' id='block_1_87' title="bbox 988 1418 1774 1460">
    <p class='ocr_par' dir='ltr' id='par_1_87' title="bbox 988 1418 1774 1460">
     <span class='ocr_line' id='line_1_87' title="bbox 988 1418 1774 1460; baseline 0.008 -14"><span class='ocrx_word' id='word_1_710' title='bbox 988 1418 1060 1447; x_wconf 90' lang='lat' dir='ltr'><strong>tione</strong></span> <span class='ocrx_word' id='word_1_711' title='bbox 1070 1421 1235 1448; x_wconf 88' lang='lat' dir='ltr'><strong>convertitur</strong></span> <span class='ocrx_word' id='word_1_712' title='bbox 1249 1420 1281 1448; x_wconf 92' lang='lat' dir='ltr'><strong>ad</strong></span> <span class='ocrx_word' id='word_1_713' title='bbox 1297 1429 1344 1449; x_wconf 89' lang='lat' dir='ltr'><strong>eos</strong></span> <span class='ocrx_word' id='word_1_714' title='bbox 1357 1422 1401 1456; x_wconf 89' lang='lat' dir='ltr'><strong>qui</strong></span> <span class='ocrx_word' id='word_1_715' title='bbox 1413 1423 1587 1451; x_wconf 82' lang='lat' dir='ltr'><strong>circumstant</strong></span> <span class='ocrx_word' id='word_1_716' title='bbox 1599 1424 1774 1460; x_wconf 86' lang='lat' dir='ltr'><strong>lacrymantes</strong></span> 
     </span>
    </p>
   </div>
   <div class='ocr_carea' id='block_1_88' title="bbox 987 1464 1774 1501">
    <p class='ocr_par' dir='ltr' id='par_1_88' title="bbox 987 1464 1774 1501">
     <span class='ocr_line' id='line_1_88' title="bbox 987 1464 1774 1501; baseline 0.006 -10"><span class='ocrx_word' id='word_1_717' title='bbox 987 1465 1015 1491; x_wconf 89' lang='lat' dir='ltr'><strong>in</strong></span> <span class='ocrx_word' id='word_1_718' title='bbox 1028 1464 1117 1498; x_wconf 86' lang='lat' dir='ltr'><strong>domo,</strong></span> <span class='ocrx_word' id='word_1_719' title='bbox 1133 1465 1178 1500; x_wconf 92' lang='lat' dir='ltr'><strong>qui</strong></span> <span class='ocrx_word' id='word_1_720' title='bbox 1194 1465 1308 1500; x_wconf 88' lang='lat' dir='ltr'><strong>pendent</strong></span> <span class='ocrx_word' id='word_1_721' title='bbox 1328 1474 1360 1493; x_wconf 86' lang='lat' dir='ltr'><strong>ex</strong></span> <span class='ocrx_word' id='word_1_722' title='bbox 1377 1474 1424 1494; x_wconf 89' lang='lat' dir='ltr'><strong>ore</strong></span> <span class='ocrx_word' id='word_1_723' title='bbox 1439 1467 1497 1501; x_wconf 84' lang='lat' dir='ltr'><strong>ejus</strong></span> <span class='ocrx_word' id='word_1_724' title='bbox 1510 1468 1603 1496; x_wconf 82' lang='lat' dir='ltr'><strong>audire</strong></span> <span class='ocrx_word' id='word_1_725' title='bbox 1616 1470 1774 1497; x_wconf 88' lang='lat' dir='ltr'><strong>sentetttiam</strong></span> 
     </span>
    </p>
   </div>
   <div class='ocr_carea' id='block_1_89' title="bbox 988 1510 1775 1548">
    <p class='ocr_par' dir='ltr' id='par_1_89' title="bbox 988 1510 1775 1548">
     <span class='ocr_line' id='line_1_89' title="bbox 988 1510 1775 1548; baseline 0.008 -11"><span class='ocrx_word' id='word_1_726' title='bbox 988 1510 1021 1537; x_wconf 90' lang='lat' dir='ltr'><strong>de</strong></span> <span class='ocrx_word' id='word_1_727' title='bbox 1035 1514 1134 1545; x_wconf 75' lang='lat' dir='ltr'><strong>regroto</strong></span> <span class='ocrx_word' id='word_1_728' title='bbox 1151 1515 1178 1538; x_wconf 89' lang='lat' dir='ltr'><strong>et</strong></span> <span class='ocrx_word' id='word_1_729' title='bbox 1193 1511 1378 1545; x_wconf 86' lang='lat' dir='ltr'><strong>periclitante:</strong></span> <span class='ocrx_word' id='word_1_730' title='bbox 1393 1516 1445 1539; x_wconf 88' lang='lat' dir='ltr'><strong>stat</strong></span> <span class='ocrx_word' id='word_1_731' title='bbox 1457 1520 1557 1548; x_wconf 87' lang='lat' dir='ltr'><strong>anceps</strong></span> <span class='ocrx_word' id='word_1_732' title='bbox 1571 1514 1689 1542; x_wconf 90' lang='lat' dir='ltr'><strong>tnedicus</strong></span> <span class='ocrx_word' id='word_1_733' title='bbox 1699 1536 1706 1546; x_wconf 87' lang='lat'><strong>,</strong></span> <span class='ocrx_word' id='word_1_734' title='bbox 1723 1523 1775 1543; x_wconf 92' lang='lat' dir='ltr'><strong>non</strong></span> 
     </span>
    </p>
   </div>
   <div class='ocr_carea' id='block_1_90' title="bbox 987 1554 1775 1594">
    <p class='ocr_par' dir='ltr' id='par_1_90' title="bbox 987 1554 1775 1594">
     <span class='ocr_line' id='line_1_90' title="bbox 987 1554 1775 1594; baseline 0.008 -13"><span class='ocrx_word' id='word_1_735' title='bbox 987 1554 1059 1582; x_wconf 86' lang='lat' dir='ltr'><strong>videt</strong></span> <span class='ocrx_word' id='word_1_736' title='bbox 1074 1555 1170 1583; x_wconf 87' lang='lat' dir='ltr'><strong>bonttm</strong></span> <span class='ocrx_word' id='word_1_737' title='bbox 1185 1556 1256 1591; x_wconf 90' lang='lat' dir='ltr'><strong>quod</strong></span> <span class='ocrx_word' id='word_1_738' title='bbox 1275 1557 1428 1591; x_wconf 89' lang='lat' dir='ltr'><strong>promittat,</strong></span> <span class='ocrx_word' id='word_1_739' title='bbox 1444 1557 1522 1585; x_wconf 87' lang='lat' dir='ltr'><strong>titnet</strong></span> <span class='ocrx_word' id='word_1_740' title='bbox 1538 1559 1635 1586; x_wconf 88' lang='lat' dir='ltr'><strong>tnalunt</strong></span> <span class='ocrx_word' id='word_1_741' title='bbox 1657 1567 1775 1594; x_wconf 90' lang='lat' dir='ltr'><strong>pronun-</strong></span> 
     </span>
    </p>
   </div>
   <div class='ocr_carea' id='block_1_91' title="bbox 988 1600 1775 1639">
    <p class='ocr_par' dir='ltr' id='par_1_91' title="bbox 988 1600 1775 1639">
     <span class='ocr_line' id='line_1_91' title="bbox 988 1600 1775 1639; baseline 0.006 -13"><span class='ocrx_word' id='word_1_742' title='bbox 988 1600 1064 1630; x_wconf 85' lang='lat' dir='ltr'><strong>tiare.</strong></span> <span class='ocrx_word' id='word_1_743' title='bbox 1080 1608 1113 1628; x_wconf 85' lang='lat' dir='ltr'><strong>tte</strong></span> <span class='ocrx_word' id='word_1_744' title='bbox 1129 1605 1243 1634; x_wconf 85' lang='lat' dir='ltr'><strong>terreat;</strong></span> <span class='ocrx_word' id='word_1_745' title='bbox 1259 1601 1409 1630; x_wconf 86' lang='lat' dir='ltr'><strong>modestam</strong></span> <span class='ocrx_word' id='word_1_746' title='bbox 1424 1602 1503 1637; x_wconf 90' lang='lat' dir='ltr'><strong>plane</strong></span> <span class='ocrx_word' id='word_1_747' title='bbox 1516 1603 1565 1631; x_wconf 86' lang='lat' dir='ltr'><strong>iste</strong></span> <span class='ocrx_word' id='word_1_748' title='bbox 1579 1605 1695 1639; x_wconf 87' lang='lat' dir='ltr'><strong>concipit</strong></span> <span class='ocrx_word' id='word_1_749' title='bbox 1712 1613 1775 1633; x_wconf 60' lang='lat' dir='ltr'><strong>seu.</strong></span> 
     </span>
    </p>
   </div>
   <div class='ocr_carea' id='block_1_92' title="bbox 988 1647 1775 1686">
    <p class='ocr_par' dir='ltr' id='par_1_92' title="bbox 988 1647 1775 1686">
     <span class='ocr_line' id='line_1_92' title="bbox 988 1647 1775 1686; baseline 0.008 -14"><span class='ocrx_word' id='word_1_750' title='bbox 988 1648 1095 1674; x_wconf 80' lang='lat' dir='ltr'><strong>tentiam</strong></span> <span class='ocrx_word' id='word_1_751' title='bbox 1110 1655 1115 1673; x_wconf 94' lang='lat'><strong>:</strong></span> <span class='ocrx_word' id='word_1_752' title='bbox 1131 1647 1220 1675; x_wconf 84' lang='lat' dir='ltr'><strong>Bonus</strong></span> <span class='ocrx_word' id='word_1_753' title='bbox 1238 1648 1307 1676; x_wconf 88' lang='lat' dir='ltr'><strong>Deus</strong></span> <span class='ocrx_word' id='word_1_754' title='bbox 1328 1649 1416 1677; x_wconf 88' lang='lat' dir='ltr'><strong>omnia</strong></span> <span class='ocrx_word' id='word_1_755' title='bbox 1438 1653 1542 1685; x_wconf 87' lang='lat' dir='ltr'><strong>potest,</strong></span> <span class='ocrx_word' id='word_1_756' title='bbox 1557 1656 1631 1679; x_wconf 88' lang='lat' dir='ltr'><strong>orate</strong></span> <span class='ocrx_word' id='word_1_757' title='bbox 1651 1659 1699 1686; x_wconf 89' lang='lat' dir='ltr'><strong>pro</strong></span> <span class='ocrx_word' id='word_1_758' title='bbox 1720 1652 1775 1680; x_wconf 90' lang='lat' dir='ltr'><strong>illo.</strong></span> 
     </span>
    </p>
   </div>
   <div class='ocr_carea' id='block_1_93' title="bbox 987 1691 1776 1729">
    <p class='ocr_par' dir='ltr' id='par_1_93' title="bbox 987 1691 1776 1729">
     <span class='ocr_line' id='line_1_93' title="bbox 987 1691 1776 1729; baseline 0.009 -11"><span class='ocrx_word' id='word_1_759' title='bbox 987 1691 1072 1724; x_wconf 87' lang='lat' dir='ltr'><strong>Quem</strong></span> <span class='ocrx_word' id='word_1_760' title='bbox 1100 1693 1187 1728; x_wconf 86' lang='lat' dir='ltr'><strong>itaque</strong></span> <span class='ocrx_word' id='word_1_761' title='bbox 1215 1694 1440 1729; x_wconf 90' lang='lat' dir='ltr'><strong>comprehendam</strong></span> <span class='ocrx_word' id='word_1_762' title='bbox 1470 1696 1579 1723; x_wconf 88' lang='lat' dir='ltr'><strong>istorum</strong></span> <span class='ocrx_word' id='word_1_763' title='bbox 1608 1697 1776 1725; x_wconf 87' lang='lat' dir='ltr'><strong>insanoruttt?</strong></span> 
     </span>
    </p>
   </div>
   <div class='ocr_carea' id='block_1_94' title="bbox 987 1737 1777 1774">
    <p class='ocr_par' dir='ltr' id='par_1_94' title="bbox 987 1737 1777 1774">
     <span class='ocr_line' id='line_1_94' title="bbox 987 1737 1777 1774; baseline 0.009 -11"><span class='ocrx_word' id='word_1_764' title='bbox 987 1737 1051 1770; x_wconf 87' lang='lat' dir='ltr'><strong>Quis</strong></span> <span class='ocrx_word' id='word_1_765' title='bbox 1065 1745 1107 1764; x_wconf 90' lang='lat' dir='ltr'><strong>me</strong></span> <span class='ocrx_word' id='word_1_766' title='bbox 1121 1738 1229 1765; x_wconf 84' lang='lat' dir='ltr'><strong>audiat?</strong></span> <span class='ocrx_word' id='word_1_767' title='bbox 1241 1740 1301 1774; x_wconf 91' lang='lat' dir='ltr'><strong>quis</strong></span> <span class='ocrx_word' id='word_1_768' title='bbox 1319 1748 1411 1767; x_wconf 86' lang='lat' dir='ltr'><strong>eorum</strong></span> <span class='ocrx_word' id='word_1_769' title='bbox 1425 1747 1475 1768; x_wconf 88' lang='lat' dir='ltr'><strong>nos</strong></span> <span class='ocrx_word' id='word_1_770' title='bbox 1489 1749 1540 1768; x_wconf 91' lang='lat' dir='ltr'><strong>non</strong></span> <span class='ocrx_word' id='word_1_771' title='bbox 1561 1742 1674 1770; x_wconf 88' lang='lat' dir='ltr'><strong>miseros</strong></span> <span class='ocrx_word' id='word_1_772' title='bbox 1688 1743 1777 1770; x_wconf 80' lang='lat' dir='ltr'><strong>dicat?</strong></span> 
     </span>
    </p>
   </div>
   <div class='ocr_carea' id='block_1_95' title="bbox 988 1782 1777 1821">
    <p class='ocr_par' dir='ltr' id='par_1_95' title="bbox 988 1782 1777 1821">
     <span class='ocr_line' id='line_1_95' title="bbox 988 1782 1777 1821; baseline 0.008 -12"><span class='ocrx_word' id='word_1_773' title='bbox 988 1782 1053 1815; x_wconf 85' lang='lat' dir='ltr'><strong>Quia</strong></span> <span class='ocrx_word' id='word_1_774' title='bbox 1068 1791 1128 1810; x_wconf 85' lang='lat' dir='ltr'><strong>cuin</strong></span> <span class='ocrx_word' id='word_1_775' title='bbox 1150 1784 1189 1811; x_wconf 89' lang='lat' dir='ltr'><strong>eis</strong></span> <span class='ocrx_word' id='word_1_776' title='bbox 1211 1791 1263 1811; x_wconf 91' lang='lat' dir='ltr'><strong>non</strong></span> <span class='ocrx_word' id='word_1_777' title='bbox 1288 1784 1452 1818; x_wconf 87' lang='lat' dir='ltr'><strong>insanimus,</strong></span> <span class='ocrx_word' id='word_1_778' title='bbox 1473 1786 1594 1813; x_wconf 88' lang='lat' dir='ltr'><strong>amisisse</strong></span> <span class='ocrx_word' id='word_1_779' title='bbox 1617 1794 1665 1814; x_wconf 87' lang='lat' dir='ltr'><strong>nos</strong></span> <span class='ocrx_word' id='word_1_780' title='bbox 1685 1792 1777 1821; x_wconf 88' lang='lat' dir='ltr'><strong>putant</strong></span> 
     </span>
    </p>
   </div>
   <div class='ocr_carea' id='block_1_96' title="bbox 987 1830 1775 1866">
    <p class='ocr_par' dir='ltr' id='par_1_96' title="bbox 987 1830 1775 1866">
     <span class='ocr_line' id='line_1_96' title="bbox 987 1830 1775 1866; baseline 0.005 -11"><span class='ocrx_word' id='word_1_781' title='bbox 987 1836 1097 1864; x_wconf 72' lang='lat' dir='ltr'><strong>magnas</strong></span> <span class='ocrx_word' id='word_1_782' title='bbox 1109 1834 1135 1857; x_wconf 91' lang='lat' dir='ltr'><strong>et</strong></span> <span class='ocrx_word' id='word_1_783' title='bbox 1147 1830 1233 1857; x_wconf 88' lang='lat' dir='ltr'><strong>varias</strong></span> <span class='ocrx_word' id='word_1_784' title='bbox 1243 1830 1402 1865; x_wconf 87' lang='lat' dir='ltr'><strong>voluptates,</strong></span> <span class='ocrx_word' id='word_1_785' title='bbox 1417 1831 1441 1857; x_wconf 94' lang='lat' dir='ltr'><strong>in</strong></span> <span class='ocrx_word' id='word_1_786' title='bbox 1453 1831 1550 1865; x_wconf 89' lang='lat' dir='ltr'><strong>quibus</strong></span> <span class='ocrx_word' id='word_1_787' title='bbox 1560 1832 1608 1866; x_wconf 91' lang='lat' dir='ltr'><strong>ipsi</strong></span> <span class='ocrx_word' id='word_1_788' title='bbox 1622 1832 1757 1859; x_wconf 84' lang='lat' dir='ltr'><strong>insaniunt</strong></span> <span class='ocrx_word' id='word_1_789' title='bbox 1769 1842 1775 1859; x_wconf 90' lang='lat'><strong>:</strong></span> 
     </span>
    </p>
   </div>
   <div class='ocr_carea' id='block_1_97' title="bbox 988 1875 1776 1911">
    <p class='ocr_par' dir='ltr' id='par_1_97' title="bbox 988 1875 1776 1911">
     <span class='ocr_line' id='line_1_97' title="bbox 988 1875 1776 1911; baseline 0.006 -10"><span class='ocrx_word' id='word_1_790' title='bbox 988 1882 1037 1902; x_wconf 88' lang='lat' dir='ltr'><strong>nec</strong></span> <span class='ocrx_word' id='word_1_791' title='bbox 1052 1875 1142 1902; x_wconf 90' lang='lat' dir='ltr'><strong>vident</strong></span> <span class='ocrx_word' id='word_1_792' title='bbox 1154 1876 1214 1911; x_wconf 90' lang='lat' dir='ltr'><strong>quia</strong></span> <span class='ocrx_word' id='word_1_793' title='bbox 1229 1876 1371 1904; x_wconf 88' lang='lat' dir='ltr'><strong>mendaces</strong></span> <span class='ocrx_word' id='word_1_794' title='bbox 1384 1880 1455 1904; x_wconf 87' lang='lat' dir='ltr'><strong>sunt.</strong></span> <span class='ocrx_word' id='word_1_795' title='bbox 1471 1877 1584 1911; x_wconf 86' lang='lat' dir='ltr'><strong>Quando</strong></span> <span class='ocrx_word' id='word_1_796' title='bbox 1597 1878 1633 1905; x_wconf 96' lang='lat' dir='ltr'><strong>illi</strong></span> <span class='ocrx_word' id='word_1_797' title='bbox 1647 1886 1726 1905; x_wconf 91' lang='lat' dir='ltr'><strong>ovum</strong></span> <span class='ocrx_word' id='word_1_798' title='bbox 1741 1879 1776 1906; x_wconf 89' lang='lat' dir='ltr'><strong>do</strong></span> 
     </span>
    </p>
   </div>
   <div class='ocr_carea' id='block_1_98' title="bbox 988 1917 1775 1959">
    <p class='ocr_par' dir='ltr' id='par_1_98' title="bbox 988 1917 1775 1959">
     <span class='ocr_line' id='line_1_98' title="bbox 988 1917 1775 1959; baseline 0.006 -12"><span class='ocrx_word' id='word_1_799' title='bbox 988 1921 1030 1948; x_wconf 84' lang='lat' dir='ltr'><strong>vel</strong></span> <span class='ocrx_word' id='word_1_800' title='bbox 1045 1917 1201 1953; x_wconf 58' lang='lat' dir='ltr'><strong>invito,&#39;vel</strong></span> <span class='ocrx_word' id='word_1_801' title='bbox 1216 1922 1325 1949; x_wconf 88' lang='lat' dir='ltr'><strong>calicem</strong></span> <span class='ocrx_word' id='word_1_802' title='bbox 1338 1922 1482 1950; x_wconf 88' lang='lat' dir='ltr'><strong>salutarem</strong></span> <span class='ocrx_word' id='word_1_803' title='bbox 1498 1923 1607 1959; x_wconf 82' lang='lat' dir='ltr'><strong>porrigo</strong></span> <span class='ocrx_word' id='word_1_804' title='bbox 1620 1918 1726 1957; x_wconf 77' lang='lat' dir='ltr'><strong>saucio;</strong></span> <span class='ocrx_word' id='word_1_805' title='bbox 1749 1930 1775 1953; x_wconf 91' lang='lat' dir='ltr'><strong>et</strong></span> 
     </span>
    </p>
   </div>
   <div class='ocr_carea' id='block_1_99' title="bbox 989 1968 1776 2003">
    <p class='ocr_par' dir='ltr' id='par_1_99' title="bbox 989 1968 1776 2003">
     <span class='ocr_line' id='line_1_99' title="bbox 989 1968 1776 2003; baseline 0.006 -9"><span class='ocrx_word' id='word_1_806' title='bbox 989 1968 1121 2002; x_wconf 88' lang='lat' dir='ltr'><strong>quomodo</strong></span> <span class='ocrx_word' id='word_1_807' title='bbox 1134 1968 1266 2001; x_wconf 75' lang='lat' dir='ltr'><strong>reficiam,</strong></span> <span class='ocrx_word' id='word_1_808' title='bbox 1283 1969 1388 2003; x_wconf 90' lang='lat' dir='ltr'><strong>quando</strong></span> <span class='ocrx_word' id='word_1_809' title='bbox 1407 1970 1534 1997; x_wconf 82' lang='lat' dir='ltr'><strong>invenlo?</strong></span> <span class='ocrx_word' id='word_1_810' title='bbox 1548 1970 1586 1999; x_wconf 85' lang='lat' dir='ltr'><strong>Ne</strong></span> <span class='ocrx_word' id='word_1_811' title='bbox 1603 1971 1688 1999; x_wconf 86' lang='lat' dir='ltr'><strong>inedia</strong></span> <span class='ocrx_word' id='word_1_812' title='bbox 1708 1972 1776 1999; x_wconf 83' lang='lat' dir='ltr'><strong>deli-</strong></span> 
     </span>
    </p>
   </div>
   <div class='ocr_carea' id='block_1_100' title="bbox 989 2013 1775 2050">
    <p class='ocr_par' dir='ltr' id='par_1_100' title="bbox 989 2013 1775 2050">
     <span class='ocr_line' id='line_1_100' title="bbox 989 2013 1775 2050; baseline 0.008 -11"><span class='ocrx_word' id='word_1_813' title='bbox 989 2013 1055 2045; x_wconf 89' lang='lat' dir='ltr'><strong>ciat,</strong></span> <span class='ocrx_word' id='word_1_814' title='bbox 1075 2017 1102 2041; x_wconf 90' lang='lat' dir='ltr'><strong>et</strong></span> <span class='ocrx_word' id='word_1_815' title='bbox 1119 2014 1152 2040; x_wconf 86' lang='lat' dir='ltr'><strong>ad</strong></span> <span class='ocrx_word' id='word_1_816' title='bbox 1172 2014 1309 2041; x_wconf 87' lang='lat' dir='ltr'><strong>sanitatem</strong></span> <span class='ocrx_word' id='word_1_817' title='bbox 1324 2022 1376 2041; x_wconf 92' lang='lat' dir='ltr'><strong>non</strong></span> <span class='ocrx_word' id='word_1_818' title='bbox 1399 2017 1551 2050; x_wconf 89' lang='lat' dir='ltr'><strong>perveniat,</strong></span> <span class='ocrx_word' id='word_1_819' title='bbox 1568 2016 1659 2044; x_wconf 78' lang='lat' dir='ltr'><strong>hortor</strong></span> <span class='ocrx_word' id='word_1_820' title='bbox 1672 2023 1700 2045; x_wconf 91' lang='lat' dir='ltr'><strong>ut</strong></span> <span class='ocrx_word' id='word_1_821' title='bbox 1713 2018 1775 2045; x_wconf 89' lang='lat' dir='ltr'><strong>reli-</strong></span> 
     </span>
    </p>
   </div>
   <div class='ocr_carea' id='block_1_101' title="bbox 990 2057 1779 2094">
    <p class='ocr_par' dir='ltr' id='par_1_101' title="bbox 990 2057 1779 2094">
     <span class='ocr_line' id='line_1_101' title="bbox 990 2057 1779 2094; baseline 0.005 -8"><span class='ocrx_word' id='word_1_822' title='bbox 990 2059 1042 2086; x_wconf 89' lang='lat' dir='ltr'><strong>ciat</strong></span> <span class='ocrx_word' id='word_1_823' title='bbox 1056 2057 1083 2085; x_wconf 67' lang='lat'><strong>‘:</strong></span> <span class='ocrx_word' id='word_1_824' title='bbox 1098 2066 1199 2094; x_wconf 81' lang='lat' dir='ltr'><strong>pugnos</strong></span> <span class='ocrx_word' id='word_1_825' title='bbox 1218 2064 1309 2093; x_wconf 84' lang='lat' dir='ltr'><strong>parat,</strong></span> <span class='ocrx_word' id='word_1_826' title='bbox 1325 2060 1419 2087; x_wconf 67' lang='lat' dir='ltr'><strong>saavire</strong></span> <span class='ocrx_word' id='word_1_827' title='bbox 1434 2061 1490 2087; x_wconf 81' lang='lat' dir='ltr'><strong>vult</strong></span> <span class='ocrx_word' id='word_1_828' title='bbox 1506 2062 1532 2088; x_wconf 92' lang='lat' dir='ltr'><strong>itt</strong></span> <span class='ocrx_word' id='word_1_829' title='bbox 1553 2062 1693 2090; x_wconf 88' lang='lat' dir='ltr'><strong>medicutn.</strong></span> <span class='ocrx_word' id='word_1_830' title='bbox 1710 2063 1742 2090; x_wconf 89' lang='lat' dir='ltr'><strong>Et</strong></span> <span class='ocrx_word' id='word_1_831' title='bbox 1754 2064 1779 2091; x_wconf 87' lang='lat' dir='ltr'><strong>si</strong></span> 
     </span>
    </p>
   </div>
   <div class='ocr_carea' id='block_1_102' title="bbox 990 2104 1777 2140">
    <p class='ocr_par' dir='ltr' id='par_1_102' title="bbox 990 2104 1777 2140">
     <span class='ocr_line' id='line_1_102' title="bbox 990 2104 1777 2140; baseline 0.008 -10"><span class='ocrx_word' id='word_1_832' title='bbox 990 2104 1160 2138; x_wconf 85' lang='lat' dir='ltr'><strong>percusserit,</strong></span> <span class='ocrx_word' id='word_1_833' title='bbox 1176 2104 1314 2139; x_wconf 82' lang='lat' dir='ltr'><strong>diligatur;</strong></span> <span class='ocrx_word' id='word_1_834' title='bbox 1331 2110 1358 2132; x_wconf 89' lang='lat' dir='ltr'><strong>et</strong></span> <span class='ocrx_word' id='word_1_835' title='bbox 1372 2105 1395 2132; x_wconf 87' lang='lat' dir='ltr'><strong>si</strong></span> <span class='ocrx_word' id='word_1_836' title='bbox 1410 2105 1534 2140; x_wconf 89' lang='lat' dir='ltr'><strong>injuriam</strong></span> <span class='ocrx_word' id='word_1_837' title='bbox 1552 2107 1650 2140; x_wconf 84' lang='lat' dir='ltr'><strong>iecerit,</strong></span> <span class='ocrx_word' id='word_1_838' title='bbox 1668 2115 1720 2135; x_wconf 90' lang='lat' dir='ltr'><strong>non</strong></span> <span class='ocrx_word' id='word_1_839' title='bbox 1734 2116 1777 2136; x_wconf 86' lang='lat' dir='ltr'><strong>re-</strong></span> 
     </span>
    </p>
   </div>
   <div class='ocr_carea' id='block_1_103' title="bbox 991 2149 1776 2186">
    <p class='ocr_par' dir='ltr' id='par_1_103' title="bbox 991 2149 1776 2186">
     <span class='ocr_line' id='line_1_103' title="bbox 991 2149 1776 2186; baseline 0.005 -10"><span class='ocrx_word' id='word_1_840' title='bbox 991 2149 1122 2184; x_wconf 90' lang='lat' dir='ltr'><strong>linquatur</strong></span> <span class='ocrx_word' id='word_1_841' title='bbox 1135 2158 1140 2176; x_wconf 90' lang='lat'><strong>:</strong></span> <span class='ocrx_word' id='word_1_842' title='bbox 1156 2150 1287 2177; x_wconf 88' lang='lat' dir='ltr'><strong>rediturus</strong></span> <span class='ocrx_word' id='word_1_843' title='bbox 1300 2154 1340 2177; x_wconf 89' lang='lat' dir='ltr'><strong>est</strong></span> <span class='ocrx_word' id='word_1_844' title='bbox 1354 2150 1386 2177; x_wconf 92' lang='lat' dir='ltr'><strong>ad</strong></span> <span class='ocrx_word' id='word_1_845' title='bbox 1401 2156 1531 2178; x_wconf 87' lang='lat' dir='ltr'><strong>mentem.</strong></span> <span class='ocrx_word' id='word_1_846' title='bbox 1548 2153 1645 2186; x_wconf 77' lang='lat' dir='ltr'><strong>gratias</strong></span> <span class='ocrx_word' id='word_1_847' title='bbox 1659 2158 1776 2180; x_wconf 89' lang='lat' dir='ltr'><strong>acturus.</strong></span> 
     </span>
    </p>
   </div>
   <div class='ocr_carea' id='block_1_104' title="bbox 991 2195 1775 2231">
    <p class='ocr_par' dir='ltr' id='par_1_104' title="bbox 991 2195 1775 2231">
     <span class='ocr_line' id='line_1_104' title="bbox 991 2195 1775 2231; baseline 0.005 -10"><span class='ocrx_word' id='word_1_848' title='bbox 991 2195 1073 2227; x_wconf 87' lang='lat' dir='ltr'><strong>Quam</strong></span> <span class='ocrx_word' id='word_1_849' title='bbox 1090 2195 1162 2221; x_wconf 90' lang='lat' dir='ltr'><strong>multi</strong></span> <span class='ocrx_word' id='word_1_850' title='bbox 1179 2195 1221 2222; x_wconf 90' lang='lat' dir='ltr'><strong>hic</strong></span> <span class='ocrx_word' id='word_1_851' title='bbox 1241 2199 1405 2230; x_wconf 78' lang='lat' dir='ltr'><strong>cognoscunt.</strong></span> <span class='ocrx_word' id='word_1_852' title='bbox 1419 2203 1464 2230; x_wconf 92' lang='lat' dir='ltr'><strong>se,</strong></span> <span class='ocrx_word' id='word_1_853' title='bbox 1485 2197 1576 2224; x_wconf 89' lang='lat' dir='ltr'><strong>vident</strong></span> <span class='ocrx_word' id='word_1_854' title='bbox 1596 2204 1625 2224; x_wconf 87' lang='lat' dir='ltr'><strong>se</strong></span> <span class='ocrx_word' id='word_1_855' title='bbox 1648 2197 1775 2231; x_wconf 87' lang='lat' dir='ltr'><strong>invicem,</strong></span> 
     </span>
    </p>
   </div>
   <div class='ocr_carea' id='block_1_105' title="bbox 991 2240 1778 2274">
    <p class='ocr_par' dir='ltr' id='par_1_105' title="bbox 991 2240 1778 2274">
     <span class='ocr_line' id='line_1_105' title="bbox 991 2240 1778 2274; baseline 0.003 -6"><span class='ocrx_word' id='word_1_856' title='bbox 991 2245 1017 2268; x_wconf 87' lang='lat' dir='ltr'><strong>et</strong></span> <span class='ocrx_word' id='word_1_857' title='bbox 1030 2241 1170 2274; x_wconf 91' lang='lat' dir='ltr'><strong>loquuntur</strong></span> <span class='ocrx_word' id='word_1_858' title='bbox 1181 2240 1215 2267; x_wconf 88' lang='lat' dir='ltr'><strong>de</strong></span> <span class='ocrx_word' id='word_1_859' title='bbox 1229 2248 1258 2268; x_wconf 90' lang='lat' dir='ltr'><strong>se</strong></span> <span class='ocrx_word' id='word_1_860' title='bbox 1279 2241 1304 2267; x_wconf 94' lang='lat' dir='ltr'><strong>in</strong></span> <span class='ocrx_word' id='word_1_861' title='bbox 1325 2240 1441 2269; x_wconf 87' lang='lat' dir='ltr'><strong>Ecclesia</strong></span> <span class='ocrx_word' id='word_1_862' title='bbox 1458 2242 1522 2274; x_wconf 86' lang='lat' dir='ltr'><strong>Dei;</strong></span> <span class='ocrx_word' id='word_1_863' title='bbox 1538 2242 1563 2268; x_wconf 93' lang='lat' dir='ltr'><strong>in</strong></span> <span class='ocrx_word' id='word_1_864' title='bbox 1577 2242 1703 2270; x_wconf 80' lang='lat' dir='ltr'><strong>Ecclesia:</strong></span> <span class='ocrx_word' id='word_1_865' title='bbox 1716 2250 1778 2270; x_wconf 73' lang='lat' dir='ltr'><strong>san~</strong></span> 
     </span>
    </p>
   </div>
   <div class='ocr_carea' id='block_1_106' title="bbox 991 2286 1778 2321">
    <p class='ocr_par' dir='ltr' id='par_1_106' title="bbox 991 2286 1778 2321">
     <span class='ocr_line' id='line_1_106' title="bbox 991 2286 1778 2321; baseline 0.001 -7"><span class='ocrx_word' id='word_1_866' title='bbox 991 2291 1040 2314; x_wconf 79' lang='lat' dir='ltr'><strong>cta:</strong></span> <span class='ocrx_word' id='word_1_867' title='bbox 1054 2286 1154 2321; x_wconf 78' lang='lat' dir='ltr'><strong>gremio</strong></span> <span class='ocrx_word' id='word_1_868' title='bbox 1168 2286 1307 2314; x_wconf 90' lang='lat' dir='ltr'><strong>attendunt</strong></span> <span class='ocrx_word' id='word_1_869' title='bbox 1320 2287 1406 2314; x_wconf 89' lang='lat' dir='ltr'><strong>studia</strong></span> <span class='ocrx_word' id='word_1_870' title='bbox 1424 2295 1470 2314; x_wconf 87' lang='lat' dir='ltr'><strong>sua</strong></span> <span class='ocrx_word' id='word_1_871' title='bbox 1482 2288 1536 2321; x_wconf 88' lang='lat' dir='ltr'><strong>jam</strong></span> <span class='ocrx_word' id='word_1_872' title='bbox 1550 2287 1619 2315; x_wconf 88' lang='lat' dir='ltr'><strong>bona</strong></span> <span class='ocrx_word' id='word_1_873' title='bbox 1635 2289 1704 2315; x_wconf 89' lang='lat' dir='ltr'><strong>circa</strong></span> <span class='ocrx_word' id='word_1_874' title='bbox 1718 2296 1778 2316; x_wconf 79' lang='lat' dir='ltr'><strong>ver-</strong></span> 
     </span>
    </p>
   </div>
   <div class='ocr_carea' id='block_1_107' title="bbox 1025 2407 1759 2439">
    <p class='ocr_par' dir='ltr' id='par_1_107' title="bbox 1025 2407 1759 2439">
     <span class='ocr_line' id='line_1_107' title="bbox 1025 2407 1759 2439; baseline 0.003 -7"><span class='ocrx_word' id='word_1_875' title='bbox 1025 2409 1032 2423; x_wconf 85' lang='grc'>¹</span> <span class='ocrx_word' id='word_1_876' title='bbox 1046 2408 1153 2432; x_wconf 69' lang='lat' dir='ltr'><strong>Nonnulli</strong></span> <span class='ocrx_word' id='word_1_877' title='bbox 1165 2411 1233 2439; x_wconf 33' lang='lat' dir='ltr'><strong>Mss”,</strong></span> <span class='ocrx_word' id='word_1_878' title='bbox 1240 2414 1350 2439; x_wconf 75' lang='lat' dir='ltr'><strong>aversum</strong></span> <span class='ocrx_word' id='word_1_879' title='bbox 1361 2407 1468 2439; x_wconf 76' lang='lat' dir='ltr'><strong>corrigit,</strong></span> <span class='ocrx_word' id='word_1_880' title='bbox 1479 2407 1531 2439; x_wconf 72' lang='lat' dir='ltr'><strong>ipse</strong></span> <span class='ocrx_word' id='word_1_881' title='bbox 1540 2407 1605 2439; x_wconf 78' lang='lat' dir='ltr'><strong>ducit</strong></span> <span class='ocrx_word' id='word_1_882' title='bbox 1617 2412 1759 2434; x_wconf 62' lang='lat' dir='ltr'><strong>correction.</strong></span> 
     </span>
    </p>
   </div>
   <div class='ocr_carea' id='block_1_108' title="bbox 1024 2437 1776 2493">
    <p class='ocr_par' dir='ltr' id='par_1_108' title="bbox 1024 2437 1776 2493">
     <span class='ocr_line' id='line_1_108' title="bbox 1024 2437 1776 2493; baseline 0.005 -32"><span class='ocrx_word' id='word_1_883' title='bbox 1024 2440 1110 2493; x_wconf 59' lang='lat' dir='ltr'><strong>iEtovi,</strong></span> <span class='ocrx_word' id='word_1_884' title='bbox 1123 2438 1275 2493; x_wconf 44' lang='lat' dir='ltr'><strong>circndebas.</strong></span> <span class='ocrx_word' id='word_1_885' title='bbox 1289 2437 1383 2470; x_wconf 80' lang='lat' dir='ltr'><strong>Aliquot</strong></span> <span class='ocrx_word' id='word_1_886' title='bbox 1391 2437 1453 2468; x_wconf 51' lang='lat' dir='ltr'><strong>lassi,</strong></span> <span class='ocrx_word' id='word_1_887' title='bbox 1466 2437 1587 2464; x_wconf 78' lang='lat' dir='ltr'><strong>tendebas.</strong></span> <span class='ocrx_word' id='word_1_888' title='bbox 1606 2439 1648 2471; x_wconf 55' lang='lat' dir='ltr'><strong>alii</strong></span> <span class='ocrx_word' id='word_1_889' title='bbox 1659 2446 1714 2464; x_wconf 89' lang='lat' dir='ltr'><strong>cum</strong></span> <span class='ocrx_word' id='word_1_890' title='bbox 1725 2445 1776 2465; x_wconf 81' lang='lat' dir='ltr'><strong>Alu.</strong></span> 
     </span>
     <span class='ocr_line' id='line_1_109' title="bbox 1046 2475 1193 2493; baseline 0 0"><span class='ocrx_word' id='word_1_891' title='bbox 1046 2476 1077 2493; x_wconf 91' lang='lat' dir='ltr'><strong>r..</strong></span> <span class='ocrx_word' id='word_1_892' title='bbox 1100 2475 1141 2493; x_wconf 79' lang='lat' dir='ltr'><strong>ene</strong></span> <span class='ocrx_word' id='word_1_893' title='bbox 1159 2475 1193 2493; x_wconf 81' lang='lat' dir='ltr'><strong>as.</strong></span> 
     </span>
    </p>
   </div>
   <div class='ocr_carea' id='block_1_109' title="bbox 994 2472 1193 2498">
    <p class='ocr_par' dir='ltr' id='par_1_109' title="bbox 994 2472 1193 2498">
     <span class='ocr_line' id='line_1_110' title="bbox 994 2472 1193 2498; baseline -0.01 -4"><span class='ocrx_word' id='word_1_894' title='bbox 994 2472 1019 2494; x_wconf 84' lang='lat' dir='ltr'><strong>et</strong></span> <span class='ocrx_word' id='word_1_895' title='bbox 1030 2472 1077 2498; x_wconf 84' lang='lat' dir='ltr'><strong>Er.,</strong></span> <span class='ocrx_word' id='word_1_896' title='bbox 1089 2472 1193 2494; x_wconf 80' lang='lat' dir='ltr'><strong>tenebas.</strong></span> 
     </span>
    </p>
   </div>
   <div class='ocr_carea' id='block_1_110' title="bbox 1025 2498 1476 2530">
    <p class='ocr_par' dir='ltr' id='par_1_110' title="bbox 1025 2498 1476 2530">
     <span class='ocr_line' id='line_1_111' title="bbox 1025 2498 1476 2530; baseline 0 -7"><span class='ocrx_word' id='word_1_897' title='bbox 1025 2501 1034 2515; x_wconf 75' lang='grc'><strong>³</strong></span> <span class='ocrx_word' id='word_1_898' title='bbox 1045 2505 1133 2524; x_wconf 81' lang='lat' dir='ltr'><strong>omnes</strong></span> <span class='ocrx_word' id='word_1_899' title='bbox 1145 2503 1196 2523; x_wconf 75' lang='lat' dir='ltr'><strong>Mss.</strong></span> <span class='ocrx_word' id='word_1_900' title='bbox 1209 2503 1292 2530; x_wconf 83' lang='lat' dir='ltr'><strong>carent</strong></span> <span class='ocrx_word' id='word_1_901' title='bbox 1302 2498 1385 2530; x_wconf 84' lang='lat' dir='ltr'><strong>verbo,</strong></span> <span class='ocrx_word' id='word_1_902' title='bbox 1397 2502 1476 2530; x_wconf 76' lang='lat' dir='ltr'><strong>putas.</strong></span> 
     </span>
    </p>
   </div>
   <div class='ocr_carea' id='block_1_111' title="bbox 1024 2528 1786 2559">
    <p class='ocr_par' dir='ltr' id='par_1_111' title="bbox 1024 2528 1786 2559">
     <span class='ocr_line' id='line_1_112' title="bbox 1024 2528 1786 2559; baseline 0.005 -6"><span class='ocrx_word' id='word_1_903' title='bbox 1024 2531 1035 2546; x_wconf 73' lang='grc' dir='ltr'>ι</span> <span class='ocrx_word' id='word_1_904' title='bbox 1048 2534 1092 2554; x_wconf 65' lang='lat' dir='ltr'><strong>Fr:</strong></span> <span class='ocrx_word' id='word_1_905' title='bbox 1110 2529 1207 2559; x_wconf 72' lang='lat' dir='ltr'><strong>Quando</strong></span> <span class='ocrx_word' id='word_1_906' title='bbox 1222 2528 1258 2554; x_wconf 86' lang='lat' dir='ltr'><strong>illi</strong></span> <span class='ocrx_word' id='word_1_907' title='bbox 1278 2536 1346 2554; x_wconf 82' lang='lat' dir='ltr'><strong>ovum</strong></span> <span class='ocrx_word' id='word_1_908' title='bbox 1365 2528 1455 2559; x_wconf 82' lang='lat' dir='ltr'><strong>invito,</strong></span> <span class='ocrx_word' id='word_1_909' title='bbox 1479 2529 1516 2555; x_wconf 81' lang='lat' dir='ltr'><strong>vel</strong></span> <span class='ocrx_word' id='word_1_910' title='bbox 1531 2530 1631 2555; x_wconf 82' lang='lat' dir='ltr'><strong>calicem</strong></span> <span class='ocrx_word' id='word_1_911' title='bbox 1648 2531 1786 2557; x_wconf 82' lang='lat' dir='ltr'><strong>salutareml</strong></span> 
     </span>
    </p>
   </div>
   <div class='ocr_carea' id='block_1_112' title="bbox 993 2560 1780 2593">
    <p class='ocr_par' dir='ltr' id='par_1_112' title="bbox 993 2560 1780 2593">
     <span class='ocr_line' id='line_1_113' title="bbox 993 2560 1780 2593; baseline 0.001 -7"><span class='ocrx_word' id='word_1_912' title='bbox 993 2561 1089 2593; x_wconf 71' lang='lat' dir='ltr'><strong>porrigo</strong></span> <span class='ocrx_word' id='word_1_913' title='bbox 1098 2561 1182 2593; x_wconf 68' lang='lat' dir='ltr'><strong>saucio</strong></span> <span class='ocrx_word' id='word_1_914' title='bbox 1196 2567 1204 2585; x_wconf 90' lang='lat'><strong>:</strong></span> <span class='ocrx_word' id='word_1_915' title='bbox 1222 2560 1379 2593; x_wconf 38' lang='lat' dir='ltr'><strong>et‘quontodo</strong></span> <span class='ocrx_word' id='word_1_916' title='bbox 1400 2560 1509 2593; x_wconf 79' lang='lat' dir='ltr'><strong>reﬁciam</strong></span> <span class='ocrx_word' id='word_1_917' title='bbox 1517 2560 1537 2593; x_wconf 80' lang='lat'><strong>?_</strong></span> <span class='ocrx_word' id='word_1_918' title='bbox 1550 2561 1610 2591; x_wconf 82' lang='lat' dir='ltr'><strong>Quid</strong></span> <span class='ocrx_word' id='word_1_919' title='bbox 1622 2561 1727 2591; x_wconf 76' lang='lat' dir='ltr'><strong>inemo,</strong></span> <span class='ocrx_word' id='word_1_920' title='bbox 1750 2568 1780 2586; x_wconf 73' lang='lat' dir='ltr'><strong>ne</strong></span> 
     </span>
    </p>
   </div>
   <div class='ocr_carea' id='block_1_113' title="bbox 993 2590 1791 2623">
    <p class='ocr_par' dir='ltr' id='par_1_113' title="bbox 993 2590 1791 2623">
     <span class='ocr_line' id='line_1_114' title="bbox 993 2590 1791 2623; baseline 0 -6"><span class='ocrx_word' id='word_1_921' title='bbox 993 2590 1075 2617; x_wconf 68' lang='lat' dir='ltr'><strong>inedia</strong></span> <span class='ocrx_word' id='word_1_922' title='bbox 1086 2591 1215 2623; x_wconf 60' lang='lat' dir='ltr'><strong>deliciatet</strong></span> <span class='ocrx_word' id='word_1_923' title='bbox 1223 2590 1256 2616; x_wconf 81' lang='lat' dir='ltr'><strong>ad</strong></span> <span class='ocrx_word' id='word_1_924' title='bbox 1266 2590 1390 2623; x_wconf 67' lang='lat' dir='ltr'><strong>Sanitatem</strong></span> <span class='ocrx_word' id='word_1_925' title='bbox 1394 2590 1538 2623; x_wconf 71' lang='lat' dir='ltr'><strong>perveniat?</strong></span> <span class='ocrx_word' id='word_1_926' title='bbox 1548 2595 1643 2621; x_wconf 80' lang='lat' dir='ltr'><strong>Hortor,</strong></span> <span class='ocrx_word' id='word_1_927' title='bbox 1656 2597 1703 2617; x_wconf 85' lang='lat' dir='ltr'><strong>etc.</strong></span> <span class='ocrx_word' id='word_1_928' title='bbox 1716 2590 1791 2617; x_wconf 68' lang='lat' dir='ltr'><strong>’t&#39;res.</strong></span> 
     </span>
    </p>
   </div>
   <div class='ocr_carea' id='block_1_114' title="bbox 993 2621 1780 2659">
    <p class='ocr_par' dir='ltr' id='par_1_114' title="bbox 993 2621 1780 2659">
     <span class='ocr_line' id='line_1_115' title="bbox 993 2621 1780 2659; baseline 0 -12"><span class='ocrx_word' id='word_1_929' title='bbox 993 2627 1056 2659; x_wconf 55' lang='lat' dir='ltr'><strong>Mss;</strong></span> <span class='ocrx_word' id='word_1_930' title='bbox 1068 2621 1165 2652; x_wconf 80' lang='lat' dir='ltr'><strong>(mando</strong></span> <span class='ocrx_word' id='word_1_931' title='bbox 1170 2621 1209 2659; x_wconf 76' lang='lat' dir='ltr'><strong>jlli</strong></span> <span class='ocrx_word' id='word_1_932' title='bbox 1218 2629 1287 2659; x_wconf 74' lang='lat' dir='ltr'><strong>ovum</strong></span> <span class='ocrx_word' id='word_1_933' title='bbox 1297 2622 1376 2659; x_wconf 53' lang='lat' dir='ltr'><strong>donvet</strong></span> <span class='ocrx_word' id='word_1_934' title='bbox 1389 2621 1475 2659; x_wconf 59' lang='lat' dir='ltr'><strong>invito,</strong></span> <span class='ocrx_word' id='word_1_935' title='bbox 1492 2622 1567 2657; x_wconf 66' lang='lat' dir='ltr'><strong>calice</strong></span> <span class='ocrx_word' id='word_1_936' title='bbox 1578 2622 1679 2659; x_wconf 75' lang='lat' dir='ltr'><strong>salutari</strong></span> <span class='ocrx_word' id='word_1_937' title='bbox 1689 2630 1714 2659; x_wconf 68' lang='lat' dir='ltr'><strong>se</strong></span> <span class='ocrx_word' id='word_1_938' title='bbox 1722 2629 1780 2659; x_wconf 37' lang='lat' dir='ltr'><strong>sarti-</strong></span> 
     </span>
    </p>
   </div>
   <div class='ocr_carea' id='block_1_115' title="bbox 993 2652 1779 2683">
    <p class='ocr_par' dir='ltr' id='par_1_115' title="bbox 993 2652 1779 2683">
     <span class='ocr_line' id='line_1_116' title="bbox 993 2652 1779 2683; baseline 0 -5"><span class='ocrx_word' id='word_1_939' title='bbox 993 2654 1055 2683; x_wconf 78' lang='lat' dir='ltr'><strong>ciat,</strong></span> <span class='ocrx_word' id='word_1_940' title='bbox 1074 2652 1192 2680; x_wconf 76' lang='lat' dir='ltr'><strong>quomodo</strong></span> <span class='ocrx_word' id='word_1_941' title='bbox 1208 2652 1316 2683; x_wconf 82' lang='lat' dir='ltr'><strong>reficiam</strong></span> <span class='ocrx_word' id='word_1_942' title='bbox 1326 2652 1338 2678; x_wconf 87' lang='lat'><strong>?</strong></span> <span class='ocrx_word' id='word_1_943' title='bbox 1349 2654 1447 2683; x_wconf 81' lang='lat' dir='ltr'><strong>Quando</strong></span> <span class='ocrx_word' id='word_1_944' title='bbox 1465 2652 1575 2683; x_wconf 81' lang='lat' dir='ltr'><strong>invenio,</strong></span> <span class='ocrx_word' id='word_1_945' title='bbox 1596 2657 1643 2678; x_wconf 85' lang='lat' dir='ltr'><strong>etc.</strong></span> <span class='ocrx_word' id='word_1_946' title='bbox 1667 2654 1739 2678; x_wconf 79' lang='lat' dir='ltr'><strong>vatio.</strong></span> <span class='ocrx_word' id='word_1_947' title='bbox 1753 2656 1779 2678; x_wconf 88' lang='lat' dir='ltr'><strong>et.</strong></span> 
     </span>
    </p>
   </div>
   <div class='ocr_carea' id='block_1_116' title="bbox 993 2683 1780 2717">
    <p class='ocr_par' dir='ltr' id='par_1_116' title="bbox 993 2683 1780 2717">
     <span class='ocr_line' id='line_1_117' title="bbox 993 2683 1780 2717; baseline 0 -9"><span class='ocrx_word' id='word_1_948' title='bbox 993 2684 1057 2709; x_wconf 86' lang='lat' dir='ltr'><strong>colb.</strong></span> <span class='ocrx_word' id='word_1_949' title='bbox 1068 2691 1074 2708; x_wconf 91' lang='lat'><strong>:</strong></span> <span class='ocrx_word' id='word_1_950' title='bbox 1090 2683 1197 2717; x_wconf 56' lang='lat' dir='ltr'><strong>Quando</strong></span> <span class='ocrx_word' id='word_1_951' title='bbox 1208 2683 1245 2708; x_wconf 79' lang='lat' dir='ltr'><strong>illi</strong></span> <span class='ocrx_word' id='word_1_952' title='bbox 1253 2684 1284 2708; x_wconf 87' lang='lat' dir='ltr'><strong>da</strong></span> <span class='ocrx_word' id='word_1_953' title='bbox 1296 2684 1331 2708; x_wconf 88' lang='lat' dir='ltr'><strong>vel</strong></span> <span class='ocrx_word' id='word_1_954' title='bbox 1338 2683 1413 2717; x_wconf 60' lang='lat' dir='ltr'><strong>invito</strong></span> <span class='ocrx_word' id='word_1_955' title='bbox 1425 2685 1525 2717; x_wconf 69' lang='lat' dir='ltr'><strong>calicem</strong></span> <span class='ocrx_word' id='word_1_956' title='bbox 1537 2684 1739 2717; x_wconf 51' lang='lat' dir='ltr'><strong>satutarissucci,</strong></span> <span class='ocrx_word' id='word_1_957' title='bbox 1758 2689 1780 2717; x_wconf 65' lang='lat' dir='ltr'><strong>eg</strong></span> 
     </span>
    </p>
   </div>
   <div class='ocr_carea' id='block_1_117' title="bbox 994 2714 1780 2748">
    <p class='ocr_par' dir='ltr' id='par_1_117' title="bbox 994 2714 1780 2748">
     <span class='ocr_line' id='line_1_118' title="bbox 994 2714 1780 2748; baseline -0.003 -9"><span class='ocrx_word' id='word_1_958' title='bbox 994 2714 1109 2748; x_wconf 79' lang='lat' dir='ltr'><strong>quomodo</strong></span> <span class='ocrx_word' id='word_1_959' title='bbox 1121 2714 1237 2748; x_wconf 67' lang='lat' dir='ltr'><strong>reficittnt,</strong></span> <span class='ocrx_word' id='word_1_960' title='bbox 1255 2719 1305 2748; x_wconf 77' lang='lat' dir='ltr'><strong>etc.</strong></span> <span class='ocrx_word' id='word_1_961' title='bbox 1319 2714 1362 2748; x_wconf 58' lang='lat' dir='ltr'><strong>:Alii</strong></span> <span class='ocrx_word' id='word_1_962' title='bbox 1382 2715 1503 2748; x_wconf 81' lang='lat' dir='ltr'><strong>nonnulli:</strong></span> <span class='ocrx_word' id='word_1_963' title='bbox 1521 2715 1618 2748; x_wconf 70' lang='lat' dir='ltr'><strong>quando</strong></span> <span class='ocrx_word' id='word_1_964' title='bbox 1632 2714 1669 2739; x_wconf 84' lang='lat' dir='ltr'><strong>illi</strong></span> <span class='ocrx_word' id='word_1_965' title='bbox 1679 2718 1733 2748; x_wconf 77' lang='lat' dir='ltr'><strong>opto</strong></span> <span class='ocrx_word' id='word_1_966' title='bbox 1746 2714 1780 2748; x_wconf 47' lang='lat' dir='ltr'><strong>ivi</strong></span> 
     </span>
    </p>
   </div>
   <div class='ocr_carea' id='block_1_118' title="bbox 993 2744 1785 2800">
    <p class='ocr_par' dir='ltr' id='par_1_118' title="bbox 993 2744 1785 2800">
     <span class='ocr_line' id='line_1_119' title="bbox 993 2744 1785 2800; baseline -0.003 -30"><span class='ocrx_word' id='word_1_967' title='bbox 993 2744 1064 2780; x_wconf 75' lang='lat' dir='ltr'><strong>invito</strong></span> <span class='ocrx_word' id='word_1_968' title='bbox 1074 2748 1100 2800; x_wconf 44' lang='lat' dir='ltr'><strong>att,</strong></span> <span class='ocrx_word' id='word_1_969' title='bbox 1115 2744 1336 2800; x_wconf 55' lang='lat' dir='ltr'><strong>calicem&#39;saluturis</strong></span> <span class='ocrx_word' id='word_1_970' title='bbox 1356 2745 1467 2777; x_wconf 78' lang='lat' dir='ltr'><strong>accipiat.</strong></span> <span class='ocrx_word' id='word_1_971' title='bbox 1491 2746 1599 2776; x_wconf 86' lang='lat' dir='ltr'><strong>Quidam,</strong></span> <span class='ocrx_word' id='word_1_972' title='bbox 1612 2744 1730 2776; x_wconf 78' lang='lat' dir='ltr'><strong>Quomodo</strong></span> <span class='ocrx_word' id='word_1_973' title='bbox 1744 2744 1785 2769; x_wconf 63' lang='lat' dir='ltr'><strong>ili</strong></span> 
     </span>
     <span class='ocr_line' id='line_1_120' title="bbox 993 2783 1184 2800; baseline 0 0"><span class='ocrx_word' id='word_1_974' title='bbox 993 2783 1073 2800; x_wconf 79' lang='lat' dir='ltr'><strong>vntum</strong></span> <span class='ocrx_word' id='word_1_975' title='bbox 1101 2783 1124 2800; x_wconf 84' lang='grc' dir='ltr'><strong>ο.</strong></span> <span class='ocrx_word' id='word_1_976' title='bbox 1137 2783 1151 2800; x_wconf 90' lang='lat' dir='ltr'><strong>e</strong></span> <span class='ocrx_word' id='word_1_977' title='bbox 1162 2783 1184 2800; x_wconf 90' lang='lat' dir='ltr'><strong>c.</strong></span> 
     </span>
    </p>
   </div>
   <div class='ocr_carea' id='block_1_119' title="bbox 993 2780 1184 2803">
    <p class='ocr_par' dir='ltr' id='par_1_119' title="bbox 993 2780 1184 2803">
     <span class='ocr_line' id='line_1_121' title="bbox 993 2780 1184 2803; baseline 0 -2"><span class='ocrx_word' id='word_1_978' title='bbox 993 2783 1073 2801; x_wconf 74' lang='lat' dir='ltr'><strong>vntum</strong></span> <span class='ocrx_word' id='word_1_979' title='bbox 1084 2780 1124 2803; x_wconf 72' lang='grc' dir='ltr'><strong>αθ,</strong></span> <span class='ocrx_word' id='word_1_980' title='bbox 1137 2780 1184 2801; x_wconf 75' lang='grc' dir='ltr'><strong>ειο.</strong></span> 
     </span>
    </p>
   </div>
   <div class='ocr_carea' id='block_1_120' title="bbox 1025 2807 1775 2839">
    <p class='ocr_par' dir='ltr' id='par_1_120' title="bbox 1025 2807 1775 2839">
     <span class='ocr_line' id='line_1_122' title="bbox 1025 2807 1775 2839; baseline -0.004 -8"><span class='ocrx_word' id='word_1_981' title='bbox 1025 2807 1060 2839; x_wconf 84' lang='grc' dir='ltr'><strong>(α)</strong></span> <span class='ocrx_word' id='word_1_982' title='bbox 1074 2807 1186 2837; x_wconf 72' lang='lat' dir='ltr'><strong>,turiqant</strong></span> <span class='ocrx_word' id='word_1_983' title='bbox 1197 2807 1321 2835; x_wconf 80' lang='lat' dir='ltr'><strong>vocabant,</strong></span> <span class='ocrx_word' id='word_1_984' title='bbox 1334 2808 1375 2838; x_wconf 91' lang='lat' dir='ltr'><strong>qui</strong></span> <span class='ocrx_word' id='word_1_985' title='bbox 1393 2807 1491 2832; x_wconf 80' lang='lat' dir='ltr'><strong>curules</strong></span> <span class='ocrx_word' id='word_1_986' title='bbox 1503 2814 1579 2839; x_wconf 82' lang='lat' dir='ltr'><strong>equos</strong></span> <span class='ocrx_word' id='word_1_987' title='bbox 1590 2808 1690 2839; x_wconf 20' lang='lat' dir='ltr'><strong>iantrco</strong></span> <span class='ocrx_word' id='word_1_988' title='bbox 1701 2812 1775 2835; x_wconf 73' lang='lat' dir='ltr'><strong>rege-</strong></span> 
     </span>
    </p>
   </div>
   <div class='ocr_carea' id='block_1_121' title="bbox 994 2838 1783 2871">
    <p class='ocr_par' dir='ltr' id='par_1_121' title="bbox 994 2838 1783 2871">
     <span class='ocr_line' id='line_1_123' title="bbox 994 2838 1783 2871; baseline -0.003 -10"><span class='ocrx_word' id='word_1_989' title='bbox 994 2838 1034 2862; x_wconf 88' lang='lat' dir='ltr'><strong>bat</strong></span> <span class='ocrx_word' id='word_1_990' title='bbox 1046 2842 1072 2861; x_wconf 86' lang='lat' dir='ltr'><strong>et</strong></span> <span class='ocrx_word' id='word_1_991' title='bbox 1082 2839 1195 2871; x_wconf 69' lang='lat' dir='ltr'><strong>agitabat.</strong></span> <span class='ocrx_word' id='word_1_992' title='bbox 1209 2841 1231 2861; x_wconf 90' lang='lat' dir='ltr'><strong>tn</strong></span> <span class='ocrx_word' id='word_1_993' title='bbox 1238 2839 1349 2871; x_wconf 71' lang='lat' dir='ltr'><strong>aurigas,</strong></span> <span class='ocrx_word' id='word_1_994' title='bbox 1358 2838 1470 2871; x_wconf 84' lang='lat' dir='ltr'><strong>sive_(qtn</strong></span> <span class='ocrx_word' id='word_1_995' title='bbox 1480 2838 1552 2871; x_wconf 82' lang='lat' dir='ltr'><strong>iidem</strong></span> <span class='ocrx_word' id='word_1_996' title='bbox 1561 2838 1632 2871; x_wconf 87' lang='lat' dir='ltr'><strong>sunt)_</strong></span> <span class='ocrx_word' id='word_1_997' title='bbox 1638 2838 1770 2871; x_wconf 79' lang='lat' dir='ltr'><strong>agitatores</strong></span> <span class='ocrx_word' id='word_1_998' title='bbox 1774 2858 1783 2871; x_wconf 39' lang='grc' dir='ltr'><strong>φ</strong></span> 
     </span>
    </p>
   </div>
   <div class='ocr_carea' id='block_1_122' title="bbox 995 2867 1778 2923">
    <p class='ocr_par' dir='ltr' id='par_1_122' title="bbox 995 2867 1778 2923">
     <span class='ocr_line' id='line_1_124' title="bbox 995 2867 1778 2923; baseline -0.001 -31"><span class='ocrx_word' id='word_1_999' title='bbox 995 2867 1178 2923; x_wconf 46' lang='lat' dir='ltr'><strong>ivstattitneilii</strong></span> <span class='ocrx_word' id='word_1_1000' title='bbox 1192 2867 1337 2893; x_wconf 72' lang='lat' dir='ltr'><strong>ArelatettSis</strong></span> <span class='ocrx_word' id='word_1_1001' title='bbox 1349 2867 1428 2900; x_wconf 68' lang='lat' dir='ltr'><strong>primi,</strong></span> <span class='ocrx_word' id='word_1_1002' title='bbox 1438 2867 1490 2893; x_wconf 72' lang='lat' dir='ltr'><strong>Lan.</strong></span> <span class='ocrx_word' id='word_1_1003' title='bbox 1503 2868 1527 2898; x_wconf 72' lang='grc'><strong>4,</strong></span> <span class='ocrx_word' id='word_1_1004' title='bbox 1542 2873 1568 2893; x_wconf 86' lang='lat' dir='ltr'><strong>et</strong></span> <span class='ocrx_word' id='word_1_1005' title='bbox 1579 2867 1727 2893; x_wconf 73' lang='lat' dir='ltr'><strong>Arelatensis</strong></span> <span class='ocrx_word' id='word_1_1006' title='bbox 1736 2867 1778 2892; x_wconf 50' lang='lat' dir='ltr'><strong>un;</strong></span> 
     </span>
     <span class='ocr_line' id='line_1_125' title="bbox 1013 2903 1207 2923; baseline 0 0"><span class='ocrx_word' id='word_1_1007' title='bbox 1013 2906 1089 2923; x_wconf 86' lang='lat' dir='ltr'><strong>ecum.</strong></span> <span class='ocrx_word' id='word_1_1008' title='bbox 1103 2907 1154 2923; x_wconf 83' lang='lat' dir='ltr'><strong>catt.</strong></span> <span class='ocrx_word' id='word_1_1009' title='bbox 1168 2903 1207 2923; x_wconf 57' lang='lat' dir='ltr'><strong>tu.</strong></span> 
     </span>
    </p>
   </div>
   <div class='ocr_carea' id='block_1_123' title="bbox 1013 2903 1207 2930">
    <p class='ocr_par' dir='ltr' id='par_1_123' title="bbox 1013 2903 1207 2930">
     <span class='ocr_line' id='line_1_126' title="bbox 1013 2903 1207 2930; baseline 0.005 -8"><span class='ocrx_word' id='word_1_1010' title='bbox 1013 2903 1089 2929; x_wconf 77' lang='lat' dir='ltr'><strong>ecum,</strong></span> <span class='ocrx_word' id='word_1_1011' title='bbox 1103 2907 1154 2923; x_wconf 77' lang='lat' dir='ltr'><strong>catt.</strong></span> <span class='ocrx_word' id='word_1_1012' title='bbox 1168 2903 1207 2930; x_wconf 60' lang='grc' dir='ltr'><strong>ΞΟ,</strong></span> 
     </span>
    </p>
   </div>
  </div>
