3972 6198
367 302 470 360 459
784 388 791 391 γ
1366 378 1380 394 ,

369 417 491 473 bum
520 414 641 485 Dei,
678 417 815 472 circa
841 415 1010 470 officia
1033 422 1085 469 et
1114 416 1366 487 obsequia
1397 414 1668 471 charitatis
1686 456 1700 481 ,
1729 415 1792 470 ad
1826 414 1934 471 fre-

369 507 726 580 quentandum
755 524 968 579 gregem
995 508 1190 565 Christi
1235 525 1338 564 non
1370 507 1619 565 recedere
1644 509 1710 563 de
1748 508 1934 564 Eccle-

368 602 467 663 sia,
497 601 675 656 vident
699 606 754 654 et
779 600 1063 673 loquuntur
1089 600 1155 656 ad
1184 599 1411 656 invicem
1432 599 1504 655 de
1531 600 1775 655 invicem.
1807 599 1936 668 Quis

368 703 449 747 est
471 693 569 748 iste
591 693 961 749 circissarius?
990 692 1119 762 Quis
1145 701 1227 749 est
1255 694 1354 748 iste
1380 688 1581 747 amator
1606 701 1660 747 et
1698 691 1936 747 laudator

369 784 510 838 illius
530 785 797 839 venatoris
823 784 922 856 (a),
953 785 1089 839 illius
1121 785 1428 841 histrionis?
1458 784 1532 839 De
1556 785 1660 840 alio
1684 784 1933 855 loquitur,

364 882 414 927 et
442 874 530 928 ille
569 874 638 929 de
666 877 799 945 ipso.
832 875 989 941 Certe
1031 877 1129 931 ista
1158 884 1312 942 sunt,
1365 883 1507 930 certe
1549 874 1839 946 gaudemus
1869 873 1937 930 de

365 965 573 1021 talibus.
604 964 659 1020 Si
687 950 978 1036 gaudemus
1004 965 1070 1021 de
1097 965 1289 1020 talibus
1307 1007 1322 1033 ,
1351 979 1458 1019 non
1501 964 1844 1034 desperemus
1870 964 1937 1019 de

368 1055 582 1111 talibus.
613 1054 840 1111 Oremus
883 1072 978 1127 pro
1021 1056 1179 1126 ipsis,
1230 1055 1421 1110 fratres
1465 1055 1769 1110 carissimi:
1816 1053 1936 1109 inde

364 1149 560 1204 crescit
584 1163 835 1205 numerus
859 1158 1161 1203 sanctorum
1179 1189 1194 1216 ,
1224 1147 1293 1203 de
1334 1162 1557 1202 numero
1582 1147 1672 1217 qui
1697 1155 1811 1202 erat
1835 1147 1936 1200 im-

368 1241 595 1309 piorum.
623 1240 691 1294 Et
731 1259 829 1295 non
856 1243 1073 1313 respexit
1101 1243 1154 1295 in
1179 1241 1421 1294 vanitates
1460 1248 1507 1293 et
1539 1240 1762 1294 insanias
1795 1256 1936 1292 men-

369 1334 535 1387 daces.
574 1332 665 1388 llle
692 1334 846 1401 vicit,
890 1334 1046 1389 talem
1088 1350 1282 1404 equum
1324 1334 1498 1402 junxit
1527 1334 1568 1399 ¹,
1601 1333 1934 1403 pronuntiat,

368 1424 517 1492 quasi
538 1423 746 1479 divinus
765 1425 874 1479 vult
892 1440 1012 1480 esse
1037 1443 1048 1477 :
1074 1424 1285 1480 affectat
1302 1424 1627 1479 divinitatem
1648 1423 1938 1477 amittendo

370 1513 568 1569 fontem
599 1514 884 1570 divinitatis
910 1533 921 1568 :
954 1524 1008 1571 et
1034 1529 1174 1585 sarpe
1199 1514 1523 1586 pronuntiat,
1556 1523 1609 1569 et
1634 1528 1776 1583 sarpe
1803 1513 1938 1567 falli~

372 1616 474 1660 tur.
498 1606 674 1672 Quare
698 1606 845 1662 hoc?
874 1606 1004 1675 Quia
1036 1607 1257 1662 insaniae
1288 1606 1572 1662 mendaces
1592 1615 1731 1661 sunt.
1765 1604 1939 1671 Quare

369 1708 543 1753 autem
588 1698 871 1767 aliquando
915 1700 1233 1769 proveniunt
1261 1714 1380 1769 quae
1424 1698 1637 1753 dicunt?
1678 1697 1748 1753 Ut
1777 1697 1938 1751 abdu-

370 1798 493 1844 cant
515 1791 747 1858 iusanos,
778 1800 833 1845 ut
861 1792 1087 1847 amando
1117 1792 1185 1846 ibi
1216 1792 1446 1862 speciem
1472 1791 1737 1857 veritatis,
1766 1791 1941 1846 incur-

372 1891 491 1935 rant
520 1882 763 1951 laqueum
794 1882 1069 1937 falsitatis:
1102 1891 1244 1938 retro
1268 1884 1392 1947 sint,
1422 1882 1804 1952 relinquantur,
1829 1897 1939 1935 am-

368 1981 636 2039 putentur.
684 1972 739 2028 Si
790 1974 1028 2028 memhra
1073 1983 1255 2027 nostra
1292 1982 1478 2039 erant,
1512 1972 1935 2028 mortificentur:

372 2058 695 2128 Mortiﬁcate,
726 2061 922 2130 inquit,
952 2060 1171 2115 membra
1196 2072 1356 2116 vestra
1382 2078 1494 2133 qua:
1521 2072 1635 2116 sunt
1664 2079 1813 2133 super
1837 2073 1938 2117 ter-

369 2167 480 2204 ram
510 2151 727 2222 (Coloss.
760 2169 815 2207 ιιι
834 2195 846 2218 ,
875 2150 952 2226 5).
974 2153 1056 2209 Sit
1084 2168 1207 2223 spes
1242 2163 1420 2209 nostra
1446 2155 1586 2208 Deus
1613 2165 1809 2210 noster.
1839 2157 1937 2223 Qui

322 2250 329 2254 '
369 2240 491 2295 fecit
524 2243 734 2308 omnia,
768 2244 956 2298 melior
992 2253 1075 2299 est
1111 2246 1390 2312 omnibus;
1419 2248 1507 2317 qui
1536 2247 1750 2316 pulchra
1794 2247 1935 2313 fecit,

371 2332 639 2397 pulchrior
680 2343 762 2389 est
804 2336 1081 2402 omnibus;
1124 2338 1211 2407 qui
1250 2337 1436 2402 fortia,
1483 2338 1670 2393 fortior
1704 2347 1818 2405 est;
1850 2342 1937 2410 qui

342 2424 551 2495 magna
572 2465 587 2490 ,
620 2425 791 2495 major
819 2436 901 2481 est
930 2445 944 2481 :
974 2428 1229 2498 quidquid
1255 2430 1541 2492 amaveris,
1575 2431 1661 2485 ille
1698 2431 1786 2484 tibi
1816 2437 1935 2495 erit.

369 2516 520 2571 Disce
559 2532 737 2573 amare
783 2520 835 2572 in
886 2528 1123 2574 creatura
1168 2528 1495 2587 creatorem,
1545 2530 1598 2575 et
1642 2521 1693 2573 in
1738 2519 1936 2577 factura

367 2607 659 2676 factorem;
710 2627 778 2667 ne
814 2622 1006 2668 teneat.
1028 2622 1079 2668 te
1107 2613 1245 2689 quod
1285 2613 1352 2669 ab
1388 2614 1477 2668 illo
1514 2615 1704 2668 factum
1739 2621 1853 2680 est,
1884 2621 1938 2668 et

365 2702 576 2755 amittas
602 2717 722 2757 eum
747 2719 775 2758 a
801 2718 908 2774 quo
934 2711 988 2759 et
1012 2705 1123 2774 ipse
1150 2705 1315 2759 factus
1343 2718 1419 2759 es.
1451 2703 1591 2775 Ergo
1609 2747 1624 2772 ,
1653 2702 1839 2759 Beatus
1863 2704 1938 2758 vir

276 2822 280 2827 α
362 2795 508 2863 cujus
547 2805 619 2848 est
656 2812 835 2850 nomen
874 2795 1080 2869 Domini
1104 2814 1217 2868 spes
1245 2798 1381 2869 ejus,
1421 2807 1469 2851 ει
1507 2815 1606 2851 non
1644 2798 1859 2870 respexit
1884 2798 1938 2852 in

363 2887 602 2940 vanitates
628 2897 674 2941 et
702 2889 925 2943 insanias
952 2889 1232 2945 mendaces.

430 2977 483 3032 9.
515 2976 666 3050 [vers.
704 2978 849 3052 6-9.]
878 2979 1038 3036 Forte
1066 2982 1217 3037 nobis
1242 2982 1482 3037 dicturus
1508 2990 1615 3046 est,
1648 2983 1737 3052 qui
1777 2998 1934 3038 versu

363 3070 465 3125 isto
493 3087 773 3141 percussus
801 3074 992 3144 corrigi
1028 3074 1287 3139 voluerit,
1319 3084 1373 3128 et
1415 3089 1569 3143 quem
1600 3077 1936 3145 occupaverit

364 3162 523 3217 timor
563 3163 653 3217 ille
678 3163 896 3232 justitim
937 3164 1056 3219 fidei
1078 3206 1094 3228 ,
1125 3173 1181 3220 et
1206 3166 1388 3219 volens
1415 3166 1638 3235 coeperit
1664 3168 1935 3222 ambulare

361 3263 638 3323 angustam
672 3254 847 3317 viam;
879 3254 1112 3309 dicturus
1152 3267 1233 3309 est
1272 3255 1424 3310 nobis
1451 3275 1464 3311 :
1496 3257 1780 3312 Ambulare
1826 3275 1933 3312 non

360 3344 585 3410 durabo,
608 3344 651 3398 si
677 3345 808 3398 nihil
834 3344 1103 3413 Spectabo.
1132 3344 1269 3412 Quid
1295 3361 1421 3416 ergo
1448 3346 1687 3414 facimus,
1712 3346 1933 3402 fratres?

360 3436 637 3491 Dimissuri
667 3453 786 3491 eum
815 3453 997 3492 sumus
1021 3438 1134 3493 sine
1160 3439 1499 3507 spectaculo?
1526 3439 1793 3507 Morietur,
1826 3457 1931 3495 non

358 3530 630 3596 subsistet,
664 3546 767 3585 non
800 3545 896 3585 nos
925 3541 1193 3601 sequetur.
1219 3530 1355 3597 Quid
1384 3546 1512 3602 ergo
1540 3531 1799 3585 facimus?
1832 3532 1932 3586 De-

358 3637 477 3676 mus
523 3638 617 3691 pro
660 3623 973 3693 spectaculis
1002 3623 1321 3692 spectacula.
1371 3624 1431 3677 Et
1472 3638 1597 3693 quae
1630 3625 1929 3692 Spectacula

357 3704 531 3768 «laturi
560 3717 744 3769 sumus
786 3714 1075 3769 christiano
1121 3715 1355 3782 homini,
1398 3731 1553 3785 quem
1582 3715 1822 3769 volumus
1862 3716 1930 3771 ab

356 3806 460 3861 illis
487 3806 807 3876 spectaculis
849 3807 1138 3862 revocare?
1168 3806 1377 3862 Gratias
1414 3820 1513 3876 ago
1560 3806 1781 3862 Domino
1822 3807 1929 3861 Deo

357 3909 577 3953 nostro:
610 3901 851 3970 sequenti
891 3916 1046 3955 versu
1088 3900 1279 3955 Psalmi
1309 3900 1540 3954 ostendit
1582 3900 1765 3966 nobis,
1811 3917 1929 3969 qua:

356 3990 744 4059 spectatoribus
768 4000 1008 4059 spectare
1030 3992 1330 4046 volentibus
1360 3992 1656 4060 spectacula
1693 3992 1927 4059 praebere

355 4091 410 4135 cl.
440 4080 721 4136 ostendere
746 4082 1051 4137 debeamus.
1081 4084 1218 4138 Ecce
1247 4100 1467 4139 aversus
1503 4083 1659 4138 fuerit
1684 4100 1709 4137 a
1747 4086 1889 4140 circo
1908 4128 1923 4152 ,

354 4190 383 4224 a
433 4171 672 4236 theatro,
717 4172 785 4226 ab
811 4173 1221 4241 amphitheatro,
1267 4185 1469 4244 quaerat
1510 4175 1650 4245 quod
1689 4185 1923 4243 spectet,

354 4276 570 4331 prorsus
598 4272 833 4331 quaerat;
868 4278 971 4316 non
1013 4278 1132 4316 eum
1180 4264 1524 4333 relinquimus
1567 4266 1681 4320 sine
1715 4276 1925 4334 specta-

353 4356 495 4411 culo.
528 4355 663 4423 Quid
709 4370 801 4424 pro
844 4354 946 4409 illis
990 4355 1273 4410 dabimus?
1314 4358 1448 4411 Audi
1485 4358 1609 4428 quid
1649 4359 1920 4428 sequitur:

299 4456 307 4463 '
354 4446 519 4503 Multa
557 4447 719 4515 fecisti
762 4455 845 4511 tu,
886 4445 1100 4501 Domine
1136 4446 1273 4502 Deus
1312 4466 1478 4513 meus,
1524 4450 1775 4504 mirabilia
1816 4460 1920 4505 tua.

352 4540 597 4596 Miracula
618 4540 889 4595 hominum
917 4538 1236 4606 intuebatur,
1263 4540 1496 4594 intendat
1525 4542 1779 4597 mirabilia
1810 4544 1921 4597 Dei.

352 4633 510 4687 Multa
558 4633 681 4688 fceit
728 4632 981 4686 Dominus
1022 4630 1284 4685 mirabilia
1325 4646 1452 4694 sua;
1498 4630 1611 4685 ha-c
1655 4633 1918 4701 respiciat.

304 4770 307 4779 .
347 4726 526 4790 Quare
559 4724 634 4776 illi
673 4722 967 4779 viluerunt?
992 4723 1242 4793 Aurigam
1280 4721 1458 4777 laudat
1486 4733 1754 4792 regentem
1795 4720 1924 4793 qua-

350 4824 470 4869 tuor
497 4830 661 4884 equos
678 4856 692 4878 ,
719 4826 772 4869 et
800 4817 916 4871 sine
954 4814 1075 4871 labe
1103 4825 1259 4885 atque
1286 4814 1579 4870 oﬂ'ensione
1604 4824 1877 4872 currentes
1903 4836 1917 4873 :

349 4908 487 4961 forte
516 4906 637 4959 talia
677 4907 928 4962 miracula
975 4907 1266 4978 spiritualia
1308 4921 1417 4962 non
1463 4906 1589 4961 fecit
1632 4907 1920 4963 Dominus?

348 4998 516 5067 Rogat
540 4997 804 5051 luxuriam
825 5040 841 5058 .
874 5007 1022 5068 regat
1047 4999 1336 5069 ignaviam,
1379 5006 1526 5069 regat
1566 4998 1875 5067 injustitiam
1900 5042 1916 5067 ,

346 5099 495 5158 regat
525 5088 968 5159 imprudentiam,
1017 5104 1192 5146 motus
1230 5093 1358 5145 istos
1395 5092 1483 5161 qui
1529 5092 1747 5147 nimium
1785 5093 1917 5162 lapsi

346 5181 462 5235 haec
494 5179 618 5234 vitia
651 5182 865 5246 faciunt,
894 5191 1042 5250 regat
1066 5192 1120 5236 et
1144 5182 1335 5247 subdat
1361 5182 1489 5248 sibi,
1521 5191 1573 5237 et
1614 5190 1793 5237 teneat
1822 5184 1917 5236 ha—

346 5271 530 5338 bonas,
558 5280 611 5327 et
642 5286 745 5324 non
771 5272 1031 5340 rapiatur;
1063 5273 1222 5327 ducat
1250 5290 1355 5342 quo
1387 5275 1514 5338 vult,
1542 5290 1648 5328 non
1680 5275 1917 5331 trahatur

344 5380 450 5435 quo
474 5380 579 5419 non
606 5364 736 5418 vult.
777 5364 1026 5432 Aurigam
1056 5364 1336 5431 laudabat,
1365 5367 1543 5437 auriga
1576 5367 1876 5423 laudabitur
1900 5386 1913 5423 :

342 5455 608 5513 clamabas
630 5465 686 5511 ut
709 5455 891 5527 auriga
915 5464 1061 5509 veste
1100 5456 1483 5525 cooperiretur,
1516 5456 1915 5514 immortalitate

405 5572 421 5606 ι
450 5579 514 5622 tta
529 5570 659 5621 αλιι).
679 5570 833 5641 codex
850 5575 914 5641 _et
933 5568 991 5639 ad
1011 5582 1118 5641 eam
1142 5569 1402 5641 lectionem
1419 5570 1914 5641 propeacceduntali-

338 5642 457 5696 quot
470 5641 574 5684 Mss.
595 5641 649 5684 Αῑ
664 5634 795 5685 add:
823 5631 906 5682 Ille.
921 5630 1062 5681 vincit
1085 5631 1245 5689 talem,
1257 5638 1301 5696 et
1316 5630 1597 5686 cum‘vizicit.
1621 5630 1910 5696 pronuntiat.

338 5694 478 5811 dﬁla)
502 5704 706 5747 Venator
728 5697 795 5746 hu
824 5696 907 5743 im-i
935 5702 1029 5756 est,
1047 5695 1128 5758 qui
1153 5709 1260 5744 cum
1278 5695 1448 5744 bestiis
1463 5696 1511 5743 in
1535 5694 1682 5744 arena
1705 5708 1912 5756 congre-

406 5761 573 5807 ibatur.

1596 300 1654 356 S.
1686 300 2045 359 AUGUSTINI
2084 302 2384 359 EPlSCOPl

3510 315 3614 369 440

2040 416 2315 472 vestietur.
2355 418 2479 474 Haec
2514 435 2764 489 munera,
2794 425 2909 480 inec
2942 426 3238 495 spectacula
3266 427 3376 484 edit
3404 430 3417 460 ¹
3451 429 3610 484 Dens;

2040 505 2244 564 Clamat
2266 509 2336 565 de
2360 511 2495 566 casio
2523 530 2536 566 :
2582 512 2775 583 Specto
2805 530 2932 582 vos;
2967 517 3236 573 luctamini
3256 560 3271 587 ,
3312 522 3612 590 adjuvabu;

2040 600 2256 667 vincite,
2282 603 2566 658 coronaho.
2584 602 2749 659 Multa
2768 606 2927 675 fecisti
2954 616 3030 675 tu,
3060 607 3272 665 Domine
3291 610 3427 668 Deus
3453 633 3612 679 meus,

2039 692 2292 747 mirabilia
2318 703 2436 760 tua;
2464 703 2510 749 et
2538 696 2916 767 cogitationibus
2949 703 3048 755 tuis
3078 719 3180 756 non
3209 714 3280 759 est
3314 707 3400 775 qui
3433 708 3615 762 similis

2041 784 2103 837 sit
2130 782 2237 837 tibi.
2266 782 2624 855 Nunc'specta
2669 786 3002 845 histrionem.
3041 794 3234 849 Didicit
3272 798 3411 852 enim
3452 799 3613 857 homo

2040 889 2231 944 magno
2251 876 2424 931 studio
2445 878 2496 931 in
2522 877 2644 933 fune
2662 882 2953 948 ambulare,
2978 894 3032 940 et
3058 887 3295 956 pendens
3314 899 3367 945 te
3390 906 3612 961 suspeu-
3658 904 3665 915 ‘

2041 965 2134 1019 dit.
2165 965 2316 1021 Illum
2345 970 2557 1024 attende
2582 971 2838 1027 editorem
2871 976 3132 1045 majorum
3163 986 3610 1050 spectaculorum.

2039 1054 2234 1110 Didicit
2259 1057 2359 1112 iste
2394 1059 2445 1111 in
2475 1059 2596 1114 fune
2622 1061 2892 1119 ambulare
2912 1107 2927 1131 ,
2972 1070 3228 1137 numquid
3256 1071 3380 1129 fecit
3404 1077 3452 1129 in
3482 1081 3614 1132 muri

2040 1148 2349 1204 ambulare?
2378 1149 2699 1209 Obliviscere
2741 1158 3005 1213 theatrum
3038 1170 3182 1217 tuum
3202 1205 3217 1230 ,
3263 1169 3482 1225 attende
3512 1172 3613 1226 Pc-

2041 1246 2180 1293 trum
2207 1250 2475 1307 nostrum,
2516 1259 2618 1298 non
2647 1243 3031 1319 funambulum,
3064 1254 3179 1322 sed,
3211 1266 3268 1310 ut
3297 1256 3366 1311 ita
3398 1260 3609 1326 dicam,

2041 1330 2465 1387 mariambulum.
2493 1333 2717 1391 Ambula
2760 1346 2903 1394 et‘tu
2935 1357 3038 1396 non
3084 1344 3135 1397 in
3164 1345 3267 1401 illis
3307 1351 3488 1417 aquis,
3526 1354 3612 1406 ubi

2042 1422 2229 1478 Petrus
2250 1425 2443 1495 aliquid
2467 1428 2767 1497 significans
2790 1431 3094 1501 anibulavit,
3118 1437 3210 1491 sed
3237 1438 3288 1492 in
3310 1440 3461 1503 aliis;
3489 1445 3613 1513 quia

2042 1518 2144 1575 hoc
2169 1522 2418 1575 sarculum
2447 1538 2593 1578 mare
2618 1533 2719 1579 est.
2754 1525 2922 1582 [labet
2945 1530 3347 1587 amaritudinem
3374 1538 3610 1600 noxiam,

2043 1609 2200 1666 habet
2220 1610 2408 1667 fluetus
2430 1614 2841 1681 tribulationum,
2867 1630 3209 1689 tempestates
3230 1628 3611 1696 tentationum;

2043 1701 2202 1758 habet
2242 1703 2484 1760 homines
2510 1707 2650 1761 velut
2678 1709 2847 1778 pisces
2873 1710 2940 1765 de
2980 1727 3076 1767 suo
3117 1717 3257 1770 malo
3286 1720 3575 1787 gaudentes
3595 1766 3609 1787 ,

2042 1804 2095 1847 et
2122 1803 2369 1872 tanquam
2395 1811 2455 1851 se
2493 1797 2718 1853 invicem
2746 1800 3093 1869 devorantes;
3127 1805 3211 1859 hic
3246 1809 3476 1877 ambula,
3512 1812 3614 1868 hoc

2042 1885 2204 1940 calca.
2236 1886 2490 1957 Spectare
2530 1890 2610 1944 vis
2630 1932 2645 1952 ,
2694 1900 2808 1946 esto
2849 1897 3227 1963 Spectaculum.
3258 1899 3335 1955 Ne
3360 1901 3610 1968 deﬁcias,

2043 1979 2161 2035 vide
2185 1982 2571 2053 praecedentem
2600 1994 2653 2040 et
2676 1985 2940 2043 dicentem
2967 2008 2980 2044 :
3010 1989 3364 2058 Spectaculum
3390 1999 3514 2067 [acti
3533 2017 3617 2053 su.

2042 2089 2151 2126 mus
2174 2073 2290 2126 huic
2313 2076 2517 2141 mundo,
2541 2086 2587 2129 et
2609 2076 2833 2148 Angelis,
2860 2089 2908 2132 et
2927 2080 3206 2137 hominibus
3226 2086 3268 2156 (Ι
3291 2085 3406 2141 Cor.
3437 2105 3507 2153 tv,
3532 2090 3611 2161 9).

2041 2163 2196 2219 Calca
2227 2182 2393 2231 mare,
2424 2184 2489 2223 ne
2516 2172 2770 2239 mergaris
2795 2172 2843 2225 in
2876 2175 3029 2228 mari.
3055 2175 3166 2230 Non
3201 2178 3331 2243 ibis,
3363 2197 3468 2235 non
3495 2186 3613 2237 cal-

2041 2256 2220 2323 cabis,
2254 2258 2351 2312 nisi
2394 2260 2480 2315 ille
2500 2259 2721 2330 jusserit
2743 2263 2829 2332 qui
2870 2266 3016 2334 prior
3055 2267 3107 2322 in
3139 2272 3267 2323 mari
3296 2275 3609 2329 ambulavit.

2042 2345 2131 2401 Sic
2156 2349 2295 2425 enim
2323 2350 2396 2403 ait
2421 2350 2606 2406 Petrus
2629 2371 2641 2404 :
2672 2353 2733 2408 Si
2762 2364 2815 2407 tu
2845 2372 2914 2423 es,
2939 2358 3064 2428 jubc
3092 2377 3169 2414 me
3190 2363 3355 2417 uenire
3373 2365 3441 2417 ad
3461 2376 3508 2418 te
3526 2385 3616 2420 su-

2040 2454 2130 2508 per
2150 2455 2324 2507 aquas.
2358 2440 2425 2494 Et
2446 2444 2565 2511 quia
2596 2442 2710 2513 ipse
2730 2456 2863 2513 erat,
2888 2449 3088 2504 audivit
3113 2461 3399 2521 petentem,
3430 2459 3616 2513 tribuit

2040 2529 2393 2599 desideranti,
2426 2536 2631 2589 vocavit
2657 2537 3014 2594 ambulantem
3036 2582 3050 2607 ,
3087 2544 3257 2597 erexit
3283 2558 3612 2619 mergentcm

2041 2620 2251 2687 (Jlattlz.
2297 2641 2404 2691 xw,
2438 2626 2649 2700 28-51).
2694 2629 2817 2685 ΙῙίΒο
2857 2633 3112 2690 mirabilia
3159 2636 3281 2692 fecit
3324 2639 3611 2708 Dominus,

2039 2714 2152 2782 ipsa
2176 2713 2415 2783 intuere;
2441 2718 2625 2772 oculus
2653 2724 2942 2789 Spectantis
2970 2725 3099 2780 fides
3122 2728 3211 2781 sit.
3244 2729 3310 2783 Et
3336 2730 3417 2786 fac
3449 2741 3502 2786 tu
3534 2746 3616 2788 ta-

2039 2803 2139 2872 lia;
2165 2807 2286 2876 quia
2315 2808 2413 2862 etsi
2442 2810 2582 2864 venti
2608 2811 2946 2877 turbaverint,
2980 2819 3077 2871 etsi
3105 2816 3295 2875 fluctus
3316 2822 3614 2879 iufremue-

2037 2895 2164 2959 rint,
2191 2906 2244 2953 et
2268 2906 2321 2954 te
2348 2897 2574 2954 humana
2604 2899 2858 2973 fragilitas
2880 2906 2946 2961 ad
2971 2908 3196 2979 aliquam
3223 2912 3613 2972 dubitationem

2037 2994 2140 3067 tuae
2166 2990 2352 3045 salutis
2380 2991 2692 3061 adduxerit,
2737 2994 2901 3051 habes
2941 2997 3170 3056 clamare
3209 3005 3264 3070 ²;
3294 3006 3455 3074 dicis,
3500 3010 3600 3063 Do-

2036 3080 2199 3146 mine,
2226 3097 2408 3152 pereo.
2431 3084 2544 3139 Non
2570 3087 2694 3141 sinit
2716 3088 2803 3143 ille
2829 3091 3000 3159 perire
3019 3134 3034 3159 ,
3061 3096 3149 3164 qui
3169 3096 3328 3165 jussit
3356 3110 3406 3155 te
3423 3103 3615 3157 ambu-

2037 3171 2165 3227 lare.
2192 3174 2322 3241 Quia
2349 3175 2488 3230 enim
2509 3176 2619 3246 jam
2651 3179 2702 3233 in
2731 3191 2879 3250 petra
2911 3184 3180 3258 ambulas,
3225 3206 3323 3245 nec
3365 3193 3416 3246 in
3461 3211 3615 3252 mare

2037 3265 2189 3319 times
2215 3285 2227 3319 :
2258 3267 2300 3320 si
2327 3267 2442 3323 sine
2490 3278 2637 3338 petra
2685 3269 2868 3341 fueris,
2914 3275 2964 3328 in
2997 3293 3141 3334 mare
3168 3284 3455 3352 mergeris,
3483 3289 3613 3355 quia

2037 3356 2087 3409 in
2132 3358 2226 3411 tali
2276 3369 2423 3427 petra
2472 3360 2847 3419 ambulandum
2893 3377 3007 3434 est,
3062 3385 3179 3440 qua:
3223 3374 3274 3427 in
3317 3379 3447 3431 mari
3496 3395 3611 3434 non

2035 3464 2209 3505 mersa
2239 3461 2336 3505 88L
3002 3500 3009 3503 ι

2107 3540 2192 3595 10.
2229 3541 2356 3598 Vide
2385 3545 2644 3602 mirabilia
2672 3548 2785 3605 Dei.
2814 3550 3145 3621 Annuntiavi,
3175 3567 3224 3611 et
3243 3558 3436 3614 locutus
3463 3552 3603 3630 sum,

2033 3634 2352 3705 multiplicati
2377 3648 2493 3691 sunt
2532 3657 2683 3707 super
2705 3659 2985 3697 numerum.
3018 3646 3113 3701 Est
3151 3665 3400 3705 numerus
3420 3696 3434 3716 ,
3479 3666 3612 3712 sunt

2033 3739 2192 3794 super
2220 3742 2517 3782 numerum.
2543 3729 2807 3788 Numerus
2834 3745 3011 3790 certus
3029 3746 3130 3804 est,
3164 3742 3431 3807 pertinens
3454 3746 3520 3798 ad
3548 3748 3614 3800 il-

2033 3814 2134 3868 lam
2160 3816 2430 3872 caalestem
2461 3818 2781 3876 Jerusalem.
2812 3823 2964 3879 Novit
3005 3828 3146 3881 enim
3178 3829 3464 3899 Dominus,
3513 3838 3613 3904 qui

2032 3921 2154 3963 sunt
2201 3909 2316 3978 ejus
2364 3908 2445 3981 (ll
2491 3910 2622 3966 Tim.
2675 3929 2746 3980 ιι,
2789 3915 2901 3985 19),
2952 3915 3271 3976 christianos
3315 3924 3564 3982 timentes
3594 3972 3612 3995 ,

2030 3999 2343 4057 christianos
2382 4001 2591 4068 ﬁdeles,
2636 4004 2950 4063 christianos
2993 4022 3252 4081 prmcepta
3294 4027 3611 4086 servantes,

2031 4091 2124 4147 Dei
2156 4093 2266 4148 vias
2302 4094 2653 4161 ambulantes,
2685 4112 2714 4150 a
2744 4102 2974 4166 peccatis
3001 4101 3356 4174 abstinentes,
3385 4108 3429 4162 si
3457 4111 3613 4164 ceci-

2028 4183 2204 4238 derint
2239 4187 2550 4242 confitentes
2581 4207 2593 4241 :
2626 4189 2727 4259 ipsi
2770 4190 2836 4246 ad
2873 4208 3147 4249 numerum
3179 4200 3459 4266 pertinent.
3494 4202 3613 4259 Sed

1996 4320 2001 4327 ,
2028 4277 2278 4346 numquid
2299 4278 2397 4331 soli
2424 4280 2583 4359 sunt?
2606 4279 2736 4336 Sunt
2762 4290 2816 4337 et
2834 4297 2994 4353 super
3016 4302 3315 4344 numerum.
3340 4291 3470 4347 Nam
3500 4299 3614 4352 etsi

2029 4367 2187 4421 modo
2219 4368 2366 4436 pauci
2396 4377 2537 4434 sunt,
2569 4370 2721 4438 pauci
2759 4371 2810 4425 in
2832 4376 3225 4443 comparatione
3254 4381 3614 4441 multitudinis
3708 4414 3721 4419 η

2028 4460 2283 4527 majorum
2314 4460 2334 4490 ³
2367 4460 2776 4530 frequentiarum
2815 4483 2828 4518 :
2858 4468 3079 4535 quantis
3107 4469 3271 4525 turbis
3317 4471 3611 4542 implentur

2028 4551 2301 4618 ecclesim,
2343 4554 2603 4624 stipantur
2653 4556 2917 4624 parietes,
2960 4561 3221 4627 pressuris
3262 4578 3320 4619 se
3369 4579 3607 4634 urgent,

2025 4658 2192 4713 prepe
2220 4659 2276 4699 se
2304 4644 2564 4700 sulfucant
2604 4649 2961 4705 multitudine.
3000 4651 3201 4707 Rursus
3226 4654 3294 4708 ab
3331 4656 3407 4710 eis
3436 4658 3569 4727 ipsis
3588 4703 3608 4725 ,

2026 4734 2068 4788 si
2097 4750 2287 4789 uulnus
2308 4734 2327 4766 ⁸⁵
2348 4745 2446 4802 est,
2471 4738 2700 4792 curritur
2724 4740 2789 4794 ad
2810 4741 3253 4810 amphitheatrum
3277 4764 3290 4799 :
3326 4746 3406 4800 isti
3435 4763 3612 4819 super

2026 4842 2304 4880 numerum
2335 4836 2475 4881 sunt.
2503 4828 2604 4883 Sed
2637 4829 2756 4884 ideo
2786 4832 2879 4885 ista
2908 4832 3152 4900 dicimus,
3199 4843 3257 4889 ut
3294 4837 3345 4890 in
3372 4853 3611 4894 numem

2024 4918 2127 4971 sint
2153 4936 2165 4970 :
2194 4920 2314 4989 quia
2341 4935 2444 4973 non
2472 4920 2679 4985 adsunt,
2710 4938 2811 4976 non
2837 4923 3059 4979 audiunt
3084 4940 3113 4979 a
3137 4927 3322 4992 nobis;
3355 4930 3445 4984 sed
3473 4947 3611 4990 cum

2024 5008 2274 5072 exicritis,
2314 5009 2530 5063 audiant
2554 5026 2584 5063 a
2616 5010 2786 5066 vobis.
2811 5013 3140 5082 Annuntiavi,
3171 5018 3357 5088 inquit,
3389 5030 3434 5073 et
3453 5022 3616 5085 locta,—

2024 5107 2102 5151 tus
2145 5116 2274 5152 sum.
2314 5100 2554 5155 Christus
2596 5102 2722 5156 dicit
2750 5122 2761 5155 :
2794 5106 3121 5160 annuntiavit
3165 5108 3281 5178 ipse
3317 5126 3380 5164 ex
3422 5115 3608 5181 capite.

2023 5198 2205 5242 nostro
2225 5231 2239 5255 ,
2268 5187 2381 5259 ipse
2407 5192 2735 5245 aununtiavit
2761 5209 2826 5246 ex
2855 5196 3108 5250 membris
3136 5200 3266 5264 suis,
3310 5199 3423 5269 ipse
3448 5204 3607 5261 misit

2022 5281 2442 5349 annuntiatores,
2483 5283 2595 5353 ipse
2638 5282 2782 5338 misit
2808 5284 3092 5354 Apostolos
3121 5306 3134 5339 :
3166 5288 3219 5342 in
3244 5276 3452 5345 omnem
3483 5304 3608 5349 ter-

2025 5389 2134 5429 ram
2172 5375 2332 5430 exivit
2358 5390 2519 5430 sonus
2540 5391 2743 5443 eormn,
2773 5386 2826 5432 et
2852 5378 2902 5432 in
2929 5379 3061 5434 lines
3080 5380 3224 5436 orbis
3246 5391 3400 5441 terra:
3428 5388 3603 5444 verba

2084 5508 2101 5575 ξ
2123 5506 2253 5575 ald...
2277 5505 2425 5558 dedit.
2453 5516 2508 5558 At
2523 5508 2746 5575 plerique
2764 5517 2892 5573 Mss,
2916 5511 3032 5573 edit,
3052 5511 3150 5575 vel,
3172 5513 3341 5567 edsdit.

2081 5570 2102 5600 ²
2128 5568 2346 5631 Plerique
2372 5578 2494 5627 Mss,
2519 5568 2792 5621 enm-em.
2879 5568 2888 5573 ⁷
3017 5568 3028 5573 ⁷
3136 5568 3146 5575 ’
3424 5592 3439 5607 κ

2083 5631 2104 5692 ἓ
2130 5632 2201 5679 sic
2224 5632 2327 5681 Mss.
2368 5640 2422 5681 At
2443 5634 2575 5692 Edd.,
2599 5634 2851 5684 nullarum.

2019 5748 2031 5798 l
2081 5691 2346 5803 Είὲἕηιδὶ
2365 5693 2519 5745 minus
2555 5702 2638 5744 est.
2667 5704 2709 5743 Al
2738 5702 2843 5746 Mss.
2868 5736 2879 5757 ,
2920 5696 2962 5747 si
2984 5713 3155 5750 munus
3179 5709 3248 5751 est
3268 5714 3286 5753 .'
3311 5703 3400 5754 hoc
3424 5715 3525 5767 est,
3550 5712 3595 5755 si

2039 5766 2075 5803 υ
2102 5769 2113 5802 ι
2141 5772 2165 5801 t‘
2221 5770 2262 5802 ιη
2292 5770 2362 5803 υτ.

2039 5766 2113 5803 υηιι
2141 5766 2362 5804 t‘d‘llJlUl‘.
