3972 6198
234 344 326 398 ΗΛ

231 473 413 513 eorum
443 456 610 543 (Paul.
644 474 790 524 xvtu,
818 457 893 530 5).
919 459 1108 527 Quanti
1147 457 1332 515 ﬁdeles
1356 458 1800 528 agglomerantur,

229 559 441 619 quantae
469 550 634 604 turb.e
657 563 998 618 Concurrunt,
1029 551 1179 606 multi
1205 567 1329 606 vere
1355 550 1618 615 conversi,
1651 547 1805 602 multi

231 641 364 695 falso
413 641 689 707 conversi;
741 651 794 697 et
849 642 1125 711 pauciores
1175 651 1298 695 sunt
1347 658 1470 695 vere
1519 639 1801 704 conversi,

232 732 409 799 plures
454 730 584 786 falso
621 733 909 799 conversi;
958 732 1081 803 quia
1128 732 1450 803 multiplicati
1493 741 1609 784 sunt
1657 745 1805 800 super

230 839 515 876 munerum.

302 915 389 969 11.
417 914 720 968 Annuntiavi
745 923 790 968 et
812 915 1009 970 locutus
1034 931 1143 968 sum
1162 956 1176 981 ,
1222 913 1543 982 multiplicati
1570 922 1686 965 sunt
1716 928 1806 966 su-

227 1023 321 1075 per
341 1023 623 1060 numerum.
665 1008 986 1075 Sacri/icium
1015 1018 1060 1061 et
1089 1007 1389 1061 oblationem
1422 1005 1647 1059 noluisti.
1678 1004 1806 1058 Hzec

225 1098 485 1155 miracula
508 1099 596 1153 Dei
626 1110 783 1164 sunt,
813 1099 895 1153 ha:
930 1100 1272 1169 cogitationes
1303 1097 1396 1153 Dei
1433 1106 1574 1163 sunt,
1614 1095 1805 1167 quibus

226 1204 388 1242 nemo
416 1196 495 1242 cst
515 1188 701 1243 similis
726 1206 738 1240 :
770 1198 825 1242 ut
849 1197 1115 1259 spectator
1141 1188 1232 1243 ille
1260 1187 1551 1242 abducatur
1576 1202 1604 1241 a
1631 1186 1805 1241 curio-

226 1280 386 1333 sitate
421 1279 469 1344 ¹,
516 1288 569 1332 et
607 1288 806 1347 qumrat
836 1279 935 1332 ista
965 1279 1236 1338 nobiscum
1278 1279 1528 1345 meliora,
1567 1277 1802 1331 fructuo-

225 1368 366 1421 siora
389 1410 404 1435 ,
438 1368 504 1424 de
533 1370 721 1439 quibus
758 1370 984 1425 inventis
1011 1371 1258 1442 gaudebit
1282 1388 1297 1437 ;
1348 1382 1402 1426 et
1429 1371 1506 1426 sic
1534 1370 1799 1442 gaudebit,

229 1470 417 1515 utnon
458 1461 640 1516 timeat
678 1477 745 1517 ne
787 1454 1028 1517 vincatur
1072 1478 1228 1532 quem
1270 1470 1413 1516 amat
1443 1470 1623 1515 :amat
1662 1462 1803 1516 enim
1842 1492 1845 1497 -

225 1551 461 1619 aurigam
490 1594 505 1618 ,
536 1567 641 1622 quo
661 1553 799 1606 victo
830 1553 1198 1609 insoltationes
1232 1553 1385 1608 ferat.
1433 1554 1655 1621 Quando
1684 1554 1801 1608 vin-

224 1641 298 1695 cit
340 1642 518 1711 auriga
547 1684 561 1708 ,
615 1643 729 1711 ipse
774 1643 1325 1714 vestitum—Numquid
1373 1660 1572 1714 pauper
1598 1644 1687 1713 qui
1726 1644 1802 1699 illi

226 1733 457 1786 clamat?
493 1734 667 1787 Victor
697 1735 810 1805 ipse
835 1736 1073 1802 vestitur,
1110 1752 1204 1806 pro
1234 1737 1370 1791 victo
1397 1736 1468 1790 illi
1500 1737 1798 1790 insultatur.

226 1824 546 1893 Quarepro
591 1824 681 1878 illo
729 1826 958 1895 percipis
997 1827 1461 1895 reprehensionem
1486 1868 1501 1894 ,
1550 1842 1669 1881 cum
1699 1842 1803 1896 quo

227 1932 336 1970 non
363 1917 557 1972 dividis
581 1920 822 1973 veStem?
848 1920 958 1974 [lac
983 1920 1123 1974 aliud
1154 1919 1206 1973 in
1238 1920 1551 1989 spectaculis
1582 1919 1800 1974 nostris.

230 2009 414 2064 Omnes
446 2011 644 2081 quidem
689 2022 928 2078 currant,
985 2012 1179 2067 Paulus
1226 2013 1497 2082 apostolus
1534 2011 1703 2075 dixit,
1747 2011 1799 2065 in

224 2103 321 2158 illo
345 2104 514 2158 stadio
533 2146 549 2171 ,
581 2105 631 2159 in
656 2105 747 2159 illo
770 2105 1072 2174 Spectaculo
1089 2146 1102 2170 ,
1135 2122 1264 2159 unus
1287 2115 1452 2159 tamen
1479 2104 1661 2175 accipit
1686 2104 1804 2157 bra-

223 2196 361 2248 vium
391 2211 410 2249 :
436 2196 613 2252 cmteri
647 2197 767 2251 victi
803 2196 1082 2252 discedunt
1108 2196 1149 2269 (l
1177 2195 1293 2252 Cor.
1324 2213 1375 2251 ιχ
1396 2239 1410 2263 ,
1431 2196 1548 2268 24).
1588 2198 1652 2252 Ει
1680 2213 1800 2267 per-

223 2295 608 2341 severaverunt
648 2287 701 2341 in
729 2287 991 2342 currendo
1025 2305 1036 2341 :
1067 2287 1159 2342 sed
1188 2302 1309 2342 cum
1338 2287 1604 2357 acceperit
1645 2302 1797 2351 unus,

222 2386 510 2460 remanent
532 2378 709 2433 caeteri
737 2379 825 2448 qui
862 2378 1104 2433 similiter
1128 2377 1524 2433 laboraverunt.
1556 2377 1663 2431 llac
1692 2391 1799 2431 non

222 2480 310 2523 est
351 2470 446 2524 sic.
496 2468 764 2538 Quotquot
809 2477 1062 2534 currunt,
1116 2479 1519 2539 perseveranter
1562 2474 1796 2534 currant,

220 2573 414 2615 Omnes
438 2560 702 2629 accipiunt
730 2577 744 2614 :
771 2568 823 2615 et
863 2561 951 2630 qui
984 2561 1128 2629 prior
1153 2560 1393 2624 venerit,
1438 2567 1711 2627 exspectat
1744 2568 1801 2612 ut

219 2666 346 2705 cum
377 2653 668 2721 posteriore
691 2662 997 2707 coronetur.
1033 2654 1270 2721 Agonem
1296 2653 1493 2722 quippe
1508 2652 1666 2705 istum
1694 2667 1797 2705 non

221 2741 509 2811 cupiditas,
540 2743 633 2798 scd
655 2743 887 2798 charitas
919 2743 1043 2798 facit
1074 2763 1087 2798 :
1114 2758 1300 2799 omnes
1325 2752 1598 2798 currentes
1620 2752 1800 2798 amant

219 2848 308 2899 se,
337 2843 387 2890 et
419 2835 528 2904 ipse
556 2850 707 2889 amor
730 2850 915 2890 cursus
941 2844 1041 2893 est.
1710 2890 1713 2899 ,

298 2923 387 2978 12.
412 2925 733 2995 Sacriﬁcium
759 2936 804 2980 et
833 2926 1131 2980 oblationem
1171 2925 1411 2991 noluisti,
1452 2928 1527 2980 ait
1569 2925 1799 2995 pSaImns

221 3016 358 3071 Deo.
388 3018 602 3088 Antiqui
629 3019 769 3072 enim
798 3061 813 3084 ,
845 3019 1054 3088 quando
1083 3018 1256 3073 adhuc
1281 3018 1597 3074 saeriticium
1618 3034 1799 3073 verum

218 3107 368 3179 quod
391 3108 573 3164 ﬁdeles
595 3119 819 3177 norunt,
852 3109 905 3165 in
937 3110 1116 3181 ﬁguris
1149 3110 1626 3180 prienuntiabatur,
1653 3109 1795 3164 cele-

220 3199 453 3254 brabant
479 3202 672 3271 ﬁguras
717 3200 906 3255 futurae
945 3202 1020 3257 rei
1050 3219 1063 3254 :
1088 3202 1236 3256 multi
1262 3201 1490 3256 scientes
1514 3242 1527 3264 ,
1557 3201 1650 3256 sed
1679 3200 1799 3271 plu-o

221 3303 318 3345 res
357 3290 693 3360 ignorantes,
734 3290 864 3344 Nam
895 3290 1171 3361 Propheta:
1198 3299 1252 3346 et
1288 3291 1457 3345 sancti
1482 3291 1799 3345 Patriarchze

222 3390 489 3436 noverant
513 3379 653 3451 quod
680 3380 1020 3436 celebrabant
1055 3399 1066 3432 :
1098 3389 1289 3436 cmtera
1317 3390 1492 3436 autem
1521 3382 1799 3437 multitudo

221 3473 408 3542 iniqua
433 3478 448 3538 ,'
474 3473 703 3528 carnalis
729 3473 806 3527 sic
826 3482 962 3538 erat,
996 3482 1054 3526 ut
1082 3471 1232 3527 ﬁeret
1259 3471 1326 3527 de
1349 3473 1435 3527 illa
1466 3472 1605 3542 quod
1631 3472 1797 3542 signi-

221 3563 412 3617 ἥρω-οι
439 3565 728 3631 posteriora
766 3570 984 3617 ventura
1020 3582 1033 3618 :
1065 3572 1118 3618 et
1144 3564 1287 3617 venit
1316 3564 1336 3594 ¹
1364 3563 1573 3617 sublato
1600 3563 1689 3617 illo
1711 3580 1798 3633 sa-

224 3654 431 3709 crilicio
458 3655 628 3724 primo
652 3695 668 3720 ,
719 3654 940 3709 sublatis
970 3654 1294 3709 holocaustis
1320 3655 1542 3708 arietum
1565 3695 1579 3719 ,
1621 3655 1800 3708 hirco-

223 3760 347 3800 rum
368 3785 385 3810 ,
419 3744 701 3798 vitulorum
726 3785 744 3813 ,
772 3754 1189 3815 cmterarumque
1218 3745 1548 3799 victimarum
1572 3761 1585 3809 ;
1634 3744 1802 3798 noluit

222 3837 317 3892 illa
346 3836 502 3891 Deus.
526 3835 700 3903 Quare
729 3837 816 3889 illa
845 3836 1049 3890 noluit?
1068 3852 1231 3905 quare
1254 3836 1424 3905 primo
1443 3836 1607 3890 voluit
1626 3836 1649 3889 ?
1668 3835 1800 3903 Quia

222 3930 318 3983 illa
344 3929 516 3982 omnia
544 3930 690 3998 quasi
724 3930 883 3983 verba
924 3938 1075 3981 erant
1112 3927 1505 3996 promittentis;
1549 3935 1603 3981 et
1641 3925 1798 3981 verba

221 4022 540 4092 promissiva
565 4063 580 4088 ,
626 4037 746 4075 cum
779 4022 981 4075 venerit
1007 4020 1145 4098 quod
1175 4021 1520 4088 promittunt,
1562 4036 1664 4074 non
1689 4020 1798 4089 jam

220 4114 591 4179 enuntiantur.
646 4113 868 4168 Tamdiu
912 4114 1134 4181 quisque
1179 4112 1471 4180 promissor
1498 4121 1600 4175 est,
1632 4110 1802 4166 donec

228 4204 326 4259 do-t
353 4219 368 4255 :
396 4220 514 4258 cum
566 4203 802 4268 dederit,
848 4212 1017 4257 mutat
1056 4202 1234 4256 verba.
1288 4201 1400 4255 Non
1441 4201 1567 4255 dicit
1606 4202 1797 4268 adhuc,

222 4295 410 4359 Dabo,
459 4293 595 4364 quod
624 4311 682 4349 se
705 4295 948 4349 daturum
988 4294 1236 4358 dicebat;
1282 4292 1374 4347 sed
1415 4292 1581 4358 dicit,
1626 4293 1798 4348 Dedi:

221 4386 451 4440 mutavit
471 4385 711 4439 verbum.
737 4385 909 4453 Quare
938 4386 1009 4438 illi
1031 4385 1199 4454 primo
1223 4383 1418 4454 placuit
1440 4384 1539 4438 hoc
1556 4385 1797 4451 verbum,

222 4489 283 4533 et
314 4494 478 4548 quare
504 4476 631 4531 illud
671 4477 937 4531 mutavit?
986 4476 1117 4541 Quia
1166 4476 1419 4545 temporis
1460 4479 1539 4530 sui
1581 4476 1800 4529 verbum

220 4570 362 4635 fuit,
404 4578 460 4624 et
489 4583 582 4639 pro
611 4575 846 4638 tempore
875 4583 971 4622 suo
1002 4567 1214 4651 placuit.
1262 4565 1482 4631 Quando
1522 4567 1801 4635 promitte-

218 4666 417 4728 batur,
466 4672 590 4716 tunc
634 4651 903 4731 dict-batur
934 4680 945 4715 :
973 4676 1090 4714 cum
1132 4667 1305 4713 autem
1337 4658 1515 4712 datum
1555 4658 1801 4728 estquod

217 4759 549 4832 promissum
579 4766 659 4810 est
678 4797 693 4822 ,
745 4755 914 4809 ablata
946 4761 1069 4808 sunt
1094 4754 1253 4807 verba
1284 4752 1595 4822 promissiva
1620 4792 1636 4818 ,
1679 4752 1800 4807 data

218 4859 352 4905 sunt
376 4847 711 4916 completiva.
753 4845 1016 4900 Sacriﬁcia
1045 4860 1170 4917 ergo
1197 4844 1281 4897 illa
1300 4885 1315 4908 ,
1364 4835 1610 4912 tanquam
1643 4844 1801 4897 verba

216 4942 581 5016 promissiva,
628 4938 799 4993 ablata
844 4948 984 4992 sunt.
1035 4935 1169 5004 Quid
1210 4945 1292 4991 est
1337 4934 1477 5005 quod
1508 4934 1689 4989 datum
1720 4943 1803 4989 est

213 5032 647 5105 completivum?
674 5031 879 5099 Corpus
904 5030 1042 5101 quod
1074 5029 1239 5083 nostis
1261 5071 1275 5095 ,
1317 5028 1456 5098 quod
1482 5045 1587 5083 non
1617 5044 1801 5084 omnes

214 5130 400 5188 nostis
432 5127 550 5201 (a);
597 5124 738 5195 quod
770 5124 967 5178 utinam
1008 5122 1096 5192 qui
1129 5121 1294 5175 nostis
1319 5163 1333 5184 ,
1380 5136 1567 5177 omnes
1596 5138 1700 5175 non
1734 5120 1800 5175 ad

207 5219 482 5294 judicium
515 5216 785 5270 noveritis.
811 5212 999 5268 Videte
1029 5211 1238 5281 quando
1267 5211 1462 5266 dictum
1492 5221 1605 5274 est;
1648 5211 1802 5265 Chri-

210 5323 341 5368 stus
381 5309 521 5363 cnim
555 5307 644 5362 ille
668 5314 749 5360 est
780 5303 1031 5358 Dominus
1056 5311 1235 5356 noster
1254 5343 1271 5367 ,
1301 5302 1459 5356 modo
1483 5302 1709 5372 loquens
1736 5317 1799 5356 ex

212 5400 490 5460 membris
516 5399 627 5453 suis
647 5440 661 5466 ,
704 5395 861 5451 modo
891 5394 1109 5464 loquens
1138 5409 1200 5447 ex
1230 5408 1452 5462 persona
1478 5408 1592 5447 sua.
1624 5392 1801 5448 Sacri-

285 5587 304 5610 ι
331 5584 516 5626 Omnes
539 5573 644 5622 fere
661 5580 787 5632 tua,
812 5569 1084 5632 adducatur
1106 5571 1171 5632 ad
1194 5568 1530 5619 curiositatem.

281 5642 303 5672 ³
325 5647 450 5687 Tres
472 5641 595 5684 Mss:
619 5642 683 5683 Eu
704 5629 827 5684 venit
850 5630 1022 5682 veritas
1043 5629 1240 5685 sublato.
1265 5639 1359 5679 etc.
1552 5652 1557 5661 -

275 5701 357 5763 (a)
386 5704 480 5747 ttae
503 5695 724 5761 loquendi
769 5692 968 5745 formula
1000 5693 1382 5743 Catecbumenos
1414 5697 1685 5755 praesentes
1705 5689 1796 5741 de-

192 5769 401 5827 signat.

1216 301 1223 308 ’
1285 341 1679 410 ENARBATIO
1716 339 1781 396 IN
1821 335 2141 400 PSALMUM
2181 345 2420 417 xxxix.

3377 336 3487 413 ut

1916 457 2102 525 ﬁcium,
2132 461 2319 530 inquit,
2349 471 2393 515 et
2422 461 2722 517 oblationem
2751 465 2977 518 noluisti.
3024 463 3157 532 Quid
3187 467 3352 538 ergo?
3380 468 3484 522 Nos

1908 550 2019 620 jam
2046 552 2145 607 hoc
2175 564 2411 622 tempore
2427 555 2542 609 sine
2563 556 2823 610 sacriﬁcio
2843 557 3045 613 dimissi
3071 560 3290 612 sumus?
3311 560 3481 614 Absit.

1915 639 2109 709 Corpus
2137 652 2304 696 autem
2332 644 2587 715 perfecisti
2613 646 2754 699 milii.
2790 646 2913 701 ldeo
2943 648 3027 701 illa
3056 647 3266 702 noluisti
3300 660 3354 702 ut
3385 650 3482 704 hoc

1913 726 2244 801 perﬁceres:
2291 734 2375 788 illa
2428 736 2641 791 voluisti
2688 745 2970 806 antequam
3029 741 3132 795 hoc
3180 738 3480 808 perliceres.

1911 822 2170 897 Perfectio
2207 826 2589 894 promissorum
2637 829 2854 882 abstulit
2895 830 3054 886 verba
3098 830 3477 893 prominentia.

1910 912 2041 968 Nam
2072 914 2116 968 si
2156 916 2330 972 adhuc
2355 928 2476 972 sunt
2521 920 2879 988 promittentia
2901 962 2916 987 ,
2947 920 3173 975 nonduin
3203 921 3481 991 impletum

1910 1015 1991 1060 est
2013 1006 2152 1075 quod
2197 1009 2511 1077 promissum
2543 1019 2644 1064 est.
2693 1009 2804 1065 I’loc
2836 1011 3240 1080 promittebatur
3262 1014 3481 1083 quibus-

1910 1094 2030 1155 dam
2051 1098 2216 1168 signis
2249 1117 2262 1152 :
2294 1100 2466 1153 ablata
2489 1110 2610 1154 sunt
2635 1102 2782 1171 signa
2816 1104 3170 1171 promittentis
3195 1146 3214 1171 ,
3239 1106 3362 1176 quia
3383 1121 3481 1160 ex-

1909 1184 2071 1242 hibita
2115 1198 2196 1242 est
2222 1190 2412 1243 veritas
2452 1192 2733 1258 promissa.
2790 1192 2844 1245 In
2892 1193 2993 1247 hoc
3018 1209 3244 1263 corpore
3274 1211 3479 1262 sumus,

1910 1275 2068 1346 hujus
2092 1281 2331 1348 corporis
2362 1281 2643 1349 participes
2670 1296 2876 1348 sumus,
2901 1283 3040 1351 quod
3072 1285 3357 1354 accipimus
3385 1299 3481 1341 no-

1909 1369 2081 1424 vimus
2108 1387 2127 1431 ε,
2151 1380 2204 1424 et
2233 1372 2320 1440 qui
2348 1388 2451 1424 non
2483 1373 2649 1426 nostis
2681 1374 2931 1427 noveritis
2952 1416 2966 1438 ,
3000 1384 3053 1428 et
3084 1391 3203 1429 cum
3234 1376 3482 1451 didiceri-

1909 1461 2014 1529 tis,
2068 1463 2265 1516 utinam
2312 1450 2517 1518 non'ad
2561 1464 2813 1532 judicium
2855 1464 3144 1535 accipiatis.
3198 1467 3297 1533 Qui
3339 1450 3478 1523 enim

1880 1552 2193 1607 .niauducat
2217 1564 2269 1608 et
2295 1554 2424 1607 bibit
2457 1555 2688 1624 indigne,
2711 1556 2967 1636 judicium
2995 1557 3094 1611 sibi
3120 1558 3404 1614 manducat
3428 1568 3478 1614 et

1906 1642 2039 1696 bibit
2065 1641 2105 1716 (l
2136 1643 2251 1697 Cor.
2282 1661 2353 1710 x,t
2372 1644 2484 1714 9.9).
2518 1645 2813 1701 Perfectum
2840 1656 2921 1703 est
2947 1649 3098 1703 nobis
3125 1664 3339 1719 corpus,
3364 1663 3480 1719 pcr-

1907 1732 2147 1789 ticiamur
2171 1736 2224 1789 in
2252 1752 2493 1805 corpore.

1982 1827 2066 1882 l5.
2096 1825 2412 1895 Sacri/icium
2440 1837 2485 1880 et
2510 1826 2810 1883 oblationem
2853 1829 3076 1896 noluisti,
3102 1846 3286 1901 corpus
3313 1843 3477 1885 autem

1907 1918 2166 1989 perfecis'i
2199 1919 2341 1974 milii.
2391 1917 2703 1973 Holocausta
2740 1921 2888 1973 etiam
2929 1938 3020 1990 pro
3052 1921 3231 1974 delicto
3261 1939 3361 1976 non
3391 1940 3477 1992 pe-

1906 2008 2008 2062 tisti
2039 2015 2192 2062 :tune
2234 2009 2341 2063 dixi
2365 2051 2379 2073 ,
2423 2008 2558 2064 Ecce
2595 2011 2752 2064 venio.
2809 2010 3075 2080 Numquid
3104 2012 3501 2093 exponendum.

1906 2108 1988 2155 est
2009 2143 2024 2166 ,
2059 2096 2380 2169 Sacri/icium
2408 2112 2453 2156 et
2482 2102 2777 2157 oblationem
2808 2104 3045 2167 noluisti,
3094 2117 3476 2175 corpus'autem

1906 2190 2155 2259 per-fecisti
2200 2193 2365 2247 mihi?
2406 2192 2716 2248 Halocausla
2740 2196 2890 2248 etiam
2930 2212 3020 2265 pro
3046 2195 3227 2251 delicto
3256 2214 3355 2252 non
3384 2215 3474 2268 pe-

1906 2283 2005 2336 tisti
2030 2299 2048 2336 :
2075 2298 2192 2350 qua:
2236 2284 2447 2352 petebat
2479 2287 2495 2316 ί
2527 2295 2701 2340 antea.
2760 2285 2901 2340 Tunc
2939 2288 3080 2354 dixi,
3135 2269 3267 2342 Ecce
3312 2304 3473 2343 nemo.

1904 2374 2134 2445 Tempus
2158 2385 2237 2430 est
2265 2386 2321 2431 ut
2344 2377 2556 2432 veniant
2583 2394 2699 2448 qum
2724 2379 3163 2447 promittebantur
3182 2421 3196 2444 ,
3223 2380 3345 2449 quia
3369 2396 3470 2434 au-

1903 2465 2142 2521 feruntur
2164 2482 2225 2522 ea
2254 2483 2345 2536 per
2370 2484 2487 2539 quae
2509 2469 2970 2536 promittebantur.
3003 2470 3068 2524 Et
3096 2485 3219 2525 vere
3239 2511 3253 2533 ,
3285 2469 3473 2524 fratres

1903 2560 2027 2625 mei,
2058 2561 2414 2615 attenditeilla
2439 2560 2633 2627 ablata,
2662 2560 2774 2615 haac
2795 2561 3025 2630 impleta.
3054 2561 3150 2616 Det
3166 2561 3292 2615 mihi
3314 2561 3472 2616 modo

1900 2650 2255 2719 gensjudaica
2285 2651 2634 2705 sacerdotem.
2663 2650 2763 2706 Ubi
2789 2661 2911 2705 sunt
2938 2652 3192 2705 sacriﬁcia
3224 2650 3470 2705 illorum?

1901 2724 2059 2793 Certe
2088 2738 2396 2809 perierunt,
2445 2748 2592 2794 certe
2633 2739 2805 2793 ablata
2842 2749 2966 2793 sunt
3007 2754 3165 2794 nunc.
3209 2739 3470 2809 Numquid

1903 2838 2028 2885 tunc
2053 2830 2462 2899 reprobaremus
2499 2845 2561 2884 ea
2585 2829 2609 2881 7
2652 2830 3017 2899 Reprobamus
3045 2821 3246 2884 modo:
3277 2830 3397 2898 quia
3426 2830 3471 2885 si

1902 2921 2060 2976 modo
2080 2921 2210 2977 velis
2234 2920 2429 2986 facere,
2459 2921 2805 2990 intemporale
2830 2933 2914 2976 est
2938 2963 2951 2985 ,
2977 2938 3080 2976 non
3108 2931 3190 2976 est
3212 2932 3473 2992 Opportu-

1901 3028 2060 3078 num,
2108 3028 2213 3067 non
2257 3013 2515 3083 congruit.
2559 3013 2747 3070 Adhuc
2781 3014 3071 3082 promittis,
3118 3016 3226 3083 jam
3269 3014 3470 3083 accepi.

1901 3105 2176 3160 Bemausit
2216 3104 2323 3159 illis
2362 3104 2609 3174 quiddam
2640 3103 2781 3174 quod
2807 3104 3113 3170 celebrent,
3164 3119 3229 3160 ne
3256 3105 3473 3159 omnino

1900 3197 2016 3251 sine
2041 3196 2190 3268 signo
2216 3205 2577 3251 remanerent.
2623 3194 2750 3249 Cain
2780 3196 2924 3249 enim
2963 3195 3135 3264 major
3164 3193 3358 3262 frater,
3384 3196 3473 3265 qui

1900 3290 2093 3348 occidit
2137 3291 2395 3345 minorem
2442 3289 2689 3354 fratrem,
2735 3287 2942 3357 accepit
2985 3288 3193 3357 signum
3218 3330 3231 3351 ,
3263 3304 3328 3343 ne
3355 3288 3475 3358 quis

1900 3403 2021 3442 eum
2048 3383 2314 3456 occideret
2340 3425 2354 3446 ,
2398 3385 2535 3439 sicut
2557 3382 2809 3452 scriptum
2837 3392 2918 3437 est
2951 3383 3003 3436 in
3031 3382 3221 3438 Genesi
3252 3400 3267 3439 :
3296 3380 3474 3437 Posuit

1908 3490 2038 3540 Deus
2065 3478 2191 3533 Cain
2218 3478 2441 3548 signant,
2471 3486 2523 3530 ut
2553 3466 2695 3530 nemo
2724 3493 2839 3530 eum
2868 3476 3133 3530 occideret.
3166 3476 3395 3530 Proinde
3420 3484 3476 3532 et

1899 3568 2012 3637 ipsa
2032 3584 2160 3638 gens
2183 3568 2355 3637 judma
2379 3578 2557 3621 manet
2587 3569 2628 3620 ’.
2696 3565 2892 3620 Omnes
2917 3575 3100 3636 gentes
3127 3566 3348 3619 subdiue
3367 3566 3474 3634 juri

1902 3674 2142 3727 romano,
2166 3660 2217 3713 in
2238 3660 2327 3729 jus
2354 3674 2627 3713 romanum
2658 3659 3047 3721 conﬁnxerunt,
3074 3658 3474 3726 superstitiones

1901 3752 2459 3826 communicaverunt;
2488 3758 2668 3820 postea
2697 3749 2816 3803 inde
2842 3758 3227 3818 cmpernntper
3253 3750 3474 3817 gratiam

1905 3842 2114 3897 Domini
2162 3842 2327 3896 nostri
2367 3842 2494 3897 Jesu
2540 3841 2736 3896 Christi
2775 3840 3053 3909 separari:
3083 3840 3170 3893 illa
3225 3856 3349 3895 vero
3398 3840 3481 3933 Siq

1902 3932 2092 3986 mansit
2121 3947 2240 3986 cum
2269 3932 2419 4001 signo
2444 3946 2562 3997 suo,
2585 3946 2703 3985 cum
2721 3930 2870 4000 signo
2898 3930 3332 3996 circumcisionis,
3350 3930 3474 3986 cum

1903 4025 2052 4094 signo
2080 4038 2386 4094 azymorum
2436 4023 2515 4076 sic
2554 4022 2749 4077 mansit
2777 4039 2789 4074 :
2822 4006 2927 4075 non
2967 4030 3051 4076 est
3088 4023 3294 4076 occisus
3319 4020 3471 4088 Cain,

1904 4121 2117 4168 non-est
2141 4114 2367 4177 occisus,
2407 4113 2566 4168 habet
2598 4113 2805 4182 signum
2837 4128 3011 4167 suum.
3064 4112 3369 4168 Maledictns
3392 4124 3475 4169 est

1903 4223 1933 4261 a
1974 4217 2112 4262 terra
2137 4249 2150 4265 .
2198 4222 2315 4276 qua:
2358 4207 2565 4275 aperuit
2593 4221 2829 4259 ossuum
2872 4206 3117 4274 excipere
3165 4206 3472 4274 sanguinem

1903 4299 2079 4354 fratris
2110 4300 2225 4367 ejus
2249 4297 2316 4352 de
2340 4313 2497 4350 manu
2528 4297 2661 4364 ejus.
2698 4296 2787 4350 ille
2814 4286 2962 4349 enim.
2983 4295 3117 4349 fudit
3140 4296 3471 4365 sanguinem,

1904 4408 2008 4447 non
2038 4392 2245 4460 excepit
2276 4408 2288 4443 :
2318 4390 2405 4443 ille
2442 4388 2609 4450 fudit,
2659 4388 2759 4441 alia
2792 4396 2927 4441 terra
2961 4388 3169 4455 excepit
3198 4402 3211 4438 :
3240 4396 3292 4440 et
3316 4386 3382 4439 ab
3410 4401 3474 4440 ea

1906 4496 2045 4541 terra
2075 4500 2200 4555 quae
2220 4498 2281 4536 os
2303 4482 2511 4552 aperuit
2533 4490 2588 4535 et
2607 4481 2823 4549 excepit
2841 4521 2855 4543 ,
2903 4479 2990 4532 ille
3016 4477 3324 4532 maledictus
3351 4484 3431 4530 est
3457 4493 3470 4529 :

1905 4585 1958 4630 et
1996 4576 2104 4645 ipsa
2148 4583 2285 4627 terra
2327 4589 2444 4642 qnte
2483 4587 2576 4626 ore
2612 4571 2819 4640 excepit
2848 4570 3192 4638 sanguinem,
3236 4567 3472 4621 Ecclesia

1905 4675 2002 4721 est.
2032 4666 2114 4719 Ab
2144 4664 2242 4717 hac
2266 4679 2394 4733 ergo
2425 4664 2509 4717 ille
2548 4661 2859 4716 maledic-tus
2883 4670 2983 4713 est.
3038 4659 3102 4711 Et
3142 4659 3227 4711 ille
3262 4657 3473 4725 sanguis

1905 4757 2184 4815 clamatde
2213 4767 2351 4812 terra
2380 4755 2444 4809 ad
2472 4770 2577 4808 me.
2630 4754 2703 4806 De
2731 4752 2829 4805 hac
2863 4752 3003 4804 enim
3037 4758 3176 4803 terra
3209 4748 3335 4801 dixit
3370 4749 3471 4801 Do-

1906 4854 2080 4907 minus
2099 4892 2113 4915 ,
2153 4849 2264 4903 Vox
2284 4847 2545 4919 sanguinis
2572 4845 2744 4916 fratris
2766 4843 2838 4895 tui
2858 4841 3039 4895 clamat
3067 4840 3132 4893 ad
3161 4857 3238 4892 me
3259 4842 3321 4893 de
3345 4850 3474 4903 terra

1906 4944 2058 5013 (Gen.
2092 4960 2143 4999 tv
2166 4984 2182 5008 ,
2212 4944 2312 5006 15,
2340 4939 2449 5011 10).
2498 4938 2734 4999 Clamat,
2781 4934 2978 5003 inquit,
3018 4932 3083 4987 ad
3111 4948 3193 4986 me
3218 4931 3285 4987 de
3312 4941 3472 4986 terra.

1906 5036 2110 5090 Clamat
2130 5033 2196 5086 ad
2242 5030 2520 5085 Dominum
2550 5046 2563 5080 :
2596 5025 2689 5080 sed
2725 5024 2916 5079 surdus
2950 5032 3034 5079 est
3060 5023 3472 5094 qui-sanguinem

1907 5126 2056 5189 fudit,
2086 5125 2325 5195 quianon
2351 5119 2535 5175 bibit’.
2560 5118 2637 5172 Illi
2663 5116 2869 5187 ergoita
2900 5124 3040 5180 sunt,
3076 5126 3320 5186 tauquam
3343 5115 3472 5169 Cain

1906 5235 2027 5275 cum
2073 5217 2245 5287 signo.
2298 5212 2563 5269 Sacriﬁcia
2606 5226 2736 5265 vero
2779 5225 2897 5280 quas
2936 5210 3007 5265 ibi
3036 5209 3259 5277 ﬁebant,
3300 5209 3473 5262 ablata

1906 5318 2062 5374 sunt;
2092 5316 2145 5362 et
2166 5304 2307 5375 quod
2337 5304 2414 5358 eis
2436 5301 2689 5391 remansit
2711 5300 2775 5355 ad
2804 5300 3008 5371 signum
3034 5300 3163 5355 Cain
3183 5340 3198 5366 ,
3224 5300 3330 5369 jam
3354 5314 3473 5367 per-

1970 5441 1986 5471 ι
2003 5439 2075 5487 sic
2095 5433 2314 5487 nonnulli
2337 5442 2440 5483 Mss.
2466 5431 2583 5492 Alii,
2606 5438 2653 5482 et
2674 5442 2783 5494 quia
2804 5428 3097 5494 petebantur.
3137 5427 3267 5487 edd,
3292 5431 3337 5476 et
3360 5437 3466 5489 qua:

2166 5563 2323 5609 manet
2342 5569 2429 5619 per
2450 5568 2609 5606 anates
2630 5560 2791 5620 gentes
2812 5552 3003 5620 subdita
3040 5549 3390 5612 jurthomano.
3420 5548 3476 5596 tn

1895 5624 1983 5686 jus
2008 5616 2279 5686 Romanum,
2304 5616 2399 5686 etc.
2416 5625 2591 5686 Locum_
2607 5616 2665 5686 ait
2816 5616 3121 5686 castigamus.

2308 5666 2421 5754 quia
2441 5666 2533 5754 non
2548 5676 2671 5754 ivit-it.
2700 5685 2752 5726 At
2773 5666 3095 5754 apud-Attiriuet
3139 5679 3243 5720 MSS.
3265 5666 3471 5731 aliquot,

1906 5743 2025 5811 quia
2048 5732 2151 5797 'non
2174 5732 2287 5796 bibit
2316 5732 2334 5794 ἓ
2358 5745 2407 5792 iu
2431 5741 2537 5791 aliis
2554 5747 2682 5801 Mss,
2698 5732 2835 5802 quem
2860 5750 2951 5788 non
2976 5732 3107 5785 bibit.
