3972 6198
513 359 617 415 413

455 441 461 447 ⁴
514 471 707 527 lectum
746 476 860 531 est.
906 472 963 523 et
999 460 1258 519 nesciunt.
1309 464 1515 534 Agnum
1556 460 1841 527 occidunt,
1892 474 2079 532 azyma

514 560 840 615 comedunt:
879 554 1083 622 Pascha
1121 563 1347 608 nostrum
1389 551 1677 607 immolatus
1720 559 1790 606 est
1829 549 2078 605 Christus.

518 655 654 708 Ecce
698 663 927 720 agnosco
969 662 1160 718 agnum
1197 644 1428 701 occisum
1452 686 1467 710 ,
1513 644 1635 714 quia
1674 642 1976 723 immolatus
2000 650 2081 697 est

513 743 771 798 Christus.
798 739 933 808 Quid
954 739 1022 794 de
1041 736 1275 801 azymis?
1297 735 1498 806 Itaque,
1525 734 1710 806 inquit,
1743 733 1875 787 diem
1900 735 2081 803 festum

516 832 815 887 celebremus
835 870 848 896 ,
889 846 991 884 non
1024 830 1077 883 in
1114 832 1358 899 fermento
1384 826 1552 894 veteri,
1579 840 1735 895 neque
1760 825 1814 878 in
1838 823 2080 894 fermento

513 925 721 982 malitia:
753 933 799 979 et
827 920 1153 993 malignitatis
1184 937 1204 975 :
1223 918 1452 974 ostendit
1478 917 1603 988 quid
1632 917 1702 971 sit
1731 923 1892 1014 .vetus
1917 915 1958 979 ί,
1985 927 2081 1014 ve-

522 1026 599 1070 tus
625 1016 787 1069 farina
813 1023 928 1081 est,
954 1015 1095 1068 acuit
1121 1029 1137 1066 :
1164 1010 1252 1066 sed
1271 1011 1324 1063 in
1344 1010 1534 1080 azymis
1560 1007 1861 1062 sinceritatis
1890 1016 1934 1059 et
1955 1007 2084 1058 beri-

528 1108 633 1167 tatis
665 1106 706 1179 (Ι
735 1106 851 1161 Cor;
878 1114 912 1160 v
933 1147 947 1169 ,
975 1106 1007 1158 7
1027 1146 1042 1170 ,
1070 1105 1148 1175 8).
1191 1103 1249 1158 In
1277 1102 1464 1156 umbra
1492 1106 1880 1162 remanserunt,
1913 1098 2079 1152 solem

515 1199 699 1269 gloriae
735 1198 874 1253 ferre
904 1208 1010 1252 nOn
1049 1203 1271 1266 possunt
1300 1212 1314 1247 :
1338 1194 1447 1264 jam
1491 1207 1590 1247 nos
1620 1192 1835 1291 innluce
1861 1202 2076 1291 fumus,

516 1298 755 1344 tenemus
781 1303 975 1357 corpus
998 1286 1224 1352 Christi,
1256 1295 1498 1339 tenemus
1521 1280 1829 1353 sanguinem
1857 1279 2075 1333 Christi.

516 1378 571 1433 Si
599 1379 853 1434 habemus
878 1391 1065 1432 novam
1085 1376 1266 1437 vitam,
1288 1383 1562 1428 cantemus
1577 1371 1838 1426 canticum
1863 1382 2078 1432 novum,

517 1471 769 1543 hymnum
811 1472 919 1524 Deo
950 1477 1151 1525 nostro.
1200 1465 1509 1521 liolocausta
1538 1481 1629 1536 pro
1663 1464 1843 1518 delicto
1869 1477 1969 1516 non
1991 1476 2080 1531 pe-

517 1562 618 1617 tisti
642 1578 662 1616 :
683 1573 797 1615 tunc
817 1560 923 1615 dixi
942 1603 957 1626 ,
996 1559 1128 1613 Ecce
1155 1559 1293 1612 venio
1523 1647 1534 1655 -
1762 1654 1767 1655 γ
1801 1642 1819 1655 Δ
1879 1643 1891 1655 ⁸

588 1653 677 1707 ιι.
703 1650 768 1705 1η
796 1652 958 1722 capite
985 1647 1097 1704 libri
1125 1649 1364 1719 scriptum
1394 1655 1464 1702 est
1500 1647 1563 1700 de
1591 1654 1770 1744 metut
1791 1642 1973 1715 faciant
1997 1656 2087 1744 eo-

517 1741 758 1799 luntatem
793 1751 932 1795 luant
963 1756 982 1795 :
1015 1740 1149 1794 Deus
1176 1756 1315 1793 meus
1338 1780 1353 1804 ,
1394 1738 1529 1792 volui
1551 1778 1567 1802 ,
1608 1746 1656 1791 et
1685 1736 1841 1806 legem
1867 1743 2002 1787 tuam
2029 1736 2083 1787 in

517 1836 682 1888 medio
700 1834 864 1888 cordis
885 1832 998 1886 mei.
1050 1833 1186 1887 Ecce
1214 1830 1279 1885 ad
1323 1828 1559 1884 membra
1598 1826 2085 1929 reSpexit,.ecce‘et

514 1928 629 1996 ipse
659 1926 780 1981 fecit
809 1926 1128 1980 voluntatem
1161 1922 1352 1979 Patris.
1545 1920 1596 1974 in
1623 1935 1727 2023 quo
1762 1917 1941 2023 capite.
1962 1915 2082 2022 libri

514 2020 769 2089 scriptum
817 2026 899 2073 est
936 2017 1004 2072 de
1051 2016 1178 2070 illo?
1222 2015 1471 2069 Fortasse
1498 2012 1550 2067 in
1584 2012 1755 2082 capite
1786 2005 2083 2114 librinhuj‘us

516 2111 869 2165 Psahnorum.
917 2108 1053 2175 Quid
1084 2107 1223 2160 enim
1253 2107 1408 2175 longe
1448 2114 1688 2174 petamus
1707 2144 1721 2168 ,
1749 2111 1840 2157 aut
1863 2101 1994 2157 alios
2018 2102 2084 2157 ii-

512 2201 639 2255 bros
656 2201 856 2270 inquira
864 2214 978 2255 mus
990 2197 1014 2251 Ἰ
1034 2198 1170 2252 Ecce
1183 2196 1233 2250 in
1247 2196 1417 2267 capite
1568 2194 1723 2294 hujus
1733 2190 2081 2294 Paulinorum,

514 2293 765 2360 scriptum
784 2294 886 2355 est,
915 2288 1097 2341 Beatus
1117 2289 1191 2341 vir
1218 2287 1423 2357 quianon
1443 2285 1564 2339 abiit
1582 2285 1635 2338 in
1663 2283 1870 2337 consilio
1894 2283 2081 2353 impio-

482 2410 495 2421 ι
515 2398 625 2435 ram
647 2422 661 2446 ,
708 2390 751 2434 et
797 2382 849 2433 in
888 2380 966 2432 via
1000 2386 1315 2449 peccatorum
1356 2392 1458 2429 non
1498 2376 1662 2436 stetit,
1704 2383 1748 2427 et
1775 2374 1827 2427 in
1848 2374 2085 2428 cathedra

516 2470 911 2542 pestilentiarum
946 2486 1047 2523 non
1081 2469 1244 2534 sedit,
1288 2469 1375 2522 sed
1403 2469 1454 2520 in
1491 2468 1597 2537 lege
1623 2465 1821 2572 Domini
1854 2466 2083 2572 voluntas

516 2566 625 2635 ejus
653 2564 747 2634 fuit
776 2579 795 2616 :
826 2563 927 2617 hoc
950 2571 1051 2627 est,
1076 2556 1208 2614 Deus
1236 2576 1403 2626 meus,
1434 2560 1586 2624 volui,
1618 2570 1664 2612 et
1691 2559 1846 2629 legem
1873 2568 2009 2612 tuam
2029 2560 2084 2613 in

513 2658 676 2711 medio
695 2657 860 2710 cordis
888 2654 984 2709 mei
1015 2671 1034 2709 :
1061 2654 1162 2709 hoc
1189 2662 1271 2708 est
1289 2695 1305 2719 ,
1344 2663 1393 2707 et
1427 2654 1478 2706 in
1504 2653 1611 2724 lege
1634 2653 1740 2723 ejus
1767 2651 2084 2707 meditabitur

513 2749 594 2803 die
616 2765 676 2802 ac
694 2758 834 2803 nocte
861 2746 1032 2819 (Psal.
1065 2761 1103 2812 ι,
1131 2747 1183 2811 1,
1211 2745 1288 2817 Ξ).

585 2841 673 2893 15.
700 2837 849 2911 [vers.
884 2836 999 2911 l0.]
1038 2837 1171 2892 Bene
1205 2832 1429 2890 nuntiav‘i
1457 2836 1708 2904 justitiam
1747 2845 1884 2890 tuam
1908 2838 1959 2891 in
1986 2836 2087 2890 Ec-

511 2931 665 2985 clesia
690 2945 890 3001 magna.
920 2928 1218 2998 Alloquitur
1247 2926 1481 2981 membra
1516 2934 1608 2981 Sua
1631 2969 1646 2993 ,
1679 2926 1919 2981 hortatur
1942 2927 2083 2997 quod

518 3020 656 3084 fecit,
671 3028 726 3073 ut
739 3020 945 3074 taeiant.
965 3017 1328 3083 Annuntiavit,
1354 3017 1961 3120 atinutttiemus;.passus
1977 3026 2079 3084 est,

468 3100 471 3103 ’
512 3111 941 3179 compatiamur;
996 3108 1321 3177 gloriﬁcatus
1370 3117 1490 3171 est,
1545 3106 2078 3174 congloriﬁcabimur.

514 3196 819 3254 Annuntiavi
840 3198 1094 3268 justitiam
1134 3206 1271 3251 luant
1309 3196 1361 3250 in
1400 3194 1625 3251 Ecclesia
1666 3212 1868 3301 magna.
1913 3197 2080 3301 Quam

515 3288 745 3360 magna?
769 3288 904 3343 Toto
925 3287 1053 3342 crbe
1079 3295 1358 3342 terrarum.
1385 3286 1551 3353 Quam
1575 3287 1801 3357 magna?
1828 3287 1881 3341 In
1911 3288 2083 3342 omni-

514 3380 613 3434 bus
651 3379 916 3450 gentibus.
959 3376 1133 3445 Quare
1171 3377 1223 3432 in
1262 3377 1506 3431 omnibus
1529 3378 1810 3448 gentibus?
1837 3378 1968 3447 Quia
1996 3396 2084 3438 se-

513 3482 637 3526 men
662 3475 746 3526 est
783 3467 1013 3524 Abrahae
1030 3509 1046 3533 ,
1080 3468 1130 3521 in
1151 3481 1259 3538 quo
1280 3467 1657 3541 benedicentur
1683 3483 1870 3525 omnes
1895 3481 2081 3540 gentes

512 3562 666 3637 (Gen.
692 3570 788 3629 ιιι,
815 3561 871 3629 3,
898 3570 945 3615 et
970 3575 1099 3626 xxn,
1129 3561 1241 3632 18).
1264 3561 1437 3630 Quare
1463 3562 1513 3617 in
1536 3564 1782 3618 omnibus
1800 3565 2081 3634 gentibus?

510 3658 643 3727 Quia
693 3656 744 3711 in
788 3669 1002 3711 omnem
1046 3663 1239 3709 terram
1286 3655 1445 3709 exivit
1490 3670 1651 3709 sonus
1697 3670 1880 3711 eorum
1908 3655 2076 3729 (Psal.

509 3766 661 3816 artu,
691 3749 767 3822 5).
797 3747 864 3803 In
885 3746 1119 3805 Ecclesia
1153 3762 1354 3817 magna.
1385 3746 1517 3801 Ecce
1538 3747 1671 3801 labia
1696 3763 1807 3802 mea
1834 3766 1934 3804 non
1956 3767 2078 3822 pro-

510 3841 717 3907 Itibebo,
749 3840 965 3895 Domine
1005 3848 1061 3893 tu
1102 3838 1394 3910 cognouisti.
1439 3837 1599 3893 Labia
1631 3853 1746 3892 mea
1771 3841 2075 3911 loquuntur,

510 3950 616 3987 non
642 3949 702 3986 ea
725 3931 1018 4001 prohibebo
1052 3930 1215 4001 loqui.
1257 3929 1684 4000 Sonantquidem
1706 3931 1840 3987 labia
1871 3946 1985 3988 mea
2011 3933 2078 3988 ad

508 4039 664 4078 aures
691 4022 963 4077 hominum
987 4063 1002 4087 ,
1049 4022 1142 4077 sed
1172 4030 1227 4075 tu
1253 4019 1544 4091 cognovisti
1580 4035 1672 4075 cor
1696 4037 1893 4076 meum.
1922 4022 2078 4077 Lobia

480 4086 482 4089 λ
510 4126 619 4168 mea
656 4126 756 4167 non
794 4111 1083 4183 prohibebo,
1124 4086 1344 4165 Domine
1361 4120 1415 4165 tu
1434 4111 1724 4183 cognovisti.
1753 4113 1909 4167 Aliud
1934 4114 2079 4168 audit

513 4207 707 4268 homo,
750 4201 891 4256 aliud
931 4203 1169 4271 agnoscit
1211 4202 1372 4257 Deus.
1418 4201 1497 4257 Ne
1522 4204 1573 4257 in
1613 4202 1763 4256 labiis
1787 4204 1915 4258 solis
1938 4215 2079 4259 chet

507 4294 837 4351 annuntiatio
856 4332 874 4360 ,
903 4299 957 4347 et
980 4292 1243 4347 diceretur
1269 4294 1338 4348 de
1362 4293 1536 4349 nobis.
1572 4294 1699 4359 Qua:
1721 4295 1894 4348 dicunt
1921 4298 2074 4362 vobis,

508 4388 685 4460 facite,
727 4398 840 4457 qua:
866 4373 1030 4435 autem
1069 4382 1260 4451 faciunt
1284 4424 1299 4448 ,
1328 4384 1492 4453 facere
1511 4385 1664 4439 nolite
1691 4383 1899 4458 (Matth.
1927 4402 2073 4452 nni,

509 4478 565 4550 5)
597 4496 611 4534 :
643 4487 733 4533 aut
761 4475 861 4547 ipsi
899 4474 1090 4545 popttlo
1111 4515 1125 4537 ,
1162 4474 1394 4529 laudanti
1429 4477 1591 4531 Deum
1613 4492 1735 4542 ore,
1765 4493 1873 4531 non
1893 4480 2072 4546 corde,

504 4570 805 4630 diceretur,
848 4565 1079 4635 Populus
1105 4565 1184 4618 hic
1229 4566 1374 4620 labiis
1408 4582 1485 4619 me
1511 4566 1757 4635 honorat,
1796 4584 1884 4622 cor
1910 4579 2075 4623 autent

507 4679 680 4728 eorum
728 4659 875 4731 longe
909 4669 985 4713 est
1011 4674 1045 4711 a
1079 4673 1159 4711 me
1184 4655 1332 4727 (Isai.
1378 4671 1531 4721 xxnx,
1572 4656 1660 4728 15)
1688 4675 1701 4710 :
1729 4673 1857 4713 sona
1901 4660 2072 4729 labiis,

509 4753 799 4831 propinqua
842 4749 1022 4806 corde.
1064 4747 1235 4805 Corde
1274 4747 1413 4802 enim
1440 4746 1674 4801 creditur
1695 4747 1760 4802 ad
1796 4748 2070 4819 justitiam,

507 4860 602 4901 ore
646 4853 823 4899 autem
865 4841 1130 4899 confessio
1170 4840 1228 4895 ﬁt
1269 4838 1335 4895 ad
1367 4838 1590 4893 salutem
1629 4838 1803 4910 (Rom.
1847 4856 1918 4905 ι,
1963 4842 2071 4912 10).

509 4934 695 5003 Qualis
721 4931 810 4989 ille
833 4933 969 4989 latro
997 4934 1245 4989 inventus
1267 4938 1350 4987 est
1368 4973 1382 4997 ,
1410 4929 1653 5002 pendens
1689 4929 1741 4984 in
1767 4944 1925 4987 cruce
1953 4949 2071 4988 cum

512 5022 765 5090 Domino,
803 5038 1096 5094 agnoscens
1130 5023 1183 5077 in
1207 5036 1365 5083 cruce
1391 5022 1692 5123 Dominum.
1854 5037 1965 5123 non.
1985 5038 2078 5077 co-

506 5120 804 5185 gnoverunt
841 5110 1093 5167 miracula
1134 5110 1414 5198 facientem
1440 5152 1456 5178 ,
1499 5112 1711 5214 agnorit
1736 5110 1825 5166 ille
1852 5111 1904 5165 in
1931 5112 2075 5214 ligno

506 5202 845 5274 pendentem.
896 5200 1027 5255 Erat
1078 5201 1166 5255 ille
1218 5194 1459 5255 cenﬁxus
1506 5202 1751 5257 omnibus
1786 5203 2071 5268 membris;

508 5308 697 5349 manus
722 5291 884 5346 clavis
922 5289 1283 5357 inhaerebant,
1308 5290 1485 5359 pedes
1508 5293 1746 5348 transﬁxi
1775 5304 1958 5359 erant,
1997 5303 2076 5391 to:

426 5414 433 5427 ρ
510 5394 621 5438 tum
647 5397 839 5452 corpus
869 5378 1252 5449 adjungebatur
1277 5380 1445 5449 ligno;
1482 5395 1674 5451 corpus
1700 5382 1822 5437 illud
1849 5398 1953 5438 non
1981 5378 2073 5436 val

503 5478 659 5533 cabat
681 5474 890 5531 ctcteris
921 5470 1171 5527 membris
1191 5513 1204 5536 ,
1233 5470 1409 5542 lingua
1432 5474 1648 5527 vacabat
1673 5484 1727 5530 et
1754 5490 1846 5529 cor
1876 5494 1888 5528 :
1917 5477 2075 5531 corde

506 5567 751 5636 credidit,
779 5580 873 5622 ore
895 5561 1171 5621 confessus
1196 5570 1296 5618 est.
1327 5561 1576 5617 Memento
1597 5567 1724 5631 mei,
1751 5565 1938 5635 inquit,
1967 5565 2076 5621 Do-

576 5706 593 5738 ι
619 5705 751 5767 rod,
796 5701 913 5767 quid
956 5696 1018 5752 sit
1040 5704 1170 5750 vetus
1201 5696 1516 5760 fermentum.
1563 5695 1741 5757 Abest,
1765 5697 2072 5763 fernwutum,

504 5772 672 5823 3M5.

1727 344 1785 406 5.
1826 344 2187 405 AUGUSTINI
2226 346 2529 407 EPISCOPI

3653 380 3753 436 6ιὶ

2187 460 2349 527 mine,
2397 476 2511 517 cum
2552 468 2741 524 veneris
2782 470 2836 526 in
2878 489 3082 545 regnum
3109 488 3269 536 tuum.
3322 484 3556 544 Salutem
3605 508 3750 552 suam

2185 548 2341 621 longe
2377 551 2604 610 futuram
2644 562 2925 631 sperabat,
2969 576 3023 622 et
3047 583 3166 639 post
3189 573 3401 646 longum
3429 590 3637 653 tempus
3661 605 3749 645 ac-

2185 641 2365 712 cipere
2386 656 2666 705 contentus
2688 661 2804 708 erat
2830 673 2844 709 :
2876 656 2927 710 in
2955 658 3167 732 longum
3196 641 3457 739 sperabat,
3503 641 3618 732 dies
3646 696 3748 736 non

2185 742 2268 787 est
2293 733 2505 792 dilatus.
2546 739 2641 795 ille
2673 742 2831 813 dixit,
2877 746 3128 809 Memento
3156 733 3286 826 mei,
3324 733 3663 829 cunt-veneris
3697 777 3749 829 in

2185 837 2390 892 regnum
2420 835 2559 882 tuum
2585 847 2605 885 :
2630 831 2721 887 ille
2764 841 3036 907 respondit
3060 865 3074 903 ς
3097 845 3256 903 Amen
3292 854 3404 908 dico
3439 852 3565 927 tibi,
3605 864 3747 921 hodie

2184 930 2378 969 mecum
2403 921 2499 975 eris
2522 922 2574 976 in
2594 927 2849 992 paradiso.
2882 922 3082 1004 Hodie,
3119 939 3319 1012 inquit,
3361 965 3556 1007 mecum
3582 958 3677 1011 eris
3698 960 3746 1013 ia

2185 1010 2422 1121 paradiso
2449 1012 2595 1085 (Luc.
2622 1034 2748 1074 xxut
2775 1064 2789 1087 ,
2817 1023 2916 1091 42,
2948 1028 3065 1099 45).
3110 1010 3391 1096 Paradisus
3420 1042 3579 1103 habet
3615 1010 3744 1121 ligna

2182 1097 2356 1157 felicia
2384 1122 2398 1158 :
2429 1105 2584 1165 hodie
2606 1124 2811 1171 mecum
2840 1117 2896 1173 in
2938 1097 3082 1193 ligno
3115 1130 3321 1197 crucis,
3366 1133 3525 1201 hodie
3548 1097 3742 1202 [uectum

2186 1189 2243 1246 in
2271 1193 2411 1265 ligno
2440 1199 2642 1258 salutis.
2981 1189 3002 1193 ⁷
3673 1294 3679 1301 ⁸

2256 1284 2341 1341 16.
2381 1286 2515 1346 Ecce
2545 1293 2680 1349 labia
2710 1308 2820 1353 mea
2859 1319 2957 1358 non
2984 1308 3250 1374 prohibebo
3269 1355 3283 1380 ,
3315 1314 3560 1392 Domine,
3588 1334 3642 1379 tu
3664 1294 3744 1383 co-

2185 1377 2397 1443 gnaviin
2420 1394 2439 1432 :
2466 1396 2533 1437 ne
2556 1385 2736 1442 credat
2765 1392 2925 1448 corde
2950 1435 2963 1458 ,
2988 1408 3043 1452 et
3069 1415 3177 1468 pra:
3193 1377 3393 1484 timore
3414 1377 3559 1468 iabid
3573 1418 3743 1484 probi-

2185 1463 2309 1520 beat
2336 1473 2650 1531 annuntiare
2677 1481 2817 1548 quod
2842 1463 3082 1544 credidit:
3113 1492 3247 1549 Sunt
3266 1476 3412 1554 enim
3438 1463 3707 1565 chrisrtiani
3724 1555 3738 1578 ,

2187 1552 2379 1578 I.-L‘_.n
2410 1561 2440 1578 l!
2465 1561 2477 1578 I
2595 1566 2608 1577 ⁸
2786 1571 2798 1578 “

2186 1552 2384 1612 habent
2410 1561 2565 1617 ﬁdem
2594 1566 2645 1621 in
2674 1571 2834 1627 corde
2857 1614 2873 1640 ,
2917 1585 2971 1631 et
2996 1578 3012 1609 ¹
3057 1580 3196 1639 inter
3230 1602 3459 1659 paganos
3497 1555 3740 1669 amaros:

3230 1646 3245 1656 .
3296 1646 3325 1659 ν
3442 1646 3451 1647 ί
3501 1646 3636 1653 —-----
3650 1646 3706 1655 νυ
3725 1646 3740 1669 r

2186 1646 2382 1704 misere
2409 1652 2639 1711 urbanos
2662 1700 2677 1724 ,
2705 1662 2950 1721 sordidos
2974 1710 2989 1735 ,
3018 1670 3262 1732 inﬁdeles
3280 1720 3296 1744 ,
3319 1680 3527 1751 ineptos
3549 1729 3564 1752 ,
3588 1688 3743 1746 insul-

2186 1744 2386 1794 tatores
2410 1782 2425 1807 ,
2452 1745 2499 1798 si
2524 1750 2778 1818 exagitari
2803 1760 3098 1830 coeperint,
3126 1767 3246 1835 quia
3276 1769 3551 1831 christiani
3588 1792 3738 1849 sunt;

2187 1825 2376 1849 LAW.
2409 1832 2421 1849 ,
2594 1838 2609 1849 ,
2674 1840 2699 1849 ,
2723 1842 2736 1849 ,
2805 1830 2811 1847 .

2185 1825 2381 1885 habent
2406 1832 2459 1888 in
2483 1838 2644 1894 corde
2668 1830 2823 1899 ﬁdem
2852 1888 2867 1914 ,
2890 1825 2945 1904 et
2964 1825 3411 1919 timent-conﬁteri
3442 1884 3539 1938 per
3563 1827 3731 1942 labia,1

3442 1920 3527 1938 r"
3563 1920 3731 1942 ---·-ι

2185 1920 2470 1988 prohibent
2511 1927 2646 1983 labia
2696 1948 2789 1989 sua
2842 1954 3032 1998 sonare
3076 1950 3235 2017 quod
3271 1968 3465 2011 norunt
3492 2000 3510 2024 ,
3564 1977 3744 2024 sonare

2185 2010 2324 2122 quod
2351 2012 2493 2071 intus
2523 2016 2738 2077 habent.
2785 2025 2888 2083 Sed
2924 2010 3268 2103 reprehendit
3310 2010 3745 2122 hosDbminds:

2985 2097 3002 2103 _
3313 2097 3405 2102 ἀκήν
3456 2097 3703 2112 σνκοιιιιισ
3731 2100 3745 2122 ς

2189 2097 2291 2165 Qui
2316 2120 2395 2157 me
2416 2112 2657 2180 confusus
2676 2117 2827 2186 fuerit
2847 2136 3017 2178 coram
3039 2129 3320 2188 hominibus
3344 2177 3359 2203 ,
3387 2132 3671 2212 Confundar
3689 2148 3751 2203 de

2189 2190 2271 2212 3H-
2303 2209 2319 2212 _
2336 2210 2365 2212 μ
2493 2196 2528 2212 ’⁸
2572 2209 2580 2212 -
2807 2209 2815 2212 ‘
2854 2208 2895 2212 A‘

2183 2190 2273 2244 illo
2293 2209 2462 2250 coram
2482 2196 2637 2256 Patre
2653 2220 2762 2260 meo
2796 2209 2815 2277 (
2840 2208 3007 2268 Marc.
3058 2231 3152 2274 vni
3175 2263 3191 2289 ,
3237 2224 3305 2280 58
3327 2190 3366 2297 ),

2185 2296 2303 2336 eum
2352 2301 2706 2359 cognoscam:
2747 2302 2866 2369 quia
2911 2307 3122 2364 erubuit
3162 2329 3248 2369 me
3289 2296 3530 2378 conﬁteri
3569 2342 3747 2385 coram

2184 2371 2487 2434 hominibus
2509 2422 2524 2448 ,
2558 2398 2662 2440 non
2692 2402 2815 2445 eum
2854 2398 3146 2456 conﬁtebor
3186 2419 3366 2464 coram
3414 2410 3572 2471 Patre
3608 2434 3749 2478 meo.

2186 2464 2373 2525 Dicant
2398 2486 2524 2542 ergo
2555 2475 2691 2534 labia
2719 2483 2860 2552 quod
2890 2485 3051 2545 habet
3072 2507 3201 2550 cor:
3232 2497 3335 2555 hoc
3373 2464 3557 2561 contra
3597 2464 3751 2566 tim;-

2186 2571 2299 2612 rem
2327 2560 2369 2615 ‘.
2412 2561 2613 2622 Habeat
2656 2585 2754 2626 cor
2798 2576 2938 2645 quod
2986 2580 3169 2641 dicunt
3213 2586 3392 2648 labia:
3427 2560 3752 2660 hoccontra

2186 2648 2598 2713 simulationem.
2649 2660 2947 2733 Aliquando
2994 2674 3137 2730 enim
3189 2680 3494 2754 thnorlest,
3548 2699 3605 2746 et
3649 2709 3753 2749 non

2185 2740 2348 2797 audes
2374 2743 2554 2804 dicere
2577 2752 2717 2820 quod
2744 2760 2881 2812 nosti
2906 2801 2921 2825 ,
2948 2764 3088 2832 quod
3115 2769 3325 2827 credis:
3358 2740 3754 2848 ialiqbando-si:

2184 2831 2407 2890 mulatio
2433 2847 2514 2893 est
2533 2882 2548 2907 ,
2574 2842 2708 2899 dicis
2733 2887 2748 2911 ,
2776 2855 2833 2903 et
2859 2831 2976 2906 non,
3005 2853 3170 2913 habes
3212 2860 3266 2916 in
3300 2831 3483 2924 corde;
3515 2870 3754 2930 Consen-

2187 2921 2326 2981 tiant'
2344 2928 2482 2985 labia
2514 2940 2600 2988 tua
2623 2938 2769 2993 cordi
2801 2949 2908 2997 tuo.
2938 2945 3193 3013 Quaereris
3218 2970 3402 3024 pacem
3423 2975 3453 3014 a
3486 2963 3595 3020 Deo
3614 3008 3629 3032 ,
3659 2969 3755 3025 tibi

2170 3014 2298 3086 ipse
2322 3028 2437 3075 esto
2465 3033 2721 3093 pacatus:
2768 3046 2872 3088 non
2916 3036 2985 3091 sit
3029 3039 3170 3098 inter
3194 3014 3235 3076 ³.
3262 3062 3324 3102 os
3371 3058 3522 3109 tuum
3568 3014 3629 3112 et,
3660 3074 3755 3114 cor

2184 3114 2332 3163 tuum
2360 3113 2498 3168 mala
2522 3116 2661 3171 rixa.
2691 3118 2824 3177 Ecce
2844 3124 2979 3181 labia
3011 3144 3121 3185 mea
3158 3150 3258 3189 non
3289 3140 3558 3208 prohibebo
3577 3187 3595 3211 ,
3634 3113 3751 3203 Do;-

2184 3199 2337 3267 mine,
2366 3212 2421 3257 tu
2445 3211 2735 3277 cognovisti.
2762 3213 3037 3281 Quomodo
3063 3223 3195 3280 ille?
3224 3199 3350 3299 quid
3379 3199 3753 3305 coguovitVDo-

2182 3291 2400 3348 minus?
2426 3294 2568 3354 intus
2594 3299 2645 3354 in
2671 3304 2834 3362 corde
2856 3348 2871 3373 ,
2901 3309 2986 3365 ubi
3015 3327 3118 3370 non
3146 3291 3288 3375 videt
3330 3291 3510 3380 homo.
3544 3327 3669 3384 ideo
3696 3343 3754 3387 et

2183 3386 2312 3454 ille,
2352 3389 2592 3462 Credidi,
2641 3397 2830 3471 inquit.
2871 3404 3011 3462 Ecce
3055 3394 3148 3464 cor
3195 3411 3398 3485 habet,
3433 3418 3544 3489 jam
3594 3423 3754 3479 habet

2181 3479 2322 3548 quod
2365 3482 2541 3541 videat
2584 3487 2761 3545 Deus:
2812 3509 2918 3550 non
2966 3500 3243 3567 prohibeat
3283 3479 3581 3567 labia'sua.
3636 3515 3752 3572 Non

2180 3573 2444 3642 prohibet.
2477 3578 2610 3647 Quid
2641 3584 2785 3640 enim
2813 3587 2983 3644 dicit?
3008 3590 3220 3666 Propter
3243 3601 3379 3669 quod
3397 3601 3596 3661 locutus
3618 3625 3750 3663 sum.

2182 3666 2250 3720 Et
2277 3669 2398 3737 quia
2430 3671 2636 3730 locutus
2660 3688 2742 3733 cst
2769 3681 2909 3749 quod
2935 3686 3160 3741 credidit
3185 3730 3199 3752 ,
3242 3666 3487 3760 qtnerens
3512 3700 3636 3768 quid
3663 3718 3750 3757 re-

2183 3759 2381 3816 tribuat
2410 3764 2632 3821 Domino
2656 3768 2749 3839 pro
2771 3775 3016 3832 omnibus
3036 3795 3153 3848 qua:
3178 3759 3424 3842 retribuit
3447 3790 3496 3843 ei
3563 3792 3755 3863 adjun‘

2179 3851 2254 3920 git
2278 3869 2292 3907 :
2320 3852 2537 3911 Calicem
2552 3857 2790 3919 salutaris
2809 3869 3054 3939 accipiam
3070 3914 3086 3939 ,
3114 3884 3159 3927 et
3182 3892 3361 3933 nomen
3385 3878 3588 3938 Domini
3611 3887 3755 3941 invo-

2180 3945 2325 4003 cabo.
2373 3946 2490 4005 Non
2529 3953 2804 4011 exhorruit
2846 3958 3125 4019 Dominum
3167 3967 3431 4028 dicentem
3475 3993 3488 4027 :
3533 3974 3754 4035 Potestis

2181 4037 2342 4093 bibere
2382 4041 2588 4097 calicem
2624 4063 2770 4117 quem
2809 4067 2898 4123 ego
2935 4054 3178 4112 bibiturus
3215 4078 3328 4115 sum
3385 4064 3609 4136 (Matth.
3640 4087 3711 4126 xx
3735 4113 3754 4136 ,

2181 4129 2253 4184 22
2274 4131 2292 4203 )
2314 4131 2337 4186 ?
2360 4132 2654 4193 Conﬁtetur
2679 4143 2819 4196 enim
2849 4161 2942 4214 per
2968 4148 3104 4204 labia
3128 4154 3269 4223 quod
3299 4129 3526 4215 habebat
3554 4163 3608 4217 in
3634 4129 3754 4219 cor;

2179 4220 2246 4276 de
2271 4264 2286 4287 ,
2320 4228 2558 4292 pervenit
2584 4229 2648 4283 ad
2679 4235 2999 4300 passionem.
3027 4240 3091 4295 Et
3118 4220 3239 4312 quia
3270 4252 3510 4316 pervenit
3535 4254 3603 4308 ad
3635 4271 3751 4325 pas-

2178 4308 2382 4368 sionem
2410 4358 2424 4380 ,
2457 4317 2624 4374 hostis
2653 4324 2779 4392 quid
2806 4330 3028 4384 nocuit?
3067 4308 3269 4405 Nempe
3297 4342 3515 4408 pretiosa
3542 4345 3597 4398 in
3633 4363 3752 4401 cono

2178 4416 2347 4476 specta
2372 4406 2579 4465 Domini
2598 4420 2732 4470 mors
2744 4411 2999 4487 justoium
3019 4424 3129 4494 ejus
3150 4426 3169 4499 (
3193 4406 3339 4484 Psul.
3360 4446 3484 4500 ειν,
3515 4436 3584 4492 10
3600 4439 3688 4493 -15
3712 4439 3751 4509 ).

2176 4492 2369 4554 Mortes
2395 4501 2445 4556 in
2470 4519 2601 4573 quas
2626 4506 2819 4579 Pagani
2846 4492 3133 4572 saevierunt
3204 4521 3257 4574 in
3286 4522 3586 4584 illis-hodie
3624 4534 3752 4585 reﬁ-

2176 4588 2348 4647 cimur
2368 4592 2414 4648 ⁸.
2463 4595 2700 4654 Natalem
2752 4614 3043 4676 martyrum
3092 4611 3461 4683 celebramus,
3509 4622 3754 4694 exempla

2177 4694 2468 4755 martyrum
2519 4690 2671 4745 nobis
2718 4696 3102 4764 proponimus,
3160 4707 3484 4764 attendimus
3549 4690 3753 4780 ﬁdem,

2177 4778 2443 4841 quomodo
2468 4777 2666 4834 inventi
2691 4822 2706 4847 ,
2739 4786 3004 4853 quomodo
3031 4794 3241 4847 attracti
3267 4837 3282 4861 ,
3333 4802 3601 4867 quomodo
3640 4777 3757 4861 ste;

2179 4869 2356 4918 terunt
2381 4877 2504 4921 ante
2527 4870 2750 4936 judicc's.
2778 4873 2831 4928 ln
2854 4875 3094 4934 Ecclesia
3117 4883 3376 4941 catholica
3397 4890 3527 4945 nihil
3552 4891 3758 4949 baben-

2110 5001 2117 5015 ,
2181 4963 2261 5008 tes
2284 4956 2636 5014 simulationis
2658 5004 2673 5029 ,
2701 4966 3054 5036 campaginati
3080 4970 3324 5041 iunctura
3347 4980 3561 5036 unitatis
3580 5023 3596 5049 ,
3622 5000 3759 5039 con-

2241 5151 2481 5238 t.P‘§§.-.:.£f
2501 5137 2849 5238 “3911195111?
2871 5169 3007 5233 νοω,
3043 5165 3148 5219 loco
3176 5183 3366 5238 mro:
3396 5172 3603 5238 adsere.
3627 5190 3761 5228 non-

2176 5210 2296 5280 nulli
2320 5214 2509 5276 ferunt,
2546 5210 2683 5267 arnor
2713 5210 2785 5271 esi
2814 5210 3017 5278 miscere
3043 5210 3157 5281 _:"e"t

2176 5285 2414 5421 ῗῖίξίῖἕίτ
2452 5334 2541 5421 ’E‘l‘f
2562 5324 2965 5421 εοηέῖςὲἔέηῐρίεηι
2989 5349 3163 5421 ’φῦραι
3182 5367 3303 5421 σοῖν,
3324 5358 3451 5421 quod
3475 5358 3641 5412 dicmu
3686 5363 3762 5413 ta-

2178 5395 2257 5444 bia
2284 5396 2411 5484 :choc
2434 5407 2599 5484 contra
2620 5395 3762 5484 coniecerimE5M7iu$255¥2h3n

2176 5469 2276 5506 cor.
2301 5463 2596 5547 Sententiam
2620 5462 2935 5547 labglactabat
2958 5462 3764 5547 vchHm_ira;a,inierpmctio,

2176 5532 2364 5601 necnon
2388 5521 2603 5598 ineptum
2627 5527 2673 5575 in
2699 5527 2795 5581 ﬁne
2817 5521 3075 5598 glosseuui,
3084 5521 3764 5601 'dﬁEd'ih'éiio'riiJil-EI

2175 5587 2397 5630 ctoritate
2416 5588 2722 5638 removimus.

2242 5643 2263 5713 ξ
2284 5642 2532 5713 farticula,
2554 5646 2696 5713 inter.
2719 5653 2858 5704 abest
2878 5657 2940 5707 ab
2960 5661 3183 5712 omnibus
3208 5660 3317 5713 Mss.

2226 5701 3337 5793 τξξεευενέ;.εξ;ε.ίωέίέῑέέτῖεεῖιίέςῖῖῖαιτιιῖ”ιη
3366 5719 3592 5793 martyris
3622 5728 3769 5779 αιτ-

2181 5762 2372 5816 ὺιταιιιιιδ
2440 5762 2663 5829 mentula
2693 5762 3103 5842 abrijibﬁzj'ifc'.
