3972 6198
273 321 372 376 iis

275 433 397 488 fessi
426 441 552 487 sunt
575 431 882 488 Christum:
919 441 1078 502 caput
1115 431 1253 502 quod
1296 442 1639 501 prmeesserat
1661 473 1675 495 ,
1705 431 1842 486 sicut

275 526 508 581 membra
529 563 547 591 ,
571 525 717 594 sequi
741 525 1139 594 concupierunt.
1161 523 1267 577 Sed
1286 524 1371 594 qui
1389 523 1767 592 concupierunt
1790 521 1844 574 ‘?

279 621 330 673 ln
378 615 657 672 tormentis
705 616 1001 686 patientes,
1041 615 1094 669 in
1139 614 1472 669 confessione
1523 613 1743 678 ﬁdeles,
1790 613 1841 666 in

271 723 520 764 sermone
547 721 784 762 veraces.
816 704 1192 761 Jaculabantur
1221 705 1362 758 enim
1402 704 1452 756 in
1493 718 1583 756 ora
1619 704 1844 757 interro-

271 801 506 870 gantiqu
536 813 595 852 se
637 798 857 866 sagittas
896 796 1028 862 Dei,
1074 807 1127 850 et
1165 795 1510 849 vulnerabant
1555 794 1619 849 ad
1665 795 1794 848 itam
1825 811 1869 864 ς,

273 890 468 944 mullos
521 888 932 941 vulneraverunt
976 895 1031 941 et
1077 885 1142 940 ad
1191 885 1435 939 salutem.
1492 883 1616 939 Ihec
1663 883 1839 938 omnia

278 979 623 1049 ιιι-οιιοιιίιιιιιε
652 977 808 1032 nobis
827 1018 844 1043 ,
868 987 922 1030 ct
951 977 1219 1030 intuemur
1239 976 1325 1030 illa
1347 1017 1361 1042 ,
1385 983 1437 1030 et
1459 985 1701 1043 optamus
1727 975 1844 1028 imi-

232 1112 234 1115 -
269 1074 388 1126 tari.
424 1073 546 1126 ﬂare
575 1079 697 1126 sunt
722 1070 1022 1140 spectacula
1051 1069 1338 1124 christiana
1363 1109 1378 1133 ,
1419 1067 1534 1122 hinc
1575 1067 1715 1121 videt
1743 1065 1840 1120 de-

270 1181 433 1235 super
461 1164 600 1218 Deus
624 1203 638 1229 ,
667 1162 734 1216 ad
767 1163 880 1216 haec
907 1161 1147 1214 hortatur
1170 1203 1185 1227 ,
1217 1159 1281 1214 ad
1312 1159 1425 1213 hinc
1467 1159 1715 1228 adjuvat;
1760 1157 1840 1211 his

267 1257 646 1314 certaminibus
693 1255 908 1325 prwmia
956 1253 1203 1323 preponit
1241 1261 1294 1307 et
1335 1252 1518 1306 donat.
1554 1250 1683 1304 Ecce
1706 1251 1839 1304 labia

270 1367 376 1402 mea
409 1366 509 1402 non
533 1346 824 1417 pro/iibcbo.
853 1345 986 1400 Vide
1016 1360 1080 1398 ne
1110 1345 1294 1398 timeas
1321 1385 1336 1410 ,
1373 1353 1425 1397 ct
1451 1342 1731 1412 prohibeas
1760 1341 1835 1394 la-

267 1442 348 1496 bia
377 1451 483 1493 tua.
514 1437 765 1506 Domine,
791 1449 844 1490 tu
866 1436 1139 1507 cognovisti
1166 1452 1184 1489 :
1209 1436 1329 1503 quia
1372 1446 1454 1489 est
1495 1443 1549 1488 et
1590 1435 1641 1486 in
1678 1432 1838 1487 corde

267 1533 403 1603 quod
435 1541 591 1586 sonat
615 1540 669 1584 et
696 1532 746 1584 iu
780 1530 951 1584 labiis.

332 1627 416 1679 17.
443 1622 594 1695 [vers.
624 1619 736 1694 11.]
757 1621 1014 1674 Justitiam
1037 1637 1198 1674 meam
1227 1636 1327 1672 non
1357 1617 1592 1672 abscondi
1615 1618 1666 1670 in
1686 1616 1836 1669 corde

269 1733 397 1769 meo.
424 1713 562 1781 Quid
595 1723 676 1768 est
705 1755 719 1776 ,
743 1713 997 1782 justitiam
1022 1711 1219 1764 meam?
1247 1709 1428 1764 Fidem
1461 1724 1667 1762 meam:
1713 1707 1834 1776 quia

263 1811 428 1877 justus
452 1825 519 1862 ex
550 1807 653 1860 ﬁde
698 1806 826 1859 vivit
873 1806 890 1874 (
917 1803 1117 1858 Habac.
1149 1818 1187 1856 ll
1216 1845 1229 1870 ,
1259 1803 1293 1856 4
1317 1846 1330 1867 ,
1359 1811 1406 1855 et
1438 1803 1585 1855 Rom.
1617 1817 1671 1867 ι,
1703 1801 1830 1867 17).

266 1901 324 1956 Ut
353 1911 477 1969 puta
505 1941 518 1963 ,
552 1900 843 1968 interrogat
885 1896 983 1950 sub
1023 1911 1176 1964 pinna
1217 1903 1526 1963 perseeutor
1547 1934 1562 1958 ,
1590 1892 1729 1962 quod
1757 1893 1834 1947 eis

260 1993 399 2045 licuit
427 1988 714 2060 aliquando
735 2031 750 2055 ,
795 1987 930 2054 Quid
957 1987 1057 2042 es?
1085 2002 1314 2056 paganus
1338 2027 1352 2052 ,
1383 2002 1448 2040 an
1479 1984 1834 2040 Christianus?

257 2084 606 2138 Christianus.
640 2081 860 2152 lpsa'est
887 2079 1088 2150 justitia
1125 2080 1238 2148 ejus
1269 2097 1282 2132 :
1317 2078 1542 2132 credidit
1566 2119 1581 2143 ,
1620 2093 1685 2132 ex
1726 2077 1832 2131 ﬁde

257 2176 399 2227 vivit.
423 2172 539 2227 Neu
563 2171 838 2226 abscondit
866 2171 915 2223 in
939 2171 1098 2224 corde
1127 2170 1491 2240 suojustitiam
1520 2183 1688 2223 suam.
1718 2169 1831 2222 Non

255 2268 384 2321 dixit
409 2265 549 2336 apud
577 2279 635 2319 se
663 2281 676 2316 :
706 2262 881 2318 Credo
906 2263 1120 2333 quidem
1159 2263 1210 2316 in
1236 2262 1501 2316 Christum
1528 2304 1541 2326 ,
1579 2264 1670 2316 sed
1712 2261 1832 2317 huic

256 2357 586 2430 persecutori
615 2371 736 2410 meo
767 2355 1002 2409 saivienti
1031 2364 1084 2409 et
1111 2354 1330 2408 minanti
1361 2369 1463 2408 non
1497 2354 1664 2408 dicam
1692 2354 1830 2423 quod

255 2448 454 2505 credidi
486 2467 498 2502 :
531 2447 679 2502 novit
708 2446 846 2500 Deus
884 2460 1033 2499 meus
1078 2446 1220 2527 intus
1261 2445 1311 2498 in
1349 2445 1509 2499 corde
1554 2461 1673 2498 meo
1709 2444 1830 2514 quia

255 2543 415 2600 crede
437 2585 451 2608 ,
485 2543 600 2612 ipse
622 2541 719 2595 scit
741 2541 860 2610 quia
889 2539 964 2592 illi
986 2554 1091 2592 non
1120 2538 1384 2592 renuntio.
1411 2538 1549 2592 Ecce
1572 2537 1672 2591 hoc
1699 2537 1832 2592 dicis

257 2649 302 2691 te
331 2639 475 2691 intus
503 2635 701 2689 habere
729 2635 782 2688 in
823 2631 1022 2687 corde:
1066 2631 1116 2686 in
1157 2630 1309 2685 labiis
1347 2629 1517 2698 quid?
1559 2629 1672 2684 Non
1714 2644 1828 2683 sum

257 2726 622 2782 christianos?
669 2724 866 2778 Contra
909 2738 1002 2778 cor
1046 2731 1190 2778 tuum
1241 2721 1601 2776 testimonium
1649 2720 1832 2775 dicunt

259 2820 391 2875 labia
421 2828 530 2872 tua.
556 2816 818 2870 Justitiam
839 2831 999 2867 meam
1020 2830 1119 2866 non
1143 2813 1383 2866 abscondi
1410 2815 1462 2866 in
1488 2812 1636 2864 corde
1662 2828 1789 2864 meo.

330 2911 416 2965 18.
469 2907 738 2966 Veritatem
766 2918 902 2960 tuam
928 2907 1223 2984 etsalutare
1244 2914 1383 2956 tuum
1410 2904 1538 2956 dixi.
1566 2904 1828 2958 Christum

260 3015 404 3058 tuum
436 3000 544 3059 dixi
570 3041 584 3064 ,
618 2999 720 3052 hoc
744 3007 826 3052 est
851 3039 874 3062 ,.
906 2995 1177 3062 Veritatem
1205 3006 1344 3048 tuam
1373 3005 1418 3048 et
1446 2996 1667 3048 salutare
1691 3005 1830 3048 tuum

258 3093 383 3146 dixi.
413 3090 567 3146 Unde
592 3089 786 3142 veritas
810 3087 1092 3142 Christus?
1131 3086 1243 3156 Ego
1281 3101 1393 3140 sum
1428 3087 1608 3139 veritas
1633 3085 1826 3158 (Joan.

260 3171 517 3251 xiv,6).
570 3179 722 3236 Unde
776 3179 1007 3232 salutare
1062 3177 1224 3246 ipsius
1267 3175 1562 3232 Christus?
1612 3177 1828 3231 Simeon

257 3277 472 3348 agnovit
516 3274 769 3329 infantem
817 3272 868 3326 in
911 3270 1155 3324 manibus
1194 3270 1377 3323 matris
1417 3269 1469 3323 in
1513 3270 1745 3339 templo,
1777 3277 1832 3324 et

255 3369 421 3422 dixit:
447 3366 698 3432 Quoniam
721 3363 950 3426 viderunt
975 3362 1106 3415 oculi
1134 3362 1228 3414 mei
1254 3361 1473 3414 salutare
1493 3371 1631 3414 tuum
1655 3360 1674 3433 (
1700 3361 1825 3415 Luc.

255 3478 287 3516 ιι
313 3503 328 3526 ,
358 3460 495 3516 501.
532 3456 762 3528 Agnovit
807 3455 1060 3510 infantem
1103 3465 1304 3519 senex,
1355 3453 1523 3507 laetus
1569 3454 1619 3506 in
1668 3470 1830 3523 puero

259 3569 387 3622 puer
413 3593 426 3613 ,
459 3551 738 3605 innovatus
761 3546 885 3600 ﬁde.
908 3547 1201 3613 Accepcrat
1225 3544 1365 3599 enim
1391 3558 1744 3617 responsum,
1778 3555 1833 3601 et

256 3647 355 3702 hoc
383 3643 517 3699 dixit
554 3660 567 3697 :
609 3641 816 3696 dixerat
849 3640 897 3694 ei
939 3638 1191 3693 Dominus
1217 3679 1229 3703 ,
1279 3637 1399 3706 quia
1445 3653 1549 3691 non
1593 3639 1832 3695 exiturus

255 3746 370 3791 erat
387 3735 456 3789 ile
481 3733 579 3788 hac
600 3733 703 3787 vita
729 3773 744 3798 ,
768 3730 1075 3800 priusquam
1101 3727 1304 3781 videret
1330 3727 1556 3781 salutare
1579 3728 1692 3782 Dei.
1720 3729 1831 3783 lloc

256 3829 489 3882 salutare
534 3824 626 3879 Dei
674 3823 870 3876 bonum
916 3829 996 3874 est
1038 3826 1098 3872 ut
1141 3818 1450 3872 ostendatur
1484 3819 1825 3872 hominibus:

256 3921 346 3975 sed
373 3919 606 3974 clament
630 3956 645 3980 ,
676 3913 894 3968 Ostende
920 3909 1059 3964 nobis
1088 3950 1104 3975 ,
1148 3907 1364 3961 Domine
1385 3950 1401 3974 ,
1439 3909 1831 3964 misericordiam

255 4022 395 4064 tuam
418 4051 433 4074 ,
466 4017 510 4064 et
539 4007 760 4062 salutare
793 4014 932 4058 tuum
975 4001 1042 4055 da
1078 4001 1218 4054 nobis
1264 4002 1281 4071 (
1311 4000 1450 4053 Psal.
1478 4015 1698 4066 Lxxxw,
1728 4001 1825 4069 8).

253 4101 496 4156 Salutare
521 4106 699 4152 autem
726 4095 820 4150 Dei
850 4094 901 4148 in
930 4092 1177 4147 omnibus
1213 4091 1501 4161 gentibus:
1546 4093 1662 4160 quia
1708 4108 1828 4146 cum

253 4195 474 4248 dixisset
499 4191 728 4262 quodam
759 4188 877 4242 loco
899 4230 913 4253 ,
936 4185 1074 4240 Deus
1095 4185 1386 4262 misereatur
1409 4185 1549 4238 nobis
1573 4225 1586 4246 ,
1615 4195 1660 4237 et
1685 4185 1828 4238 bene-

253 4287 389 4338 dicat
418 4299 509 4336 nos
526 4324 544 4347 ,
571 4280 818 4335 illuminat
847 4278 1036 4331 vultum
1061 4291 1204 4328 suum
1231 4291 1381 4343 super
1408 4291 1498 4328 nos
1520 4317 1535 4341 ,
1567 4284 1618 4326 ut
1643 4292 1829 4344 cngno-

252 4393 454 4431 scanms
482 4378 534 4429 in
559 4385 688 4428 terra
711 4374 841 4426 viam
867 4381 1004 4424 luant
1029 4411 1042 4436 ,
1072 4369 1264 4437 adjecit
1292 4386 1303 4420 :
1333 4366 1397 4420 In
1423 4368 1649 4422 omnibus
1670 4371 1830 4439 genti-

250 4473 342 4525 bus
377 4469 601 4524 salutare
642 4477 804 4521 tuum.
843 4465 1021 4519 Primo
1058 4462 1228 4528 dixit,
1277 4460 1342 4516 Ut
1381 4479 1736 4532 cognoscamus
1773 4465 1826 4517 in

252 4573 387 4615 terra
414 4561 545 4613 viam
575 4569 713 4612 tuam
735 4598 750 4622 ,
782 4565 835 4610 et
862 4564 1074 4610 secutus
1105 4563 1184 4607 est
1213 4570 1226 4605 :
1257 4552 1322 4605 In
1354 4553 1578 4606 omnibus
1602 4555 1827 4624 gentibus

249 4655 471 4706 saluere
494 4661 634 4704 tuam
654 4648 672 4720 (
695 4647 840 4702 Psal.
867 4663 994 4702 vat
1017 4688 1032 4712 ,
1057 4645 1092 4698 2
1120 4687 1134 4711 ,
1154 4646 1186 4698 5
1211 4646 1249 4714 ).
1272 4644 1430 4710 Quasi
1453 4646 1719 4700 diceretur
1739 4647 1785 4699 ei
1806 4687 1822 4713 ,

249 4745 382 4809 Qum
408 4751 488 4796 est
509 4742 593 4794 via
619 4754 776 4809 quam
797 4737 946 4806 cupis
973 4735 1300 4806 agnoscere?
1323 4735 1573 4788 Homines
1598 4734 1662 4788 ad
1689 4737 1822 4790 viam

249 4832 470 4888 veniunt
489 4871 506 4896 ,
536 4827 788 4898 numquid
815 4829 897 4880 via
922 4827 1069 4880 venit
1103 4825 1168 4879 ad
1209 4823 1494 4878 homines?
1522 4824 1613 4879 Via
1645 4835 1822 4879 nostra

245 4923 397 4980 venit
434 4922 498 4976 ad
541 4920 782 4975 homines
806 4959 822 4984 ,
865 4917 1064 4971 invenit
1108 4924 1380 4981 errantes,
1421 4917 1624 4970 vocavit
1661 4917 1726 4971 ad
1766 4932 1826 4971 se
1877 4989 1881 4994 κ

246 5028 403 5072 extra
439 5013 774 5084 ambulantes
797 5013 843 5064 ¹.
892 5009 950 5064 In
993 5023 1118 5074 me,
1165 5008 1374 5078 inquit,
1420 5009 1724 5076 ambulate,
1771 5020 1824 5066 et

246 5124 360 5164 non
385 5106 626 5161 errabitis
650 5121 664 5158 :
699 5103 808 5173 Ego
827 5119 936 5156 sum
961 5102 1040 5153 via
1064 5142 1077 5165 ,
1110 5111 1153 5168 et
1180 5102 1358 5154 veritas
1382 5141 1396 5163 ,
1427 5115 1475 5154 et
1502 5103 1601 5155 vita
1628 5103 1818 5172 (Joan.

245 5217 362 5264 xiv,
391 5198 422 5253 6
446 5198 486 5266 ).
518 5195 594 5250 Ne
615 5195 824 5249 diceres
845 5234 860 5257 ,
887 5191 980 5246 Ubi
1009 5201 1085 5245 est
1112 5191 1193 5244 via
1218 5191 1352 5244 Dei?
1378 5192 1440 5244 ad
1467 5208 1623 5261 quam
1651 5195 1822 5264 regio-

245 5309 374 5347 nem
403 5291 489 5345 ibo
508 5291 532 5343 ?
553 5303 708 5359 quem
738 5294 968 5339 montem
997 5283 1275 5337 ascendam
1297 5283 1321 5337 ?
1343 5296 1475 5352 quos
1495 5299 1709 5354 campos
1739 5287 1822 5340 in-

243 5383 501 5457 quiram?
531 5381 680 5435 Viam
707 5377 794 5433 Dei
821 5375 1042 5446 inquiris
1063 5377 1085 5429 ?
1107 5375 1344 5430 Salutare
1372 5377 1459 5431 Dei
1482 5387 1562 5432 est
1589 5379 1666 5432 via
1694 5379 1818 5446 Dei,

242 5487 302 5530 et
333 5473 523 5542 ubique
547 5472 662 5527 bzec
686 5479 800 5524 est:
831 5467 950 5537 quia
982 5466 1034 5518 in
1061 5465 1304 5520 omnibus
1323 5467 1568 5537 gentibus
1593 5469 1824 5525 salutare

317 5670 336 5702 ι
363 5673 414 5717 In
433 5665 672 5716 nonnullis
693 5672 796 5714 Mss.
821 5664 980 5713 deest:
1009 5664 1097 5712 Sed
1124 5661 1207 5723 qui
1228 5661 1563 5722 concupierunt
1586 5661 1609 5712 ?

314 5731 339 5793 ξ
371 5729 543 5793 «liquot
571 5735 696 5786 Mss,
722 5725 895 5777 vocavit
915 5727 976 5774 ad
999 5739 1064 5774 se.
1092 5733 1243 5774 Extra
1263 5724 1529 5786 «mbulatis,
1553 5723 1602 5775 in
1626 5737 1824 5776 meam-

251 5789 432 5847 Μαι.

1335 316 1726 374 ENARRATIO
1765 317 1833 374 IN
1873 316 2185 376 PSALMU.“
2225 322 2464 377 XXXIX.

3419 332 3518 386 ιω

1956 441 2122 486 tuum.
2165 431 2428 487 Veritatem
2457 445 2591 490 luant
2619 448 2666 492 et
2694 439 2914 494 salutare
2942 451 3080 494 tnum
3103 441 3227 496 dixi.

2022 525 2108 579 19.
2152 525 2274 580 Non
2323 527 2480 581 celavi
2529 530 2924 584 miscricordiam
2987 543 3124 586 luant
3171 545 3215 588 et
3272 537 3523 589 veritatem

1949 624 2086 669 tuam
2108 635 2138 670 a
2158 620 2535 689 congregatione
2557 622 2734 674 multa.
2769 622 2839 676 lbi
2870 625 3034 678 simus
3053 667 3065 688 ,
3103 626 3152 678 in
3183 624 3280 679 huc
3302 641 3523 695 corpore

1950 723 2292 764 numeremur
2318 721 2370 764 et
2396 727 2494 766 nos
2517 753 2531 776 ,
2559 728 2663 766 non
2695 713 2931 768 celemus
2969 717 3384 771 miseriCordiam
3422 720 3521 773 Do-

1949 797 2084 852 mini
2107 807 2159 852 et
2191 801 2468 855 veritatem
2497 803 2728 857 Domini.
2775 801 2869 859 Vis
2893 806 3072 860 audire
3103 808 3517 863 misericordiam

1949 890 2202 944 Domini?
2252 892 2464 948 Recede
2513 910 2541 947 a
2586 898 2816 964 peccatis
2837 897 3116 965 ,‘donabit
3149 909 3385 969 peccata.
3429 901 3518 954 Vis

1945 981 2130 1036 audire
2153 983 2428 1038 veritatem
2457 985 2708 1040 Domini?
2738 987 2883 1043 Tene
2913 989 3166 1057 justitiam
3193 1031 3208 1056 ,
3239 992 3517 1047 coronabi-

1946 1079 2031 1125 tur
2053 1071 2277 1141 justitia.
2306 1075 2461 1130 Modo
2490 1077 2630 1131 enim
2662 1078 3023 1134 misericordia
3055 1082 3145 1135 tibi
3178 1083 3516 1150 prmdicatur,

1946 1172 2127 1230 postea
2170 1163 2363 1218 veritas
2399 1164 2756 1222 exhibebitur.
2788 1167 2902 1222 Non
2952 1171 3090 1224 enim
3136 1172 3214 1224 sic
3257 1180 3338 1224 est
3380 1173 3517 1227 Deus

1945 1252 2250 1308 misericors
2277 1294 2293 1320 ,
2325 1265 2381 1308 ut
2407 1255 2632 1325 injustas
2657 1259 2762 1322 sit;
2797 1275 2894 1313 nec
2933 1260 3009 1314 sic
3030 1259 3200 1327 justus
3225 1303 3238 1324 ,
3269 1271 3325 1314 ut
3356 1263 3514 1315 mise-

1941 1343 2107 1398 ricors
2146 1360 2250 1398 non
2297 1346 2384 1400 sit.
2436 1347 2678 1404 Parvane
2723 1350 3080 1403 misericordia
3129 1351 3218 1405 tibi
3248 1354 3372 1406 est?
3399 1352 3513 1406 Non
3579 1337 3590 1359 ’”

1943 1435 2223 1503 impntabit
2251 1437 2266 1467 ¹
2296 1437 2470 1506 priora
2502 1440 2674 1492 omnia
2706 1457 2718 1491 :
2754 1441 2888 1494 male
2918 1442 3091 1494 vixisti
3132 1457 3296 1511 usque
3334 1444 3384 1495 in
3417 1445 3515 1496 ho-

1940 1524 2182 1579 dicrnum
2209 1527 2346 1581 diem
2374 1569 2387 1590 ,
2419 1527 2592 1583 adhuc
2619 1530 2748 1584 vivis
2773 1572 2787 1596 ,
2821 1530 2954 1586 bene
2991 1531 3109 1585 vive
3149 1531 3306 1600 hodie
3331 1573 3344 1596 ,
3379 1532 3514 1587 hanc

1941 1617 2355 1672 misericordiam
2384 1635 2486 1672 non
2517 1620 2731 1674 celabis.
2760 1621 2813 1675 Si
2843 1621 2957 1675 huic
2999 1631 3079 1676 est
3113 1623 3469 1677 misericordia
3497 1641 3509 1677 :

1939 1721 2059 1774 qua:
2096 1709 2334 1762 veritas?
2372 1708 2844 1780 Congregabuntur
2872 1721 2994 1766 ante
3023 1728 3140 1767 eum
3174 1694 3358 1768 omnes
3385 1730 3516 1784 gen-

1939 1803 2018 1848 tes
2041 1835 2056 1862 ,
2085 1805 2138 1850 et
2160 1797 2357 1852 dividet
2383 1814 2475 1853 eas
2498 1800 2632 1854 sicut
2655 1811 2832 1869 pastor
2853 1800 3036 1855 dividit
3059 1817 3186 1856 oves
3210 1803 3276 1856 ab
3303 1803 3506 1869 hmdis;

1937 1901 2064 1941 oves
2090 1899 2252 1958 ponet
2279 1891 2345 1944 ad
2371 1891 2643 1946 dexteram
2669 1935 2682 1958 ,
2732 1893 2917 1948 haedus
2959 1896 3022 1948 ad
3068 1896 3355 1949 sinistram.
3383 1897 3510 1951 Ovi-

1936 1977 2034 2032 bus
2060 1980 2182 2050 quid
2207 1981 2229 2034 ?
2279 1980 2451 2036 Venite
2470 2025 2485 2048 ,
2511 1983 2753 2038 benedicti
2782 1984 2952 2040 Patris
2993 1988 3091 2040 mei
3113 2029 3128 2053 ,
3161 1990 3397 2058 percipite
3425 2006 3505 2043 re-

1935 2086 2091 2141 gnum
2129 2073 2264 2140 gaod
2308 2075 2442 2128 vobis
2483 2087 2712 2144 paratam
2765 2086 2855 2130 est.
2905 2077 3085 2132 "mdis
3118 2079 3285 2148 quid?
3335 2077 3412 2132 Ite
3455 2081 3506 2132 in

1934 2163 2098 2234 ignem
2125 2177 2364 2220 (uernum
2394 2165 2412 2238 (
2440 2167 2617 2222 Matt/2.
2651 2182 2773 2233 xxv,
2804 2170 2872 2224 5?.
2893 2211 2906 2234 ,
2937 2170 3003 2224 ’51
3029 2212 3042 2236 ,
3070 2171 3130 2226 Li
3237 2171 3309 2225 lbi
3342 2172 3506 2240 [Hnni-

1936 2256 2112 2309 tentia:
2143 2257 2290 2310 locus
2317 2274 2419 2311 non
2451 2270 2553 2312 est.
2603 2259 2734 2325 Quia
2785 2260 3201 2314 misericordiam
3248 2262 3335 2315 Dei
3375 2277 3505 2316 eon-

1937 2351 2188 2419 lempsisli
2217 2392 2233 2414 ,
2263 2352 2534 2406 veritatem
2561 2355 2757 2408 senties
2783 2371 2793 2406 :
2823 2354 2868 2407 si
2911 2364 3086 2409 autem
3126 2370 3229 2409 non
3265 2367 3507 2410 contem-

1936 2439 2083 2507 psisti
2115 2440 2529 2496 misericordiam
2559 2483 2572 2503 ,
2605 2442 2827 2500 veritate
2853 2443 3125 2514 gaudebis.

2003 2530 2091 2584 20.
2135 2529 2296 2603 [vers.
2332 2533 2557 2608 12-14.]
2588 2533 2664 2587 Tu
2683 2545 2851 2588 autem
2874 2577 2889 2601 ,
2921 2535 3134 2588 Domine
3155 2577 3169 2600 ,
3203 2551 3263 2588 ne
3281 2535 3506 2605 elongin-

1933 2627 2158 2692 qnaveris
2180 2627 2546 2681 misericordias
2567 2638 2679 2682 tuas
2700 2646 2731 2680 a
2749 2644 2846 2682 me.
2869 2628 3120 2697 Respexit
3140 2629 3204 2681 ad
3227 2629 3462 2683 membra
3484 2632 3506 2662 ³

1933 2707 2130 2770 saucia.
2161 2717 2294 2782 Quia
2326 2719 2740 2774 miscricordiam
2785 2729 2924 2773 tuam
2973 2729 3028 2773 et
3064 2721 3336 2774 viritatem
3365 2731 3505 2796 tuam

1934 2823 2036 2860 non
2067 2809 2231 2862 celavi
2260 2823 2287 2862 a
2318 2811 2726 2880 congregatione
2753 2811 2914 2865 multa
2938 2853 2954 2877 ,
2983 2812 3050 2865 ab
3078 2812 3308 2867 Ecclesia
3339 2813 3509 2866 unita-

1936 2900 1999 2952 tis
2027 2899 2172 2954 orbis
2197 2911 2458 2955 terrarum
2491 2920 2504 2957 :
2536 2901 2751 2956 attende
2777 2903 3015 2956 membra
3053 2904 3227 2957 saucia
3252 2945 3267 2968 ,
3295 2903 3506 2958 attende

1931 2989 2218 3046 delictores
2240 3001 2292 3047 et
2319 3002 2627 3062 peccatores
2651 3036 2666 3060 ,
2695 3005 2748 3049 et
2775 2994 2881 3048 noli
2908 3009 3184 3050 removere
3211 2995 3508 3049 misericor-

1931 3081 2048 3136 dias
2077 3093 2214 3140 tuas.
2250 3084 2600 3138 Misericordia
2628 3095 2714 3140 tua
2740 3098 2784 3140 et
2811 3088 2991 3141 veritas
3018 3097 3104 3141 tua
3121 3104 3313 3157 semper
3336 3104 3507 3141 susce-

1934 3185 2112 3246 perunt
2135 3191 2230 3230 me.
2255 3176 2368 3232 Non
2408 3177 2661 3233 auderem
2704 3180 2984 3246 converti,
3039 3179 3139 3234 nisi
3178 3193 3396 3234 securus
3438 3178 3506 3233 de

1932 3266 2246 3321 remissione
2277 3284 2290 3322 :
2320 3281 2422 3326 non
2451 3268 2700 3322 durarem
2728 3279 3069 3338 perseverare
3092 3311 3108 3336 ,
3145 3269 3244 3324 nisi
3291 3267 3507 3324 securus

1933 3355 2000 3412 de
2025 3358 2397 3428 promissione.
2429 3358 2780 3413 Misericordia
2809 3372 2894 3414 tua
2921 3370 2966 3414 et
2993 3361 3174 3414 veritas
3199 3370 3285 3412 tua
3312 3376 3508 3429 semper

1931 3459 2250 3518 susceperant
2271 3467 2367 3503 me.
2399 3450 2628 3505 Attendo
2653 3451 2772 3519 quia
2804 3450 2972 3504 bonus
2997 3466 3057 3505 es
3079 3491 3095 3517 ,
3141 3449 3358 3504 attendo
3382 3450 3505 3518 quia

1929 3540 2104 3610 justus
2124 3557 2183 3596 es
2207 3561 2221 3594 :
2248 3558 2371 3596 amo
2391 3543 2586 3598 bonum
2609 3584 2624 3607 ,
2650 3543 2811 3596 timeo
2831 3543 3051 3611 justum.
3082 3545 3246 3596 Amor
3269 3551 3322 3596 et
3350 3543 3506 3596 timor

1934 3632 2228 3700 perducunt
2256 3648 2343 3688 me
2372 3651 2385 3686 :
2416 3635 2536 3703 quia
2560 3676 2574 3699 ,
2607 3633 2948 3688 misericordia
2967 3643 3014 3687 et
3039 3635 3214 3688 veritas
3249 3643 3333 3686 tua
3369 3649 3502 3686 sem-

1934 3739 2023 3792 per
2043 3735 2363 3790 susceperunt
2393 3741 2489 3779 me.
2522 3724 2698 3791 Quare
2745 3725 2855 3793 ipsa
2895 3724 3224 3792 suscipiunt,
3253 3722 3398 3777 etab
3425 3723 3503 3778 eis

1935 3815 2118 3869 oculos
2144 3815 2462 3870 avertendus
2494 3832 2596 3871 non
2625 3815 2748 3870 est?
2791 3815 3037 3880 Quoniam
3073 3815 3504 3868 circumdederunt

1932 3922 2011 3960 me
2031 3909 2163 3960 mala
2183 3949 2197 3972 ,
2223 3925 2433 3978 quorum
2455 3926 2554 3962 non
2575 3918 2645 3962 est
2665 3925 2923 3962 numeras.
2954 3907 3081 3976 Quis
3109 3920 3348 3963 numerat
3376 3924 3501 3977 pec-

1932 3997 2090 4050 cata?
2121 3999 2242 4066 quis
2272 4007 2514 4052 numerat
2548 3998 2850 4068 iniquitates
2891 3999 3090 4052 alienas
3133 4008 3186 4053 et
3226 4000 3501 4068 proprias?

1931 4086 2050 4143 Snb‘
2069 4104 2171 4158 quo
2192 4089 2404 4143 cumulo
2423 4090 2667 4162 gemebat
2686 4092 2772 4160 qui
2796 4072 3002 4145 dicebat
3031 4106 3044 4143 :
3068 4090 3142 4143 Ab
3158 4091 3363 4143 occultis
3381 4093 3500 4144 meis

1931 4182 2121 4234 munda
2139 4199 2215 4236 me
2237 4223 2250 4246 ,
2277 4181 2490 4236 Domine
2509 4223 2523 4248 ,
2547 4184 2670 4236 etab
2686 4184 2863 4237 alienis
2884 4199 3034 4254 parce
3051 4199 3191 4237 servo
3210 4193 3293 4236 tuo
3317 4181 3498 4252 (Psal.

1933 4290 2056 4328 xvtu
2084 4316 2097 4337 ,
2131 4275 2196 4328 15
2223 4315 2238 4342 ,
2269 4275 2335 4328 14
2362 4275 2399 4344 ).
2428 4275 2592 4330 Parva
2615 4287 2765 4331 erant
2787 4286 2984 4345 nostra,
3009 4278 3350 4346 imponuntur
3367 4276 3500 4330 alie-

1931 4381 1998 4418 na
2027 4383 2040 4416 :
2071 4365 2229 4419 timeo
2262 4365 2431 4430 mihi,
2483 4367 2642 4420 timeo
2682 4368 2820 4422 bono
2859 4367 3047 4432 fratri,
3097 4368 3265 4420 tolero
3303 4357 3496 4418 malum

1929 4454 2185 4522 fratrem;
2217 4468 2270 4511 et
2295 4459 2392 4512 sub
2432 4459 2534 4512 isto
2575 4461 2788 4528 cumulo
2827 4461 2951 4529 quid
2995 4462 3194 4515 erimus
3217 4498 3232 4522 ,
3259 4459 3300 4510 si
3327 4467 3499 4512 cesset

1931 4540 2292 4600 misericordia
2320 4548 2457 4604 Dei?
2487 4547 2561 4602 Tu
2590 4562 2754 4603 autem
2772 4591 2786 4615 ,
2815 4549 3058 4613 Domine,
3089 4563 3150 4601 ne
3175 4549 3499 4618 elonginqua-

1931 4641 2099 4694 veris:
2135 4656 2298 4711 prope
2325 4653 2460 4698 esto.
2490 4641 2584 4697 Cui
2622 4658 2782 4712 prope
2822 4651 2904 4696 est
2947 4640 3243 4695 Dominus?
3277 4641 3369 4695 His
3407 4642 3495 4711 qui

1929 4733 2257 4790 obtriverunt
2279 4751 2371 4789 cor
2395 4735 2574 4806 (Psal.
2603 4753 2762 4790 xxviii
2791 4778 2804 4802 ,
2831 4735 2896 4790 19
2918 4735 2959 4805 ).
2981 4734 3204 4804 Longea
3229 4736 3494 4805 superbis,

1929 4840 2092 4895 prope
2117 4827 2183 4881 ad
2223 4827 2465 4881 humiles.
2510 4825 2770 4880 Excelsus
2807 4835 2889 4880 est
2925 4826 3064 4879 enim
3108 4826 3360 4880 Dominus
3386 4868 3401 4893 ,
3444 4837 3496 4882 et

1928 4917 2141 4971 humilia
2168 4918 2402 4985 respicit.
2433 4917 2536 4973 Sed
2563 4933 2666 4970 non
2695 4933 2752 4971 se
2781 4925 2960 4986 putent
2987 4918 3150 4971 late‘re
3173 4918 3260 4987 qui
3283 4920 3495 4986 superbi

1927 5019 2048 5064 sunt
2076 5027 2088 5062 :
2121 5011 2327 5064 excelsa
2353 5011 2493 5064 enim
2522 5025 2550 5062 a
2581 5010 2733 5079 longe
2763 5010 3033 5079 cognoscit
3056 5008 3074 5079 (
3095 5008 3240 5064 Psal.
3262 5025 3494 5074 cxxxvn,

1928 5102 2024 5172 6).
2049 5102 2412 5170 Cognosccbat
2441 5117 2470 5154 a
2511 5103 2665 5172 longe
2702 5102 2990 5172 jactautem
3032 5116 3089 5156 se
3126 5101 3450 5157 Pharisaauin
3476 5144 3494 5170 ,

1926 5192 2271 5248 subveniebat
2316 5193 2383 5247 de
2415 5194 2655 5263 proximo
2694 5195 2964 5250 conﬁtenti
3011 5195 3298 5250 Pnhlicano
3327 5193 3494 5267 (an.

1927 5303 2056 5342 xvm
2082 5329 2097 5352 ,
2128 5289 2186 5343 11
2216 5287 2256 5358 ).
2287 5287 2528 5343 Jactabat
2554 5276 2656 5344 iller
2671 5290 2858 5345 merita
2885 5306 2977 5345 sua
3002 5331 3017 5355 ,
3057 5299 3111 5346 et
3146 5289 3352 5360 tegebat
3379 5291 3493 5342 vul-

1927 5393 2054 5432 nera
2089 5393 2182 5432 sua
2225 5395 2237 5431 :
2288 5395 2391 5433 non
2427 5379 2660 5449 jactabat
2695 5380 2784 5436 ille
2820 5382 3005 5436 merita
3031 5423 3047 5447 ,
3093 5381 3188 5437 sed
3237 5379 3494 5436 oﬁ'erebat

1925 5469 2162 5525 vulnera.
2192 5469 2272 5523 Ad
2300 5469 2557 5525 medicum
2586 5481 2841 5537 venerat,
2863 5473 3134 5527 sciebatse
3151 5470 3452 5542 languidum
3477 5513 3492 5535 ,

1992 5667 2006 5696 ι
2035 5665 2201 5736 riui-es
2223 5674 2326 5717 Mss.
2349 5705 2361 5726 ,
2389 5681 2478 5718 non
2500 5667 2745 5734 imputavit
2783 5685 2802 5723 :
2826 5679 2874 5722 et
2898 5672 3036 5732 infra,
3059 5684 3149 5722 non
3173 5672 3245 5722 cel
3259 5687 3336 5731 iri,
3368 5672 3469 5723 inm

1927 5737 2017 5774 non
2041 5728 2231 5777 reiabis.
2567 5727 2576 5734 ’
3023 5727 3032 5732 ⁷
3327 5727 3333 5731 ⁷
3476 5727 3490 5741 ⁸

1994 5791 2012 5823 ’
2035 5790 2165 5854 ωδ..
2191 5793 2400 5843 membra
2412 5807 2498 5844 sua
2519 5790 2697 5858 saucia,
2720 5795 2879 5854 Abest,
2901 5807 3004 5854 sua,
3029 5807 3053 5843 a
3076 5791 3197 5850 Mss,
