3972 6198
216 276 312 329 ΗΞ)

212 412 403 476 duntur,
422 418 469 463 et
485 422 800 467 revereantur
823 408 992 483 siinul,
1008 414 1094 484 qui
1113 423 1345 485 quutrunt
1364 413 1586 468 animant
1608 430 1771 468 meum

206 512 252 554 ut
278 505 509 570 auferant
538 519 669 556 eum.

228 606 231 609 ί
266 592 351 648 ‘25.
381 590 746 649 Convertuntur
772 607 1075 661 retrorsum,
1117 607 1162 652 et
1198 607 1543 663 revereuntur,
1574 599 1658 668 qui
1686 615 1771 652 vo-

206 685 303 738 lunt
341 685 462 737 mihi
504 687 659 740 mula.
705 686 1065 743 Convertuntur
1102 698 1536 745 retrorsummec
1575 690 1674 744 hoc
1716 691 1769 743 in

204 775 387 830 malum
415 777 754 846 accipiamus.
787 778 929 833 Bene
970 781 1071 834 illis
1100 790 1282 848 optat;
1314 791 1367 836 et
1393 798 1492 835 vox
1522 782 1662 835 illius
1689 789 1771 834 est

201 868 284 938 qui
326 869 457 923 dixit
484 870 551 924 de
578 885 741 926 cruce
761 891 773 925 :
797 870 971 938 Pater,
1000 874 1200 944 ignosce
1234 874 1364 937 illis,
1400 874 1518 943 quia
1544 873 1769 927 nesciunt

200 961 316 1031 quid
345 964 535 1031 (“eiciunt
565 961 711 1031 (Luc.
755 979 882 1017 χχιιι
906 1006 921 1030 ,
972 966 1081 1035 54).
1114 966 1287 1031 Quare
1318 965 1418 1017 illis
1449 980 1576 1034 ergo
1602 964 1764 1028 dicit,

201 1060 250 1106 ut
278 1064 566 1107 retrorsum
597 1054 851 1110 redeant?
875 1057 1006 1122 Quia
1035 1056 1121 1126 qui
1151 1069 1273 1111 ante
1298 1057 1510 1126 superbi
1537 1066 1686 1110 erant
1710 1066 1769 1110 ut

200 1146 444 1200 caderent
495 1154 679 1212 retro,
733 1147 964 1203 humiles
1014 1148 1138 1203 facti
1186 1158 1309 1203 sunt
1361 1156 1419 1203 ut
1466 1157 1763 1217 resurgant.

200 1239 411 1305 Quando
433 1240 577 1294 enim
605 1249 727 1295 ante
755 1250 899 1307 sunt,
932 1241 1230 1309 prmcedere
1254 1242 1439 1295 volunt
1464 1241 1762 1303 Dominum,

201 1331 438 1385 ineliorcs
466 1320 649 1384 volunt
681 1346 800 1386 esse
843 1348 1000 1402 quam
1032 1334 1286 1387 Dominus
1313 1352 1325 1386 :
1350 1334 1392 1387 si
1419 1342 1594 1387 autem
1622 1341 1765 1387 retro

201 1433 332 1489 sunt,
365 1425 537 1493 ipsum
565 1435 856 1494 agnoscunt
886 1424 1181 1489 meliorem,
1217 1427 1386 1494 ipsum
1416 1425 1669 1494 priorem,
1706 1440 1765 1480 se

202 1517 532 1585 posteriores,
564 1526 624 1571 ut
663 1517 751 1571 ille
778 1516 1063 1586 praecedat,
1095 1518 1172 1571 illi
1199 1527 1506 1588 sequantur.
1537 1517 1763 1572 Proinde

204 1608 405 1662 Petrum
448 1609 588 1662 male
627 1608 728 1663 sibi
772 1608 988 1664 dantem
1029 1609 1310 1663 consilium
1349 1609 1425 1663 sic
1469 1607 1758 1678 redarguit.

202 1698 449 1755 Passurus
477 1700 618 1754 enim
650 1701 904 1755 Dominus
932 1711 1042 1756 erat
1072 1716 1166 1770 pro
1192 1701 1361 1756 salute
1387 1711 1583 1767 nostra,
1618 1710 1672 1755 et
1697 1700 1763 1755 de

203 1791 300 1860 ipsa
330 1792 576 1862 passione
620 1808 741 1861 qua:
786 1791 959 1847 futura
1005 1794 1187 1847 erant‘
1216 1791 1539 1861 prmdicabat
1565 1809 1576 1845 :
1606 1799 1660 1846 et
1689 1791 1763 1845 ait

203 1882 395 1948 Petrus,
424 1884 563 1938 Absit
592 1883 842 1949 Domine;
870 1885 1117 1955 propitius
1139 1883 1224 1937 tibi
1252 1890 1375 1947 esto,
1404 1899 1504 1936 non
1533 1883 1618 1951 ﬁet
1646 1882 1758 1936 hoc.

202 1976 497 2050 Prmcedqre
519 1976 728 2032 volebat
755 1977 1067 2042 Dominum,
1112 1985 1167 2031 et
1191 1975 1469 2030 consilium
1496 1975 1623 2029 dare
1646 1989 1760 2029 ma-

200 2069 374 2139 gistro.
398 2068 656 2124 Dominus
679 2078 854 2123 autem
883 2077 939 2122 ut
965 2060 1077 2121 non'
1096 2082 1216 2121 eum
1241 2065 1436 2121 faceret
1458 2065 1761 2135 praeceden-

200 2146 330 2224 tem,
388 2160 481 2216 sed
533 2168 876 2230 sequentem,
929 2157 1088 2223 Redi,
1122 2159 1326 2227 inquit,
1376 2167 1509 2212 retro
1555 2167 1760 2211 satanas

205 2251 410 2324 (Matth.
438 2268 544 2316 ενι,
571 2251 663 2316 2‘2,
690 2248 806 2322 25).
836 2250 979 2315 Ideo,
1000 2245 1005 2251 ’
1026 2250 1214 2319 inquit,
1258 2256 1491 2315 satanas,
1530 2248 1651 2318 quia
1681 2248 1759 2303 vis

199 2344 504 2399 antecedere
544 2358 665 2398 eum
692 2356 849 2412 quem
875 2340 1036 2396 debes
1081 2339 1227 2410 sequi
1259 2356 1274 2393 :
1303 2340 1346 2392 si
1392 2348 1569 2405 autem
1616 2347 1760 2393 retro

201 2435 372 2499 lueris,
399 2445 451 2488 et
478 2442 693 2488 secutus
714 2431 898 2495 fueris,
916 2431 1025 2499 jam
1052 2448 1154 2484 non
1179 2442 1412 2484 satanas.
1436 2429 1571 2497 Quill
1597 2428 1759 2497 ergo?

199 2525 358 2595 Super
383 2525 513 2578 [tunc
555 2533 746 2595 petram
784 2522 1045 2591 wdiﬁcabo
1068 2517 1347 2575 Ecclesium
1383 2537 1541 2574 meum
1572 2518 1755 2592 (Ibid,

200 2621 301 2693 is).
360 2634 373 2645 -
842 2596 883 2616 "

256 2712 343 2767 26.
369 2710 736 2766 Convertuntur
756 2717 1027 2763 retrorsum
1052 2715 1097 2761 et
1118 2714 1453 2772 revereuntur,
1479 2707 1561 2775 qui
1587 2705 1759 2758 volunt

201 2805 310 2859 mihi
340 2801 499 2856 mula.
527 2800 765 2856 Malevoli
792 2810 936 2864 sunt,
967 2799 1056 2869 qui
1083 2797 1241 2852 etiam
1268 2813 1386 2851 cum
1417 2797 1756 2860 benedicunt,

203 2907 442 2968 quantum
467 2897 519 2951 in
544 2894 706 2950 corde
730 2909 915 2949 eorum
939 2900 1020 2947 est
1041 2891 1383 2946 maledicunt.
1414 2890 1551 2944 Dicis
1580 2888 1754 2952 alicui,

200 2990 319 3045 Esto
354 2988 673 3045 christianos
705 3004 720 3041 :
749 2985 833 3041 Sis
874 2984 1221 3049 christianus,
1271 2982 1364 3037 sed
1412 2983 1525 3037 tu’.
1561 2981 1758 3039 Bonam

203 3094 302 3134 rem
330 3078 483 3145 dixit,
510 3077 605 3133 sed
637 3091 742 3131 non
774 3074 849 3129 illi
879 3074 1164 3144 imputatur
1192 3072 1331 3143 quod
1357 3072 1507 3139 dixit,
1537 3071 1630 3126 sed
1656 3086 1759 3142 quo

199 3172 366 3225 animo
415 3170 594 3224 dixit:
628 3165 896 3238 quomodo
948 3166 1259 3233 imputatum
1309 3173 1390 3219 est
1438 3172 1492 3218 et
1540 3162 1756 3230 Judieis,

201 3262 398 3332 quando
420 3261 510 3314 ille
533 3276 598 3314 ex
623 3273 764 3312 czeco
790 3265 914 3311 nato
940 3255 1108 3311 factus
1132 3265 1213 3310 est
1239 3252 1422 3309 videns
1446 3272 1461 3319 p:
1486 3268 1604 3307 cum
1637 3268 1757 3308 cum

205 3359 494 3423 premerent
516 3338 940 3405 insultationibns
969 3356 1021 3402 et
1051 3354 1317 3416 urgerent,
1347 3346 1419 3398 ait
1448 3345 1567 3410 illis,
1596 3343 1759 3397 Num-

199 3445 310 3517 quid
354 3454 400 3498 et
442 3460 530 3497 vos
574 3441 808 3511 discipuli
843 3440 951 3512 ejus
1005 3439 1150 3493 vultis
1192 3437 1336 3492 esse?
1385 3438 1450 3499 Et
1486 3438 1558 3491 illi
1597 3437 1760 3493 male-

199 3537 434 3592 dixerunt
461 3535 531 3590 ei.
576 3533 687 3589 lloc
725 3532 798 3587 ait
826 3530 1177 3603 evangelista:
1201 3529 1574 3584 Maledixerunt
1608 3528 1653 3582 ei
1677 3528 1760 3581 di-

197 3637 371 3694 centes,
409 3626 488 3680 Tu
513 3625 584 3680 sis
608 3624 882 3689 discipulus
923 3623 1031 3692 ejus
1068 3620 1241 3691 (Joun.
1282 3636 1355 3686 lx,
1382 3620 1470 3684 27,
1497 3617 1611 3691 28).
1653 3618 1761 3673 Illis

202 3716 666 3777 maledicentibus,
710 3713 965 3766 Dominus
1002 3711 1270 3766 benedixit
1296 3729 1310 3764 :
1340 3709 1463 3764 fecit
1502 3710 1641 3780 quod
1687 3711 1758 3764 illi

203 3809 477 3876 dixerunt,
526 3806 770 3862 retribuit
808 3813 984 3859 autem
1028 3803 1129 3856 illis
1171 3802 1309 3872 quod
1354 3802 1757 3856 maledixerunt.

204 3900 556 3955 Convertuntur
582 3907 872 3963 retrorsum,
901 3905 947 3949 et
976 3903 1309 3961 revereantur,
1337 3894 1421 3964 qui
1444 3894 1613 3947 volunt
1638 3893 1762 3946 mihi

207 3992 355 4046 mutu.
386 3992 520 4047 Sunt
550 3999 727 4045 autem
768 3988 857 4042 alii
887 4002 991 4042 non
1031 3985 1159 4041 boni
1186 3984 1275 4055 qui
1307 3984 1441 4038 bona
1469 3984 1673 4048 volunt,
1708 3993 1763 4038 et

211 4083 307 4153 ipsi
326 4082 562 4138 cavendi.
584 4078 859 4148 Quomodo
879 4079 1019 4133 enim
1042 4076 1116 4131 illi
1141 4074 1477 4139 maledicunt,
1508 4083 1560 4129 et
1581 4075 1763 4129 dicunt

206 4173 335 4227 bona
363 4185 536 4228 nostra
560 4213 575 4237 ,
617 4170 711 4225 sed
741 4170 880 4224 malo
907 4167 1112 4232 animo;
1143 4167 1219 4221 sic
1247 4165 1392 4219 multi
1422 4165 1556 4219 mala
1584 4175 1762 4219 nostra

205 4266 339 4321 bono
358 4267 553 4320 animo.
588 4264 700 4318 Hoc
728 4262 874 4327 dico,
905 4259 1002 4328 Qui
1032 4258 1224 4315 dixerit
1262 4257 1381 4323 tibi,
1416 4257 1494 4311 Tu
1521 4258 1595 4313 sis
1622 4257 1765 4311 chri-

199 4361 413 4424 stianos,
458 4360 657 4415 bonum
689 4367 831 4409 tuum
874 4354 1000 4408 dicit
1037 4352 1177 4406 malo
1218 4350 1544 4420 animozqni
1586 4359 1762 4403 autem

198 4449 389 4504 dixerit
412 4450 502 4506 tibi
531 4450 600 4502 ita
627 4489 642 4511 ,
672 4446 748 4500 Te
778 4444 968 4500 melior
993 4458 1183 4507 nemo;
1213 4441 1256 4495 si
1288 4441 1340 4494 in
1368 4439 1555 4495 factis’
1585 4440 1760 4508 malis,

195 4541 439 4608 quoniam
472 4540 716 4595 laudatur
742 4543 988 4607 peccator
1011 4535 1065 4588 iu
1097 4532 1376 4587 desideriis
1399 4531 1588 4586 anima:
1617 4547 1725 4586 sua-
1743 4573 1758 4599 ,

195 4640 249 4684 et
274 4633 359 4701 qui
385 4633 558 4702 iniqua
584 4629 722 4701 gerit
745 4627 1072 4683 benedicitur
1097 4623 1267 4697 (Psul.
1294 4640 1351 4689 ι,
1383 4623 1441 4692 3)
1466 4640 1481 4685 ;
1514 4623 1647 4676 mala
1675 4630 1762 4677 tua

193 4722 324 4777 dicit
348 4723 586 4778 laudans.
617 4718 895 4789 Quomodo
925 4717 1011 4773 ille
1036 4716 1172 4771 bona
1202 4722 1286 4768 tua
1316 4713 1522 4768 diccbat
1543 4712 1763 4767 maledi-

189 4830 355 4879 eens.
396 4817 473 4871 sic
514 4815 615 4869 iste
654 4813 791 4868 mala
831 4821 917 4867 tua
955 4809 1316 4865 benedicens:
1344 4806 1438 4862 sed
1483 4816 1762 4876 utrumque

185 4921 359 4975 genus
394 4907 559 4962 hostis
601 4906 744 4975 fuge,
792 4914 1075 4973 utrumque
1115 4915 1263 4955 cave.
1310 4899 1404 4953 Ille
1444 4900 1613 4966 saevit,
1663 4898 1762 4965 iste

187 4996 485 5064 blanditur;
519 5007 744 5066 uterque
775 4995 944 5049 malus
971 5011 985 5049 :
1017 4993 1104 5048 ille
1133 4990 1418 5046 iracundus
1443 5000 1551 5055 est,
1585 4999 1641 5045 et
1664 4990 1761 5045 iste

181 5087 241 5142 in
277 5087 427 5143 laude
464 5087 756 5151 subdolus;
788 5085 874 5139 ille
902 5083 1254 5154 reprehensor
1293 5090 1405 5148 est,
1449 5080 1547 5135 iste
1575 5079 1759 5134 lauda-

181 5188 274 5232 tor
301 5194 317 5230 :
340 5181 426 5236 sed
454 5190 506 5236 et
535 5180 628 5234 ille
656 5178 710 5233 in
739 5175 1151 5246 reprehensione
1178 5174 1421 5229 inimicus
1445 5181 1559 5238 est,
1590 5182 1644 5228 et
1670 5172 1759 5227 ille

180 5270 236 5323 in
269 5268 423 5326 laude
448 5271 720 5327 subdolus.
752 5267 892 5324 Cave
915 5278 1199 5337 utrumque
1222 5308 1236 5330 ,
1265 5274 1449 5321 contra
1480 5273 1758 5334 utrumque

252 5404 269 5435 ι
302 5407 368 5453 sic
383 5404 596 5454 nonnulli
623 5412 726 5455 Mss.
747 5409 802 5451 At
821 5401 954 5461 Edd.,
978 5406 1098 5451 erat.
1378 5460 1382 5461 ,
1476 5427 1488 5437 ε

246 5467 273 5496 ³
314 5472 370 5514 Ita
394 5475 492 5516 \tss.
515 5479 608 5515 nec
628 5464 757 5514 male
778 5467 819 5514 si
858 5459 1236 5513 bic'subauditur
1249 5492 1269 5518 ,~
1282 5467 1326 5512 et
1346 5460 1428 5512 ille
1452 5459 1585 5511 dicit.
1610 5467 1753 5510 Porro

178 5525 315 5589 edit.
341 5535 439 5576 Im.
473 5530 621 5579 habet
643 5530 713 5589 sic
737 5541 749 5576 :
778 5524 905 5576 Dicit
924 5524 1099 5589 aliquis
1121 5522 1283 5584 alicui,
1308 5532 1414 5574 Esto
1434 5520 1749 5583 Christianus,

177 5587 275 5636 sed
303 5588 366 5637 sis
386 5598 426 5639 et
450 5598 499 5640 tu
522 5588 839 5641 (’Itristiamts.
868 5587 1063 5644 Bonam,
1089 5594 1180 5636 etc.

250 5652 275 5725 ξ
313 5653 378 5721 §ic
420 5654 724 5725 Diiqltol‘SlSS.
751 5649 834 5725 alii
859 5662 1017 5725 vero},
1040 5642 1753 5725 lauto

173 5712 377 5777 ησηρὺιεξ
397 5713 457 5765 sis
487 5707 537 5765 in
578 5712 737 5777 factis,
761 5721 854 5763 etc.
880 5711 1073 5777 Quidam
1098 5723 1110 5759 :
1142 5715 1280 5777 Tanto
1300 5707 1484 5777 melior.
1508 5718 1644 5757 nemo
1681 5718 1752 5757 sic

178 5788 237 5823 tn
258 5774 416 5838 factis,
442 5786 533 5827 etc.
561 5768 692 5838 Hild,
715 5768 856 5826 Tanto
875 5768 1043 5824 melior
1066 5785 1203 5823 nento
1223 5770 1282 5823 sit
1297 5770 1347 5821 in
1369 5768 1534 5835 factis,
1560 5776 1653 5819 etc.

1254 298 1648 355 ΕΝΑιιιιΑΤιο
1686 299 1750 355 IN
1791 300 2107 358 PSALMUM
2148 304 2392 362 XXXIX.

3345 318 3451 374 450

1877 429 1993 469 ora.
2021 416 2118 485 Qui
2157 421 2299 475 enim
2327 408 2514 487 oravit,
2554 421 2916 479 Conrertuntur
2940 435 3227 495 retrorsum,
3254 438 3302 484 et
3324 447 3447 485 con-

1876 507 2154 575 fundantur
2193 512 2280 581 qui
2325 510 2498 565 volunt
2543 516 2666 567 milii
2708 517 2875 583 mala,
2926 520 3158 587 respexit
3199 520 3262 573 ad
3302 521 3444 575 aliud

1873 608 2039 665 genus
2067 597 2249 653 dolose
2275 602 2611 666 malevolum,
2640 615 2693 658 et
2720 605 2847 659 falso
2881 606 3190 661 benedicum
3218 627 3229 663 :
3258 609 3445 664 Ferant

1874 689 2132 757 confestim
2175 692 2520 763 confusionem
2563 711 2726 761 suam,
2770 697 2854 766 qui
2887 697 3059 751 dicunt
3088 700 3229 763 mihi,
3265 699 3405 770 Euge
3427 742 3443 767 ,

1873 792 2015 845 euge.
2047 777 2285 835 Laudant
2311 782 2442 836 falso
2464 785 2480 814 ¹
2508 801 2521 836 :
2546 784 2757 855 Magnus
2787 787 2883 851 vir,
2914 787 3082 843 bonus
3106 791 3204 853 vir,
3238 790 3444 844 littera-

1877 876 1981 935 tus,
2011 868 2218 941 doetus,
2247 875 2340 929 sed
2380 892 2544 946 quare
2585 878 2939 933 christianos?
2971 880 3041 933 Ea
3076 891 3160 936 tua
3189 882 3404 937 laudant
3426 923 3441 949 ,

1872 975 1991 1029 quae
2023 962 2191 1018 nolles
2219 965 2421 1020 laudari
2443 986 2456 1021 :
2478 968 2603 1021 illud
2634 970 3031 1037 reprehendunt
3060 972 3197 1026 unde
3224 974 3440 1043 gaudes.

1871 1051 1977 1107 Sed
2018 1055 2060 1108 si
2093 1054 2225 1110 forte
2254 1057 2388 1113 dieis
2419 1077 2431 1112 :
2460 1059 2593 1127 Quid
2622 1060 2672 1114 in
2701 1077 2785 1115 me
2812 1061 3009 1126 laudas,
3039 1077 3071 1117 ο
3102 1065 3257 1118 homo
3279 1106 3294 1129 ,
3323 1067 3442 1136 quia

1869 1144 1961 1197 vir‘
1977 1145 2166 1213 bonus,
2191 1148 2310 1217 quia
2338 1149 2606 1219 virjustus
2630 1152 2781 1205 sum?
2803 1151 2856 1207 Si
2883 1152 2980 1207 hoc
3006 1164 3176 1223 putas,
3200 1156 3444 1212 Christus

1870 1252 1955 1290 me
1986 1237 2085 1293 hoc
2114 1238 2237 1294 fecit
2260 1283 2273 1304 ,
2307 1240 2477 1310 ipsum
2510 1243 2683 1300 lauda.
2733 1247 2800 1298 At
2842 1245 2930 1300 ille
2956 1263 2969 1299 :
2994 1246 3177 1313 Absit;
3211 1250 3314 1303 noli
3348 1252 3441 1307 tibi

1870 1326 2113 1397 injuriam
2160 1329 2333 1385 facere
2354 1375 2367 1395 ,
2397 1341 2450 1386 tu
2479 1334 2669 1404 teipse
2700 1336 2856 1389 talem
2884 1335 3075 1392 fecisti.
3104 1337 3441 1409 Confundun-

1869 1427 1968 1483 tur,
1998 1421 2084 1489 qui
2109 1421 2281 1475 dicunt
2321 1425 2444 1477 mihi
2465 1466 2480 1490 ,
2512 1424 2685 1496 Euge,
2719 1444 2860 1498 euge.
2907 1429 2974 1483 Et
3010 1430 3131 1499 quid
3164 1430 3442 1501 sequitur?

1868 1509 2135 1565 Exsultent
2152 1515 2548 1583 ctjucundentur
2569 1533 2737 1570 omnes
2753 1521 2835 1587 qui
2865 1529 2911 1573 te
2931 1532 3178 1589 quwrunt,
3202 1521 3438 1579 Domine.

1865 1600 1981 1655 Non
2011 1615 2253 1672 quaerunt
2284 1621 2397 1672 me,
2431 1606 2524 1661 sed
2554 1619 2797 1675 quaerunt
2829 1619 2878 1663 te
2905 1629 2916 1662 :
2942 1627 3046 1664 non
3078 1614 3229 1680 mihi,
3261 1615 3435 1683 Euge,

1865 1706 1996 1761 euge
2026 1693 2237 1759 dicunt;
2270 1695 2367 1749 sed
2410 1697 2461 1750 in
2509 1704 2559 1751 te
2599 1713 2683 1752 me
2712 1699 2924 1767 gloriari
2957 1701 3201 1768 vident',
3244 1704 3287 1757 si
3315 1704 3438 1774 quid

1866 1782 2035 1838 habeo
2064 1785 2264 1853 gloria).
2295 1786 2396 1853 Qui
2436 1788 2575 1841 enim
2601 1788 2875 1857 gloriatur,
2906 1791 2955 1845 in
2991 1792 3212 1847 Domino
3240 1794 3440 1864 glorie-

1865 1880 1952 1928 tur
1980 1874 2024 1944 (l
2053 1874 2170 1929 Cor.
2202 1890 2218 1929 ι
2243 1918 2257 1940 ,
2287 1876 2399 1944 51).
2433 1876 2700 1933 Exsultent
2722 1890 2769 1934 et
2788 1884 3133 1950 jucundentur
3161 1899 3331 1938 omnes
3351 1886 3440 1955 qui
3530 1886 3537 1895 '

1866 1975 1913 2019 te
1937 1974 2208 2035 quierunt,
2255 1966 2492 2035 Domine,
2539 1979 2585 2022 et
2628 1971 2798 2024 dicunt
2836 1988 3065 2041 semper:
3086 1972 3439 2044 Magni/icetur

1867 2056 2129 2113 Dominus.
2154 2059 2286 2125 Quia
2314 2061 2412 2114 etsi
2438 2075 2501 2114 ex
2526 2071 2804 2130 peccatore
2832 2061 2888 2115 ﬁt
2909 2063 3104 2131 justus,
3128 2066 3189 2118 da
3212 2065 3437 2135 gloriam

1865 2149 1938 2204 illi
1965 2151 2053 2221 qui
2080 2151 2337 2220 justiﬁcat
2362 2152 2578 2221 impium
2607 2151 2781 2223 (Rom.
2813 2170 2885 2220 tv,
2908 2154 2982 2225 5).
3016 2155 3139 2209 Sive
3166 2171 3291 2226 ergo
3314 2171 3438 2225 pec-

1863 2255 2014 2300 cator
2054 2245 2154 2310 sit,
2198 2245 2441 2300 laudetur
2471 2246 2559 2316 qui
2606 2246 2671 2300 ad
2704 2246 3081 2316 indulgentiam
3112 2259 3264 2302 vocat
3289 2266 3300 2301 :
3325 2248 3439 2303 sive

1864 2335 1982 2404 quis
2004 2336 2111 2403 jam
2138 2335 2377 2390 ambulet
2404 2336 2455 2389 in
2485 2336 2566 2390 via
2591 2334 2842 2405 justitite,
2876 2336 3118 2392 laudetur
3141 2339 3227 2408 qui
3254 2337 3318 2392 ad
3345 2354 3439 2393 co-

1865 2444 2049 2483 ronam
2080 2440 2251 2483 vocat.
2303 2428 2514 2499 Semper
2550 2430 2902 2500 magni/icetur
2946 2430 3193 2485 Dominus
3212 2472 3228 2498 ,
3260 2432 3326 2485 ab
3356 2431 3438 2487 his

1862 2508 1947 2588 qui
1972 2519 2187 2588 diligunt
2214 2520 2437 2573 salutare
2461 2529 2621 2573 tuum.

1931 2609 2021 2664 ‘27.
2072 2609 2221 2682 [t-ers.
2269 2609 2381 2683 18.]
2432 2609 2542 2680 Ego
2580 2621 2897 2666 uutcm:em
2942 2612 3248 2683 quaerebant
3278 2613 3434 2667 mala.

1868 2700 1974 2770 Ego
2001 2701 2383 2770 autem:cujns
2427 2702 2653 2755 animam
2705 2703 3031 2773 quaerebant,
3079 2715 3134 2775 ut
3169 2705 3438 2760 auferrent

1862 2808 2000 2847 eam.
2039 2791 2144 2848 Sed
2174 2801 2429 2846 converte
2461 2801 2511 2846 te
2536 2792 2599 2845 ad
2629 2792 2772 2847 aliud
2802 2809 2970 2863 genus
3000 2795 3291 2848 hominum.
3328 2794 3437 2865 Ego

1863 2893 2058 2949 autem,
2104 2883 2186 2937 cui
2233 2883 2514 2947 dieebant;
2546 2884 2722 2953 Euge,
2769 2900 2934 2953 euge,
2966 2902 3149 2956 egenus
3174 2896 3219 2940 et
3247 2904 3437 2956 pauper

1862 2990 1992 3026 sum.
2019 2972 2135 3027 Non
2159 2982 2236 3028 est
2267 2975 2406 3043 quod
2439 2973 2489 3026 in
2522 2989 2608 3029 me
2634 2984 2807 3028 tneum
2828 2976 2847 3005 ³
2870 2976 3130 3030 laudetur.
3168 2977 3436 3032 Discindat
3473 3030 3481 3039 ,

1863 3067 1951 3122 ille
2000 3082 2212 3122 saccum
2256 3083 2471 3132 meum,
2521 3067 2791 3136 cooperiat
2836 3064 2920 3122 ine
2958 3069 3090 3122 stola
3135 3084 3250 3123 sua.
3305 3070 3436 3123 V'ivn

1865 3159 2006 3214 enim
2033 3159 2144 3229 jam
2178 3176 2282 3213 non
2315 3173 2432 3231 ego,
2466 3159 2593 3213 vivit
2629 3168 2804 3212 autem
2837 3158 2886 3212 in
2917 3174 3001 3214 me
3024 3158 3262 3214 Christus
3291 3159 3432 3233 (Cal.

1862 3266 1922 3319 ιι,
1946 3250 2061 3323 20).
2109 3251 2163 3306 Si
2196 3252 2321 3305 vivit
2350 3253 2401 3306 in
2435 3261 2485 3307 te
2514 3250 2757 3306 Christus
2781 3293 2795 3315 ,
2839 3261 2891 3305 ct
2924 3260 3087 3306 totum
3129 3254 3267 3322 quod
3311 3255 3436 3310 boni

1864 3343 2028 3398 habes
2053 3340 2245 3399 Christi
2278 3338 2377 3408 est,
2408 3353 2573 3398 totum
2604 3342 2741 3412 quod
2776 3341 2990 3397 habebis
3015 3341 3209 3398 Christi
3240 3358 3319 3399 est
3344 3363 3355 3399 :
3383 3355 3437 3400 ιιι

1865 3450 1959 3505 per
2006 3436 2231 3505 teipsum
2287 3434 2412 3504 quid
2451 3434 2554 3489 es?
2600 3433 2710 3503 Ego
2755 3451 2937 3505 egenus
2981 3447 3025 3489 et
3070 3453 3277 3506 panper.
3324 3437 3437 3502 Ego

1863 3534 2037 3581 autem
2070 3540 2174 3578 non
2202 3525 2367 3588 dives,
2397 3525 2518 3595 quia
2550 3540 2654 3579 non
2684 3540 2801 3578 sum
2832 3526 3112 3594 superbus.
3145 3526 3297 3580 Dives
3323 3539 3438 3581 erat

1865 3616 1952 3671 ille
1991 3614 2079 3684 qui
2105 3615 2334 3679 dicebat,
2371 3613 2571 3668 Gratius
2600 3614 2684 3667 tibi
2711 3632 2841 3684 ago,
2892 3614 3134 3681 Domine,
3181 3618 3298 3686 quia
3337 3634 3436 3671 non

1863 3725 1974 3763 sum
2016 3709 2142 3761 sicut
2186 3707 2354 3760 cwteri
2413 3707 2635 3761 homines
2668 3722 2685 3759 :
2715 3706 3029 3760 I’ublicanus
3090 3716 3265 3759 autem
3322 3720 3438 3762 erat

1865 3814 2085 3870 pauper,
2114 3798 2201 3869 qui
2230 3797 2459 3861 dicebat,
2494 3796 2724 3858 Domine,
2759 3796 3004 3866 prOpitius
3032 3806 3134 3849 esto
3165 3796 3287 3849 mihi
3314 3815 3434 3867 pec-

1865 3891 2024 3945 catori
2056 3888 2208 3960 (Luc.
2227 3903 2381 3954 xvm,
2417 3888 2502 3952 Η,
2533 3885 2644 3954 1⁵5).
2674 3886 2765 3940 Ille
2785 3885 2851 3940 de
2873 3886 3143 3939 saturitate
3172 3887 3431 3956 ructabat,

1865 3982 1952 4037 ille
1980 3981 2047 4035 de
2076 3979 2213 4034 fame
2240 3978 2497 4057 plorabat.
2526 3976 2733 4046 Egenus
2765 3987 2811 4055 et
2838 3993 3029 4047 pauper
3057 3993 3184 4030 sum.
3220 3978 3283 4032 Et
3309 3979 3434 4050 quid

1866 4072 2097 4127 facturus
2117 4087 2194 4136 es,
2213 4087 2244 4122 ο
2264 4084 2437 4140 egone
2450 4077 2502 4122 et
2524 4069 2762 4137 pauper?
2788 4068 3019 4122 Mendica
3041 4067 3062 4099 ⁸
3081 4078 3201 4123 ante
3218 4067 3433 4137 januaTn

1866 4167 1994 4232 Dei;
2036 4166 2212 4235 pulsa,
2253 4172 2307 4217 et
2348 4162 2613 4231 aperietur
2653 4161 2764 4215 tibi.
2814 4160 2921 4231 Ego
2968 4173 3133 4215 autem
3179 4180 3357 4233 egenus
3390 4176 3434 4219 et

1867 4275 2061 4329 pauper
2098 4273 2209 4311 sum
2241 4272 2260 4309 :
2291 4253 2538 4308 Dominus
2581 4269 2754 4306 curam
2802 4253 2997 4307 [rubebit
3039 4254 3152 4306 mei.
3195 4253 3341 4309 Jacta
3386 4260 3441 4314 in

1873 4351 2150 4405 Dominum
2191 4362 2370 4402 curam
2417 4355 2590 4411 tuam,
2623 4354 2677 4400 et
2704 4360 2855 4414 spera
2884 4346 2934 4399 in
2965 4361 3116 4411 eum,
3145 4354 3198 4400 et
3224 4346 3334 4416 ipse
3360 4347 3436 4399 fa—

1867 4443 1972 4499 ciet
2002 4440 2171 4513 (Psal.
2214 4454 2319 4504 Liv,
2347 4437 2460 4507 25).
2487 4436 2622 4504 Quid
2652 4436 2742 4490 tibi
2771 4446 3047 4490 curaturus
3075 4435 3165 4490 es?
3191 4435 3313 4504 quid
3342 4436 3433 4490 tibi

1867 4532 2214 4606 provisurus?
2243 4530 2445 4584 Habeat
2466 4529 2537 4583 tui
2564 4544 2744 4585 curam
2773 4529 2861 4597 qui
2893 4528 3015 4582 fecit
3040 4537 3108 4581 te.
3133 4526 3230 4593 Qui
3254 4527 3436 4584 habuit

1866 4629 1941 4683 tui
1968 4641 2147 4681 curam
2170 4632 2452 4693 antequam
2475 4636 2641 4687 esses,
2676 4620 2941 4692 quomodo
2966 4636 3069 4674 non
3100 4618 3311 4674 habebit
3340 4637 3433 4677 cu-

1864 4735 1978 4775 ram
2007 4734 2127 4774 cum
2148 4717 2258 4787 jam
2290 4716 2392 4771 hoc
2416 4729 2475 4770 es
2499 4714 2639 4785 quod
2670 4713 2833 4768 voluit
2861 4720 2915 4766 ut
2942 4712 3124 4767 esses?
3143 4711 3261 4784 iam
3288 4714 3430 4770 enim

1867 4812 2036 4867 fidelis
2064 4826 2143 4878 es,
2164 4811 2273 4881 jam
2300 4808 2539 4863 ambulas
2565 4807 2616 4860 in
2649 4806 2727 4858 via
2744 4805 2979 4874 justitim.
3010 4804 3199 4860 Curam
3227 4804 3299 4859 tui
3324 4820 3430 4860 non

1865 4882 2116 4968 habebit,
2159 4903 2246 4972 qui
2277 4900 2399 4954 facit
2428 4899 2593 4953 solem
2635 4911 2786 4951 suum
2832 4895 2957 4949 oriri
3000 4909 3158 4965 super
3185 4896 3354 4952 bonos
3379 4906 3455 4952 et,

1863 4994 2051 5058 malos,
2076 5003 2128 5048 et
2149 4993 2281 5062 pluit
2301 5004 2461 5058 super
2480 4988 2653 5057 jnstos
2672 4995 2725 5041 et
2748 4984 2971 5054 injustos
2993 4984 3201 5059 (Matth.
3226 5004 3281 5054 v,
3304 4989 3432 5061 ιδῃ

1865 5095 1916 5143 te
1941 5085 2047 5155 jam
2071 5083 2270 5153 justum
2297 5095 2364 5135 ex
2390 5077 2493 5132 {ide
2516 5077 2775 5131 viventem
2808 5074 2980 5147 (Rom.
3006 5093 3042 5141 ι,
3066 5076 3153 5148 l7)
3180 5075 3426 5159 negligat,

1863 5178 2093 5243 deseret,
2124 5169 2392 5229 dimittet?
2419 5169 2530 5224 [mo
2556 5182 2683 5245 vero
2706 5174 2759 5223 et
2786 5166 2873 5221 hic
2899 5165 3055 5233 fovet,
3088 5177 3141 5223 et
3166 5168 3254 5223 hic
3278 5168 3429 5239 adju-

1924 5397 1941 5428 ί
1967 5393 2189 5456 Plerique
2214 5386 2496 5456 Mss.,falsa.
2690 5446 2742 5456 __
2804 5452 2814 5456 _
2989 5445 3001 5456 _
3063 5442 3108 5456 η,
3277 5441 3289 5453 ,

1920 5458 1940 5489 ²
1965 5442 2185 5516 eleriq'ue
2199 5442 2436 5516 atss.,'_sed
2460 5448 2511 5499 in
2530 5446 2630 5509 illo,
2655 5452 2700 5516 et
2723 5446 2777 5516 in
2796 5452 2840 5497 te
2854 5458 2931 5497 me
2948 5442 3221 5516 glorificare
3244 5442 3424 5513 vident-

1862 5515 2079 5567 Nonnulli
2104 5508 2119 5564 Ξ
2140 5514 2238 5577 sed
2268 5511 2342 5565 illi
2378 5510 2429 5577 in
2449 5517 2493 5577 te
2514 5523 2588 5560 me
2619 5508 2892 5577 gloriﬁcare
2913 5508 3147 5577 videntur.
3175 5512 3291 5553 Item
3313 5508 3423 5566 qui-

1856 5579 1966 5643 dam
1993 5593 2004 5627 :
2030 5578 2115 5628 sed
2130 5576 2181 5627 in
2203 5574 2302 5633 illo,
2318 5573 2433 5643 quia
2454 5572 2505 5623 in
2522 5580 2570 5643 _te
2591 5567 2892 5643 niegloriuri
2909 5567 3119 5643 vident.“
3134 5628 3190 5643 ωε

1921 5641 1942 5673 ³
1965 5627 2080 5699 vox,
2104 5651 2278 5698 meum,
2291 5627 2464 5686 aberat
2493 5636 2555 5684 ab
2592 5627 2769 5684 editis:
2804 5632 2895 5682 sed
2927 5632 2976 5680 in
3008 5627 3285 5677 melioribus
3314 5631 3427 5672 Mss-

1857 5709 2144 5815 θῐῗωοιιίιιιθε
2164 5760 2268 5829 fere
2290 5768 2414 5824 Mss,
2437 5770 2619 5824 pauper
2637 5792 2653 5818 ,
2676 5750 2933 5806 mendice?
2957 5720 3299 5814 minantium,
3324 5757 3420 5802 etc.
