  <div class='ocr_page' id='page_1' title='image "/cluster/home/n/w/nwhite01/storage/ocr_20150623/36/hvd.32044096580584/233.png"; bbox 0 0 3972 6198; ppageno 0'>
   <div class='ocr_carea' id='block_1_1' title="bbox 551 258 643 316">
    <p class='ocr_par' dir='ltr' id='par_1_1' title="bbox 551 258 643 316">
     <span class='ocr_line' id='line_1_1' title="bbox 551 258 643 316; baseline 0 -1"><span class='ocrx_word' id='word_1_1' title='bbox 551 258 643 316; x_wconf 69' lang='grc'><strong>451</strong></span> 
     </span>
    </p>
   </div>
   <div class='ocr_carea' id='block_1_2' title="bbox 549 361 2115 440">
    <p class='ocr_par' dir='ltr' id='par_1_2' title="bbox 549 361 2115 440">
     <span class='ocr_line' id='line_1_2' title="bbox 549 361 2115 440; baseline -0.011 -10"><span class='ocrx_word' id='word_1_2' title='bbox 549 385 635 430; x_wconf 79' lang='lat' dir='ltr'><strong>vat</strong></span> <span class='ocrx_word' id='word_1_3' title='bbox 652 413 671 440; x_wconf 91' lang='lat'><strong>,</strong></span> <span class='ocrx_word' id='word_1_4' title='bbox 696 383 752 430; x_wconf 91' lang='lat' dir='ltr'><strong>et</strong></span> <span class='ocrx_word' id='word_1_5' title='bbox 775 371 860 429; x_wconf 87' lang='lat' dir='ltr'><strong>bic</strong></span> <span class='ocrx_word' id='word_1_6' title='bbox 883 367 1180 431; x_wconf 87' lang='lat' dir='ltr'><strong>necessaria</strong></span> <span class='ocrx_word' id='word_1_7' title='bbox 1204 365 1570 423; x_wconf 81' lang='lat' dir='ltr'><strong>subministrat</strong></span> <span class='ocrx_word' id='word_1_8' title='bbox 1587 403 1603 429; x_wconf 87' lang='lat'><strong>,</strong></span> <span class='ocrx_word' id='word_1_9' title='bbox 1632 371 1686 425; x_wconf 88' lang='lat' dir='ltr'><strong>et</strong></span> <span class='ocrx_word' id='word_1_10' title='bbox 1710 361 1866 418; x_wconf 78' lang='lat' dir='ltr'><strong>noxia</strong></span> <span class='ocrx_word' id='word_1_11' title='bbox 1892 370 2115 423; x_wconf 84' lang='lat' dir='ltr'><strong>resecat.</strong></span> 
     </span>
    </p>
   </div>
   <div class='ocr_carea' id='block_1_3' title="bbox 551 451 2123 528">
    <p class='ocr_par' dir='ltr' id='par_1_3' title="bbox 551 451 2123 528">
     <span class='ocr_line' id='line_1_3' title="bbox 551 451 2123 528; baseline -0.011 -8"><span class='ocrx_word' id='word_1_12' title='bbox 551 464 735 520; x_wconf 90' lang='lat' dir='ltr'><strong>Daudo</strong></span> <span class='ocrx_word' id='word_1_13' title='bbox 762 462 1067 517; x_wconf 71' lang='lat' dir='ltr'><strong>consolatur</strong></span> <span class='ocrx_word' id='word_1_14' title='bbox 1106 456 1165 515; x_wconf 76' lang='lat' dir='ltr'><strong>ut</strong></span> <span class='ocrx_word' id='word_1_15' title='bbox 1209 469 1522 528; x_wconf 85' lang='lat' dir='ltr'><strong>permaneas</strong></span> <span class='ocrx_word' id='word_1_16' title='bbox 1546 494 1561 520; x_wconf 92' lang='lat'><strong>,</strong></span> <span class='ocrx_word' id='word_1_17' title='bbox 1593 452 1880 509; x_wconf 77' lang='lat' dir='ltr'><strong>auferendo</strong></span> <span class='ocrx_word' id='word_1_18' title='bbox 1905 451 2123 519; x_wconf 87' lang='lat' dir='ltr'><strong>corripit</strong></span> 
     </span>
    </p>
   </div>
   <div class='ocr_carea' id='block_1_4' title="bbox 553 546 2117 627">
    <p class='ocr_par' dir='ltr' id='par_1_4' title="bbox 553 546 2117 627">
     <span class='ocr_line' id='line_1_4' title="bbox 553 546 2117 627; baseline -0.01 -15"><span class='ocrx_word' id='word_1_19' title='bbox 553 573 620 614; x_wconf 69' lang='lat' dir='ltr'><strong>ne</strong></span> <span class='ocrx_word' id='word_1_20' title='bbox 644 569 852 627; x_wconf 82' lang='lat' dir='ltr'><strong>pereas.</strong></span> <span class='ocrx_word' id='word_1_21' title='bbox 879 552 1135 609; x_wconf 86' lang='lat' dir='ltr'><strong>Dominus</strong></span> <span class='ocrx_word' id='word_1_22' title='bbox 1161 564 1341 605; x_wconf 88' lang='lat' dir='ltr'><strong>curam</strong></span> <span class='ocrx_word' id='word_1_23' title='bbox 1373 548 1532 605; x_wconf 85' lang='lat' dir='ltr'><strong>habet</strong></span> <span class='ocrx_word' id='word_1_24' title='bbox 1562 546 1635 601; x_wconf 91' lang='lat' dir='ltr'><strong>tui</strong></span> <span class='ocrx_word' id='word_1_25' title='bbox 1658 589 1673 611; x_wconf 95' lang='lat'><strong>,</strong></span> <span class='ocrx_word' id='word_1_26' title='bbox 1719 560 1941 602; x_wconf 88' lang='lat' dir='ltr'><strong>securus</strong></span> <span class='ocrx_word' id='word_1_27' title='bbox 1982 553 2117 599; x_wconf 90' lang='lat' dir='ltr'><strong>esto.</strong></span> 
     </span>
    </p>
   </div>
   <div class='ocr_carea' id='block_1_5' title="bbox 555 634 2122 721">
    <p class='ocr_par' dir='ltr' id='par_1_5' title="bbox 555 634 2122 721">
     <span class='ocr_line' id='line_1_5' title="bbox 555 634 2122 721; baseline -0.008 -21"><span class='ocrx_word' id='word_1_28' title='bbox 555 647 645 703; x_wconf 90' lang='lat' dir='ltr'><strong>Ille</strong></span> <span class='ocrx_word' id='word_1_29' title='bbox 690 644 904 721; x_wconf 65' lang='lat' dir='ltr'><strong>portat‘</strong></span> <span class='ocrx_word' id='word_1_30' title='bbox 932 643 1022 715; x_wconf 90' lang='lat' dir='ltr'><strong>qui</strong></span> <span class='ocrx_word' id='word_1_31' title='bbox 1070 653 1123 698; x_wconf 90' lang='lat' dir='ltr'><strong>te</strong></span> <span class='ocrx_word' id='word_1_32' title='bbox 1167 638 1418 696; x_wconf 80' lang='lat' dir='ltr'><strong>fecitzab</strong></span> <span class='ocrx_word' id='word_1_33' title='bbox 1461 636 1680 693; x_wconf 93' lang='lat' dir='ltr'><strong>artiﬁcis</strong></span> <span class='ocrx_word' id='word_1_34' title='bbox 1723 637 1794 691; x_wconf 91' lang='lat' dir='ltr'><strong>tui</strong></span> <span class='ocrx_word' id='word_1_35' title='bbox 1827 650 1985 688; x_wconf 88' lang='lat' dir='ltr'><strong>manu</strong></span> <span class='ocrx_word' id='word_1_36' title='bbox 2015 634 2122 689; x_wconf 92' lang='lat' dir='ltr'><strong>noli</strong></span> 
     </span>
    </p>
   </div>
   <div class='ocr_carea' id='block_1_6' title="bbox 548 724 2125 801">
    <p class='ocr_par' dir='ltr' id='par_1_6' title="bbox 548 724 2125 801">
     <span class='ocr_line' id='line_1_6' title="bbox 548 724 2125 801; baseline -0.008 -10"><span class='ocrx_word' id='word_1_37' title='bbox 548 735 740 791; x_wconf 80' lang='lat' dir='ltr'><strong>cadere</strong></span> <span class='ocrx_word' id='word_1_38' title='bbox 768 752 782 788; x_wconf 91' lang='lat'><strong>:</strong></span> <span class='ocrx_word' id='word_1_39' title='bbox 806 734 852 790; x_wconf 90' lang='lat' dir='ltr'><strong>si</strong></span> <span class='ocrx_word' id='word_1_40' title='bbox 891 732 1147 789; x_wconf 82' lang='lat' dir='ltr'><strong>cecideris</strong></span> <span class='ocrx_word' id='word_1_41' title='bbox 1190 746 1220 785; x_wconf 91' lang='lat' dir='ltr'><strong>a</strong></span> <span class='ocrx_word' id='word_1_42' title='bbox 1273 744 1432 785; x_wconf 90' lang='lat' dir='ltr'><strong>manu</strong></span> <span class='ocrx_word' id='word_1_43' title='bbox 1466 727 1706 801; x_wconf 89' lang='lat' dir='ltr'><strong>artiﬁcis,</strong></span> <span class='ocrx_word' id='word_1_44' title='bbox 1751 726 2026 796; x_wconf 77' lang='lat' dir='ltr'><strong>irangeris.</strong></span> <span class='ocrx_word' id='word_1_45' title='bbox 2055 724 2125 780; x_wconf 89' lang='lat' dir='ltr'><strong>Ut</strong></span> 
     </span>
    </p>
   </div>
   <div class='ocr_carea' id='block_1_7' title="bbox 549 824 2123 903">
    <p class='ocr_par' dir='ltr' id='par_1_7' title="bbox 549 824 2123 903">
     <span class='ocr_line' id='line_1_7' title="bbox 549 824 2123 903; baseline -0.004 -21"><span class='ocrx_word' id='word_1_46' title='bbox 549 840 726 885; x_wconf 90' lang='lat' dir='ltr'><strong>autem</strong></span> <span class='ocrx_word' id='word_1_47' title='bbox 770 842 1083 903; x_wconf 88' lang='lat' dir='ltr'><strong>permaneas</strong></span> <span class='ocrx_word' id='word_1_48' title='bbox 1112 828 1164 883; x_wconf 93' lang='lat' dir='ltr'><strong>in</strong></span> <span class='ocrx_word' id='word_1_49' title='bbox 1211 843 1369 881; x_wconf 91' lang='lat' dir='ltr'><strong>manu</strong></span> <span class='ocrx_word' id='word_1_50' title='bbox 1399 825 1654 890; x_wconf 90' lang='lat' dir='ltr'><strong>artiﬁcis,</strong></span> <span class='ocrx_word' id='word_1_51' title='bbox 1700 824 1836 879; x_wconf 91' lang='lat' dir='ltr'><strong>bona</strong></span> <span class='ocrx_word' id='word_1_52' title='bbox 1881 824 2123 883; x_wconf 75' lang='lat' dir='ltr'><strong>voluntas</strong></span> 
     </span>
    </p>
   </div>
   <div class='ocr_carea' id='block_1_8' title="bbox 553 915 2125 986">
    <p class='ocr_par' dir='ltr' id='par_1_8' title="bbox 553 915 2125 986">
     <span class='ocr_line' id='line_1_8' title="bbox 553 915 2125 986; baseline -0.004 -12"><span class='ocrx_word' id='word_1_53' title='bbox 553 921 694 975; x_wconf 80' lang='lat' dir='ltr'><strong>facit.</strong></span> <span class='ocrx_word' id='word_1_54' title='bbox 729 921 840 985; x_wconf 92' lang='lat' dir='ltr'><strong>Dic,</strong></span> <span class='ocrx_word' id='word_1_55' title='bbox 872 920 1011 975; x_wconf 86' lang='lat' dir='ltr'><strong>Deus</strong></span> <span class='ocrx_word' id='word_1_56' title='bbox 1038 932 1185 973; x_wconf 89' lang='lat' dir='ltr'><strong>meus</strong></span> <span class='ocrx_word' id='word_1_57' title='bbox 1211 918 1394 982; x_wconf 79' lang='lat' dir='ltr'><strong>voluit,</strong></span> <span class='ocrx_word' id='word_1_58' title='bbox 1423 926 1478 971; x_wconf 87' lang='lat' dir='ltr'><strong>et</strong></span> <span class='ocrx_word' id='word_1_59' title='bbox 1503 915 1729 986; x_wconf 81' lang='lat' dir='ltr'><strong>portabit</strong></span> <span class='ocrx_word' id='word_1_60' title='bbox 1751 916 1882 984; x_wconf 86' lang='lat' dir='ltr'><strong>ipse,</strong></span> <span class='ocrx_word' id='word_1_61' title='bbox 1904 923 1959 979; x_wconf 68' lang='lat' dir='ltr'><strong>9t</strong></span> <span class='ocrx_word' id='word_1_62' title='bbox 1980 925 2125 973; x_wconf 79' lang='lat' dir='ltr'><strong>tene-</strong></span> 
     </span>
    </p>
   </div>
   <div class='ocr_carea' id='block_1_9' title="bbox 553 1005 2125 1082">
    <p class='ocr_par' dir='ltr' id='par_1_9' title="bbox 553 1005 2125 1082">
     <span class='ocr_line' id='line_1_9' title="bbox 553 1005 2125 1082; baseline -0.006 -15"><span class='ocrx_word' id='word_1_63' title='bbox 553 1015 629 1068; x_wconf 91' lang='lat' dir='ltr'><strong>bit</strong></span> <span class='ocrx_word' id='word_1_64' title='bbox 655 1014 785 1082; x_wconf 89' lang='lat' dir='ltr'><strong>ipse.</strong></span> <span class='ocrx_word' id='word_1_65' title='bbox 812 1011 958 1067; x_wconf 87' lang='lat' dir='ltr'><strong>Jacta</strong></span> <span class='ocrx_word' id='word_1_66' title='bbox 993 1021 1041 1065; x_wconf 89' lang='lat' dir='ltr'><strong>te</strong></span> <span class='ocrx_word' id='word_1_67' title='bbox 1070 1011 1121 1064; x_wconf 92' lang='lat' dir='ltr'><strong>iu</strong></span> <span class='ocrx_word' id='word_1_68' title='bbox 1153 1010 1337 1073; x_wconf 90' lang='lat' dir='ltr'><strong>illum;</strong></span> <span class='ocrx_word' id='word_1_69' title='bbox 1371 1008 1477 1063; x_wconf 90' lang='lat' dir='ltr'><strong>noli</strong></span> <span class='ocrx_word' id='word_1_70' title='bbox 1507 1014 1691 1076; x_wconf 82' lang='lat' dir='ltr'><strong>putare</strong></span> <span class='ocrx_word' id='word_1_71' title='bbox 1720 1005 1875 1060; x_wconf 89' lang='lat' dir='ltr'><strong>inane</strong></span> <span class='ocrx_word' id='word_1_72' title='bbox 1900 1017 2035 1069; x_wconf 86' lang='lat' dir='ltr'><strong>esse,</strong></span> <span class='ocrx_word' id='word_1_73' title='bbox 2068 1012 2125 1066; x_wconf 88' lang='lat' dir='ltr'><strong>ut</strong></span> 
     </span>
    </p>
   </div>
   <div class='ocr_carea' id='block_1_10' title="bbox 550 1095 2118 1173">
    <p class='ocr_par' dir='ltr' id='par_1_10' title="bbox 550 1095 2118 1173">
     <span class='ocr_line' id='line_1_10' title="bbox 550 1095 2118 1173; baseline -0.001 -18"><span class='ocrx_word' id='word_1_74' title='bbox 550 1104 701 1173; x_wconf 88' lang='lat' dir='ltr'><strong>quasi</strong></span> <span class='ocrx_word' id='word_1_75' title='bbox 747 1102 1263 1173; x_wconf 66' lang='lat' dir='ltr'><strong>przecipiterisznon</strong></span> <span class='ocrx_word' id='word_1_76' title='bbox 1307 1100 1377 1153; x_wconf 89' lang='lat' dir='ltr'><strong>ita</strong></span> <span class='ocrx_word' id='word_1_77' title='bbox 1428 1099 1520 1153; x_wconf 88' lang='lat' dir='ltr'><strong>tibi</strong></span> <span class='ocrx_word' id='word_1_78' title='bbox 1568 1097 1827 1151; x_wconf 89' lang='lat' dir='ltr'><strong>videatur.</strong></span> <span class='ocrx_word' id='word_1_79' title='bbox 1852 1095 1944 1161; x_wconf 78' lang='lat' dir='ltr'><strong>Ille</strong></span> <span class='ocrx_word' id='word_1_80' title='bbox 1968 1095 2118 1160; x_wconf 80' lang='lat' dir='ltr'><strong>dixit,</strong></span> 
     </span>
    </p>
   </div>
   <div class='ocr_carea' id='block_1_11' title="bbox 551 1184 2120 1263">
    <p class='ocr_par' dir='ltr' id='par_1_11' title="bbox 551 1184 2120 1263">
     <span class='ocr_line' id='line_1_11' title="bbox 551 1184 2120 1263; baseline -0.007 -14"><span class='ocrx_word' id='word_1_81' title='bbox 551 1195 756 1253; x_wconf 71' lang='lat' dir='ltr'><strong>Caelum</strong></span> <span class='ocrx_word' id='word_1_82' title='bbox 799 1202 853 1251; x_wconf 87' lang='lat' dir='ltr'><strong>et</strong></span> <span class='ocrx_word' id='word_1_83' title='bbox 904 1202 1097 1247; x_wconf 86' lang='lat' dir='ltr'><strong>terram</strong></span> <span class='ocrx_word' id='word_1_84' title='bbox 1143 1205 1242 1263; x_wconf 79' lang='lat' dir='ltr'><strong>ego</strong></span> <span class='ocrx_word' id='word_1_85' title='bbox 1294 1190 1487 1259; x_wconf 80' lang='lat' dir='ltr'><strong>impleo</strong></span> <span class='ocrx_word' id='word_1_86' title='bbox 1537 1186 1745 1257; x_wconf 87' lang='lat' dir='ltr'><strong>(.lerem.</strong></span> <span class='ocrx_word' id='word_1_87' title='bbox 1800 1201 1954 1252; x_wconf 71' lang='lat' dir='ltr'><strong>nun,</strong></span> <span class='ocrx_word' id='word_1_88' title='bbox 2005 1184 2120 1253; x_wconf 61' lang='lat'><strong>24).</strong></span> 
     </span>
    </p>
   </div>
   <div class='ocr_carea' id='block_1_12' title="bbox 552 1275 2123 1354">
    <p class='ocr_par' dir='ltr' id='par_1_12' title="bbox 552 1275 2123 1354">
     <span class='ocr_line' id='line_1_12' title="bbox 552 1275 2123 1354; baseline -0.007 -15"><span class='ocrx_word' id='word_1_89' title='bbox 552 1284 820 1354; x_wconf 77' lang='lat' dir='ltr'><strong>Nusquam</strong></span> <span class='ocrx_word' id='word_1_90' title='bbox 867 1283 959 1337; x_wconf 85' lang='lat' dir='ltr'><strong>tibi</strong></span> <span class='ocrx_word' id='word_1_91' title='bbox 1005 1282 1194 1341; x_wconf 89' lang='lat' dir='ltr'><strong>deest:</strong></span> <span class='ocrx_word' id='word_1_92' title='bbox 1221 1290 1273 1335; x_wconf 91' lang='lat' dir='ltr'><strong>tu</strong></span> <span class='ocrx_word' id='word_1_93' title='bbox 1305 1280 1377 1337; x_wconf 90' lang='lat' dir='ltr'><strong>illi</strong></span> <span class='ocrx_word' id='word_1_94' title='bbox 1422 1279 1528 1333; x_wconf 91' lang='lat' dir='ltr'><strong>noli</strong></span> <span class='ocrx_word' id='word_1_95' title='bbox 1570 1278 1780 1345; x_wconf 88' lang='lat' dir='ltr'><strong>deesse,</strong></span> <span class='ocrx_word' id='word_1_96' title='bbox 1813 1286 1866 1330; x_wconf 93' lang='lat' dir='ltr'><strong>tu</strong></span> <span class='ocrx_word' id='word_1_97' title='bbox 1895 1276 1986 1331; x_wconf 87' lang='lat' dir='ltr'><strong>tibi</strong></span> <span class='ocrx_word' id='word_1_98' title='bbox 2017 1275 2123 1339; x_wconf 87' lang='lat' dir='ltr'><strong>noli</strong></span> 
     </span>
    </p>
   </div>
   <div class='ocr_carea' id='block_1_13' title="bbox 555 1369 1537 1437">
    <p class='ocr_par' dir='ltr' id='par_1_13' title="bbox 555 1369 1537 1437">
     <span class='ocr_line' id='line_1_13' title="bbox 555 1369 1537 1437; baseline -0.008 -8"><span class='ocrx_word' id='word_1_99' title='bbox 555 1374 762 1437; x_wconf 81' lang='lat' dir='ltr'><strong>deesse,</strong></span> <span class='ocrx_word' id='word_1_100' title='bbox 792 1373 1037 1429; x_wconf 78' lang='lat' dir='ltr'><strong>Dominus</strong></span> <span class='ocrx_word' id='word_1_101' title='bbox 1058 1388 1231 1425; x_wconf 84' lang='lat' dir='ltr'><strong>curam</strong></span> <span class='ocrx_word' id='word_1_102' title='bbox 1252 1371 1395 1427; x_wconf 81' lang='lat' dir='ltr'><strong>habet</strong></span> <span class='ocrx_word' id='word_1_103' title='bbox 1421 1369 1537 1422; x_wconf 82' lang='lat' dir='ltr'><strong>mei.</strong></span> 
     </span>
    </p>
   </div>
   <div class='ocr_carea' id='block_1_14' title="bbox 622 1457 2118 1536">
    <p class='ocr_par' dir='ltr' id='par_1_14' title="bbox 622 1457 2118 1536">
     <span class='ocr_line' id='line_1_14' title="bbox 622 1457 2118 1536; baseline -0.006 -17"><span class='ocrx_word' id='word_1_104' title='bbox 622 1466 710 1519; x_wconf 69' lang='lat'><strong>28.</strong></span> <span class='ocrx_word' id='word_1_105' title='bbox 732 1464 950 1536; x_wconf 79' lang='lat' dir='ltr'><strong>Adjutor</strong></span> <span class='ocrx_word' id='word_1_106' title='bbox 978 1481 1117 1521; x_wconf 77' lang='lat' dir='ltr'><strong>meus</strong></span> <span class='ocrx_word' id='word_1_107' title='bbox 1143 1473 1186 1517; x_wconf 85' lang='lat' dir='ltr'><strong>et</strong></span> <span class='ocrx_word' id='word_1_108' title='bbox 1205 1471 1452 1532; x_wconf 79' lang='lat' dir='ltr'><strong>protector</strong></span> <span class='ocrx_word' id='word_1_109' title='bbox 1474 1476 1609 1515; x_wconf 82' lang='lat' dir='ltr'><strong>meus</strong></span> <span class='ocrx_word' id='word_1_110' title='bbox 1626 1469 1677 1517; x_wconf 83' lang='lat' dir='ltr'><strong>tu</strong></span> <span class='ocrx_word' id='word_1_111' title='bbox 1693 1475 1744 1517; x_wconf 80' lang='lat' dir='ltr'><strong>es</strong></span> <span class='ocrx_word' id='word_1_112' title='bbox 1766 1474 1784 1512; x_wconf 90' lang='lat'><strong><em>:</em></strong></span> <span class='ocrx_word' id='word_1_113' title='bbox 1807 1457 1943 1512; x_wconf 85' lang='lat' dir='ltr'><strong>Deus</strong></span> <span class='ocrx_word' id='word_1_114' title='bbox 1964 1473 2118 1523; x_wconf 85' lang='lat' dir='ltr'><strong>meus,</strong></span> 
     </span>
    </p>
   </div>
   <div class='ocr_carea' id='block_1_15' title="bbox 556 1546 2125 1623">
    <p class='ocr_par' dir='ltr' id='par_1_15' title="bbox 556 1546 2125 1623">
     <span class='ocr_line' id='line_1_15' title="bbox 556 1546 2125 1623; baseline -0.005 -15"><span class='ocrx_word' id='word_1_115' title='bbox 556 1574 615 1611; x_wconf 85' lang='lat' dir='ltr'><strong>ne</strong></span> <span class='ocrx_word' id='word_1_116' title='bbox 643 1556 932 1616; x_wconf 69' lang='lat' dir='ltr'><strong>tardavetis.</strong></span> <span class='ocrx_word' id='word_1_117' title='bbox 961 1552 1473 1623; x_wconf 87' lang='lat' dir='ltr'><strong>Invocat,implorat,</strong></span> <span class='ocrx_word' id='word_1_118' title='bbox 1494 1551 1642 1605; x_wconf 84' lang='lat' dir='ltr'><strong>timet</strong></span> <span class='ocrx_word' id='word_1_119' title='bbox 1664 1566 1729 1604; x_wconf 90' lang='lat' dir='ltr'><strong>ne</strong></span> <span class='ocrx_word' id='word_1_120' title='bbox 1756 1547 1964 1611; x_wconf 85' lang='lat' dir='ltr'><strong>deﬁciat</strong></span> <span class='ocrx_word' id='word_1_121' title='bbox 1998 1566 2011 1602; x_wconf 94' lang='lat'><strong>:</strong></span> <span class='ocrx_word' id='word_1_122' title='bbox 2042 1546 2125 1600; x_wconf 81' lang='lat' dir='ltr'><strong>Ne</strong></span> 
     </span>
    </p>
   </div>
   <div class='ocr_carea' id='block_1_16' title="bbox 555 1639 2126 1713">
    <p class='ocr_par' dir='ltr' id='par_1_16' title="bbox 555 1639 2126 1713">
     <span class='ocr_line' id='line_1_16' title="bbox 555 1639 2126 1713; baseline -0.002 -18"><span class='ocrx_word' id='word_1_123' title='bbox 555 1646 844 1701; x_wconf 85' lang='lat' dir='ltr'><strong>tardaveris.</strong></span> <span class='ocrx_word' id='word_1_124' title='bbox 870 1644 1003 1713; x_wconf 88' lang='lat' dir='ltr'><strong>Quid</strong></span> <span class='ocrx_word' id='word_1_125' title='bbox 1030 1652 1134 1711; x_wconf 77' lang='lat' dir='ltr'><strong>est,</strong></span> <span class='ocrx_word' id='word_1_126' title='bbox 1152 1642 1233 1695; x_wconf 85' lang='lat' dir='ltr'><strong>Ne</strong></span> <span class='ocrx_word' id='word_1_127' title='bbox 1259 1641 1575 1699; x_wconf 80' lang='lat' dir='ltr'><strong>tardaveris?</strong></span> <span class='ocrx_word' id='word_1_128' title='bbox 1600 1640 1717 1695; x_wconf 80' lang='lat' dir='ltr'><strong>Nisi</strong></span> <span class='ocrx_word' id='word_1_129' title='bbox 1747 1639 1949 1694; x_wconf 78' lang='lat' dir='ltr'><strong>bretiuti</strong></span> <span class='ocrx_word' id='word_1_130' title='bbox 1968 1648 2126 1693; x_wconf 73' lang='lat' dir='ltr'><strong>essent</strong></span> 
     </span>
    </p>
   </div>
   <div class='ocr_carea' id='block_1_17' title="bbox 556 1730 2120 1807">
    <p class='ocr_par' dir='ltr' id='par_1_17' title="bbox 556 1730 2120 1807">
     <span class='ocr_line' id='line_1_17' title="bbox 556 1730 2120 1807; baseline -0.004 -17"><span class='ocrx_word' id='word_1_131' title='bbox 556 1739 661 1799; x_wconf 80' lang='lat' dir='ltr'><strong>dies</strong></span> <span class='ocrx_word' id='word_1_132' title='bbox 688 1738 782 1801; x_wconf 87' lang='lat' dir='ltr'><strong>illi,</strong></span> <span class='ocrx_word' id='word_1_133' title='bbox 802 1754 902 1791; x_wconf 85' lang='lat' dir='ltr'><strong>non</strong></span> <span class='ocrx_word' id='word_1_134' title='bbox 928 1737 1068 1805; x_wconf 80' lang='lat' dir='ltr'><strong>ﬁeret</strong></span> <span class='ocrx_word' id='word_1_135' title='bbox 1093 1734 1231 1791; x_wconf 86' lang='lat' dir='ltr'><strong>salva</strong></span> <span class='ocrx_word' id='word_1_136' title='bbox 1260 1735 1421 1789; x_wconf 85' lang='lat' dir='ltr'><strong>omnis</strong></span> <span class='ocrx_word' id='word_1_137' title='bbox 1440 1749 1557 1787; x_wconf 86' lang='lat' dir='ltr'><strong>caro</strong></span> <span class='ocrx_word' id='word_1_138' title='bbox 1585 1732 1791 1807; x_wconf 81' lang='lat' dir='ltr'><strong>(Matth.</strong></span> <span class='ocrx_word' id='word_1_139' title='bbox 1820 1747 1966 1797; x_wconf 51' lang='grc' dir='ltr'><strong>χειν,</strong></span> <span class='ocrx_word' id='word_1_140' title='bbox 1986 1730 2081 1797; x_wconf 70' lang='lat'><strong>‘22)</strong></span> <span class='ocrx_word' id='word_1_141' title='bbox 2106 1748 2120 1784; x_wconf 91' lang='lat'><strong>:</strong></span> 
     </span>
    </p>
   </div>
   <div class='ocr_carea' id='block_1_18' title="bbox 556 1812 2122 1891">
    <p class='ocr_par' dir='ltr' id='par_1_18' title="bbox 556 1812 2122 1891">
     <span class='ocr_line' id='line_1_18' title="bbox 556 1812 2122 1891; baseline -0.004 -9"><span class='ocrx_word' id='word_1_142' title='bbox 556 1827 715 1889; x_wconf 87' lang='lat' dir='ltr'><strong>modo</strong></span> <span class='ocrx_word' id='word_1_143' title='bbox 742 1812 934 1885; x_wconf 85' lang='lat' dir='ltr'><strong>lectum</strong></span> <span class='ocrx_word' id='word_1_144' title='bbox 953 1836 1054 1891; x_wconf 90' lang='lat' dir='ltr'><strong>est,</strong></span> <span class='ocrx_word' id='word_1_145' title='bbox 1074 1825 1140 1880; x_wconf 91' lang='lat' dir='ltr'><strong>de</strong></span> <span class='ocrx_word' id='word_1_146' title='bbox 1161 1824 1347 1881; x_wconf 86' lang='lat' dir='ltr'><strong>diebus</strong></span> <span class='ocrx_word' id='word_1_147' title='bbox 1364 1823 1779 1879; x_wconf 87' lang='lat' dir='ltr'><strong>tribulationum.</strong></span> <span class='ocrx_word' id='word_1_148' title='bbox 1803 1822 1960 1890; x_wconf 81' lang='lat' dir='ltr'><strong>Quasi</strong></span> <span class='ocrx_word' id='word_1_149' title='bbox 1979 1822 2122 1878; x_wconf 75' lang='lat' dir='ltr'><strong>enim</strong></span> 
     </span>
    </p>
   </div>
   <div class='ocr_carea' id='block_1_19' title="bbox 557 1912 2124 1988">
    <p class='ocr_par' dir='ltr' id='par_1_19' title="bbox 557 1912 2124 1988">
     <span class='ocr_line' id='line_1_19' title="bbox 557 1912 2124 1988; baseline -0.003 -17"><span class='ocrx_word' id='word_1_150' title='bbox 557 1935 691 1973; x_wconf 91' lang='lat' dir='ltr'><strong>unus</strong></span> <span class='ocrx_word' id='word_1_151' title='bbox 707 1918 864 1973; x_wconf 85' lang='lat' dir='ltr'><strong>homo</strong></span> <span class='ocrx_word' id='word_1_152' title='bbox 881 1927 1027 1988; x_wconf 78' lang='lat' dir='ltr'><strong>rogat</strong></span> <span class='ocrx_word' id='word_1_153' title='bbox 1046 1918 1232 1983; x_wconf 89' lang='lat' dir='ltr'><strong>Deum,</strong></span> <span class='ocrx_word' id='word_1_154' title='bbox 1251 1916 1485 1971; x_wconf 87' lang='lat' dir='ltr'><strong>membra</strong></span> <span class='ocrx_word' id='word_1_155' title='bbox 1500 1914 1690 1971; x_wconf 84' lang='lat' dir='ltr'><strong>Christi</strong></span> <span class='ocrx_word' id='word_1_156' title='bbox 1701 1929 1914 1985; x_wconf 84' lang='lat' dir='ltr'><strong>,corpus</strong></span> <span class='ocrx_word' id='word_1_157' title='bbox 1925 1912 2124 1968; x_wconf 87' lang='lat' dir='ltr'><strong>Christi</strong></span> 
     </span>
    </p>
   </div>
   <div class='ocr_carea' id='block_1_20' title="bbox 554 2003 2127 2083">
    <p class='ocr_par' dir='ltr' id='par_1_20' title="bbox 554 2003 2127 2083">
     <span class='ocr_line' id='line_1_20' title="bbox 554 2003 2127 2083; baseline -0.006 -18"><span class='ocrx_word' id='word_1_158' title='bbox 554 2009 1030 2083; x_wconf 73' lang='lat' dir='ltr'><strong>nbiquedill‘nsum,</strong></span> <span class='ocrx_word' id='word_1_159' title='bbox 1048 2023 1185 2063; x_wconf 90' lang='lat' dir='ltr'><strong>unus</strong></span> <span class='ocrx_word' id='word_1_160' title='bbox 1204 2006 1500 2071; x_wconf 79' lang='lat' dir='ltr'><strong>mendicus,</strong></span> <span class='ocrx_word' id='word_1_161' title='bbox 1515 2020 1650 2065; x_wconf 88' lang='lat' dir='ltr'><strong>unus</strong></span> <span class='ocrx_word' id='word_1_162' title='bbox 1680 2019 1904 2074; x_wconf 84' lang='lat' dir='ltr'><strong>pauper;</strong></span> <span class='ocrx_word' id='word_1_163' title='bbox 1933 2003 2050 2074; x_wconf 84' lang='lat' dir='ltr'><strong>quia</strong></span> <span class='ocrx_word' id='word_1_164' title='bbox 2072 2010 2127 2061; x_wconf 72' lang='lat' dir='ltr'><strong>et</strong></span> 
     </span>
    </p>
   </div>
   <div class='ocr_carea' id='block_1_21' title="bbox 554 2086 2125 2171">
    <p class='ocr_par' dir='ltr' id='par_1_21' title="bbox 554 2086 2125 2171">
     <span class='ocr_line' id='line_1_21' title="bbox 554 2086 2125 2171; baseline -0.004 -18"><span class='ocrx_word' id='word_1_165' title='bbox 554 2101 641 2155; x_wconf 87' lang='lat' dir='ltr'><strong>ille</strong></span> <span class='ocrx_word' id='word_1_166' title='bbox 660 2086 876 2171; x_wconf 67' lang='lat' dir='ltr'><strong>pauper,</strong></span> <span class='ocrx_word' id='word_1_167' title='bbox 894 2098 981 2168; x_wconf 90' lang='lat' dir='ltr'><strong>qui</strong></span> <span class='ocrx_word' id='word_1_168' title='bbox 1000 2097 1147 2153; x_wconf 84' lang='lat' dir='ltr'><strong>dives</strong></span> <span class='ocrx_word' id='word_1_169' title='bbox 1167 2112 1364 2166; x_wconf 85' lang='lat' dir='ltr'><strong>pauper</strong></span> <span class='ocrx_word' id='word_1_170' title='bbox 1391 2095 1557 2151; x_wconf 81' lang='lat' dir='ltr'><strong>lactus</strong></span> <span class='ocrx_word' id='word_1_171' title='bbox 1572 2104 1673 2161; x_wconf 83' lang='lat' dir='ltr'><strong>est,</strong></span> <span class='ocrx_word' id='word_1_172' title='bbox 1692 2095 1760 2150; x_wconf 89' lang='lat' dir='ltr'><strong>de</strong></span> <span class='ocrx_word' id='word_1_173' title='bbox 1773 2109 1877 2165; x_wconf 92' lang='lat' dir='ltr'><strong>quo</strong></span> <span class='ocrx_word' id='word_1_174' title='bbox 1901 2096 1972 2148; x_wconf 90' lang='lat' dir='ltr'><strong>ait</strong></span> <span class='ocrx_word' id='word_1_175' title='bbox 1991 2095 2028 2148; x_wconf 86' lang='lat' dir='ltr'><strong>A</strong></span> <span class='ocrx_word' id='word_1_176' title='bbox 2041 2108 2125 2163; x_wconf 83' lang='lat' dir='ltr'><strong>po-</strong></span> 
     </span>
    </p>
   </div>
   <div class='ocr_carea' id='block_1_22' title="bbox 549 2186 2125 2259">
    <p class='ocr_par' dir='ltr' id='par_1_22' title="bbox 549 2186 2125 2259">
     <span class='ocr_line' id='line_1_22' title="bbox 549 2186 2125 2259; baseline -0.004 -14"><span class='ocrx_word' id='word_1_177' title='bbox 549 2192 722 2245; x_wconf 87' lang='lat' dir='ltr'><strong>stolns</strong></span> <span class='ocrx_word' id='word_1_178' title='bbox 742 2209 757 2245; x_wconf 89' lang='lat'><strong>:</strong></span> <span class='ocrx_word' id='word_1_179' title='bbox 774 2190 898 2253; x_wconf 80' lang='lat' dir='ltr'><strong>Cum</strong></span> <span class='ocrx_word' id='word_1_180' title='bbox 917 2190 1051 2243; x_wconf 82' lang='lat' dir='ltr'><strong>dives</strong></span> <span class='ocrx_word' id='word_1_181' title='bbox 1071 2198 1216 2251; x_wconf 86' lang='lat' dir='ltr'><strong>esset,</strong></span> <span class='ocrx_word' id='word_1_182' title='bbox 1243 2204 1435 2259; x_wconf 84' lang='lat' dir='ltr'><strong>pauper</strong></span> <span class='ocrx_word' id='word_1_183' title='bbox 1455 2191 1618 2258; x_wconf 78' lang='lat' dir='ltr'><strong>fartus</strong></span> <span class='ocrx_word' id='word_1_184' title='bbox 1634 2196 1725 2251; x_wconf 89' lang='lat' dir='ltr'><strong>est,</strong></span> <span class='ocrx_word' id='word_1_185' title='bbox 1750 2198 1804 2240; x_wconf 84' lang='lat' dir='ltr'><strong>ut</strong></span> <span class='ocrx_word' id='word_1_186' title='bbox 1819 2186 1978 2255; x_wconf 81' lang='lat' dir='ltr'><strong>ipsius</strong></span> <span class='ocrx_word' id='word_1_187' title='bbox 1996 2202 2125 2255; x_wconf 84' lang='lat' dir='ltr'><strong>pau-</strong></span> 
     </span>
    </p>
   </div>
   <div class='ocr_carea' id='block_1_23' title="bbox 553 2278 2126 2357">
    <p class='ocr_par' dir='ltr' id='par_1_23' title="bbox 553 2278 2126 2357">
     <span class='ocr_line' id='line_1_23' title="bbox 553 2278 2126 2357; baseline -0.003 -20"><span class='ocrx_word' id='word_1_188' title='bbox 553 2291 742 2353; x_wconf 84' lang='lat' dir='ltr'><strong>pertote</strong></span> <span class='ocrx_word' id='word_1_189' title='bbox 760 2299 846 2337; x_wconf 77' lang='lat' dir='ltr'><strong>vos</strong></span> <span class='ocrx_word' id='word_1_190' title='bbox 877 2281 1161 2339; x_wconf 83' lang='lat' dir='ltr'><strong>ditaremini</strong></span> <span class='ocrx_word' id='word_1_191' title='bbox 1188 2280 1264 2351; x_wconf 89' lang='lat' dir='ltr'><strong>(ll</strong></span> <span class='ocrx_word' id='word_1_192' title='bbox 1284 2278 1402 2336; x_wconf 88' lang='lat' dir='ltr'><strong>Cor.</strong></span> <span class='ocrx_word' id='word_1_193' title='bbox 1425 2296 1540 2344; x_wconf 87' lang='lat' dir='ltr'><strong>vtu,</strong></span> <span class='ocrx_word' id='word_1_194' title='bbox 1568 2279 1666 2351; x_wconf 88' lang='lat'><strong>9):</strong></span> <span class='ocrx_word' id='word_1_195' title='bbox 1690 2293 1845 2357; x_wconf 72' lang='lat' dir='ltr'><strong>veros</strong></span> <span class='ocrx_word' id='word_1_196' title='bbox 1869 2293 2126 2351; x_wconf 81' lang='lat' dir='ltr'><strong>pauperes</strong></span> 
     </span>
    </p>
   </div>
   <div class='ocr_carea' id='block_1_24' title="bbox 553 2369 2121 2445">
    <p class='ocr_par' dir='ltr' id='par_1_24' title="bbox 553 2369 2121 2445">
     <span class='ocr_line' id='line_1_24' title="bbox 553 2369 2121 2445; baseline -0.006 -12"><span class='ocrx_word' id='word_1_197' title='bbox 553 2376 704 2440; x_wconf 87' lang='lat' dir='ltr'><strong>ditat,</strong></span> <span class='ocrx_word' id='word_1_198' title='bbox 727 2374 885 2428; x_wconf 79' lang='lat' dir='ltr'><strong>falsos</strong></span> <span class='ocrx_word' id='word_1_199' title='bbox 900 2373 1089 2427; x_wconf 90' lang='lat' dir='ltr'><strong>divites</strong></span> <span class='ocrx_word' id='word_1_200' title='bbox 1105 2380 1376 2445; x_wconf 85' lang='lat' dir='ltr'><strong>pauperat.</strong></span> <span class='ocrx_word' id='word_1_201' title='bbox 1395 2370 1599 2427; x_wconf 83' lang='lat' dir='ltr'><strong>Clamat</strong></span> <span class='ocrx_word' id='word_1_202' title='bbox 1620 2369 1684 2425; x_wconf 90' lang='lat' dir='ltr'><strong>ad</strong></span> <span class='ocrx_word' id='word_1_203' title='bbox 1698 2385 1816 2424; x_wconf 89' lang='lat' dir='ltr'><strong>eum</strong></span> <span class='ocrx_word' id='word_1_204' title='bbox 1841 2387 1852 2422; x_wconf 93' lang='lat'>:</span> <span class='ocrx_word' id='word_1_205' title='bbox 1872 2369 1915 2421; x_wconf 82' lang='grc' dir='ltr'><em>Α</em></span> <span class='ocrx_word' id='word_1_206' title='bbox 1936 2369 2121 2443; x_wconf 72' lang='lat' dir='ltr'><strong>ﬁnibus</strong></span> 
     </span>
    </p>
   </div>
   <div class='ocr_carea' id='block_1_25' title="bbox 552 2457 2121 2529">
    <p class='ocr_par' dir='ltr' id='par_1_25' title="bbox 552 2457 2121 2529">
     <span class='ocr_line' id='line_1_25' title="bbox 552 2457 2121 2529; baseline -0.005 -11"><span class='ocrx_word' id='word_1_207' title='bbox 552 2475 700 2518; x_wconf 78' lang='lat' dir='ltr'><strong>terra:</strong></span> <span class='ocrx_word' id='word_1_208' title='bbox 714 2463 780 2516; x_wconf 85' lang='lat' dir='ltr'><strong>ad</strong></span> <span class='ocrx_word' id='word_1_209' title='bbox 791 2473 837 2516; x_wconf 86' lang='lat' dir='ltr'><strong>te</strong></span> <span class='ocrx_word' id='word_1_210' title='bbox 856 2462 1085 2528; x_wconf 87' lang='lat' dir='ltr'><strong>clamavi,</strong></span> <span class='ocrx_word' id='word_1_211' title='bbox 1101 2478 1215 2515; x_wconf 83' lang='lat' dir='ltr'><strong>cum</strong></span> <span class='ocrx_word' id='word_1_212' title='bbox 1232 2460 1432 2514; x_wconf 78' lang='lat' dir='ltr'><strong>twderet</strong></span> <span class='ocrx_word' id='word_1_213' title='bbox 1443 2460 1662 2515; x_wconf 84' lang='lat' dir='ltr'><strong>animam</strong></span> <span class='ocrx_word' id='word_1_214' title='bbox 1679 2475 1838 2513; x_wconf 84' lang='lat' dir='ltr'><strong>meant</strong></span> <span class='ocrx_word' id='word_1_215' title='bbox 1855 2457 2121 2529; x_wconf 81' lang='lat' dir='ltr'><strong>(Psal.l.x,</strong></span> 
     </span>
    </p>
   </div>
   <div class='ocr_carea' id='block_1_26' title="bbox 550 2548 2127 2625">
    <p class='ocr_par' dir='ltr' id='par_1_26' title="bbox 550 2548 2127 2625">
     <span class='ocr_line' id='line_1_26' title="bbox 550 2548 2127 2625; baseline -0.004 -15"><span class='ocrx_word' id='word_1_216' title='bbox 550 2555 628 2625; x_wconf 80' lang='lat'><strong>3).</strong></span> <span class='ocrx_word' id='word_1_217' title='bbox 658 2554 886 2611; x_wconf 83' lang='lat' dir='ltr'><strong>Venieut</strong></span> <span class='ocrx_word' id='word_1_218' title='bbox 906 2553 1021 2608; x_wconf 87' lang='lat' dir='ltr'><strong>dies</strong></span> <span class='ocrx_word' id='word_1_219' title='bbox 1054 2551 1449 2611; x_wconf 78' lang='lat' dir='ltr'><strong>tribulationum</strong></span> <span class='ocrx_word' id='word_1_220' title='bbox 1474 2559 1528 2606; x_wconf 91' lang='lat' dir='ltr'><strong>et</strong></span> <span class='ocrx_word' id='word_1_221' title='bbox 1552 2550 1810 2619; x_wconf 80' lang='lat' dir='ltr'><strong>majorum</strong></span> <span class='ocrx_word' id='word_1_222' title='bbox 1834 2548 2127 2605; x_wconf 84' lang='lat' dir='ltr'><strong>tribulatio-</strong></span> 
     </span>
    </p>
   </div>
   <div class='ocr_carea' id='block_1_27' title="bbox 547 2630 2125 2714">
    <p class='ocr_par' dir='ltr' id='par_1_27' title="bbox 547 2630 2125 2714">
     <span class='ocr_line' id='line_1_27' title="bbox 547 2630 2125 2714; baseline -0.003 -13"><span class='ocrx_word' id='word_1_223' title='bbox 547 2663 677 2707; x_wconf 83' lang='lat' dir='ltr'><strong>num</strong></span> <span class='ocrx_word' id='word_1_224' title='bbox 693 2648 732 2698; x_wconf 76' lang='grc' dir='ltr'>ἐ</span> <span class='ocrx_word' id='word_1_225' title='bbox 754 2647 987 2712; x_wconf 76' lang='lat' dir='ltr'><strong>venient,</strong></span> <span class='ocrx_word' id='word_1_226' title='bbox 1005 2644 1141 2699; x_wconf 89' lang='lat' dir='ltr'><strong>sicut</strong></span> <span class='ocrx_word' id='word_1_227' title='bbox 1154 2644 1282 2699; x_wconf 89' lang='lat' dir='ltr'><strong>dicit</strong></span> <span class='ocrx_word' id='word_1_228' title='bbox 1298 2643 1569 2714; x_wconf 88' lang='lat' dir='ltr'><strong>Scriptura</strong></span> <span class='ocrx_word' id='word_1_229' title='bbox 1585 2657 1606 2707; x_wconf 89' lang='lat'><strong>;</strong></span> <span class='ocrx_word' id='word_1_230' title='bbox 1621 2651 1675 2698; x_wconf 89' lang='lat' dir='ltr'><strong>et</strong></span> <span class='ocrx_word' id='word_1_231' title='bbox 1690 2630 1942 2713; x_wconf 84' lang='lat' dir='ltr'><strong>quantum</strong></span> <span class='ocrx_word' id='word_1_232' title='bbox 1969 2657 2125 2697; x_wconf 88' lang='lat' dir='ltr'><strong>acce-</strong></span> 
     </span>
    </p>
   </div>
   <div class='ocr_carea' id='block_1_28' title="bbox 548 2734 2127 2809">
    <p class='ocr_par' dir='ltr' id='par_1_28' title="bbox 548 2734 2127 2809">
     <span class='ocr_line' id='line_1_28' title="bbox 548 2734 2127 2809; baseline -0.004 -15"><span class='ocrx_word' id='word_1_233' title='bbox 548 2740 684 2795; x_wconf 83' lang='lat' dir='ltr'><strong>dunt</strong></span> <span class='ocrx_word' id='word_1_234' title='bbox 708 2738 843 2805; x_wconf 90' lang='lat' dir='ltr'><strong>dies,</strong></span> <span class='ocrx_word' id='word_1_235' title='bbox 864 2747 1124 2809; x_wconf 73' lang='lat' dir='ltr'><strong>augentur</strong></span> <span class='ocrx_word' id='word_1_236' title='bbox 1140 2736 1526 2792; x_wconf 88' lang='lat' dir='ltr'><strong>tribulationes.</strong></span> <span class='ocrx_word' id='word_1_237' title='bbox 1544 2734 1711 2791; x_wconf 85' lang='lat' dir='ltr'><strong>Nemo</strong></span> <span class='ocrx_word' id='word_1_238' title='bbox 1728 2734 1838 2790; x_wconf 86' lang='lat' dir='ltr'><strong>&#39;sibi</strong></span> <span class='ocrx_word' id='word_1_239' title='bbox 1859 2734 2127 2804; x_wconf 85' lang='lat' dir='ltr'><strong>promittat</strong></span> 
     </span>
    </p>
   </div>
   <div class='ocr_carea' id='block_1_29' title="bbox 546 2814 2125 2902">
    <p class='ocr_par' dir='ltr' id='par_1_29' title="bbox 546 2814 2125 2902">
     <span class='ocr_line' id='line_1_29' title="bbox 546 2814 2125 2902; baseline -0.001 -19"><span class='ocrx_word' id='word_1_240' title='bbox 546 2832 689 2902; x_wconf 88' lang='lat' dir='ltr'><strong>quod</strong></span> <span class='ocrx_word' id='word_1_241' title='bbox 719 2831 1056 2901; x_wconf 63' lang='lat' dir='ltr'><strong>Evangelium</strong></span> <span class='ocrx_word' id='word_1_242' title='bbox 1086 2844 1189 2883; x_wconf 90' lang='lat' dir='ltr'><strong>non</strong></span> <span class='ocrx_word' id='word_1_243' title='bbox 1212 2829 1498 2900; x_wconf 87' lang='lat' dir='ltr'><strong>promittit.</strong></span> <span class='ocrx_word' id='word_1_244' title='bbox 1520 2828 1736 2883; x_wconf 82' lang='lat' dir='ltr'><strong>Fratres</strong></span> <span class='ocrx_word' id='word_1_245' title='bbox 1753 2814 1885 2893; x_wconf 79' lang='lat' dir='ltr'><strong>mei,‘</strong></span> <span class='ocrx_word' id='word_1_246' title='bbox 1903 2827 2125 2882; x_wconf 79' lang='lat' dir='ltr'><strong>obsecro</strong></span> 
     </span>
    </p>
   </div>
   <div class='ocr_carea' id='block_1_30' title="bbox 557 2917 2121 2992">
    <p class='ocr_par' dir='ltr' id='par_1_30' title="bbox 557 2917 2121 2992">
     <span class='ocr_line' id='line_1_30' title="bbox 557 2917 2121 2992; baseline -0.003 -14"><span class='ocrx_word' id='word_1_247' title='bbox 557 2940 670 2987; x_wconf 81' lang='lat' dir='ltr'><strong>vos,</strong></span> <span class='ocrx_word' id='word_1_248' title='bbox 689 2924 941 2980; x_wconf 84' lang='lat' dir='ltr'><strong>attendite</strong></span> <span class='ocrx_word' id='word_1_249' title='bbox 957 2924 1254 2992; x_wconf 89' lang='lat' dir='ltr'><strong>Scripturas</strong></span> <span class='ocrx_word' id='word_1_250' title='bbox 1276 2931 1505 2979; x_wconf 88' lang='lat' dir='ltr'><strong>nostras.</strong></span> <span class='ocrx_word' id='word_1_251' title='bbox 1524 2919 1569 2974; x_wconf 85' lang='lat' dir='ltr'><strong>si</strong></span> <span class='ocrx_word' id='word_1_252' title='bbox 1585 2919 1781 2990; x_wconf 90' lang='lat' dir='ltr'><strong>aliquid</strong></span> <span class='ocrx_word' id='word_1_253' title='bbox 1806 2917 2121 2985; x_wconf 82' lang='lat' dir='ltr'><strong>fefellerunt;</strong></span> 
     </span>
    </p>
   </div>
   <div class='ocr_carea' id='block_1_31' title="bbox 547 3011 2125 3084">
    <p class='ocr_par' dir='ltr' id='par_1_31' title="bbox 547 3011 2125 3084">
     <span class='ocr_line' id='line_1_31' title="bbox 547 3011 2125 3084; baseline -0.001 -14"><span class='ocrx_word' id='word_1_254' title='bbox 547 3017 596 3070; x_wconf 89' lang='lat' dir='ltr'><strong>si</strong></span> <span class='ocrx_word' id='word_1_255' title='bbox 611 3015 807 3084; x_wconf 90' lang='lat' dir='ltr'><strong>aliquid</strong></span> <span class='ocrx_word' id='word_1_256' title='bbox 829 3015 1097 3078; x_wconf 80' lang='lat' dir='ltr'><strong>dixerunt,</strong></span> <span class='ocrx_word' id='word_1_257' title='bbox 1116 3022 1169 3069; x_wconf 88' lang='lat' dir='ltr'><strong>et</strong></span> <span class='ocrx_word' id='word_1_258' title='bbox 1182 3014 1337 3068; x_wconf 88' lang='lat' dir='ltr'><strong>aliter</strong></span> <span class='ocrx_word' id='word_1_259' title='bbox 1354 3011 1721 3082; x_wconf 89' lang='lat' dir='ltr'><strong>acciditquam</strong></span> <span class='ocrx_word' id='word_1_260' title='bbox 1737 3011 2013 3067; x_wconf 79' lang='lat' dir='ltr'><strong>dixerunt:</strong></span> <span class='ocrx_word' id='word_1_261' title='bbox 2028 3027 2125 3068; x_wconf 91' lang='lat' dir='ltr'><strong>ne-</strong></span> 
     </span>
    </p>
   </div>
   <div class='ocr_carea' id='block_1_32' title="bbox 552 3103 2128 3176">
    <p class='ocr_par' dir='ltr' id='par_1_32' title="bbox 552 3103 2128 3176">
     <span class='ocr_line' id='line_1_32' title="bbox 552 3103 2128 3176; baseline -0.002 -14"><span class='ocrx_word' id='word_1_262' title='bbox 552 3122 704 3162; x_wconf 88' lang='lat' dir='ltr'><strong>cesse</strong></span> <span class='ocrx_word' id='word_1_263' title='bbox 720 3115 822 3170; x_wconf 89' lang='lat' dir='ltr'><strong>est,</strong></span> <span class='ocrx_word' id='word_1_264' title='bbox 839 3116 895 3161; x_wconf 92' lang='lat' dir='ltr'><strong>ut</strong></span> <span class='ocrx_word' id='word_1_265' title='bbox 913 3121 1078 3176; x_wconf 80' lang='lat' dir='ltr'><strong>usque</strong></span> <span class='ocrx_word' id='word_1_266' title='bbox 1094 3106 1146 3160; x_wconf 92' lang='lat' dir='ltr'><strong>in</strong></span> <span class='ocrx_word' id='word_1_267' title='bbox 1164 3104 1322 3160; x_wconf 91' lang='lat' dir='ltr'><strong>ﬁnem</strong></span> <span class='ocrx_word' id='word_1_268' title='bbox 1338 3104 1416 3158; x_wconf 90' lang='lat' dir='ltr'><strong>sic</strong></span> <span class='ocrx_word' id='word_1_269' title='bbox 1432 3103 1770 3171; x_wconf 87' lang='lat' dir='ltr'><strong>tiantomnia,</strong></span> <span class='ocrx_word' id='word_1_270' title='bbox 1786 3103 2128 3176; x_wconf 89' lang='lat' dir='ltr'><strong>quemadmo-</strong></span> 
     </span>
    </p>
   </div>
   <div class='ocr_carea' id='block_1_33' title="bbox 552 3193 2127 3267">
    <p class='ocr_par' dir='ltr' id='par_1_33' title="bbox 552 3193 2127 3267">
     <span class='ocr_line' id='line_1_33' title="bbox 552 3193 2127 3267; baseline -0.002 -13"><span class='ocrx_word' id='word_1_271' title='bbox 552 3198 677 3254; x_wconf 88' lang='lat' dir='ltr'><strong>dum</strong></span> <span class='ocrx_word' id='word_1_272' title='bbox 695 3197 960 3253; x_wconf 86' lang='lat' dir='ltr'><strong>dixerunt.</strong></span> <span class='ocrx_word' id='word_1_273' title='bbox 986 3195 1102 3250; x_wconf 89' lang='lat' dir='ltr'><strong>Non</strong></span> <span class='ocrx_word' id='word_1_274' title='bbox 1125 3195 1277 3250; x_wconf 88' lang='lat' dir='ltr'><strong>nobis</strong></span> <span class='ocrx_word' id='word_1_275' title='bbox 1301 3194 1612 3267; x_wconf 90' lang='lat' dir='ltr'><strong>promittunt</strong></span> <span class='ocrx_word' id='word_1_276' title='bbox 1626 3193 1914 3266; x_wconf 78' lang='lat' dir='ltr'><strong>Scriptura:</strong></span> <span class='ocrx_word' id='word_1_277' title='bbox 1930 3206 2127 3251; x_wconf 75' lang='lat' dir='ltr'><strong>nostra:</strong></span> 
     </span>
    </p>
   </div>
   <div class='ocr_carea' id='block_1_34' title="bbox 554 3286 2121 3358">
    <p class='ocr_par' dir='ltr' id='par_1_34' title="bbox 554 3286 2121 3358">
     <span class='ocr_line' id='line_1_34' title="bbox 554 3286 2121 3358; baseline -0.003 -15"><span class='ocrx_word' id='word_1_278' title='bbox 554 3290 608 3343; x_wconf 90' lang='lat' dir='ltr'><strong>in</strong></span> <span class='ocrx_word' id='word_1_279' title='bbox 630 3288 730 3342; x_wconf 87' lang='lat' dir='ltr'><strong>huc</strong></span> <span class='ocrx_word' id='word_1_280' title='bbox 746 3287 958 3353; x_wconf 70' lang='lat' dir='ltr'><strong>sarculo,</strong></span> <span class='ocrx_word' id='word_1_281' title='bbox 986 3287 1083 3341; x_wconf 91' lang='lat' dir='ltr'><strong>nisi</strong></span> <span class='ocrx_word' id='word_1_282' title='bbox 1102 3286 1489 3348; x_wconf 87' lang='lat' dir='ltr'><strong>tribulationes,</strong></span> <span class='ocrx_word' id='word_1_283' title='bbox 1514 3300 1812 3357; x_wconf 79' lang='lat' dir='ltr'><strong>pressurus,</strong></span> <span class='ocrx_word' id='word_1_284' title='bbox 1832 3287 2121 3358; x_wconf 76' lang='lat' dir='ltr'><strong>angustias,</strong></span> 
     </span>
    </p>
   </div>
   <div class='ocr_carea' id='block_1_35' title="bbox 552 3376 2124 3448">
    <p class='ocr_par' dir='ltr' id='par_1_35' title="bbox 552 3376 2124 3448">
     <span class='ocr_line' id='line_1_35' title="bbox 552 3376 2124 3448; baseline 0.001 -16"><span class='ocrx_word' id='word_1_285' title='bbox 552 3387 833 3448; x_wconf 84' lang='lat' dir='ltr'><strong>augmenta</strong></span> <span class='ocrx_word' id='word_1_286' title='bbox 878 3378 1155 3443; x_wconf 91' lang='lat' dir='ltr'><strong>dolorum,</strong></span> <span class='ocrx_word' id='word_1_287' title='bbox 1206 3376 1583 3433; x_wconf 84' lang='lat' dir='ltr'><strong>abundantiam</strong></span> <span class='ocrx_word' id='word_1_288' title='bbox 1632 3378 2001 3433; x_wconf 90' lang='lat' dir='ltr'><strong>tentationum.</strong></span> <span class='ocrx_word' id='word_1_289' title='bbox 2044 3378 2124 3433; x_wconf 86' lang='lat' dir='ltr'><strong>Ad</strong></span> 
     </span>
    </p>
   </div>
   <div class='ocr_carea' id='block_1_36' title="bbox 556 3468 2122 3540">
    <p class='ocr_par' dir='ltr' id='par_1_36' title="bbox 556 3468 2122 3540">
     <span class='ocr_line' id='line_1_36' title="bbox 556 3468 2122 3540; baseline 0 -18"><span class='ocrx_word' id='word_1_290' title='bbox 556 3471 654 3525; x_wconf 90' lang='lat' dir='ltr'><strong>ista</strong></span> <span class='ocrx_word' id='word_1_291' title='bbox 685 3485 780 3524; x_wconf 82' lang='lat' dir='ltr'><strong>nos</strong></span> <span class='ocrx_word' id='word_1_292' title='bbox 817 3469 1080 3540; x_wconf 75' lang='lat' dir='ltr'><strong>praecipue</strong></span> <span class='ocrx_word' id='word_1_293' title='bbox 1122 3482 1385 3538; x_wconf 84' lang='lat' dir='ltr'><strong>paremus,</strong></span> <span class='ocrx_word' id='word_1_294' title='bbox 1419 3484 1484 3523; x_wconf 89' lang='lat' dir='ltr'><strong>ne</strong></span> <span class='ocrx_word' id='word_1_295' title='bbox 1527 3469 1766 3539; x_wconf 81' lang='lat' dir='ltr'><strong>imparati</strong></span> <span class='ocrx_word' id='word_1_296' title='bbox 1796 3468 2122 3524; x_wconf 82' lang='lat' dir='ltr'><strong>deﬁciamus.</strong></span> 
     </span>
    </p>
   </div>
   <div class='ocr_carea' id='block_1_37' title="bbox 568 3558 2121 3633">
    <p class='ocr_par' dir='ltr' id='par_1_37' title="bbox 568 3558 2121 3633">
     <span class='ocr_line' id='line_1_37' title="bbox 568 3558 2121 3633; baseline 0 -19"><span class='ocrx_word' id='word_1_297' title='bbox 568 3561 651 3616; x_wconf 72' lang='lat' dir='ltr'><strong>Va:</strong></span> <span class='ocrx_word' id='word_1_298' title='bbox 699 3558 1069 3633; x_wconf 77' lang='lat' dir='ltr'><strong>prazgnantibus</strong></span> <span class='ocrx_word' id='word_1_299' title='bbox 1098 3568 1144 3612; x_wconf 78' lang='lat' dir='ltr'><strong>et</strong></span> <span class='ocrx_word' id='word_1_300' title='bbox 1173 3559 1555 3617; x_wconf 85' lang='lat' dir='ltr'><strong>mammantibus</strong></span> <span class='ocrx_word' id='word_1_301' title='bbox 1577 3558 1782 3631; x_wconf 64' lang='lat' dir='ltr'><strong>(Matth.</strong></span> <span class='ocrx_word' id='word_1_302' title='bbox 1815 3576 1965 3626; x_wconf 75' lang='lat' dir='ltr'><strong>xxiv,</strong></span> <span class='ocrx_word' id='word_1_303' title='bbox 1996 3560 2082 3631; x_wconf 82' lang='grc'><strong>19)</strong></span> <span class='ocrx_word' id='word_1_304' title='bbox 2108 3579 2121 3614; x_wconf 92' lang='lat'><strong>:</strong></span> 
     </span>
    </p>
   </div>
   <div class='ocr_carea' id='block_1_38' title="bbox 554 3651 2124 3722">
    <p class='ocr_par' dir='ltr' id='par_1_38' title="bbox 554 3651 2124 3722">
     <span class='ocr_line' id='line_1_38' title="bbox 554 3651 2124 3722; baseline 0.001 -15"><span class='ocrx_word' id='word_1_305' title='bbox 554 3652 713 3707; x_wconf 88' lang='lat' dir='ltr'><strong>modo</strong></span> <span class='ocrx_word' id='word_1_306' title='bbox 764 3651 1003 3706; x_wconf 87' lang='lat' dir='ltr'><strong>audistis.</strong></span> <span class='ocrx_word' id='word_1_307' title='bbox 1058 3651 1396 3722; x_wconf 67' lang='lat' dir='ltr'><strong>Praegnantes</strong></span> <span class='ocrx_word' id='word_1_308' title='bbox 1437 3651 1725 3721; x_wconf 81' lang='lat' dir='ltr'><strong>sunt,,qui</strong></span> <span class='ocrx_word' id='word_1_309' title='bbox 1771 3666 1866 3722; x_wconf 88' lang='lat' dir='ltr'><strong>spe</strong></span> <span class='ocrx_word' id='word_1_310' title='bbox 1893 3652 2124 3708; x_wconf 90' lang='lat' dir='ltr'><strong>intume-</strong></span> 
     </span>
    </p>
   </div>
   <div class='ocr_carea' id='block_1_39' title="bbox 553 3740 2125 3818">
    <p class='ocr_par' dir='ltr' id='par_1_39' title="bbox 553 3740 2125 3818">
     <span class='ocr_line' id='line_1_39' title="bbox 553 3740 2125 3818; baseline -0.001 -20"><span class='ocrx_word' id='word_1_311' title='bbox 553 3753 707 3799; x_wconf 91' lang='lat' dir='ltr'><strong>scunt</strong></span> <span class='ocrx_word' id='word_1_312' title='bbox 736 3762 749 3797; x_wconf 90' lang='lat'><strong>:</strong></span> <span class='ocrx_word' id='word_1_313' title='bbox 783 3752 1132 3798; x_wconf 86' lang='lat' dir='ltr'><strong>mammantes</strong></span> <span class='ocrx_word' id='word_1_314' title='bbox 1166 3751 1366 3809; x_wconf 89' lang='lat' dir='ltr'><strong>autem,</strong></span> <span class='ocrx_word' id='word_1_315' title='bbox 1392 3740 1444 3795; x_wconf 86' lang='lat' dir='ltr'><strong>id</strong></span> <span class='ocrx_word' id='word_1_316' title='bbox 1471 3750 1555 3797; x_wconf 89' lang='lat' dir='ltr'><strong>est</strong></span> <span class='ocrx_word' id='word_1_317' title='bbox 1580 3742 1866 3807; x_wconf 90' lang='lat' dir='ltr'><strong>lactantes,</strong></span> <span class='ocrx_word' id='word_1_318' title='bbox 1894 3742 1983 3818; x_wconf 83' lang='lat' dir='ltr'><strong>qui</strong></span> <span class='ocrx_word' id='word_1_319' title='bbox 2014 3742 2125 3811; x_wconf 86' lang='lat' dir='ltr'><strong>jam</strong></span> 
     </span>
    </p>
   </div>
   <div class='ocr_carea' id='block_1_40' title="bbox 561 3832 2124 3905">
    <p class='ocr_par' dir='ltr' id='par_1_40' title="bbox 561 3832 2124 3905">
     <span class='ocr_line' id='line_1_40' title="bbox 561 3832 2124 3905; baseline -0.001 -16"><span class='ocrx_word' id='word_1_320' title='bbox 561 3835 738 3905; x_wconf 85' lang='lat' dir='ltr'><strong>adepti</strong></span> <span class='ocrx_word' id='word_1_321' title='bbox 765 3843 888 3889; x_wconf 86' lang='lat' dir='ltr'><strong>sunt</strong></span> <span class='ocrx_word' id='word_1_322' title='bbox 933 3833 1071 3905; x_wconf 86' lang='lat' dir='ltr'><strong>quod</strong></span> <span class='ocrx_word' id='word_1_323' title='bbox 1106 3834 1503 3903; x_wconf 86' lang='lat' dir='ltr'><strong>concupierant.</strong></span> <span class='ocrx_word' id='word_1_324' title='bbox 1531 3833 1741 3903; x_wconf 72' lang='lat' dir='ltr'><strong>Etenim</strong></span> <span class='ocrx_word' id='word_1_325' title='bbox 1768 3832 1956 3895; x_wconf 82' lang='lat' dir='ltr'><strong>mulier</strong></span> <span class='ocrx_word' id='word_1_326' title='bbox 1985 3848 2124 3904; x_wconf 79' lang='lat' dir='ltr'><strong>prae—</strong></span> 
     </span>
    </p>
   </div>
   <div class='ocr_carea' id='block_1_41' title="bbox 554 3924 2125 3996">
    <p class='ocr_par' dir='ltr' id='par_1_41' title="bbox 554 3924 2125 3996">
     <span class='ocr_line' id='line_1_41' title="bbox 554 3924 2125 3996; baseline 0.001 -18"><span class='ocrx_word' id='word_1_327' title='bbox 554 3938 723 3996; x_wconf 79' lang='lat' dir='ltr'><strong>guans</strong></span> <span class='ocrx_word' id='word_1_328' title='bbox 767 3926 819 3979; x_wconf 91' lang='lat' dir='ltr'><strong>in</strong></span> <span class='ocrx_word' id='word_1_329' title='bbox 864 3938 959 3995; x_wconf 84' lang='lat' dir='ltr'><strong>spe</strong></span> <span class='ocrx_word' id='word_1_330' title='bbox 984 3934 1150 3980; x_wconf 85' lang='lat' dir='ltr'><strong>tumet</strong></span> <span class='ocrx_word' id='word_1_331' title='bbox 1185 3925 1299 3991; x_wconf 86' lang='lat' dir='ltr'><strong>lilii,</strong></span> <span class='ocrx_word' id='word_1_332' title='bbox 1337 3924 1571 3980; x_wconf 90' lang='lat' dir='ltr'><strong>nondum</strong></span> <span class='ocrx_word' id='word_1_333' title='bbox 1601 3924 1742 3979; x_wconf 89' lang='lat' dir='ltr'><strong>videt</strong></span> <span class='ocrx_word' id='word_1_334' title='bbox 1772 3924 1935 3978; x_wconf 86' lang='lat' dir='ltr'><strong>ﬁlium</strong></span> <span class='ocrx_word' id='word_1_335' title='bbox 1964 3940 1976 3977; x_wconf 94' lang='lat'><em>:</em></span> <span class='ocrx_word' id='word_1_336' title='bbox 2006 3940 2125 3994; x_wconf 62' lang='lat' dir='ltr'><strong>quae</strong></span> 
     </span>
    </p>
   </div>
   <div class='ocr_carea' id='block_1_42' title="bbox 557 4013 2125 4085">
    <p class='ocr_par' dir='ltr' id='par_1_42' title="bbox 557 4013 2125 4085">
     <span class='ocr_line' id='line_1_42' title="bbox 557 4013 2125 4085; baseline -0.001 -17"><span class='ocrx_word' id='word_1_337' title='bbox 557 4024 735 4070; x_wconf 87' lang='lat' dir='ltr'><strong>autem</strong></span> <span class='ocrx_word' id='word_1_338' title='bbox 774 4014 882 4082; x_wconf 89' lang='lat' dir='ltr'><strong>jam</strong></span> <span class='ocrx_word' id='word_1_339' title='bbox 930 4015 1108 4077; x_wconf 86' lang='lat' dir='ltr'><strong>lactat,</strong></span> <span class='ocrx_word' id='word_1_340' title='bbox 1132 4015 1468 4085; x_wconf 90' lang='lat' dir='ltr'><strong>amplectitur</strong></span> <span class='ocrx_word' id='word_1_341' title='bbox 1512 4013 1651 4085; x_wconf 90' lang='lat' dir='ltr'><strong>quod</strong></span> <span class='ocrx_word' id='word_1_342' title='bbox 1691 4014 1957 4085; x_wconf 86' lang='lat' dir='ltr'><strong>sperabat.</strong></span> <span class='ocrx_word' id='word_1_343' title='bbox 1985 4013 2125 4084; x_wconf 83' lang='lat' dir='ltr'><strong>Ergo</strong></span> 
     </span>
    </p>
   </div>
   <div class='ocr_carea' id='block_1_43' title="bbox 555 4103 2123 4176">
    <p class='ocr_par' dir='ltr' id='par_1_43' title="bbox 555 4103 2123 4176">
     <span class='ocr_line' id='line_1_43' title="bbox 555 4103 2123 4176; baseline 0 -17"><span class='ocrx_word' id='word_1_344' title='bbox 555 4106 976 4171; x_wconf 88' lang='lat' dir='ltr'><strong>similitudinem,</strong></span> <span class='ocrx_word' id='word_1_345' title='bbox 1008 4106 1156 4161; x_wconf 84' lang='lat' dir='ltr'><strong>verbi</strong></span> <span class='ocrx_word' id='word_1_346' title='bbox 1177 4105 1369 4175; x_wconf 75' lang='lat' dir='ltr'><strong>gratia,</strong></span> <span class='ocrx_word' id='word_1_347' title='bbox 1396 4119 1655 4176; x_wconf 90' lang='lat' dir='ltr'><strong>ponamus</strong></span> <span class='ocrx_word' id='word_1_348' title='bbox 1685 4122 1697 4158; x_wconf 90' lang='lat'><strong>:</strong></span> <span class='ocrx_word' id='word_1_349' title='bbox 1730 4103 1871 4163; x_wconf 83' lang='lat' dir='ltr'><strong>Bona</strong></span> <span class='ocrx_word' id='word_1_350' title='bbox 1900 4114 1980 4159; x_wconf 84' lang='lat' dir='ltr'><strong>est</strong></span> <span class='ocrx_word' id='word_1_351' title='bbox 2022 4105 2123 4159; x_wconf 86' lang='lat' dir='ltr'><strong>ista</strong></span> 
     </span>
    </p>
   </div>
   <div class='ocr_carea' id='block_1_44' title="bbox 555 4193 2123 4266">
    <p class='ocr_par' dir='ltr' id='par_1_44' title="bbox 555 4193 2123 4266">
     <span class='ocr_line' id='line_1_44' title="bbox 555 4193 2123 4266; baseline -0.001 -15"><span class='ocrx_word' id='word_1_352' title='bbox 555 4196 678 4251; x_wconf 91' lang='lat' dir='ltr'><strong>villa</strong></span> <span class='ocrx_word' id='word_1_353' title='bbox 728 4194 888 4249; x_wconf 90' lang='lat' dir='ltr'><strong>vicini</strong></span> <span class='ocrx_word' id='word_1_354' title='bbox 923 4211 937 4249; x_wconf 90' lang='lat'>:</span> <span class='ocrx_word' id='word_1_355' title='bbox 969 4209 1002 4247; x_wconf 95' lang='lat' dir='ltr'><strong>o</strong></span> <span class='ocrx_word' id='word_1_356' title='bbox 1031 4194 1075 4248; x_wconf 91' lang='lat' dir='ltr'><strong>si</strong></span> <span class='ocrx_word' id='word_1_357' title='bbox 1106 4210 1222 4249; x_wconf 89' lang='lat' dir='ltr'><strong>meo</strong></span> <span class='ocrx_word' id='word_1_358' title='bbox 1251 4194 1457 4260; x_wconf 72' lang='lat' dir='ltr'><strong>esset’;</strong></span> <span class='ocrx_word' id='word_1_359' title='bbox 1491 4194 1830 4266; x_wconf 74' lang='lat' dir='ltr'><strong>adjungerem</strong></span> <span class='ocrx_word' id='word_1_360' title='bbox 1869 4193 2037 4260; x_wconf 89' lang='lat' dir='ltr'><strong>illam,</strong></span> <span class='ocrx_word' id='word_1_361' title='bbox 2069 4201 2123 4249; x_wconf 91' lang='lat' dir='ltr'><strong>et</strong></span> 
     </span>
    </p>
   </div>
   <div class='ocr_carea' id='block_1_45' title="bbox 556 4285 2125 4343">
    <p class='ocr_par' dir='ltr' id='par_1_45' title="bbox 556 4285 2125 4343">
     <span class='ocr_line' id='line_1_45' title="bbox 556 4285 2125 4343; baseline -0.002 0"><span class='ocrx_word' id='word_1_362' title='bbox 556 4287 785 4343; x_wconf 77' lang='lat' dir='ltr'><strong>facerem</strong></span> <span class='ocrx_word' id='word_1_363' title='bbox 811 4286 879 4343; x_wconf 91' lang='lat' dir='ltr'><strong>de</strong></span> <span class='ocrx_word' id='word_1_364' title='bbox 921 4285 1021 4340; x_wconf 85' lang='lat' dir='ltr'><strong>isto</strong></span> <span class='ocrx_word' id='word_1_365' title='bbox 1067 4285 1227 4341; x_wconf 77' lang='lat' dir='ltr'><strong>fundo</strong></span> <span class='ocrx_word' id='word_1_366' title='bbox 1271 4295 1324 4341; x_wconf 92' lang='lat' dir='ltr'><strong>et</strong></span> <span class='ocrx_word' id='word_1_367' title='bbox 1360 4285 1425 4341; x_wconf 90' lang='lat' dir='ltr'><strong>de</strong></span> <span class='ocrx_word' id='word_1_368' title='bbox 1450 4286 1545 4341; x_wconf 89' lang='lat' dir='ltr'><strong>illo</strong></span> <span class='ocrx_word' id='word_1_369' title='bbox 1586 4287 1860 4340; x_wconf 90' lang='lat' dir='ltr'><strong>unitatem.</strong></span> <span class='ocrx_word' id='word_1_370' title='bbox 1890 4286 2046 4339; x_wconf 85' lang='lat' dir='ltr'><strong>Amat</strong></span> <span class='ocrx_word' id='word_1_371' title='bbox 2070 4294 2125 4340; x_wconf 89' lang='lat' dir='ltr'><strong>et</strong></span> 
     </span>
    </p>
   </div>
   <div class='ocr_carea' id='block_1_46' title="bbox 553 4375 2124 4446">
    <p class='ocr_par' dir='ltr' id='par_1_46' title="bbox 553 4375 2124 4446">
     <span class='ocr_line' id='line_1_46' title="bbox 553 4375 2124 4446; baseline -0.002 -14"><span class='ocrx_word' id='word_1_372' title='bbox 553 4377 771 4433; x_wconf 74' lang='lat' dir='ltr'><strong>avaritia</strong></span> <span class='ocrx_word' id='word_1_373' title='bbox 788 4377 1062 4432; x_wconf 87' lang='lat' dir='ltr'><strong>unitatem:</strong></span> <span class='ocrx_word' id='word_1_374' title='bbox 1086 4375 1224 4446; x_wconf 87' lang='lat' dir='ltr'><strong>quod</strong></span> <span class='ocrx_word' id='word_1_375' title='bbox 1247 4386 1386 4431; x_wconf 90' lang='lat' dir='ltr'><strong>amat</strong></span> <span class='ocrx_word' id='word_1_376' title='bbox 1406 4376 1598 4432; x_wconf 85' lang='lat' dir='ltr'><strong>bonum</strong></span> <span class='ocrx_word' id='word_1_377' title='bbox 1613 4386 1715 4443; x_wconf 83' lang='lat' dir='ltr'><strong>est,</strong></span> <span class='ocrx_word' id='word_1_378' title='bbox 1734 4377 1827 4432; x_wconf 89' lang='lat' dir='ltr'><strong>sed</strong></span> <span class='ocrx_word' id='word_1_379' title='bbox 1841 4375 1926 4430; x_wconf 92' lang='lat' dir='ltr'><strong>ubi</strong></span> <span class='ocrx_word' id='word_1_380' title='bbox 1939 4389 2124 4432; x_wconf 85' lang='lat' dir='ltr'><strong>aman-</strong></span> 
     </span>
    </p>
   </div>
   <div class='ocr_carea' id='block_1_47' title="bbox 552 4465 2122 4536">
    <p class='ocr_par' dir='ltr' id='par_1_47' title="bbox 552 4465 2122 4536">
     <span class='ocr_line' id='line_1_47' title="bbox 552 4465 2122 4536; baseline -0.004 -9"><span class='ocrx_word' id='word_1_381' title='bbox 552 4470 680 4527; x_wconf 89' lang='lat' dir='ltr'><strong>dum</strong></span> <span class='ocrx_word' id='word_1_382' title='bbox 701 4468 790 4535; x_wconf 89' lang='lat' dir='ltr'><strong>sit,</strong></span> <span class='ocrx_word' id='word_1_383' title='bbox 820 4467 1009 4523; x_wconf 88' lang='lat' dir='ltr'><strong>nescit.</strong></span> <span class='ocrx_word' id='word_1_384' title='bbox 1041 4466 1177 4521; x_wconf 81' lang='lat' dir='ltr'><strong>Ecce</strong></span> <span class='ocrx_word' id='word_1_385' title='bbox 1195 4466 1497 4536; x_wconf 84' lang='lat' dir='ltr'><strong>concupivit</strong></span> <span class='ocrx_word' id='word_1_386' title='bbox 1523 4466 1700 4523; x_wconf 89' lang='lat' dir='ltr'><strong>villam</strong></span> <span class='ocrx_word' id='word_1_387' title='bbox 1728 4466 1985 4536; x_wconf 77' lang='lat' dir='ltr'><strong>proximi;</strong></span> <span class='ocrx_word' id='word_1_388' title='bbox 2028 4465 2122 4521; x_wconf 83' lang='lat' dir='ltr'><strong>sed</strong></span> 
     </span>
    </p>
   </div>
   <div class='ocr_carea' id='block_1_48' title="bbox 555 4556 2117 4629">
    <p class='ocr_par' dir='ltr' id='par_1_48' title="bbox 555 4556 2117 4629">
     <span class='ocr_line' id='line_1_48' title="bbox 555 4556 2117 4629; baseline -0.002 -17"><span class='ocrx_word' id='word_1_389' title='bbox 555 4560 655 4614; x_wconf 89' lang='lat' dir='ltr'><strong>iste</strong></span> <span class='ocrx_word' id='word_1_390' title='bbox 674 4559 940 4628; x_wconf 78' lang='lat' dir='ltr'><strong>proximus</strong></span> <span class='ocrx_word' id='word_1_391' title='bbox 951 4556 1100 4612; x_wconf 88' lang='lat' dir='ltr'><strong>dives</strong></span> <span class='ocrx_word' id='word_1_392' title='bbox 1116 4566 1215 4622; x_wconf 90' lang='lat' dir='ltr'><strong>est,</strong></span> <span class='ocrx_word' id='word_1_393' title='bbox 1231 4571 1335 4612; x_wconf 91' lang='lat' dir='ltr'><strong>non</strong></span> <span class='ocrx_word' id='word_1_394' title='bbox 1349 4556 1609 4629; x_wconf 76' lang='lat' dir='ltr'><strong>indigens,</strong></span> <span class='ocrx_word' id='word_1_395' title='bbox 1626 4556 1827 4611; x_wconf 87' lang='lat' dir='ltr'><strong>habens</strong></span> <span class='ocrx_word' id='word_1_396' title='bbox 1839 4556 2117 4622; x_wconf 87' lang='lat' dir='ltr'><strong>honorem,</strong></span> 
     </span>
    </p>
   </div>
   <div class='ocr_carea' id='block_1_49' title="bbox 553 4646 2122 4719">
    <p class='ocr_par' dir='ltr' id='par_1_49' title="bbox 553 4646 2122 4719">
     <span class='ocr_line' id='line_1_49' title="bbox 553 4646 2122 4719; baseline 0 -15"><span class='ocrx_word' id='word_1_397' title='bbox 553 4649 754 4704; x_wconf 82' lang='lat' dir='ltr'><strong>habens</strong></span> <span class='ocrx_word' id='word_1_398' title='bbox 781 4650 940 4704; x_wconf 86' lang='lat' dir='ltr'><strong>etiam</strong></span> <span class='ocrx_word' id='word_1_399' title='bbox 970 4648 1277 4719; x_wconf 87' lang='lat' dir='ltr'><strong>potentiam,</strong></span> <span class='ocrx_word' id='word_1_400' title='bbox 1308 4662 1338 4702; x_wconf 91' lang='lat' dir='ltr'><strong>a</strong></span> <span class='ocrx_word' id='word_1_401' title='bbox 1370 4647 1519 4718; x_wconf 82' lang='lat' dir='ltr'><strong>cujus</strong></span> <span class='ocrx_word' id='word_1_402' title='bbox 1544 4646 1679 4702; x_wconf 80' lang='lat' dir='ltr'><strong>forte</strong></span> <span class='ocrx_word' id='word_1_403' title='bbox 1704 4648 1861 4702; x_wconf 90' lang='lat' dir='ltr'><strong>etiam</strong></span> <span class='ocrx_word' id='word_1_404' title='bbox 1889 4649 2122 4718; x_wconf 85' lang='lat' dir='ltr'><strong>potentia</strong></span> 
     </span>
    </p>
   </div>
   <div class='ocr_carea' id='block_1_50' title="bbox 554 4739 2121 4817">
    <p class='ocr_par' dir='ltr' id='par_1_50' title="bbox 554 4739 2121 4817">
     <span class='ocr_line' id='line_1_50' title="bbox 554 4739 2121 4817; baseline 0.004 -24"><span class='ocrx_word' id='word_1_405' title='bbox 554 4739 647 4793; x_wconf 83' lang='lat' dir='ltr'><strong>tibi</strong></span> <span class='ocrx_word' id='word_1_406' title='bbox 679 4740 1015 4813; x_wconf 85' lang='lat' dir='ltr'><strong>metuendum</strong></span> <span class='ocrx_word' id='word_1_407' title='bbox 1044 4741 1131 4806; x_wconf 91' lang='lat' dir='ltr'><strong>sit,</strong></span> <span class='ocrx_word' id='word_1_408' title='bbox 1162 4756 1265 4796; x_wconf 89' lang='lat' dir='ltr'><strong>non</strong></span> <span class='ocrx_word' id='word_1_409' title='bbox 1295 4739 1362 4817; x_wconf 80' lang='lat' dir='ltr'><strong>de</strong></span> <span class='ocrx_word' id='word_1_410' title='bbox 1387 4741 1526 4795; x_wconf 90' lang='lat' dir='ltr'><strong>illius</strong></span> <span class='ocrx_word' id='word_1_411' title='bbox 1565 4739 1727 4796; x_wconf 80' lang='lat' dir='ltr'><strong>fundo</strong></span> <span class='ocrx_word' id='word_1_412' title='bbox 1767 4741 1964 4812; x_wconf 88' lang='lat' dir='ltr'><strong>aliquid</strong></span> <span class='ocrx_word' id='word_1_413' title='bbox 1995 4755 2121 4812; x_wconf 88' lang='lat' dir='ltr'><strong>spe-</strong></span> 
     </span>
    </p>
   </div>
   <div class='ocr_carea' id='block_1_51' title="bbox 554 4829 2119 4901">
    <p class='ocr_par' dir='ltr' id='par_1_51' title="bbox 554 4829 2119 4901">
     <span class='ocr_line' id='line_1_51' title="bbox 554 4829 2119 4901; baseline 0.002 -18"><span class='ocrx_word' id='word_1_414' title='bbox 554 4829 968 4885; x_wconf 76' lang='lat' dir='ltr'><strong>randumznihil</strong></span> <span class='ocrx_word' id='word_1_415' title='bbox 1011 4846 1229 4901; x_wconf 88' lang='lat' dir='ltr'><strong>sperans</strong></span> <span class='ocrx_word' id='word_1_416' title='bbox 1276 4846 1380 4886; x_wconf 92' lang='lat' dir='ltr'><strong>non</strong></span> <span class='ocrx_word' id='word_1_417' title='bbox 1427 4829 1677 4900; x_wconf 91' lang='lat' dir='ltr'><strong>concipit,</strong></span> <span class='ocrx_word' id='word_1_418' title='bbox 1708 4836 1814 4886; x_wconf 75' lang='lat' dir='ltr'><strong>nun</strong></span> <span class='ocrx_word' id='word_1_419' title='bbox 1858 4840 1939 4884; x_wconf 90' lang='lat' dir='ltr'><strong>est</strong></span> <span class='ocrx_word' id='word_1_420' title='bbox 1980 4845 2119 4901; x_wconf 66' lang='lat' dir='ltr'><strong>prro-</strong></span> 
     </span>
    </p>
   </div>
   <div class='ocr_carea' id='block_1_52' title="bbox 553 4918 2121 4992">
    <p class='ocr_par' dir='ltr' id='par_1_52' title="bbox 553 4918 2121 4992">
     <span class='ocr_line' id='line_1_52' title="bbox 553 4918 2121 4992; baseline 0.003 -21"><span class='ocrx_word' id='word_1_421' title='bbox 553 4933 722 4989; x_wconf 76' lang='lat' dir='ltr'><strong>gnaus</strong></span> <span class='ocrx_word' id='word_1_422' title='bbox 751 4920 945 4973; x_wconf 87' lang='lat' dir='ltr'><strong>anima.</strong></span> <span class='ocrx_word' id='word_1_423' title='bbox 966 4918 1019 4975; x_wconf 91' lang='lat' dir='ltr'><strong>Si</strong></span> <span class='ocrx_word' id='word_1_424' title='bbox 1046 4931 1172 4976; x_wconf 88' lang='lat' dir='ltr'><strong>vero</strong></span> <span class='ocrx_word' id='word_1_425' title='bbox 1192 4921 1339 4992; x_wconf 77' lang='lat' dir='ltr'><strong>juxta</strong></span> <span class='ocrx_word' id='word_1_426' title='bbox 1370 4921 1570 4975; x_wconf 83' lang='lat' dir='ltr'><strong>vicinus</strong></span> <span class='ocrx_word' id='word_1_427' title='bbox 1595 4920 1665 4975; x_wconf 89' lang='lat' dir='ltr'><strong>sit</strong></span> <span class='ocrx_word' id='word_1_428' title='bbox 1690 4934 1905 4991; x_wconf 86' lang='lat' dir='ltr'><strong>pauper,</strong></span> <span class='ocrx_word' id='word_1_429' title='bbox 1930 4922 2016 4990; x_wconf 91' lang='lat' dir='ltr'><strong>qui</strong></span> <span class='ocrx_word' id='word_1_430' title='bbox 2039 4921 2121 4975; x_wconf 85' lang='lat' dir='ltr'><strong>vel</strong></span> 
     </span>
    </p>
   </div>
   <div class='ocr_carea' id='block_1_53' title="bbox 553 5011 2121 5082">
    <p class='ocr_par' dir='ltr' id='par_1_53' title="bbox 553 5011 2121 5082">
     <span class='ocr_line' id='line_1_53' title="bbox 553 5011 2121 5082; baseline 0.001 -17"><span class='ocrx_word' id='word_1_431' title='bbox 553 5014 607 5065; x_wconf 90' lang='lat' dir='ltr'><strong>in</strong></span> <span class='ocrx_word' id='word_1_432' title='bbox 661 5012 972 5066; x_wconf 88' lang='lat' dir='ltr'><strong>necessitate</strong></span> <span class='ocrx_word' id='word_1_433' title='bbox 1020 5012 1221 5080; x_wconf 84' lang='lat' dir='ltr'><strong>positus</strong></span> <span class='ocrx_word' id='word_1_434' title='bbox 1273 5022 1395 5081; x_wconf 91' lang='lat' dir='ltr'><strong>est,</strong></span> <span class='ocrx_word' id='word_1_435' title='bbox 1442 5022 1498 5067; x_wconf 92' lang='lat' dir='ltr'><strong>ut</strong></span> <span class='ocrx_word' id='word_1_436' title='bbox 1544 5013 1711 5082; x_wconf 89' lang='lat' dir='ltr'><strong>possit</strong></span> <span class='ocrx_word' id='word_1_437' title='bbox 1733 5011 1995 5078; x_wconf 84' lang='lat' dir='ltr'><strong>vendere,</strong></span> <span class='ocrx_word' id='word_1_438' title='bbox 2039 5011 2121 5066; x_wconf 90' lang='lat' dir='ltr'><strong>vel</strong></span> 
     </span>
    </p>
   </div>
   <div class='ocr_carea' id='block_1_54' title="bbox 555 5103 2117 5176">
    <p class='ocr_par' dir='ltr' id='par_1_54' title="bbox 555 5103 2117 5176">
     <span class='ocr_line' id='line_1_54' title="bbox 555 5103 2117 5176; baseline 0.001 -21"><span class='ocrx_word' id='word_1_439' title='bbox 555 5103 722 5174; x_wconf 83' lang='lat' dir='ltr'><strong>premi</strong></span> <span class='ocrx_word' id='word_1_440' title='bbox 774 5112 982 5174; x_wconf 89' lang='lat' dir='ltr'><strong>potest,</strong></span> <span class='ocrx_word' id='word_1_441' title='bbox 1039 5114 1094 5157; x_wconf 91' lang='lat' dir='ltr'><strong>ut</strong></span> <span class='ocrx_word' id='word_1_442' title='bbox 1132 5115 1350 5176; x_wconf 74' lang='lat' dir='ltr'><strong>cogatur</strong></span> <span class='ocrx_word' id='word_1_443' title='bbox 1404 5105 1664 5170; x_wconf 88' lang='lat' dir='ltr'><strong>vendere,</strong></span> <span class='ocrx_word' id='word_1_444' title='bbox 1713 5105 1943 5175; x_wconf 89' lang='lat' dir='ltr'><strong>injicitur</strong></span> <span class='ocrx_word' id='word_1_445' title='bbox 1988 5121 2117 5160; x_wconf 88' lang='lat' dir='ltr'><strong>ocn-</strong></span> 
     </span>
    </p>
   </div>
   <div class='ocr_carea' id='block_1_55' title="bbox 555 5196 2116 5266">
    <p class='ocr_par' dir='ltr' id='par_1_55' title="bbox 555 5196 2116 5266">
     <span class='ocr_line' id='line_1_55' title="bbox 555 5196 2116 5266; baseline -0.001 -15"><span class='ocrx_word' id='word_1_446' title='bbox 555 5199 671 5260; x_wconf 84' lang='lat' dir='ltr'><strong>lus,</strong></span> <span class='ocrx_word' id='word_1_447' title='bbox 714 5200 971 5264; x_wconf 83' lang='lat' dir='ltr'><strong>’speratur</strong></span> <span class='ocrx_word' id='word_1_448' title='bbox 1008 5196 1126 5251; x_wconf 82' lang='lat' dir='ltr'><strong>villa</strong></span> <span class='ocrx_word' id='word_1_449' title='bbox 1160 5213 1172 5246; x_wconf 91' lang='lat'><strong>:</strong></span> <span class='ocrx_word' id='word_1_450' title='bbox 1202 5196 1541 5266; x_wconf 71' lang='lat' dir='ltr'><strong>itnprtegnata</strong></span> <span class='ocrx_word' id='word_1_451' title='bbox 1586 5206 1668 5252; x_wconf 91' lang='lat' dir='ltr'><strong>est</strong></span> <span class='ocrx_word' id='word_1_452' title='bbox 1713 5197 2116 5265; x_wconf 68' lang='lat' dir='ltr'><strong>anima,&#39;sperat</strong></span> 
     </span>
    </p>
   </div>
   <div class='ocr_carea' id='block_1_56' title="bbox 552 5285 2108 5357">
    <p class='ocr_par' dir='ltr' id='par_1_56' title="bbox 552 5285 2108 5357">
     <span class='ocr_line' id='line_1_56' title="bbox 552 5285 2108 5357; baseline -0.001 -14"><span class='ocrx_word' id='word_1_453' title='bbox 552 5306 610 5343; x_wconf 75' lang='lat' dir='ltr'><strong>se</strong></span> <span class='ocrx_word' id='word_1_454' title='bbox 652 5302 805 5357; x_wconf 88' lang='lat' dir='ltr'><strong>posse</strong></span> <span class='ocrx_word' id='word_1_455' title='bbox 851 5285 1071 5355; x_wconf 90' lang='lat' dir='ltr'><strong>adipisci</strong></span> <span class='ocrx_word' id='word_1_456' title='bbox 1113 5286 1346 5341; x_wconf 89' lang='lat' dir='ltr'><strong>villulam</strong></span> <span class='ocrx_word' id='word_1_457' title='bbox 1403 5297 1457 5341; x_wconf 91' lang='lat' dir='ltr'><strong>et</strong></span> <span class='ocrx_word' id='word_1_458' title='bbox 1518 5290 1907 5357; x_wconf 83' lang='lat' dir='ltr'><strong>possessionem</strong></span> <span class='ocrx_word' id='word_1_459' title='bbox 1950 5289 2108 5343; x_wconf 89' lang='lat' dir='ltr'><strong>vicini</strong></span> 
     </span>
    </p>
   </div>
   <div class='ocr_carea' id='block_1_57' title="bbox 559 5377 2101 5454">
    <p class='ocr_par' dir='ltr' id='par_1_57' title="bbox 559 5377 2101 5454">
     <span class='ocr_line' id='line_1_57' title="bbox 559 5377 2101 5454; baseline -0.001 -17"><span class='ocrx_word' id='word_1_460' title='bbox 559 5384 828 5454; x_wconf 80' lang='lat' dir='ltr'><strong>pauperis.</strong></span> <span class='ocrx_word' id='word_1_461' title='bbox 852 5377 919 5430; x_wconf 82' lang='lat' dir='ltr'><strong>Et</strong></span> <span class='ocrx_word' id='word_1_462' title='bbox 952 5394 1072 5429; x_wconf 84' lang='lat' dir='ltr'><strong>cum</strong></span> <span class='ocrx_word' id='word_1_463' title='bbox 1100 5378 1304 5448; x_wconf 86' lang='lat' dir='ltr'><strong>patitur</strong></span> <span class='ocrx_word' id='word_1_464' title='bbox 1328 5378 1433 5435; x_wconf 85' lang='lat' dir='ltr'><strong>iste</strong></span> <span class='ocrx_word' id='word_1_465' title='bbox 1465 5395 1669 5451; x_wconf 82' lang='lat' dir='ltr'><strong>pauper</strong></span> <span class='ocrx_word' id='word_1_466' title='bbox 1700 5383 2101 5446; x_wconf 83' lang='lat' dir='ltr'><strong>necessitatem,</strong></span> 
     </span>
    </p>
   </div>
   <div class='ocr_carea' id='block_1_58' title="bbox 607 5523 2101 5592">
    <p class='ocr_par' dir='ltr' id='par_1_58' title="bbox 607 5523 2101 5592">
     <span class='ocr_line' id='line_1_58' title="bbox 607 5523 2101 5592; baseline -0.006 -11"><span class='ocrx_word' id='word_1_467' title='bbox 607 5532 625 5564; x_wconf 76' lang='grc'>⁸</span> <span class='ocrx_word' id='word_1_468' title='bbox 654 5531 794 5589; x_wconf 74' lang='grc' dir='ltr'><strong>Εσό..</strong></span> <span class='ocrx_word' id='word_1_469' title='bbox 816 5524 1044 5592; x_wconf 71' lang='lat' dir='ltr'><strong>protegit.</strong></span> <span class='ocrx_word' id='word_1_470' title='bbox 1065 5524 1243 5575; x_wconf 82' lang='lat' dir='ltr'><strong>Plures</strong></span> <span class='ocrx_word' id='word_1_471' title='bbox 1263 5524 1397 5585; x_wconf 70' lang='lat' dir='ltr'><strong>Mss,</strong></span> <span class='ocrx_word' id='word_1_472' title='bbox 1416 5525 1651 5587; x_wconf 79' lang='lat' dir='ltr'><strong>proteget.</strong></span> <span class='ocrx_word' id='word_1_473' title='bbox 1672 5523 1909 5582; x_wconf 81' lang='lat' dir='ltr'><strong>Quatuor,</strong></span> <span class='ocrx_word' id='word_1_474' title='bbox 1927 5527 2101 5586; x_wconf 79' lang='lat' dir='ltr'><strong>portet.</strong></span> 
     </span>
    </p>
   </div>
   <div class='ocr_carea' id='block_1_59' title="bbox 546 5593 1895 5658">
    <p class='ocr_par' dir='ltr' id='par_1_59' title="bbox 546 5593 1895 5658">
     <span class='ocr_line' id='line_1_59' title="bbox 546 5593 1895 5658; baseline 0.012 -16"><span class='ocrx_word' id='word_1_475' title='bbox 546 5593 1165 5658; x_wconf 30' lang='grc' dir='ltr'><strong>Αιιιιτεεωοηιαιεηη,</strong></span> <span class='ocrx_word' id='word_1_476' title='bbox 1259 5645 1269 5658; x_wconf 89' lang='grc'><strong>,</strong></span> 
     </span>
    </p>
   </div>
   <div class='ocr_carea' id='block_1_60' title="bbox 607 5643 2099 5710">
    <p class='ocr_par' dir='ltr' id='par_1_60' title="bbox 607 5643 2099 5710">
     <span class='ocr_line' id='line_1_60' title="bbox 607 5643 2099 5710; baseline -0.005 -11"><span class='ocrx_word' id='word_1_477' title='bbox 607 5657 627 5687; x_wconf 74' lang='grc' dir='ltr'><strong>ι</strong></span> <span class='ocrx_word' id='word_1_478' title='bbox 655 5657 731 5703; x_wconf 67' lang='lat' dir='ltr'><strong>sic</strong></span> <span class='ocrx_word' id='word_1_479' title='bbox 757 5643 865 5705; x_wconf 68' lang='lat' dir='ltr'><strong>uss.</strong></span> <span class='ocrx_word' id='word_1_480' title='bbox 881 5651 1101 5710; x_wconf 64' lang='lat' dir='ltr'><strong>Attidi,</strong></span> <span class='ocrx_word' id='word_1_481' title='bbox 1118 5645 1433 5710; x_wconf 72' lang='lat' dir='ltr'><strong>etmalorum,</strong></span> <span class='ocrx_word' id='word_1_482' title='bbox 1447 5643 1770 5710; x_wconf 66' lang='lat' dir='ltr'><strong>tribulatioues</strong></span> <span class='ocrx_word' id='word_1_483' title='bbox 1788 5643 1989 5710; x_wconf 66' lang='lat' dir='ltr'><strong>venient,</strong></span> <span class='ocrx_word' id='word_1_484' title='bbox 2002 5648 2099 5695; x_wconf 90' lang='lat' dir='ltr'><strong>etc.</strong></span> 
     </span>
    </p>
   </div>
   <div class='ocr_carea' id='block_1_61' title="bbox 605 5702 1856 5779">
    <p class='ocr_par' dir='ltr' id='par_1_61' title="bbox 605 5702 1856 5779">
     <span class='ocr_line' id='line_1_61' title="bbox 605 5702 1856 5779; baseline -0.011 -10"><span class='ocrx_word' id='word_1_485' title='bbox 605 5720 628 5751; x_wconf 86' lang='grc'>³</span> <span class='ocrx_word' id='word_1_486' title='bbox 654 5702 912 5779; x_wconf 53' lang='grc' dir='ltr'><strong>λιεεξξῠᾶ</strong></span> <span class='ocrx_word' id='word_1_487' title='bbox 937 5727 1043 5765; x_wconf 84' lang='lat' dir='ltr'><strong>mea</strong></span> <span class='ocrx_word' id='word_1_488' title='bbox 1063 5702 1183 5764; x_wconf 72' lang='lat' dir='ltr'><strong>esset</strong></span> <span class='ocrx_word' id='word_1_489' title='bbox 1197 5708 1216 5762; x_wconf 90' lang='lat'><strong>.&#39;</strong></span> <span class='ocrx_word' id='word_1_490' title='bbox 1235 5722 1264 5761; x_wconf 89' lang='grc' dir='ltr'><em>ο</em></span> <span class='ocrx_word' id='word_1_491' title='bbox 1286 5707 1329 5759; x_wconf 87' lang='lat' dir='ltr'><strong>si</strong></span> <span class='ocrx_word' id='word_1_492' title='bbox 1351 5708 1664 5775; x_wconf 78' lang='lat' dir='ltr'><strong>adjungerem</strong></span> <span class='ocrx_word' id='word_1_493' title='bbox 1684 5702 1856 5761; x_wconf 82' lang='lat' dir='ltr'><strong>illam!</strong></span> 
     </span>
    </p>
   </div>
   <div class='ocr_carea' id='block_1_62' title="bbox 1731 218 3726 305">
    <p class='ocr_par' dir='ltr' id='par_1_62' title="bbox 1731 218 3726 305">
     <span class='ocr_line' id='line_1_62' title="bbox 1731 218 3726 305; baseline 0.002 -4"><span class='ocrx_word' id='word_1_494' title='bbox 1731 244 1792 303; x_wconf 90' lang='lat' dir='ltr'><strong>s.</strong></span> <span class='ocrx_word' id='word_1_495' title='bbox 1834 241 2191 300; x_wconf 85' lang='lat' dir='ltr'><strong>AUGUSTINI</strong></span> <span class='ocrx_word' id='word_1_496' title='bbox 2232 241 2547 305; x_wconf 63' lang='lat' dir='ltr'><strong>EPlSCOPl.</strong></span> <span class='ocrx_word' id='word_1_497' title='bbox 3137 218 3143 223; x_wconf 74' lang='grc'><em>’</em></span> <span class='ocrx_word' id='word_1_498' title='bbox 3656 254 3726 304; x_wconf 69' lang='lat' dir='ltr'><strong>te</strong></span> 
     </span>
    </p>
   </div>
   <div class='ocr_carea' id='block_1_63' title="bbox 2226 359 3731 445">
    <p class='ocr_par' dir='ltr' id='par_1_63' title="bbox 2226 359 3731 445">
     <span class='ocr_line' id='line_1_63' title="bbox 2226 359 3731 445; baseline 0.011 -32"><span class='ocrx_word' id='word_1_499' title='bbox 2226 360 2368 416; x_wconf 85' lang='lat' dir='ltr'><strong>venit</strong></span> <span class='ocrx_word' id='word_1_500' title='bbox 2390 360 2456 415; x_wconf 86' lang='lat' dir='ltr'><strong>ad</strong></span> <span class='ocrx_word' id='word_1_501' title='bbox 2504 359 2748 425; x_wconf 78' lang='lat' dir='ltr'><strong>ditiorem</strong></span> <span class='ocrx_word' id='word_1_502' title='bbox 2791 361 3017 421; x_wconf 82' lang='lat' dir='ltr'><strong>vicinum</strong></span> <span class='ocrx_word' id='word_1_503' title='bbox 3063 378 3234 431; x_wconf 90' lang='lat' dir='ltr'><strong>suum,</strong></span> <span class='ocrx_word' id='word_1_504' title='bbox 3260 368 3341 420; x_wconf 91' lang='lat' dir='ltr'><strong>cui</strong></span> <span class='ocrx_word' id='word_1_505' title='bbox 3383 367 3511 425; x_wconf 78' lang='lat' dir='ltr'><strong>forte</strong></span> <span class='ocrx_word' id='word_1_506' title='bbox 3547 371 3731 445; x_wconf 83' lang='lat' dir='ltr'><strong>obsequi</strong></span> 
     </span>
    </p>
   </div>
   <div class='ocr_carea' id='block_1_64' title="bbox 2222 451 3730 530">
    <p class='ocr_par' dir='ltr' id='par_1_64' title="bbox 2222 451 3730 530">
     <span class='ocr_line' id='line_1_64' title="bbox 2222 451 3730 530; baseline 0.008 -25"><span class='ocrx_word' id='word_1_507' title='bbox 2222 452 2376 515; x_wconf 90' lang='lat' dir='ltr'><strong>solet,</strong></span> <span class='ocrx_word' id='word_1_508' title='bbox 2403 454 2486 506; x_wconf 89' lang='lat' dir='ltr'><strong>cui</strong></span> <span class='ocrx_word' id='word_1_509' title='bbox 2516 451 2744 515; x_wconf 80' lang='lat' dir='ltr'><strong>deferre,</strong></span> <span class='ocrx_word' id='word_1_510' title='bbox 2772 453 2857 506; x_wconf 89' lang='lat' dir='ltr'><strong>eui</strong></span> <span class='ocrx_word' id='word_1_511' title='bbox 2900 454 3130 508; x_wconf 89' lang='lat' dir='ltr'><strong>venienti</strong></span> <span class='ocrx_word' id='word_1_512' title='bbox 3180 471 3463 527; x_wconf 78' lang='lat' dir='ltr'><strong>assurgere,</strong></span> <span class='ocrx_word' id='word_1_513' title='bbox 3502 476 3639 530; x_wconf 87' lang='lat' dir='ltr'><strong>quem</strong></span> <span class='ocrx_word' id='word_1_514' title='bbox 3664 466 3730 517; x_wconf 90' lang='lat' dir='ltr'><strong>iu-</strong></span> 
     </span>
    </p>
   </div>
   <div class='ocr_carea' id='block_1_65' title="bbox 2222 543 3736 620">
    <p class='ocr_par' dir='ltr' id='par_1_65' title="bbox 2222 543 3736 620">
     <span class='ocr_line' id='line_1_65' title="bbox 2222 543 3736 620; baseline 0.005 -21"><span class='ocrx_word' id='word_1_515' title='bbox 2222 543 2419 601; x_wconf 89' lang='lat' dir='ltr'><strong>clinato</strong></span> <span class='ocrx_word' id='word_1_516' title='bbox 2462 543 2634 612; x_wconf 87' lang='lat' dir='ltr'><strong>capite</strong></span> <span class='ocrx_word' id='word_1_517' title='bbox 2695 543 2966 607; x_wconf 83' lang='lat' dir='ltr'><strong>salutare:</strong></span> <span class='ocrx_word' id='word_1_518' title='bbox 2998 544 3069 599; x_wconf 87' lang='lat' dir='ltr'><strong>Da</strong></span> <span class='ocrx_word' id='word_1_519' title='bbox 3112 544 3270 609; x_wconf 89' lang='lat' dir='ltr'><strong>mibi,</strong></span> <span class='ocrx_word' id='word_1_520' title='bbox 3309 561 3430 617; x_wconf 76' lang='lat' dir='ltr'><strong>rogo</strong></span> <span class='ocrx_word' id='word_1_521' title='bbox 3471 557 3553 614; x_wconf 88' lang='lat' dir='ltr'><strong>te;</strong></span> <span class='ocrx_word' id='word_1_522' title='bbox 3591 554 3736 620; x_wconf 84' lang='lat' dir='ltr'><strong>patior</strong></span> 
     </span>
    </p>
   </div>
   <div class='ocr_carea' id='block_1_66' title="bbox 2223 635 3734 706">
    <p class='ocr_par' dir='ltr' id='par_1_66' title="bbox 2223 635 3734 706">
     <span class='ocr_line' id='line_1_66' title="bbox 2223 635 3734 706; baseline 0.005 -15"><span class='ocrx_word' id='word_1_523' title='bbox 2223 636 2610 701; x_wconf 83' lang='lat' dir='ltr'><strong>necessitatem,</strong></span> <span class='ocrx_word' id='word_1_524' title='bbox 2644 650 2832 706; x_wconf 75' lang='lat' dir='ltr'><strong>urgeor</strong></span> <span class='ocrx_word' id='word_1_525' title='bbox 2854 650 2883 689; x_wconf 87' lang='lat' dir='ltr'><strong>a</strong></span> <span class='ocrx_word' id='word_1_526' title='bbox 2911 635 3192 695; x_wconf 84' lang='lat' dir='ltr'><strong>creditore.</strong></span> <span class='ocrx_word' id='word_1_527' title='bbox 3222 637 3289 693; x_wconf 85' lang='lat' dir='ltr'><strong>Et</strong></span> <span class='ocrx_word' id='word_1_528' title='bbox 3321 639 3404 693; x_wconf 89' lang='lat' dir='ltr'><strong>ille</strong></span> <span class='ocrx_word' id='word_1_529' title='bbox 3434 657 3446 691; x_wconf 76' lang='grc' dir='ltr'>ε</span> <span class='ocrx_word' id='word_1_530' title='bbox 3472 640 3574 695; x_wconf 85' lang='lat' dir='ltr'><strong>Non</strong></span> <span class='ocrx_word' id='word_1_531' title='bbox 3593 644 3734 700; x_wconf 86' lang='lat' dir='ltr'><strong>habeo</strong></span> 
     </span>
    </p>
   </div>
   <div class='ocr_carea' id='block_1_67' title="bbox 2223 728 3734 804">
    <p class='ocr_par' dir='ltr' id='par_1_67' title="bbox 2223 728 3734 804">
     <span class='ocr_line' id='line_1_67' title="bbox 2223 728 3734 804; baseline 0.003 -21"><span class='ocrx_word' id='word_1_532' title='bbox 2223 729 2382 786; x_wconf 85' lang='lat' dir='ltr'><strong>modo</strong></span> <span class='ocrx_word' id='word_1_533' title='bbox 2413 730 2463 787; x_wconf 86' lang='lat' dir='ltr'><strong>in</strong></span> <span class='ocrx_word' id='word_1_534' title='bbox 2488 728 2750 789; x_wconf 83' lang='lat' dir='ltr'><strong>manibus.</strong></span> <span class='ocrx_word' id='word_1_535' title='bbox 2766 728 2822 783; x_wconf 90' lang='lat' dir='ltr'><strong>Si</strong></span> <span class='ocrx_word' id='word_1_536' title='bbox 2848 729 3006 785; x_wconf 87' lang='lat' dir='ltr'><strong>vellet</strong></span> <span class='ocrx_word' id='word_1_537' title='bbox 3032 729 3281 796; x_wconf 88' lang='lat' dir='ltr'><strong>vendere,</strong></span> <span class='ocrx_word' id='word_1_538' title='bbox 3312 729 3734 804; x_wconf 53' lang='lat' dir='ltr'><strong>lmberet‘Jgna-</strong></span> 
     </span>
    </p>
   </div>
   <div class='ocr_carea' id='block_1_68' title="bbox 2223 819 3731 889">
    <p class='ocr_par' dir='ltr' id='par_1_68' title="bbox 2223 819 3731 889">
     <span class='ocr_line' id='line_1_68' title="bbox 2223 819 3731 889; baseline 0.005 -14"><span class='ocrx_word' id='word_1_539' title='bbox 2223 821 2421 875; x_wconf 90' lang='lat' dir='ltr'><strong>scimus</strong></span> <span class='ocrx_word' id='word_1_540' title='bbox 2449 820 2547 874; x_wconf 86' lang='lat' dir='ltr'><strong>hoc</strong></span> <span class='ocrx_word' id='word_1_541' title='bbox 2578 835 2590 873; x_wconf 83' lang='lat'><strong>:</strong></span> <span class='ocrx_word' id='word_1_542' title='bbox 2627 819 2835 881; x_wconf 82' lang='lat' dir='ltr'><strong>fuerunt</strong></span> <span class='ocrx_word' id='word_1_543' title='bbox 2858 820 2909 874; x_wconf 94' lang='lat' dir='ltr'><strong>in</strong></span> <span class='ocrx_word' id='word_1_544' title='bbox 2939 820 3106 884; x_wconf 87' lang='lat' dir='ltr'><strong>nobis,</strong></span> <span class='ocrx_word' id='word_1_545' title='bbox 3135 821 3243 889; x_wconf 89' lang='lat' dir='ltr'><strong>jam</strong></span> <span class='ocrx_word' id='word_1_546' title='bbox 3273 836 3374 877; x_wconf 91' lang='lat' dir='ltr'><strong>non</strong></span> <span class='ocrx_word' id='word_1_547' title='bbox 3398 824 3495 877; x_wconf 88' lang='lat' dir='ltr'><strong>sint</strong></span> <span class='ocrx_word' id='word_1_548' title='bbox 3520 824 3566 877; x_wconf 88' lang='lat' dir='ltr'><strong>in</strong></span> <span class='ocrx_word' id='word_1_549' title='bbox 3591 827 3731 883; x_wconf 86' lang='lat' dir='ltr'><strong>nobis.</strong></span> 
     </span>
    </p>
   </div>
   <div class='ocr_carea' id='block_1_69' title="bbox 2222 910 3734 975">
    <p class='ocr_par' dir='ltr' id='par_1_69' title="bbox 2222 910 3734 975">
     <span class='ocr_line' id='line_1_69' title="bbox 2222 910 3734 975; baseline 0.003 -9"><span class='ocrx_word' id='word_1_550' title='bbox 2222 910 2408 968; x_wconf 89' lang='lat' dir='ltr'><strong>Nonne</strong></span> <span class='ocrx_word' id='word_1_551' title='bbox 2448 910 2695 967; x_wconf 88' lang='lat' dir='ltr'><strong>hesterno</strong></span> <span class='ocrx_word' id='word_1_552' title='bbox 2718 910 2964 975; x_wconf 76' lang='lat' dir='ltr'><strong>viximus,</strong></span> <span class='ocrx_word' id='word_1_553' title='bbox 2995 919 3049 964; x_wconf 90' lang='lat' dir='ltr'><strong>et</strong></span> <span class='ocrx_word' id='word_1_554' title='bbox 3076 910 3233 970; x_wconf 87' lang='lat' dir='ltr'><strong>hodie</strong></span> <span class='ocrx_word' id='word_1_555' title='bbox 3270 912 3513 971; x_wconf 88' lang='lat' dir='ltr'><strong>vivimus?</strong></span> <span class='ocrx_word' id='word_1_556' title='bbox 3542 914 3622 969; x_wconf 78' lang='lat' dir='ltr'><strong>Est</strong></span> <span class='ocrx_word' id='word_1_557' title='bbox 3641 931 3734 971; x_wconf 87' lang='lat' dir='ltr'><strong>cor-</strong></span> 
     </span>
    </p>
   </div>
   <div class='ocr_carea' id='block_1_70' title="bbox 2223 999 3733 1071">
    <p class='ocr_par' dir='ltr' id='par_1_70' title="bbox 2223 999 3733 1071">
     <span class='ocr_line' id='line_1_70' title="bbox 2223 999 3733 1071; baseline 0.003 -15"><span class='ocrx_word' id='word_1_558' title='bbox 2223 1000 2422 1071; x_wconf 77' lang='lat' dir='ltr'><strong>rigendi</strong></span> <span class='ocrx_word' id='word_1_559' title='bbox 2441 1000 2614 1066; x_wconf 88' lang='lat' dir='ltr'><strong>locus,</strong></span> <span class='ocrx_word' id='word_1_560' title='bbox 2635 1000 2865 1061; x_wconf 84' lang='lat' dir='ltr'><strong>nondum</strong></span> <span class='ocrx_word' id='word_1_561' title='bbox 2880 999 3013 1059; x_wconf 81' lang='lat' dir='ltr'><strong>facta</strong></span> <span class='ocrx_word' id='word_1_562' title='bbox 3038 1010 3119 1055; x_wconf 90' lang='lat' dir='ltr'><strong>est</strong></span> <span class='ocrx_word' id='word_1_563' title='bbox 3137 1001 3219 1055; x_wconf 91' lang='lat' dir='ltr'><strong>illa</strong></span> <span class='ocrx_word' id='word_1_564' title='bbox 3237 1001 3523 1071; x_wconf 85' lang='lat' dir='ltr'><strong>disjunetio,</strong></span> <span class='ocrx_word' id='word_1_565' title='bbox 3552 1005 3733 1063; x_wconf 75' lang='lat' dir='ltr'><strong>aliorum</strong></span> 
     </span>
    </p>
   </div>
   <div class='ocr_carea' id='block_1_71' title="bbox 2223 1090 3735 1166">
    <p class='ocr_par' dir='ltr' id='par_1_71' title="bbox 2223 1090 3735 1166">
     <span class='ocr_line' id='line_1_71' title="bbox 2223 1090 3735 1166; baseline 0.004 -21"><span class='ocrx_word' id='word_1_566' title='bbox 2223 1092 2289 1146; x_wconf 90' lang='lat' dir='ltr'><strong>ad</strong></span> <span class='ocrx_word' id='word_1_567' title='bbox 2318 1090 2611 1160; x_wconf 76' lang='lat' dir='ltr'><strong>dexteram,</strong></span> <span class='ocrx_word' id='word_1_568' title='bbox 2656 1092 2878 1150; x_wconf 84' lang='lat' dir='ltr'><strong>aliorum</strong></span> <span class='ocrx_word' id='word_1_569' title='bbox 2900 1092 2966 1151; x_wconf 87' lang='lat' dir='ltr'><strong>ad</strong></span> <span class='ocrx_word' id='word_1_570' title='bbox 2995 1093 3260 1151; x_wconf 80' lang='lat' dir='ltr'><strong>sinistram</strong></span> <span class='ocrx_word' id='word_1_571' title='bbox 3281 1091 3485 1159; x_wconf 71' lang='lat' dir='ltr'><strong>(Matth.</strong></span> <span class='ocrx_word' id='word_1_572' title='bbox 3515 1097 3735 1166; x_wconf 77' lang='lat' dir='ltr'><strong>xxv,&#39;55);</strong></span> 
     </span>
    </p>
   </div>
   <div class='ocr_carea' id='block_1_72' title="bbox 2225 1184 3739 1255">
    <p class='ocr_par' dir='ltr' id='par_1_72' title="bbox 2225 1184 3739 1255">
     <span class='ocr_line' id='line_1_72' title="bbox 2225 1184 3739 1255; baseline 0.004 -16"><span class='ocrx_word' id='word_1_573' title='bbox 2225 1185 2453 1240; x_wconf 88' lang='lat' dir='ltr'><strong>nondum</strong></span> <span class='ocrx_word' id='word_1_574' title='bbox 2479 1184 2618 1255; x_wconf 82' lang='lat' dir='ltr'><strong>apud</strong></span> <span class='ocrx_word' id='word_1_575' title='bbox 2648 1185 2843 1247; x_wconf 84' lang='lat' dir='ltr'><strong>inferos</strong></span> <span class='ocrx_word' id='word_1_576' title='bbox 2860 1200 3066 1250; x_wconf 88' lang='lat' dir='ltr'><strong>sumus,</strong></span> <span class='ocrx_word' id='word_1_577' title='bbox 3089 1185 3176 1239; x_wconf 89' lang='lat' dir='ltr'><strong>ubi</strong></span> <span class='ocrx_word' id='word_1_578' title='bbox 3195 1185 3340 1241; x_wconf 84' lang='lat' dir='ltr'><strong>dives</strong></span> <span class='ocrx_word' id='word_1_579' title='bbox 3354 1186 3439 1245; x_wconf 87' lang='lat' dir='ltr'><strong>ille</strong></span> <span class='ocrx_word' id='word_1_580' title='bbox 3463 1186 3571 1254; x_wconf 81' lang='lat' dir='ltr'><strong>luit,</strong></span> <span class='ocrx_word' id='word_1_581' title='bbox 3587 1189 3739 1246; x_wconf 79' lang='lat' dir='ltr'><strong>sitiens</strong></span> 
     </span>
    </p>
   </div>
   <div class='ocr_carea' id='block_1_73' title="bbox 2223 1275 3738 1348">
    <p class='ocr_par' dir='ltr' id='par_1_73' title="bbox 2223 1275 3738 1348">
     <span class='ocr_line' id='line_1_73' title="bbox 2223 1275 3738 1348; baseline 0.003 -16"><span class='ocrx_word' id='word_1_582' title='bbox 2223 1286 2277 1332; x_wconf 91' lang='lat' dir='ltr'><strong>et</strong></span> <span class='ocrx_word' id='word_1_583' title='bbox 2301 1278 2495 1331; x_wconf 87' lang='lat' dir='ltr'><strong>stillam</strong></span> <span class='ocrx_word' id='word_1_584' title='bbox 2512 1276 2820 1333; x_wconf 86' lang='lat' dir='ltr'><strong>desiderans</strong></span> <span class='ocrx_word' id='word_1_585' title='bbox 2850 1276 2995 1347; x_wconf 89' lang='lat' dir='ltr'><strong>(Luc.</strong></span> <span class='ocrx_word' id='word_1_586' title='bbox 3019 1292 3129 1342; x_wconf 76' lang='lat' dir='ltr'><strong>xw,</strong></span> <span class='ocrx_word' id='word_1_587' title='bbox 3160 1275 3252 1348; x_wconf 65' lang='lat'><strong>22)</strong></span> <span class='ocrx_word' id='word_1_588' title='bbox 3295 1296 3309 1331; x_wconf 92' lang='lat'>:</span> <span class='ocrx_word' id='word_1_589' title='bbox 3355 1277 3612 1336; x_wconf 85' lang='lat' dir='ltr'><strong>audiamus</strong></span> <span class='ocrx_word' id='word_1_590' title='bbox 3641 1295 3738 1336; x_wconf 87' lang='lat' dir='ltr'><strong>eum</strong></span> 
     </span>
    </p>
   </div>
   <div class='ocr_carea' id='block_1_74' title="bbox 2224 1366 3740 1437">
    <p class='ocr_par' dir='ltr' id='par_1_74' title="bbox 2224 1366 3740 1437">
     <span class='ocr_line' id='line_1_74' title="bbox 2224 1366 3740 1437; baseline 0.001 -15"><span class='ocrx_word' id='word_1_591' title='bbox 2224 1367 2469 1435; x_wconf 86' lang='lat' dir='ltr'><strong>vivimus,</strong></span> <span class='ocrx_word' id='word_1_592' title='bbox 2487 1367 2830 1437; x_wconf 81' lang='lat' dir='ltr'><strong>corrigamnr.</strong></span> <span class='ocrx_word' id='word_1_593' title='bbox 2857 1366 2972 1422; x_wconf 92' lang='lat' dir='ltr'><strong>Non</strong></span> <span class='ocrx_word' id='word_1_594' title='bbox 2989 1381 3265 1435; x_wconf 85' lang='lat' dir='ltr'><strong>speremus</strong></span> <span class='ocrx_word' id='word_1_595' title='bbox 3279 1382 3363 1421; x_wconf 90' lang='lat' dir='ltr'><strong>res</strong></span> <span class='ocrx_word' id='word_1_596' title='bbox 3378 1367 3585 1435; x_wconf 84' lang='lat' dir='ltr'><strong>alienas,</strong></span> <span class='ocrx_word' id='word_1_597' title='bbox 3595 1378 3642 1427; x_wconf 88' lang='lat' dir='ltr'><strong>et</strong></span> <span class='ocrx_word' id='word_1_598' title='bbox 3662 1371 3740 1424; x_wconf 89' lang='lat' dir='ltr'><strong>im-</strong></span> 
     </span>
    </p>
   </div>
   <div class='ocr_carea' id='block_1_75' title="bbox 2225 1459 3741 1532">
    <p class='ocr_par' dir='ltr' id='par_1_75' title="bbox 2225 1459 3741 1532">
     <span class='ocr_line' id='line_1_75' title="bbox 2225 1459 3741 1532; baseline 0.001 -17"><span class='ocrx_word' id='word_1_599' title='bbox 2225 1461 2478 1532; x_wconf 74' lang='lat' dir='ltr'><strong>prtegnati</strong></span> <span class='ocrx_word' id='word_1_600' title='bbox 2528 1470 2822 1516; x_wconf 86' lang='lat' dir='ltr'><strong>tumeamns</strong></span> <span class='ocrx_word' id='word_1_601' title='bbox 2854 1477 2866 1512; x_wconf 90' lang='lat'><strong>:</strong></span> <span class='ocrx_word' id='word_1_602' title='bbox 2900 1475 2998 1515; x_wconf 87' lang='lat' dir='ltr'><strong>nec</strong></span> <span class='ocrx_word' id='word_1_603' title='bbox 3040 1459 3409 1529; x_wconf 84' lang='lat' dir='ltr'><strong>perveniamus</strong></span> <span class='ocrx_word' id='word_1_604' title='bbox 3448 1459 3509 1515; x_wconf 89' lang='lat' dir='ltr'><strong>ad</strong></span> <span class='ocrx_word' id='word_1_605' title='bbox 3550 1461 3741 1526; x_wconf 86' lang='lat' dir='ltr'><strong>illas,et</strong></span> 
     </span>
    </p>
   </div>
   <div class='ocr_carea' id='block_1_76' title="bbox 2225 1548 3742 1621">
    <p class='ocr_par' dir='ltr' id='par_1_76' title="bbox 2225 1548 3742 1621">
     <span class='ocr_line' id='line_1_76' title="bbox 2225 1548 3742 1621; baseline 0.001 -15"><span class='ocrx_word' id='word_1_606' title='bbox 2225 1566 2316 1606; x_wconf 91' lang='lat' dir='ltr'><strong>eas</strong></span> <span class='ocrx_word' id='word_1_607' title='bbox 2359 1551 2699 1621; x_wconf 87' lang='lat' dir='ltr'><strong>adipiscendo</strong></span> <span class='ocrx_word' id='word_1_608' title='bbox 2740 1560 2984 1618; x_wconf 89' lang='lat' dir='ltr'><strong>tanquam</strong></span> <span class='ocrx_word' id='word_1_609' title='bbox 3017 1549 3157 1604; x_wconf 89' lang='lat' dir='ltr'><strong>ﬁlios</strong></span> <span class='ocrx_word' id='word_1_610' title='bbox 3182 1549 3496 1607; x_wconf 87' lang='lat' dir='ltr'><strong>osculemur.</strong></span> <span class='ocrx_word' id='word_1_611' title='bbox 3533 1548 3610 1607; x_wconf 71' lang='lat' dir='ltr'><strong>Vc</strong></span> <span class='ocrx_word' id='word_1_612' title='bbox 3637 1552 3742 1607; x_wconf 74' lang='lat' dir='ltr'><strong>enim</strong></span> 
     </span>
    </p>
   </div>
   <div class='ocr_carea' id='block_1_77' title="bbox 2226 1640 3741 1715">
    <p class='ocr_par' dir='ltr' id='par_1_77' title="bbox 2226 1640 3741 1715">
     <span class='ocr_line' id='line_1_77' title="bbox 2226 1640 3741 1715; baseline 0 -18"><span class='ocrx_word' id='word_1_613' title='bbox 2226 1643 2596 1715; x_wconf 74' lang='lat' dir='ltr'><strong>prtegnantibus</strong></span> <span class='ocrx_word' id='word_1_614' title='bbox 2619 1652 2665 1696; x_wconf 85' lang='lat' dir='ltr'><strong>et</strong></span> <span class='ocrx_word' id='word_1_615' title='bbox 2692 1642 3074 1699; x_wconf 84' lang='lat' dir='ltr'><strong>mmmnantibus</strong></span> <span class='ocrx_word' id='word_1_616' title='bbox 3114 1640 3219 1697; x_wconf 85' lang='lat' dir='ltr'><strong>illis</strong></span> <span class='ocrx_word' id='word_1_617' title='bbox 3264 1641 3451 1701; x_wconf 75' lang='lat' dir='ltr'><strong>diebus.</strong></span> <span class='ocrx_word' id='word_1_618' title='bbox 3480 1641 3741 1697; x_wconf 79' lang='lat' dir='ltr'><strong>Mutandum</strong></span> 
     </span>
    </p>
   </div>
   <div class='ocr_carea' id='block_1_78' title="bbox 2225 1731 3740 1803">
    <p class='ocr_par' dir='ltr' id='par_1_78' title="bbox 2225 1731 3740 1803">
     <span class='ocr_line' id='line_1_78' title="bbox 2225 1731 3740 1803; baseline -0.004 -10"><span class='ocrx_word' id='word_1_619' title='bbox 2225 1748 2306 1793; x_wconf 75' lang='grc' dir='ltr'><strong>εει</strong></span> <span class='ocrx_word' id='word_1_620' title='bbox 2333 1751 2445 1803; x_wconf 89' lang='lat' dir='ltr'><strong>cor,</strong></span> <span class='ocrx_word' id='word_1_621' title='bbox 2466 1735 2745 1791; x_wconf 86' lang='lat' dir='ltr'><strong>levandum</strong></span> <span class='ocrx_word' id='word_1_622' title='bbox 2768 1742 2849 1788; x_wconf 73' lang='lat' dir='ltr'><strong>est</strong></span> <span class='ocrx_word' id='word_1_623' title='bbox 2875 1749 2987 1797; x_wconf 91' lang='lat' dir='ltr'><strong>cor,</strong></span> <span class='ocrx_word' id='word_1_624' title='bbox 3010 1750 3111 1793; x_wconf 90' lang='lat' dir='ltr'><strong>non</strong></span> <span class='ocrx_word' id='word_1_625' title='bbox 3131 1734 3215 1786; x_wconf 86' lang='lat' dir='ltr'><strong>hic</strong></span> <span class='ocrx_word' id='word_1_626' title='bbox 3238 1731 3564 1793; x_wconf 69' lang='lat' dir='ltr'><strong>habitandum</strong></span> <span class='ocrx_word' id='word_1_627' title='bbox 3583 1732 3740 1789; x_wconf 88' lang='lat' dir='ltr'><strong>corde:</strong></span> 
     </span>
    </p>
   </div>
   <div class='ocr_carea' id='block_1_79' title="bbox 2225 1823 3743 1896">
    <p class='ocr_par' dir='ltr' id='par_1_79' title="bbox 2225 1823 3743 1896">
     <span class='ocr_line' id='line_1_79' title="bbox 2225 1823 3743 1896; baseline -0.002 -16"><span class='ocrx_word' id='word_1_628' title='bbox 2225 1825 2359 1880; x_wconf 86' lang='lat' dir='ltr'><strong>mala</strong></span> <span class='ocrx_word' id='word_1_629' title='bbox 2387 1827 2531 1896; x_wconf 83' lang='lat' dir='ltr'><strong>regio</strong></span> <span class='ocrx_word' id='word_1_630' title='bbox 2559 1835 2658 1883; x_wconf 86' lang='lat' dir='ltr'><strong>est.</strong></span> <span class='ocrx_word' id='word_1_631' title='bbox 2672 1825 2909 1881; x_wconf 76' lang='lat' dir='ltr'><strong>Sufﬁciat</strong></span> <span class='ocrx_word' id='word_1_632' title='bbox 2927 1823 3064 1894; x_wconf 88' lang='lat' dir='ltr'><strong>quod</strong></span> <span class='ocrx_word' id='word_1_633' title='bbox 3086 1823 3262 1878; x_wconf 84' lang='lat' dir='ltr'><strong>adhuc</strong></span> <span class='ocrx_word' id='word_1_634' title='bbox 3280 1838 3436 1881; x_wconf 87' lang='lat' dir='ltr'><strong>carne</strong></span> <span class='ocrx_word' id='word_1_635' title='bbox 3457 1823 3537 1883; x_wconf 85' lang='lat' dir='ltr'><strong>hic</strong></span> <span class='ocrx_word' id='word_1_636' title='bbox 3555 1838 3658 1878; x_wconf 85' lang='lat' dir='ltr'><strong>esse</strong></span> <span class='ocrx_word' id='word_1_637' title='bbox 3677 1839 3743 1885; x_wconf 80' lang='lat' dir='ltr'><strong>ne-</strong></span> 
     </span>
    </p>
   </div>
   <div class='ocr_carea' id='block_1_80' title="bbox 2225 1913 3743 2003">
    <p class='ocr_par' dir='ltr' id='par_1_80' title="bbox 2225 1913 3743 2003">
     <span class='ocr_line' id='line_1_80' title="bbox 2225 1913 3743 2003; baseline -0.002 -33"><span class='ocrx_word' id='word_1_638' title='bbox 2225 1931 2374 1977; x_wconf 83' lang='lat' dir='ltr'><strong>cesse</strong></span> <span class='ocrx_word' id='word_1_639' title='bbox 2393 1926 2502 1981; x_wconf 90' lang='lat' dir='ltr'><strong>est;</strong></span> <span class='ocrx_word' id='word_1_640' title='bbox 2524 1915 2663 1986; x_wconf 86' lang='lat' dir='ltr'><strong>quod</strong></span> <span class='ocrx_word' id='word_1_641' title='bbox 2688 1931 2791 1977; x_wconf 87' lang='lat' dir='ltr'><strong>non</strong></span> <span class='ocrx_word' id='word_1_642' title='bbox 2809 1925 2889 1969; x_wconf 90' lang='lat' dir='ltr'><strong>est</strong></span> <span class='ocrx_word' id='word_1_643' title='bbox 2911 1930 3147 1981; x_wconf 86' lang='lat' dir='ltr'><strong>necesse,</strong></span> <span class='ocrx_word' id='word_1_644' title='bbox 3174 1930 3278 1968; x_wconf 89' lang='lat' dir='ltr'><strong>non</strong></span> <span class='ocrx_word' id='word_1_645' title='bbox 3298 1914 3412 1975; x_wconf 84' lang='lat' dir='ltr'><strong>ﬁat;</strong></span> <span class='ocrx_word' id='word_1_646' title='bbox 3438 1913 3641 2003; x_wconf 60' lang='lat' dir='ltr'><strong>subiciat</strong></span> <span class='ocrx_word' id='word_1_647' title='bbox 3662 1913 3743 1975; x_wconf 81' lang='lat' dir='ltr'><strong>diei</strong></span> 
     </span>
    </p>
   </div>
   <div class='ocr_carea' id='block_1_81' title="bbox 2226 2004 3741 2081">
    <p class='ocr_par' dir='ltr' id='par_1_81' title="bbox 2226 2004 3741 2081">
     <span class='ocr_line' id='line_1_81' title="bbox 2226 2004 3741 2081; baseline 0.001 -20"><span class='ocrx_word' id='word_1_648' title='bbox 2226 2008 2422 2071; x_wconf 89' lang='lat' dir='ltr'><strong>malitia</strong></span> <span class='ocrx_word' id='word_1_649' title='bbox 2451 2023 2545 2063; x_wconf 87' lang='lat' dir='ltr'><strong>sua</strong></span> <span class='ocrx_word' id='word_1_650' title='bbox 2568 2007 2777 2081; x_wconf 76' lang='lat' dir='ltr'><strong>(Matth.</strong></span> <span class='ocrx_word' id='word_1_651' title='bbox 2805 2022 2877 2071; x_wconf 83' lang='lat' dir='ltr'><strong>vt,</strong></span> <span class='ocrx_word' id='word_1_652' title='bbox 2899 2006 2986 2079; x_wconf 70' lang='grc'><strong>51)</strong></span> <span class='ocrx_word' id='word_1_653' title='bbox 3006 2023 3020 2072; x_wconf 87' lang='grc'><strong>;</strong></span> <span class='ocrx_word' id='word_1_654' title='bbox 3044 2021 3258 2061; x_wconf 89' lang='lat' dir='ltr'><strong>sursum</strong></span> <span class='ocrx_word' id='word_1_655' title='bbox 3281 2004 3440 2060; x_wconf 85' lang='lat' dir='ltr'><strong>corde</strong></span> <span class='ocrx_word' id='word_1_656' title='bbox 3465 2004 3741 2063; x_wconf 71' lang='lat' dir='ltr'><strong>habitamus.</strong></span> 
     </span>
    </p>
   </div>
   <div class='ocr_carea' id='block_1_82' title="bbox 2226 2098 3746 2167">
    <p class='ocr_par' dir='ltr' id='par_1_82' title="bbox 2226 2098 3746 2167">
     <span class='ocr_line' id='line_1_82' title="bbox 2226 2098 3746 2167; baseline -0.005 -8"><span class='ocrx_word' id='word_1_657' title='bbox 2226 2102 2287 2159; x_wconf 86' lang='lat' dir='ltr'><strong>Si</strong></span> <span class='ocrx_word' id='word_1_658' title='bbox 2314 2103 2601 2159; x_wconf 75' lang='lat' dir='ltr'><strong>surrexistis</strong></span> <span class='ocrx_word' id='word_1_659' title='bbox 2639 2117 2751 2163; x_wconf 81' lang='lat' dir='ltr'><strong>cum</strong></span> <span class='ocrx_word' id='word_1_660' title='bbox 2781 2099 2998 2167; x_wconf 84' lang='lat' dir='ltr'><strong>Christo,</strong></span> <span class='ocrx_word' id='word_1_661' title='bbox 3021 2098 3150 2153; x_wconf 89' lang='lat' dir='ltr'><strong>dicit</strong></span> <span class='ocrx_word' id='word_1_662' title='bbox 3184 2098 3422 2153; x_wconf 85' lang='lat' dir='ltr'><strong>ﬁdelibus</strong></span> <span class='ocrx_word' id='word_1_663' title='bbox 3453 2139 3468 2165; x_wconf 96' lang='lat'><strong>,</strong></span> <span class='ocrx_word' id='word_1_664' title='bbox 3496 2112 3669 2167; x_wconf 83' lang='lat' dir='ltr'><strong>corpus</strong></span> <span class='ocrx_word' id='word_1_665' title='bbox 3703 2104 3746 2159; x_wconf 87' lang='lat' dir='ltr'><strong>et</strong></span> 
     </span>
    </p>
   </div>
   <div class='ocr_carea' id='block_1_83' title="bbox 2225 2174 3747 2262">
    <p class='ocr_par' dir='ltr' id='par_1_83' title="bbox 2225 2174 3747 2262">
     <span class='ocr_line' id='line_1_83' title="bbox 2225 2174 3747 2262; baseline -0.003 -15"><span class='ocrx_word' id='word_1_666' title='bbox 2225 2174 2532 2262; x_wconf 78' lang='lat' dir='ltr'><strong>sanguinem</strong></span> <span class='ocrx_word' id='word_1_667' title='bbox 2560 2191 2763 2245; x_wconf 89' lang='lat' dir='ltr'><strong>Domini</strong></span> <span class='ocrx_word' id='word_1_668' title='bbox 2792 2189 3172 2260; x_wconf 84' lang='lat' dir='ltr'><strong>accipientibus</strong></span> <span class='ocrx_word' id='word_1_669' title='bbox 3197 2188 3343 2255; x_wconf 88' lang='lat' dir='ltr'><strong>dicit,</strong></span> <span class='ocrx_word' id='word_1_670' title='bbox 3363 2188 3423 2243; x_wconf 84' lang='lat' dir='ltr'><strong>Si</strong></span> <span class='ocrx_word' id='word_1_671' title='bbox 3456 2188 3747 2251; x_wconf 68' lang='lat' dir='ltr'><strong>usui-resistis</strong></span> 
     </span>
    </p>
   </div>
   <div class='ocr_carea' id='block_1_84' title="bbox 2224 2278 3747 2352">
    <p class='ocr_par' dir='ltr' id='par_1_84' title="bbox 2224 2278 3747 2352">
     <span class='ocr_line' id='line_1_84' title="bbox 2224 2278 3747 2352; baseline -0.001 -15"><span class='ocrx_word' id='word_1_672' title='bbox 2224 2300 2339 2347; x_wconf 75' lang='lat' dir='ltr'><strong>eum</strong></span> <span class='ocrx_word' id='word_1_673' title='bbox 2363 2283 2578 2348; x_wconf 77' lang='lat' dir='ltr'><strong>Christo,</strong></span> <span class='ocrx_word' id='word_1_674' title='bbox 2605 2298 2717 2352; x_wconf 75' lang='lat' dir='ltr'><strong>qua:</strong></span> <span class='ocrx_word' id='word_1_675' title='bbox 2753 2298 2953 2337; x_wconf 80' lang='lat' dir='ltr'><strong>sursum</strong></span> <span class='ocrx_word' id='word_1_676' title='bbox 2996 2289 3111 2335; x_wconf 82' lang='lat' dir='ltr'><strong>sunt</strong></span> <span class='ocrx_word' id='word_1_677' title='bbox 3149 2280 3333 2351; x_wconf 84' lang='lat' dir='ltr'><strong>sapite,</strong></span> <span class='ocrx_word' id='word_1_678' title='bbox 3363 2279 3444 2337; x_wconf 84' lang='lat' dir='ltr'><strong>ubi</strong></span> <span class='ocrx_word' id='word_1_679' title='bbox 3470 2278 3674 2347; x_wconf 70' lang='lat' dir='ltr'><strong>Christus</strong></span> <span class='ocrx_word' id='word_1_680' title='bbox 3692 2287 3747 2335; x_wconf 69' lang='lat' dir='ltr'><strong>at</strong></span> 
     </span>
    </p>
   </div>
   <div class='ocr_carea' id='block_1_85' title="bbox 2225 2352 3746 2441">
    <p class='ocr_par' dir='ltr' id='par_1_85' title="bbox 2225 2352 3746 2441">
     <span class='ocr_line' id='line_1_85' title="bbox 2225 2352 3746 2441; baseline -0.001 -15"><span class='ocrx_word' id='word_1_681' title='bbox 2225 2374 2278 2428; x_wconf 86' lang='lat' dir='ltr'><strong>in</strong></span> <span class='ocrx_word' id='word_1_682' title='bbox 2309 2352 2514 2427; x_wconf 58' lang='lat' dir='ltr'><strong>dextera</strong></span> <span class='ocrx_word' id='word_1_683' title='bbox 2548 2371 2642 2426; x_wconf 88' lang='lat' dir='ltr'><strong>Dci</strong></span> <span class='ocrx_word' id='word_1_684' title='bbox 2664 2370 2874 2435; x_wconf 86' lang='lat' dir='ltr'><strong>sedens;</strong></span> <span class='ocrx_word' id='word_1_685' title='bbox 2897 2386 3010 2441; x_wconf 77' lang='lat' dir='ltr'><strong>qua:</strong></span> <span class='ocrx_word' id='word_1_686' title='bbox 3049 2385 3256 2426; x_wconf 85' lang='lat' dir='ltr'><strong>sursum</strong></span> <span class='ocrx_word' id='word_1_687' title='bbox 3282 2379 3394 2423; x_wconf 85' lang='lat' dir='ltr'><strong>sunt</strong></span> <span class='ocrx_word' id='word_1_688' title='bbox 3430 2369 3639 2440; x_wconf 68' lang='lat' dir='ltr'><strong>miserita,</strong></span> <span class='ocrx_word' id='word_1_689' title='bbox 3667 2385 3746 2425; x_wconf 78' lang='lat' dir='ltr'><strong>non</strong></span> 
     </span>
    </p>
   </div>
   <div class='ocr_carea' id='block_1_86' title="bbox 2225 2461 3747 2539">
    <p class='ocr_par' dir='ltr' id='par_1_86' title="bbox 2225 2461 3747 2539">
     <span class='ocr_line' id='line_1_86' title="bbox 2225 2461 3747 2539; baseline -0.005 -17"><span class='ocrx_word' id='word_1_690' title='bbox 2225 2482 2339 2539; x_wconf 70' lang='lat' dir='ltr'><strong>qua:</strong></span> <span class='ocrx_word' id='word_1_691' title='bbox 2366 2484 2516 2539; x_wconf 77' lang='lat' dir='ltr'><strong>super</strong></span> <span class='ocrx_word' id='word_1_692' title='bbox 2544 2476 2744 2521; x_wconf 87' lang='lat' dir='ltr'><strong>terram.</strong></span> <span class='ocrx_word' id='word_1_693' title='bbox 2772 2464 2959 2518; x_wconf 76' lang='lat' dir='ltr'><strong>Hormi</strong></span> <span class='ocrx_word' id='word_1_694' title='bbox 2989 2465 3121 2518; x_wconf 82' lang='lat' dir='ltr'><strong>enim</strong></span> <span class='ocrx_word' id='word_1_695' title='bbox 3149 2465 3289 2527; x_wconf 81' lang='lat' dir='ltr'><strong>estis,</strong></span> <span class='ocrx_word' id='word_1_696' title='bbox 3309 2473 3353 2518; x_wconf 84' lang='lat' dir='ltr'><strong>et</strong></span> <span class='ocrx_word' id='word_1_697' title='bbox 3378 2465 3474 2518; x_wconf 73' lang='lat' dir='ltr'><strong>vita</strong></span> <span class='ocrx_word' id='word_1_698' title='bbox 3492 2472 3638 2523; x_wconf 77' lang='lat' dir='ltr'><strong>vestra</strong></span> <span class='ocrx_word' id='word_1_699' title='bbox 3658 2461 3747 2521; x_wconf 75' lang='lat' dir='ltr'><strong>abs-</strong></span> 
     </span>
    </p>
   </div>
   <div class='ocr_carea' id='block_1_87' title="bbox 2225 2549 3746 2625">
    <p class='ocr_par' dir='ltr' id='par_1_87' title="bbox 2225 2549 3746 2625">
     <span class='ocr_line' id='line_1_87' title="bbox 2225 2549 3746 2625; baseline -0.005 -13"><span class='ocrx_word' id='word_1_700' title='bbox 2225 2558 2429 2612; x_wconf 86' lang='lat' dir='ltr'><strong>condita</strong></span> <span class='ocrx_word' id='word_1_701' title='bbox 2454 2566 2527 2611; x_wconf 84' lang='lat' dir='ltr'><strong>est</strong></span> <span class='ocrx_word' id='word_1_702' title='bbox 2563 2573 2674 2611; x_wconf 84' lang='lat' dir='ltr'><strong>cum</strong></span> <span class='ocrx_word' id='word_1_703' title='bbox 2717 2553 2915 2610; x_wconf 83' lang='lat' dir='ltr'><strong>Christe</strong></span> <span class='ocrx_word' id='word_1_704' title='bbox 2940 2554 2990 2607; x_wconf 85' lang='lat' dir='ltr'><strong>in</strong></span> <span class='ocrx_word' id='word_1_705' title='bbox 3013 2552 3123 2606; x_wconf 74' lang='lat' dir='ltr'><strong>Deo</strong></span> <span class='ocrx_word' id='word_1_706' title='bbox 3152 2552 3372 2625; x_wconf 83' lang='lat' dir='ltr'><strong>(Coloss.</strong></span> <span class='ocrx_word' id='word_1_707' title='bbox 3410 2569 3481 2617; x_wconf 87' lang='grc' dir='ltr'><strong>ιιι,</strong></span> <span class='ocrx_word' id='word_1_708' title='bbox 3509 2553 3531 2607; x_wconf 90' lang='grc'><strong>1</strong></span> <span class='ocrx_word' id='word_1_709' title='bbox 3568 2549 3635 2622; x_wconf 79' lang='lat'><strong>3).</strong></span> <span class='ocrx_word' id='word_1_710' title='bbox 3656 2549 3746 2605; x_wconf 85' lang='lat' dir='ltr'><strong>Non</strong></span> 
     </span>
    </p>
   </div>
   <div class='ocr_carea' id='block_1_88' title="bbox 2224 2645 3744 2719">
    <p class='ocr_par' dir='ltr' id='par_1_88' title="bbox 2224 2645 3744 2719">
     <span class='ocr_line' id='line_1_88' title="bbox 2224 2645 3744 2719; baseline -0.005 -14"><span class='ocrx_word' id='word_1_711' title='bbox 2224 2650 2365 2706; x_wconf 88' lang='lat' dir='ltr'><strong>enim</strong></span> <span class='ocrx_word' id='word_1_712' title='bbox 2409 2657 2631 2719; x_wconf 87' lang='lat' dir='ltr'><strong>apparet</strong></span> <span class='ocrx_word' id='word_1_713' title='bbox 2654 2647 2794 2719; x_wconf 89' lang='lat' dir='ltr'><strong>quod</strong></span> <span class='ocrx_word' id='word_1_714' title='bbox 2823 2647 2974 2701; x_wconf 89' lang='lat' dir='ltr'><strong>vobis</strong></span> <span class='ocrx_word' id='word_1_715' title='bbox 3003 2645 3325 2716; x_wconf 87' lang='lat' dir='ltr'><strong>promissum</strong></span> <span class='ocrx_word' id='word_1_716' title='bbox 3348 2656 3456 2701; x_wconf 86' lang='lat' dir='ltr'><strong>est:</strong></span> <span class='ocrx_word' id='word_1_717' title='bbox 3482 2654 3532 2719; x_wconf 73' lang='lat' dir='ltr'><strong>et</strong></span> <span class='ocrx_word' id='word_1_718' title='bbox 3550 2645 3644 2713; x_wconf 88' lang='lat' dir='ltr'><strong>jam</strong></span> <span class='ocrx_word' id='word_1_719' title='bbox 3666 2657 3744 2712; x_wconf 81' lang='lat' dir='ltr'><strong>pa-</strong></span> 
     </span>
    </p>
   </div>
   <div class='ocr_carea' id='block_1_89' title="bbox 2225 2734 3749 2808">
    <p class='ocr_par' dir='ltr' id='par_1_89' title="bbox 2225 2734 3749 2808">
     <span class='ocr_line' id='line_1_89' title="bbox 2225 2734 3749 2808; baseline -0.005 -14"><span class='ocrx_word' id='word_1_720' title='bbox 2225 2747 2396 2799; x_wconf 77' lang='lat' dir='ltr'><strong>ratum</strong></span> <span class='ocrx_word' id='word_1_721' title='bbox 2440 2747 2546 2806; x_wconf 82' lang='lat' dir='ltr'><strong>est,</strong></span> <span class='ocrx_word' id='word_1_722' title='bbox 2591 2738 2684 2797; x_wconf 89' lang='lat' dir='ltr'><strong>sed</strong></span> <span class='ocrx_word' id='word_1_723' title='bbox 2727 2752 2829 2795; x_wconf 89' lang='lat' dir='ltr'><strong>non</strong></span> <span class='ocrx_word' id='word_1_724' title='bbox 2874 2737 3084 2792; x_wconf 87' lang='lat' dir='ltr'><strong>videtis.</strong></span> <span class='ocrx_word' id='word_1_725' title='bbox 3136 2735 3473 2808; x_wconf 71' lang='lat' dir='ltr'><strong>ltnprzegnari</strong></span> <span class='ocrx_word' id='word_1_726' title='bbox 3516 2736 3604 2801; x_wconf 83' lang='lat' dir='ltr'><strong>vis,</strong></span> <span class='ocrx_word' id='word_1_727' title='bbox 3650 2734 3749 2789; x_wconf 84' lang='lat' dir='ltr'><strong>hinc</strong></span> 
     </span>
    </p>
   </div>
   <div class='ocr_carea' id='block_1_90' title="bbox 2224 2829 3749 2907">
    <p class='ocr_par' dir='ltr' id='par_1_90' title="bbox 2224 2829 3749 2907">
     <span class='ocr_line' id='line_1_90' title="bbox 2224 2829 3749 2907; baseline -0.004 -22"><span class='ocrx_word' id='word_1_728' title='bbox 2224 2833 2603 2901; x_wconf 77' lang='lat' dir='ltr'><strong>imprargnare;</strong></span> <span class='ocrx_word' id='word_1_729' title='bbox 2650 2831 2762 2901; x_wconf 88' lang='lat' dir='ltr'><strong>ipsa</strong></span> <span class='ocrx_word' id='word_1_730' title='bbox 2817 2829 2887 2884; x_wconf 90' lang='lat' dir='ltr'><strong>sit</strong></span> <span class='ocrx_word' id='word_1_731' title='bbox 2929 2842 3051 2898; x_wconf 87' lang='lat' dir='ltr'><strong>spes</strong></span> <span class='ocrx_word' id='word_1_732' title='bbox 3085 2837 3170 2884; x_wconf 88' lang='lat' dir='ltr'><strong>tua</strong></span> <span class='ocrx_word' id='word_1_733' title='bbox 3216 2847 3229 2883; x_wconf 89' lang='lat'><strong>:</strong></span> <span class='ocrx_word' id='word_1_734' title='bbox 3264 2839 3438 2883; x_wconf 88' lang='lat' dir='ltr'><strong>certus</strong></span> <span class='ocrx_word' id='word_1_735' title='bbox 3473 2830 3567 2887; x_wconf 86' lang='lat' dir='ltr'><strong>erit</strong></span> <span class='ocrx_word' id='word_1_736' title='bbox 3602 2835 3749 2907; x_wconf 75' lang='lat' dir='ltr'><strong>partus</strong></span> 
     </span>
    </p>
   </div>
   <div class='ocr_carea' id='block_1_91' title="bbox 2228 2918 3749 2993">
    <p class='ocr_par' dir='ltr' id='par_1_91' title="bbox 2228 2918 3749 2993">
     <span class='ocr_line' id='line_1_91' title="bbox 2228 2918 3749 2993; baseline -0.003 -16"><span class='ocrx_word' id='word_1_737' title='bbox 2228 2934 2366 2990; x_wconf 87' lang='lat' dir='ltr'><strong>tuus,</strong></span> <span class='ocrx_word' id='word_1_738' title='bbox 2382 2940 2485 2979; x_wconf 86' lang='lat' dir='ltr'><strong>non</strong></span> <span class='ocrx_word' id='word_1_739' title='bbox 2516 2924 2618 2977; x_wconf 77' lang='lat' dir='ltr'><strong>erit</strong></span> <span class='ocrx_word' id='word_1_740' title='bbox 2643 2922 2934 2988; x_wconf 85' lang='lat' dir='ltr'><strong>abortivus,</strong></span> <span class='ocrx_word' id='word_1_741' title='bbox 2969 2936 3071 2976; x_wconf 91' lang='lat' dir='ltr'><strong>non</strong></span> <span class='ocrx_word' id='word_1_742' title='bbox 3098 2922 3407 2993; x_wconf 74' lang='lat' dir='ltr'><strong>temporalis</strong></span> <span class='ocrx_word' id='word_1_743' title='bbox 3428 2939 3441 2974; x_wconf 90' lang='lat'><strong>:</strong></span> <span class='ocrx_word' id='word_1_744' title='bbox 3460 2918 3749 2991; x_wconf 81' lang='lat' dir='ltr'><strong>amplecteris</strong></span> 
     </span>
    </p>
   </div>
   <div class='ocr_carea' id='block_1_92' title="bbox 2224 3009 3748 3091">
    <p class='ocr_par' dir='ltr' id='par_1_92' title="bbox 2224 3009 3748 3091">
     <span class='ocr_line' id='line_1_92' title="bbox 2224 3009 3748 3091; baseline -0.005 -21"><span class='ocrx_word' id='word_1_745' title='bbox 2224 3014 2365 3086; x_wconf 85' lang='lat' dir='ltr'><strong>quod</strong></span> <span class='ocrx_word' id='word_1_746' title='bbox 2410 3013 2681 3091; x_wconf 86' lang='lat' dir='ltr'><strong>pepereris</strong></span> <span class='ocrx_word' id='word_1_747' title='bbox 2720 3013 2775 3066; x_wconf 91' lang='lat' dir='ltr'><strong>in</strong></span> <span class='ocrx_word' id='word_1_748' title='bbox 2816 3021 3094 3067; x_wconf 81' lang='lat' dir='ltr'><strong>:eternum.</strong></span> <span class='ocrx_word' id='word_1_749' title='bbox 3144 3013 3240 3067; x_wconf 90' lang='lat' dir='ltr'><strong>Sic</strong></span> <span class='ocrx_word' id='word_1_750' title='bbox 3279 3012 3417 3073; x_wconf 87' lang='lat' dir='ltr'><strong>enim</strong></span> <span class='ocrx_word' id='word_1_751' title='bbox 3463 3026 3556 3082; x_wconf 89' lang='lat' dir='ltr'><strong>per</strong></span> <span class='ocrx_word' id='word_1_752' title='bbox 3594 3009 3748 3075; x_wconf 81' lang='lat' dir='ltr'><strong>lsaiatn</strong></span> 
     </span>
    </p>
   </div>
   <div class='ocr_carea' id='block_1_93' title="bbox 2224 3100 3745 3173">
    <p class='ocr_par' dir='ltr' id='par_1_93' title="bbox 2224 3100 3745 3173">
     <span class='ocr_line' id='line_1_93' title="bbox 2224 3100 3745 3173; baseline -0.004 -13"><span class='ocrx_word' id='word_1_753' title='bbox 2224 3105 2418 3161; x_wconf 87' lang='lat' dir='ltr'><strong>dicitur</strong></span> <span class='ocrx_word' id='word_1_754' title='bbox 2449 3122 2462 3157; x_wconf 88' lang='lat'>:</span> <span class='ocrx_word' id='word_1_755' title='bbox 2492 3101 2819 3171; x_wconf 77' lang='lat' dir='ltr'><strong>Concepimus</strong></span> <span class='ocrx_word' id='word_1_756' title='bbox 2856 3112 2905 3157; x_wconf 85' lang='lat' dir='ltr'><strong>et</strong></span> <span class='ocrx_word' id='word_1_757' title='bbox 2951 3103 3311 3172; x_wconf 82' lang='lat' dir='ltr'><strong>parturivimus</strong></span> <span class='ocrx_word' id='word_1_758' title='bbox 3351 3103 3571 3173; x_wconf 81' lang='lat' dir='ltr'><strong>spiritum</strong></span> <span class='ocrx_word' id='word_1_759' title='bbox 3596 3100 3745 3157; x_wconf 75' lang='lat' dir='ltr'><strong>ululis</strong></span> 
     </span>
    </p>
   </div>
   <div class='ocr_carea' id='block_1_94' title="bbox 2229 3189 3746 3267">
    <p class='ocr_par' dir='ltr' id='par_1_94' title="bbox 2229 3189 3746 3267">
     <span class='ocr_line' id='line_1_94' title="bbox 2229 3189 3746 3267; baseline -0.003 -20"><span class='ocrx_word' id='word_1_760' title='bbox 2229 3193 2378 3267; x_wconf 87' lang='lat' dir='ltr'><strong>(Isai.</strong></span> <span class='ocrx_word' id='word_1_761' title='bbox 2399 3210 2545 3264; x_wconf 77' lang='lat' dir='ltr'><strong>xxvi,</strong></span> <span class='ocrx_word' id='word_1_762' title='bbox 2570 3194 2682 3263; x_wconf 91' lang='grc'><strong>18).</strong></span> <span class='ocrx_word' id='word_1_763' title='bbox 2704 3193 2842 3263; x_wconf 84' lang='lat' dir='ltr'><strong>Ergo</strong></span> <span class='ocrx_word' id='word_1_764' title='bbox 2862 3192 2936 3263; x_wconf 91' lang='lat' dir='ltr'><strong>(a)</strong></span> <span class='ocrx_word' id='word_1_765' title='bbox 2957 3200 3099 3249; x_wconf 90' lang='lat' dir='ltr'><strong>retro</strong></span> <span class='ocrx_word' id='word_1_766' title='bbox 3123 3202 3230 3260; x_wconf 91' lang='lat' dir='ltr'><strong>est,</strong></span> <span class='ocrx_word' id='word_1_767' title='bbox 3249 3202 3420 3253; x_wconf 90' lang='lat' dir='ltr'><strong>etnon</strong></span> <span class='ocrx_word' id='word_1_768' title='bbox 3439 3192 3582 3248; x_wconf 87' lang='lat' dir='ltr'><strong>datur</strong></span> <span class='ocrx_word' id='word_1_769' title='bbox 3598 3189 3746 3253; x_wconf 86' lang='lat' dir='ltr'><strong>modo,</strong></span> 
     </span>
    </p>
   </div>
   <div class='ocr_carea' id='block_1_95' title="bbox 2224 3282 3749 3354">
    <p class='ocr_par' dir='ltr' id='par_1_95' title="bbox 2224 3282 3749 3354">
     <span class='ocr_line' id='line_1_95' title="bbox 2224 3282 3749 3354; baseline -0.004 -9"><span class='ocrx_word' id='word_1_770' title='bbox 2224 3286 2316 3345; x_wconf 89' lang='lat' dir='ltr'><strong>sed</strong></span> <span class='ocrx_word' id='word_1_771' title='bbox 2356 3286 2584 3345; x_wconf 84' lang='lat' dir='ltr'><strong>dabitur.</strong></span> <span class='ocrx_word' id='word_1_772' title='bbox 2613 3285 2816 3352; x_wconf 86' lang='lat' dir='ltr'><strong>Quanta</strong></span> <span class='ocrx_word' id='word_1_773' title='bbox 2857 3285 2978 3341; x_wconf 90' lang='lat' dir='ltr'><strong>data</strong></span> <span class='ocrx_word' id='word_1_774' title='bbox 3012 3294 3154 3354; x_wconf 91' lang='lat' dir='ltr'><strong>sunt,</strong></span> <span class='ocrx_word' id='word_1_775' title='bbox 3192 3286 3382 3341; x_wconf 73' lang='lat' dir='ltr'><strong>fratres</strong></span> <span class='ocrx_word' id='word_1_776' title='bbox 3406 3287 3523 3352; x_wconf 90' lang='lat' dir='ltr'><strong>mei,</strong></span> <span class='ocrx_word' id='word_1_777' title='bbox 3552 3284 3656 3354; x_wconf 83' lang='lat' dir='ltr'><strong>quis</strong></span> <span class='ocrx_word' id='word_1_778' title='bbox 3676 3282 3749 3339; x_wconf 75' lang='lat' dir='ltr'><strong>illa</strong></span> 
     </span>
    </p>
   </div>
   <div class='ocr_carea' id='block_1_96' title="bbox 2226 3371 3749 3448">
    <p class='ocr_par' dir='ltr' id='par_1_96' title="bbox 2226 3371 3749 3448">
     <span class='ocr_line' id='line_1_96' title="bbox 2226 3371 3749 3448; baseline -0.003 -16"><span class='ocrx_word' id='word_1_779' title='bbox 2226 3387 2465 3439; x_wconf 85' lang='lat' dir='ltr'><strong>numerat</strong></span> <span class='ocrx_word' id='word_1_780' title='bbox 2505 3377 2797 3433; x_wconf 80' lang='lat' dir='ltr'><strong>secundant</strong></span> <span class='ocrx_word' id='word_1_781' title='bbox 2846 3375 3183 3447; x_wconf 86' lang='lat' dir='ltr'><strong>Scripturas?</strong></span> <span class='ocrx_word' id='word_1_782' title='bbox 3216 3378 3292 3434; x_wconf 88' lang='lat' dir='ltr'><strong>lbi</strong></span> <span class='ocrx_word' id='word_1_783' title='bbox 3330 3378 3571 3448; x_wconf 81' lang='lat' dir='ltr'><strong>scriptum</strong></span> <span class='ocrx_word' id='word_1_784' title='bbox 3611 3371 3749 3437; x_wconf 78' lang='lat' dir='ltr'><strong>estde</strong></span> 
     </span>
    </p>
   </div>
   <div class='ocr_carea' id='block_1_97' title="bbox 2226 3465 3751 3540">
    <p class='ocr_par' dir='ltr' id='par_1_97' title="bbox 2226 3465 3751 3540">
     <span class='ocr_line' id='line_1_97' title="bbox 2226 3465 3751 3540; baseline -0.003 -16"><span class='ocrx_word' id='word_1_785' title='bbox 2226 3468 2485 3536; x_wconf 81' lang='lat' dir='ltr'><strong>Ecclesia,</strong></span> <span class='ocrx_word' id='word_1_786' title='bbox 2516 3477 2569 3523; x_wconf 90' lang='lat' dir='ltr'><strong>et</strong></span> <span class='ocrx_word' id='word_1_787' title='bbox 2590 3468 2797 3535; x_wconf 82' lang='lat' dir='ltr'><strong>videtur</strong></span> <span class='ocrx_word' id='word_1_788' title='bbox 2822 3468 2943 3538; x_wconf 89' lang='lat' dir='ltr'><strong>quia</strong></span> <span class='ocrx_word' id='word_1_789' title='bbox 2973 3479 3086 3535; x_wconf 86' lang='lat' dir='ltr'><strong>est;</strong></span> <span class='ocrx_word' id='word_1_790' title='bbox 3114 3470 3185 3531; x_wconf 88' lang='lat' dir='ltr'><strong>ibi</strong></span> <span class='ocrx_word' id='word_1_791' title='bbox 3219 3471 3467 3540; x_wconf 88' lang='lat' dir='ltr'><strong>scriptum</strong></span> <span class='ocrx_word' id='word_1_792' title='bbox 3496 3477 3572 3526; x_wconf 87' lang='lat' dir='ltr'><strong>est</strong></span> <span class='ocrx_word' id='word_1_793' title='bbox 3588 3466 3646 3525; x_wconf 89' lang='lat' dir='ltr'><strong>de</strong></span> <span class='ocrx_word' id='word_1_794' title='bbox 3661 3465 3751 3521; x_wconf 79' lang='lat' dir='ltr'><strong>ido-</strong></span> 
     </span>
    </p>
   </div>
   <div class='ocr_carea' id='block_1_98' title="bbox 2225 3555 3749 3634">
    <p class='ocr_par' dir='ltr' id='par_1_98' title="bbox 2225 3555 3749 3634">
     <span class='ocr_line' id='line_1_98' title="bbox 2225 3555 3749 3634; baseline -0.003 -20"><span class='ocrx_word' id='word_1_795' title='bbox 2225 3561 2290 3614; x_wconf 90' lang='lat' dir='ltr'><strong>lis</strong></span> <span class='ocrx_word' id='word_1_796' title='bbox 2353 3560 2474 3631; x_wconf 87' lang='lat' dir='ltr'><strong>quia</strong></span> <span class='ocrx_word' id='word_1_797' title='bbox 2523 3574 2627 3614; x_wconf 91' lang='lat' dir='ltr'><strong>non</strong></span> <span class='ocrx_word' id='word_1_798' title='bbox 2655 3568 2847 3628; x_wconf 86' lang='lat' dir='ltr'><strong>erunt,</strong></span> <span class='ocrx_word' id='word_1_799' title='bbox 2890 3570 2944 3616; x_wconf 88' lang='lat' dir='ltr'><strong>et</strong></span> <span class='ocrx_word' id='word_1_800' title='bbox 2987 3560 3198 3621; x_wconf 84' lang='lat' dir='ltr'><strong>videtur</strong></span> <span class='ocrx_word' id='word_1_801' title='bbox 3240 3563 3360 3634; x_wconf 89' lang='lat' dir='ltr'><strong>quia</strong></span> <span class='ocrx_word' id='word_1_802' title='bbox 3400 3578 3500 3617; x_wconf 86' lang='lat' dir='ltr'><strong>non</strong></span> <span class='ocrx_word' id='word_1_803' title='bbox 3539 3555 3749 3623; x_wconf 83' lang='lat' dir='ltr'><strong>sunt;ibi</strong></span> 
     </span>
    </p>
   </div>
   <div class='ocr_carea' id='block_1_99' title="bbox 2224 3650 3752 3725">
    <p class='ocr_par' dir='ltr' id='par_1_99' title="bbox 2224 3650 3752 3725">
     <span class='ocr_line' id='line_1_99' title="bbox 2224 3650 3752 3725; baseline -0.005 -18"><span class='ocrx_word' id='word_1_804' title='bbox 2224 3652 2476 3725; x_wconf 80' lang='lat' dir='ltr'><strong>scriptum</strong></span> <span class='ocrx_word' id='word_1_805' title='bbox 2501 3659 2583 3705; x_wconf 85' lang='lat' dir='ltr'><strong>est</strong></span> <span class='ocrx_word' id='word_1_806' title='bbox 2624 3651 2744 3722; x_wconf 88' lang='lat' dir='ltr'><strong>quia</strong></span> <span class='ocrx_word' id='word_1_807' title='bbox 2787 3650 3044 3721; x_wconf 90' lang='lat' dir='ltr'><strong>perdituri</strong></span> <span class='ocrx_word' id='word_1_808' title='bbox 3084 3662 3241 3708; x_wconf 90' lang='lat' dir='ltr'><strong>erant</strong></span> <span class='ocrx_word' id='word_1_809' title='bbox 3268 3652 3433 3713; x_wconf 74' lang='lat' dir='ltr'><strong>Judmi</strong></span> <span class='ocrx_word' id='word_1_810' title='bbox 3472 3664 3687 3722; x_wconf 77' lang='lat' dir='ltr'><strong>regnum,</strong></span> <span class='ocrx_word' id='word_1_811' title='bbox 3709 3654 3752 3701; x_wconf 86' lang='lat' dir='ltr'><strong>et</strong></span> 
     </span>
    </p>
   </div>
   <div class='ocr_carea' id='block_1_100' title="bbox 2226 3736 3751 3815">
    <p class='ocr_par' dir='ltr' id='par_1_100' title="bbox 2226 3736 3751 3815">
     <span class='ocr_line' id='line_1_100' title="bbox 2226 3736 3751 3815; baseline -0.002 -21"><span class='ocrx_word' id='word_1_812' title='bbox 2226 3741 2458 3807; x_wconf 86' lang='lat' dir='ltr'><strong>videtur;</strong></span> <span class='ocrx_word' id='word_1_813' title='bbox 2500 3742 2570 3799; x_wconf 90' lang='lat' dir='ltr'><strong>ibi</strong></span> <span class='ocrx_word' id='word_1_814' title='bbox 2626 3742 2882 3813; x_wconf 89' lang='lat' dir='ltr'><strong>scriptum</strong></span> <span class='ocrx_word' id='word_1_815' title='bbox 2929 3751 3011 3799; x_wconf 89' lang='lat' dir='ltr'><strong>est</strong></span> <span class='ocrx_word' id='word_1_816' title='bbox 3051 3743 3119 3799; x_wconf 85' lang='lat' dir='ltr'><strong>de</strong></span> <span class='ocrx_word' id='word_1_817' title='bbox 3162 3745 3449 3810; x_wconf 73' lang='lat' dir='ltr'><strong>ha-retieis,</strong></span> <span class='ocrx_word' id='word_1_818' title='bbox 3490 3744 3601 3815; x_wconf 87' lang='lat' dir='ltr'><strong>quia</strong></span> <span class='ocrx_word' id='word_1_819' title='bbox 3620 3736 3751 3797; x_wconf 78' lang='lat' dir='ltr'><strong>futuri</strong></span> 
     </span>
    </p>
   </div>
   <div class='ocr_carea' id='block_1_101' title="bbox 2224 3829 3750 3905">
    <p class='ocr_par' dir='ltr' id='par_1_101' title="bbox 2224 3829 3750 3905">
     <span class='ocr_line' id='line_1_101' title="bbox 2224 3829 3750 3905; baseline -0.003 -16"><span class='ocrx_word' id='word_1_820' title='bbox 2224 3842 2391 3898; x_wconf 88' lang='lat' dir='ltr'><strong>erant,</strong></span> <span class='ocrx_word' id='word_1_821' title='bbox 2422 3841 2475 3888; x_wconf 87' lang='lat' dir='ltr'><strong>et</strong></span> <span class='ocrx_word' id='word_1_822' title='bbox 2519 3832 2726 3890; x_wconf 88' lang='lat' dir='ltr'><strong>videtur</strong></span> <span class='ocrx_word' id='word_1_823' title='bbox 2757 3851 2771 3889; x_wconf 92' lang='lat'><strong>:</strong></span> <span class='ocrx_word' id='word_1_824' title='bbox 2805 3835 2875 3891; x_wconf 90' lang='lat' dir='ltr'><strong>ibi</strong></span> <span class='ocrx_word' id='word_1_825' title='bbox 2916 3835 3170 3905; x_wconf 87' lang='lat' dir='ltr'><strong>scriptum</strong></span> <span class='ocrx_word' id='word_1_826' title='bbox 3199 3846 3281 3893; x_wconf 87' lang='lat' dir='ltr'><strong>est</strong></span> <span class='ocrx_word' id='word_1_827' title='bbox 3309 3846 3365 3893; x_wconf 89' lang='lat' dir='ltr'><strong>et</strong></span> <span class='ocrx_word' id='word_1_828' title='bbox 3387 3836 3453 3897; x_wconf 83' lang='lat' dir='ltr'><strong>de</strong></span> <span class='ocrx_word' id='word_1_829' title='bbox 3479 3835 3559 3890; x_wconf 89' lang='lat' dir='ltr'><strong>die</strong></span> <span class='ocrx_word' id='word_1_830' title='bbox 3574 3829 3750 3904; x_wconf 74' lang='lat' dir='ltr'><strong>iudicii;</strong></span> 
     </span>
    </p>
   </div>
   <div class='ocr_carea' id='block_1_102' title="bbox 2227 3926 3752 3997">
    <p class='ocr_par' dir='ltr' id='par_1_102' title="bbox 2227 3926 3752 3997">
     <span class='ocr_line' id='line_1_102' title="bbox 2227 3926 3752 3997; baseline 0.001 -16"><span class='ocrx_word' id='word_1_831' title='bbox 2227 3926 2299 3981; x_wconf 89' lang='lat' dir='ltr'><strong>ibi</strong></span> <span class='ocrx_word' id='word_1_832' title='bbox 2330 3926 2585 3995; x_wconf 89' lang='lat' dir='ltr'><strong>scriptum</strong></span> <span class='ocrx_word' id='word_1_833' title='bbox 2616 3936 2699 3981; x_wconf 90' lang='lat' dir='ltr'><strong>est</strong></span> <span class='ocrx_word' id='word_1_834' title='bbox 2726 3937 2781 3982; x_wconf 87' lang='lat' dir='ltr'><strong>et</strong></span> <span class='ocrx_word' id='word_1_835' title='bbox 2801 3926 2868 3983; x_wconf 83' lang='lat' dir='ltr'><strong>de</strong></span> <span class='ocrx_word' id='word_1_836' title='bbox 2896 3927 3112 3995; x_wconf 73' lang='lat' dir='ltr'><strong>prmmio</strong></span> <span class='ocrx_word' id='word_1_837' title='bbox 3152 3928 3435 3997; x_wconf 85' lang='lat' dir='ltr'><strong>bonorum,</strong></span> <span class='ocrx_word' id='word_1_838' title='bbox 3461 3927 3592 3983; x_wconf 88' lang='lat' dir='ltr'><strong>etde</strong></span> <span class='ocrx_word' id='word_1_839' title='bbox 3627 3937 3752 3994; x_wconf 67' lang='lat' dir='ltr'><strong>ptem</strong></span> 
     </span>
    </p>
   </div>
   <div class='ocr_carea' id='block_1_103' title="bbox 2224 4014 3752 4079">
    <p class='ocr_par' dir='ltr' id='par_1_103' title="bbox 2224 4014 3752 4079">
     <span class='ocr_line' id='line_1_103' title="bbox 2224 4014 3752 4079; baseline -0.005 -6"><span class='ocrx_word' id='word_1_840' title='bbox 2224 4017 2483 4073; x_wconf 86' lang='lat' dir='ltr'><strong>malorum</strong></span> <span class='ocrx_word' id='word_1_841' title='bbox 2516 4035 2529 4071; x_wconf 91' lang='lat'><strong>:</strong></span> <span class='ocrx_word' id='word_1_842' title='bbox 2562 4017 2615 4073; x_wconf 91' lang='lat' dir='ltr'><strong>in</strong></span> <span class='ocrx_word' id='word_1_843' title='bbox 2643 4017 2891 4073; x_wconf 89' lang='lat' dir='ltr'><strong>omnibus</strong></span> <span class='ocrx_word' id='word_1_844' title='bbox 2922 4018 3088 4075; x_wconf 87' lang='lat' dir='ltr'><strong>Deum</strong></span> <span class='ocrx_word' id='word_1_845' title='bbox 3132 4018 3347 4077; x_wconf 90' lang='lat' dir='ltr'><strong>ﬁdelem</strong></span> <span class='ocrx_word' id='word_1_846' title='bbox 3392 4020 3687 4079; x_wconf 87' lang='lat' dir='ltr'><strong>invenimus;</strong></span> <span class='ocrx_word' id='word_1_847' title='bbox 3711 4014 3752 4067; x_wconf 88' lang='lat' dir='ltr'><strong>in</strong></span> 
     </span>
    </p>
   </div>
   <div class='ocr_carea' id='block_1_104' title="bbox 2224 4103 3751 4186">
    <p class='ocr_par' dir='ltr' id='par_1_104' title="bbox 2224 4103 3751 4186">
     <span class='ocr_line' id='line_1_104' title="bbox 2224 4103 3751 4186; baseline -0.005 -23"><span class='ocrx_word' id='word_1_848' title='bbox 2224 4110 2409 4175; x_wconf 83' lang='lat' dir='ltr'><strong>ultimo</strong></span> <span class='ocrx_word' id='word_1_849' title='bbox 2446 4107 2653 4165; x_wconf 86' lang='lat' dir='ltr'><strong>deﬁciet</strong></span> <span class='ocrx_word' id='word_1_850' title='bbox 2677 4118 2732 4165; x_wconf 86' lang='lat' dir='ltr'><strong>et</strong></span> <span class='ocrx_word' id='word_1_851' title='bbox 2758 4108 2937 4164; x_wconf 79' lang='lat' dir='ltr'><strong>fallet?</strong></span> <span class='ocrx_word' id='word_1_852' title='bbox 2962 4109 3213 4186; x_wconf 75' lang='lat' dir='ltr'><strong>Dominus</strong></span> <span class='ocrx_word' id='word_1_853' title='bbox 3251 4128 3423 4171; x_wconf 73' lang='lat' dir='ltr'><strong>curam</strong></span> <span class='ocrx_word' id='word_1_854' title='bbox 3443 4109 3623 4167; x_wconf 73' lang='lat' dir='ltr'><strong>habebit</strong></span> <span class='ocrx_word' id='word_1_855' title='bbox 3656 4103 3751 4158; x_wconf 70' lang='lat' dir='ltr'><strong>mei.</strong></span> 
     </span>
    </p>
   </div>
   <div class='ocr_carea' id='block_1_105' title="bbox 2224 4202 3756 4272">
    <p class='ocr_par' dir='ltr' id='par_1_105' title="bbox 2224 4202 3756 4272">
     <span class='ocr_line' id='line_1_105' title="bbox 2224 4202 3756 4272; baseline -0.007 -15"><span class='ocrx_word' id='word_1_856' title='bbox 2224 4202 2444 4272; x_wconf 78' lang='lat' dir='ltr'><strong>Adjutor</strong></span> <span class='ocrx_word' id='word_1_857' title='bbox 2470 4218 2608 4260; x_wconf 82' lang='lat' dir='ltr'><strong>meus</strong></span> <span class='ocrx_word' id='word_1_858' title='bbox 2638 4211 2682 4254; x_wconf 86' lang='lat' dir='ltr'><strong>et</strong></span> <span class='ocrx_word' id='word_1_859' title='bbox 2709 4210 2956 4272; x_wconf 85' lang='lat' dir='ltr'><strong>protector</strong></span> <span class='ocrx_word' id='word_1_860' title='bbox 3000 4218 3139 4259; x_wconf 82' lang='lat' dir='ltr'><strong>meus</strong></span> <span class='ocrx_word' id='word_1_861' title='bbox 3180 4211 3236 4256; x_wconf 87' lang='lat' dir='ltr'><strong>tu</strong></span> <span class='ocrx_word' id='word_1_862' title='bbox 3264 4220 3314 4258; x_wconf 89' lang='lat' dir='ltr'><strong>es</strong></span> <span class='ocrx_word' id='word_1_863' title='bbox 3339 4219 3359 4259; x_wconf 89' lang='lat'><strong><em>:</em></strong></span> <span class='ocrx_word' id='word_1_864' title='bbox 3391 4202 3519 4261; x_wconf 81' lang='lat' dir='ltr'><strong>Deus</strong></span> <span class='ocrx_word' id='word_1_865' title='bbox 3543 4215 3682 4261; x_wconf 68' lang='lat' dir='ltr'><strong>meus,</strong></span> <span class='ocrx_word' id='word_1_866' title='bbox 3706 4208 3756 4248; x_wconf 75' lang='lat' dir='ltr'><strong>se</strong></span> 
     </span>
    </p>
   </div>
   <div class='ocr_carea' id='block_1_106' title="bbox 2224 4285 3753 4362">
    <p class='ocr_par' dir='ltr' id='par_1_106' title="bbox 2224 4285 3753 4362">
     <span class='ocr_line' id='line_1_106' title="bbox 2224 4285 3753 4362; baseline 0 -17"><span class='ocrx_word' id='word_1_867' title='bbox 2224 4292 2515 4355; x_wconf 80' lang='lat' dir='ltr'><strong>tardaveris.</strong></span> <span class='ocrx_word' id='word_1_868' title='bbox 2532 4290 2646 4347; x_wconf 76' lang='lat' dir='ltr'><strong>Nisi</strong></span> <span class='ocrx_word' id='word_1_869' title='bbox 2662 4293 3031 4351; x_wconf 75' lang='lat' dir='ltr'><strong>nrinorarentur</strong></span> <span class='ocrx_word' id='word_1_870' title='bbox 3057 4293 3160 4348; x_wconf 86' lang='lat' dir='ltr'><strong>dies</strong></span> <span class='ocrx_word' id='word_1_871' title='bbox 3186 4294 3285 4362; x_wconf 85' lang='lat' dir='ltr'><strong>illi,</strong></span> <span class='ocrx_word' id='word_1_872' title='bbox 3310 4295 3451 4348; x_wconf 80' lang='lat' dir='ltr'><strong>nulla</strong></span> <span class='ocrx_word' id='word_1_873' title='bbox 3464 4308 3576 4349; x_wconf 85' lang='lat' dir='ltr'><strong>caro</strong></span> <span class='ocrx_word' id='word_1_874' title='bbox 3602 4285 3753 4360; x_wconf 69' lang='lat' dir='ltr'><strong>perdu-</strong></span> 
     </span>
    </p>
   </div>
   <div class='ocr_carea' id='block_1_107' title="bbox 2222 4376 3752 4459">
    <p class='ocr_par' dir='ltr' id='par_1_107' title="bbox 2222 4376 3752 4459">
     <span class='ocr_line' id='line_1_107' title="bbox 2222 4376 3752 4459; baseline 0.005 -23"><span class='ocrx_word' id='word_1_875' title='bbox 2222 4392 2355 4436; x_wconf 84' lang='lat' dir='ltr'><strong>raret</strong></span> <span class='ocrx_word' id='word_1_876' title='bbox 2373 4398 2391 4435; x_wconf 92' lang='lat'><strong><em>:</em></strong></span> <span class='ocrx_word' id='word_1_877' title='bbox 2404 4381 2491 4436; x_wconf 70' lang='lat' dir='ltr'><strong>sal</strong></span> <span class='ocrx_word' id='word_1_878' title='bbox 2509 4391 2714 4452; x_wconf 73' lang='lat' dir='ltr'><strong>propter</strong></span> <span class='ocrx_word' id='word_1_879' title='bbox 2733 4382 2910 4438; x_wconf 77' lang='lat' dir='ltr'><strong>electos</strong></span> <span class='ocrx_word' id='word_1_880' title='bbox 2931 4383 3282 4449; x_wconf 77' lang='lat' dir='ltr'><strong>breviabuntur</strong></span> <span class='ocrx_word' id='word_1_881' title='bbox 3297 4376 3752 4459; x_wconf 50' lang='lat' dir='ltr'><strong>Mallorum”)-</strong></span> 
     </span>
    </p>
   </div>
   <div class='ocr_carea' id='block_1_108' title="bbox 2224 4470 3753 4544">
    <p class='ocr_par' dir='ltr' id='par_1_108' title="bbox 2224 4470 3753 4544">
     <span class='ocr_line' id='line_1_108' title="bbox 2224 4470 3753 4544; baseline 0 -18"><span class='ocrx_word' id='word_1_882' title='bbox 2224 4472 2346 4527; x_wconf 86' lang='lat' dir='ltr'><strong>Dies</strong></span> <span class='ocrx_word' id='word_1_883' title='bbox 2368 4470 2444 4526; x_wconf 92' lang='lat' dir='ltr'><strong>illi</strong></span> <span class='ocrx_word' id='word_1_884' title='bbox 2470 4479 2624 4526; x_wconf 87' lang='lat' dir='ltr'><strong>erunt</strong></span> <span class='ocrx_word' id='word_1_885' title='bbox 2651 4472 3023 4537; x_wconf 84' lang='lat' dir='ltr'><strong>tribulationis,</strong></span> <span class='ocrx_word' id='word_1_886' title='bbox 3045 4474 3139 4531; x_wconf 88' lang='lat' dir='ltr'><strong>sed</strong></span> <span class='ocrx_word' id='word_1_887' title='bbox 3168 4486 3403 4533; x_wconf 82' lang='lat' dir='ltr'><strong>nontam</strong></span> <span class='ocrx_word' id='word_1_888' title='bbox 3434 4474 3600 4544; x_wconf 66' lang='lat' dir='ltr'><strong>longi”</strong></span> <span class='ocrx_word' id='word_1_889' title='bbox 3620 4481 3753 4541; x_wconf 78' lang='lat' dir='ltr'><strong>quam</strong></span> 
     </span>
    </p>
   </div>
   <div class='ocr_carea' id='block_1_109' title="bbox 2223 4563 3752 4638">
    <p class='ocr_par' dir='ltr' id='par_1_109' title="bbox 2223 4563 3752 4638">
     <span class='ocr_line' id='line_1_109' title="bbox 2223 4563 3752 4638; baseline -0.002 -20"><span class='ocrx_word' id='word_1_890' title='bbox 2223 4574 2521 4636; x_wconf 87' lang='lat' dir='ltr'><strong>sperantur.</strong></span> <span class='ocrx_word' id='word_1_891' title='bbox 2549 4563 2668 4619; x_wconf 88' lang='lat' dir='ltr'><strong>Cito</strong></span> <span class='ocrx_word' id='word_1_892' title='bbox 2698 4564 2772 4620; x_wconf 89' lang='lat' dir='ltr'><strong>illi</strong></span> <span class='ocrx_word' id='word_1_893' title='bbox 2813 4565 3138 4632; x_wconf 55' lang='lat' dir='ltr'><strong>transibunt;</strong></span> <span class='ocrx_word' id='word_1_894' title='bbox 3165 4568 3382 4638; x_wconf 89' lang='lat' dir='ltr'><strong>requies</strong></span> <span class='ocrx_word' id='word_1_895' title='bbox 3422 4566 3628 4621; x_wconf 90' lang='lat' dir='ltr'><strong>veniens</strong></span> <span class='ocrx_word' id='word_1_896' title='bbox 3667 4572 3752 4615; x_wconf 80' lang='lat' dir='ltr'><strong>nou</strong></span> 
     </span>
    </p>
   </div>
   <div class='ocr_carea' id='block_1_110' title="bbox 2224 4654 3757 4727">
    <p class='ocr_par' dir='ltr' id='par_1_110' title="bbox 2224 4654 3757 4727">
     <span class='ocr_line' id='line_1_110' title="bbox 2224 4654 3757 4727; baseline 0.002 -18"><span class='ocrx_word' id='word_1_897' title='bbox 2224 4655 2490 4715; x_wconf 78' lang='lat' dir='ltr'><strong>transibit.</strong></span> <span class='ocrx_word' id='word_1_898' title='bbox 2519 4654 2830 4725; x_wconf 81' lang='lat' dir='ltr'><strong>Quanquam</strong></span> <span class='ocrx_word' id='word_1_899' title='bbox 2861 4654 3096 4727; x_wconf 78' lang='lat' dir='ltr'><strong>longum,</strong></span> <span class='ocrx_word' id='word_1_900' title='bbox 3122 4656 3250 4715; x_wconf 76' lang='lat' dir='ltr'><strong>ferri</strong></span> <span class='ocrx_word' id='word_1_901' title='bbox 3276 4656 3455 4714; x_wconf 89' lang='lat' dir='ltr'><strong>debuit</strong></span> <span class='ocrx_word' id='word_1_902' title='bbox 3474 4655 3655 4713; x_wconf 79' lang='lat' dir='ltr'><strong>malum</strong></span> <span class='ocrx_word' id='word_1_903' title='bbox 3679 4660 3757 4719; x_wconf 73' lang='lat' dir='ltr'><strong>pro</strong></span> 
     </span>
    </p>
   </div>
   <div class='ocr_carea' id='block_1_111' title="bbox 2223 4744 3518 4805">
    <p class='ocr_par' dir='ltr' id='par_1_111' title="bbox 2223 4744 3518 4805">
     <span class='ocr_line' id='line_1_111' title="bbox 2223 4744 3518 4805; baseline -0.001 -5"><span class='ocrx_word' id='word_1_904' title='bbox 2223 4744 2428 4805; x_wconf 89' lang='lat' dir='ltr'><strong>inﬁnito</strong></span> <span class='ocrx_word' id='word_1_905' title='bbox 2455 4747 2615 4803; x_wconf 91' lang='lat' dir='ltr'><strong>bono.</strong></span> <span class='ocrx_word' id='word_1_906' title='bbox 3512 4779 3518 4785; x_wconf 87' lang='lat'><strong>-</strong></span> 
     </span>
    </p>
   </div>
   <div class='ocr_carea' id='block_1_112' title="bbox 2702 4888 3360 4952">
    <p class='ocr_par' dir='ltr' id='par_1_112' title="bbox 2702 4888 3360 4952">
     <span class='ocr_line' id='line_1_112' title="bbox 2702 4888 3360 4952; baseline 0.006 -3"><span class='ocrx_word' id='word_1_907' title='bbox 2702 4889 2784 4949; x_wconf 86' lang='lat' dir='ltr'><strong>IN</strong></span> <span class='ocrx_word' id='word_1_908' title='bbox 2827 4888 3206 4952; x_wconf 77' lang='lat' dir='ltr'><strong>PSALMUM</strong></span> <span class='ocrx_word' id='word_1_909' title='bbox 3250 4892 3360 4952; x_wconf 85' lang='lat' dir='ltr'><strong>XL</strong></span> 
     </span>
    </p>
   </div>
   <div class='ocr_carea' id='block_1_113' title="bbox 2804 5007 3218 5069">
    <p class='ocr_par' dir='ltr' id='par_1_113' title="bbox 2804 5007 3218 5069">
     <span class='ocr_line' id='line_1_113' title="bbox 2804 5007 3218 5069; baseline 0.007 -7"><span class='ocrx_word' id='word_1_910' title='bbox 2804 5007 3218 5069; x_wconf 78' lang='lat' dir='ltr'><strong>ENARRATIU.</strong></span> 
     </span>
    </p>
   </div>
   <div class='ocr_carea' id='block_1_114' title="bbox 2706 5099 3335 5169">
    <p class='ocr_par' dir='ltr' id='par_1_114' title="bbox 2706 5099 3335 5169">
     <span class='ocr_line' id='line_1_114' title="bbox 2706 5099 3335 5169; baseline 0.006 -17"><span class='ocrx_word' id='word_1_911' title='bbox 2706 5112 2876 5153; x_wconf 72' lang='lat' dir='ltr'><strong>senato</strong></span> <span class='ocrx_word' id='word_1_912' title='bbox 2896 5115 2963 5154; x_wconf 80' lang='grc' dir='ltr'><strong>Αι)</strong></span> <span class='ocrx_word' id='word_1_913' title='bbox 2995 5115 3196 5161; x_wconf 61' lang='lat' dir='ltr'><strong>pressu</strong></span> <span class='ocrx_word' id='word_1_914' title='bbox 3238 5099 3335 5169; x_wconf 74' lang='grc' dir='ltr'><strong>(ὁ).</strong></span> 
     </span>
    </p>
   </div>
   <div class='ocr_carea' id='block_1_115' title="bbox 2297 5206 3756 5282">
    <p class='ocr_par' dir='ltr' id='par_1_115' title="bbox 2297 5206 3756 5282">
     <span class='ocr_line' id='line_1_115' title="bbox 2297 5206 3756 5282; baseline -0.003 -20"><span class='ocrx_word' id='word_1_915' title='bbox 2297 5209 2348 5262; x_wconf 87' lang='grc'><strong>1.</strong></span> <span class='ocrx_word' id='word_1_916' title='bbox 2375 5206 2634 5276; x_wconf 85' lang='lat' dir='ltr'><strong>Quoniam</strong></span> <span class='ocrx_word' id='word_1_917' title='bbox 2667 5207 2920 5265; x_wconf 87' lang='lat' dir='ltr'><strong>solemnis</strong></span> <span class='ocrx_word' id='word_1_918' title='bbox 2960 5208 3074 5265; x_wconf 91' lang='lat' dir='ltr'><strong>dies</strong></span> <span class='ocrx_word' id='word_1_919' title='bbox 3104 5210 3387 5282; x_wconf 76' lang='lat' dir='ltr'><strong>Martyrum</strong></span> <span class='ocrx_word' id='word_1_920' title='bbox 3433 5206 3624 5270; x_wconf 78' lang='lat' dir='ltr'><strong>illuxit;</strong></span> <span class='ocrx_word' id='word_1_921' title='bbox 3650 5215 3756 5272; x_wconf 84' lang='lat' dir='ltr'><strong>pro-</strong></span> 
     </span>
    </p>
   </div>
   <div class='ocr_carea' id='block_1_116' title="bbox 2224 5298 3755 5372">
    <p class='ocr_par' dir='ltr' id='par_1_116' title="bbox 2224 5298 3755 5372">
     <span class='ocr_line' id='line_1_116' title="bbox 2224 5298 3755 5372; baseline 0.002 -20"><span class='ocrx_word' id='word_1_922' title='bbox 2224 5306 2341 5368; x_wconf 88' lang='lat' dir='ltr'><strong>pter</strong></span> <span class='ocrx_word' id='word_1_923' title='bbox 2361 5298 2578 5368; x_wconf 78' lang='lat' dir='ltr'><strong>gloriam</strong></span> <span class='ocrx_word' id='word_1_924' title='bbox 2596 5299 2857 5368; x_wconf 90' lang='lat' dir='ltr'><strong>passionis</strong></span> <span class='ocrx_word' id='word_1_925' title='bbox 2883 5299 3080 5355; x_wconf 87' lang='lat' dir='ltr'><strong>Christi</strong></span> <span class='ocrx_word' id='word_1_926' title='bbox 3109 5299 3442 5372; x_wconf 86' lang='lat' dir='ltr'><strong>imperatoris</strong></span> <span class='ocrx_word' id='word_1_927' title='bbox 3459 5307 3720 5368; x_wconf 81' lang='lat' dir='ltr'><strong>martyrum</strong></span> <span class='ocrx_word' id='word_1_928' title='bbox 3741 5326 3755 5355; x_wconf 76' lang='grc' dir='ltr'><strong>ι</strong></span> 
     </span>
    </p>
   </div>
   <div class='ocr_carea' id='block_1_117' title="bbox 2207 5396 3736 5513">
    <p class='ocr_par' dir='ltr' id='par_1_117' title="bbox 2207 5396 3736 5513">
     <span class='ocr_line' id='line_1_117' title="bbox 2207 5396 3736 5513; baseline -0.013 -50"><span class='ocrx_word' id='word_1_929' title='bbox 2207 5401 2423 5513; x_wconf 43' lang='lat' dir='ltr'><strong>“sui?</strong></span> <span class='ocrx_word' id='word_1_930' title='bbox 2440 5400 2585 5512; x_wconf 43' lang='grc' dir='ltr'><strong>ἐξ,</strong></span> <span class='ocrx_word' id='word_1_931' title='bbox 2600 5400 2650 5451; x_wconf 77' lang='lat' dir='ltr'><strong>in</strong></span> <span class='ocrx_word' id='word_1_932' title='bbox 2672 5401 2907 5454; x_wconf 67' lang='lat' dir='ltr'><strong>matribus.</strong></span> <span class='ocrx_word' id='word_1_933' title='bbox 2928 5403 3053 5455; x_wconf 76' lang='lat' dir='ltr'><strong>Velit</strong></span> <span class='ocrx_word' id='word_1_934' title='bbox 3068 5404 3186 5455; x_wconf 83' lang='lat' dir='ltr'><strong>nolit</strong></span> <span class='ocrx_word' id='word_1_935' title='bbox 3208 5402 3411 5455; x_wconf 76' lang='lat' dir='ltr'><strong>uendere</strong></span> <span class='ocrx_word' id='word_1_936' title='bbox 3430 5396 3577 5450; x_wconf 85' lang='lat' dir='ltr'><strong>habet.</strong></span> <span class='ocrx_word' id='word_1_937' title='bbox 3596 5397 3736 5457; x_wconf 75' lang='lat' dir='ltr'><strong>Agno-</strong></span> 
     </span>
    </p>
   </div>
   <div class='ocr_carea' id='block_1_118' title="bbox 2270 5498 3734 5586">
    <p class='ocr_par' dir='ltr' id='par_1_118' title="bbox 2270 5498 3734 5586">
     <span class='ocr_line' id='line_1_118' title="bbox 2270 5498 3734 5586; baseline -0.003 -13"><span class='ocrx_word' id='word_1_938' title='bbox 2270 5498 2650 5586; x_wconf 49' lang='lat' dir='ltr'><strong>iiiiéuziirss,</strong></span> <span class='ocrx_word' id='word_1_939' title='bbox 2670 5523 3008 5577; x_wconf 80' lang='lat' dir='ltr'><strong>breviabuntur</strong></span> <span class='ocrx_word' id='word_1_940' title='bbox 3025 5524 3131 5578; x_wconf 85' lang='lat' dir='ltr'><strong>dies</strong></span> <span class='ocrx_word' id='word_1_941' title='bbox 3142 5525 3232 5577; x_wconf 84' lang='lat' dir='ltr'><strong>illi.</strong></span> <span class='ocrx_word' id='word_1_942' title='bbox 3251 5527 3396 5575; x_wconf 78' lang='lat' dir='ltr'><strong>Erunt</strong></span> <span class='ocrx_word' id='word_1_943' title='bbox 3416 5513 3734 5586; x_wconf 52' lang='lat' dir='ltr'><strong>tribulationem</strong></span> 
     </span>
    </p>
   </div>
   <div class='ocr_carea' id='block_1_119' title="bbox 2204 5581 3583 5651">
    <p class='ocr_par' dir='ltr' id='par_1_119' title="bbox 2204 5581 3583 5651">
     <span class='ocr_line' id='line_1_119' title="bbox 2204 5581 3583 5651; baseline -0.005 -14"><span class='ocrx_word' id='word_1_944' title='bbox 2204 5584 2289 5651; x_wconf 76' lang='lat' dir='ltr'><strong>sed</strong></span> <span class='ocrx_word' id='word_1_945' title='bbox 2311 5581 2413 5651; x_wconf 49' lang='lat' dir='ltr'><strong>noli</strong></span> <span class='ocrx_word' id='word_1_946' title='bbox 2423 5593 2521 5635; x_wconf 88' lang='lat' dir='ltr'><strong>tam</strong></span> <span class='ocrx_word' id='word_1_947' title='bbox 2544 5586 2713 5651; x_wconf 64' lang='lat' dir='ltr'><strong>longae.</strong></span> <span class='ocrx_word' id='word_1_948' title='bbox 2744 5587 2804 5635; x_wconf 86' lang='lat' dir='ltr'><strong>Et</strong></span> <span class='ocrx_word' id='word_1_949' title='bbox 2822 5586 3041 5638; x_wconf 88' lang='lat' dir='ltr'><strong>nonnulli</strong></span> <span class='ocrx_word' id='word_1_950' title='bbox 3065 5602 3076 5636; x_wconf 95' lang='lat'>:</span> <span class='ocrx_word' id='word_1_951' title='bbox 3102 5589 3187 5639; x_wconf 80' lang='lat' dir='ltr'><strong>sed</strong></span> <span class='ocrx_word' id='word_1_952' title='bbox 3206 5600 3298 5637; x_wconf 77' lang='lat' dir='ltr'><strong>non</strong></span> <span class='ocrx_word' id='word_1_953' title='bbox 3316 5590 3412 5635; x_wconf 81' lang='lat' dir='ltr'><strong>tam</strong></span> <span class='ocrx_word' id='word_1_954' title='bbox 3436 5581 3583 5645; x_wconf 81' lang='lat' dir='ltr'><strong>longe.</strong></span> 
     </span>
    </p>
   </div>
   <div class='ocr_carea' id='block_1_120' title="bbox 2270 5646 2805 5709">
    <p class='ocr_par' dir='ltr' id='par_1_120' title="bbox 2270 5646 2805 5709">
     <span class='ocr_line' id='line_1_120' title="bbox 2270 5646 2805 5709; baseline 0.006 -15"><span class='ocrx_word' id='word_1_955' title='bbox 2270 5646 2341 5709; x_wconf 77' lang='lat' dir='ltr'><strong>(a)</strong></span> <span class='ocrx_word' id='word_1_956' title='bbox 2368 5647 2533 5709; x_wconf 76' lang='lat' dir='ltr'><strong>Forte,</strong></span> <span class='ocrx_word' id='word_1_957' title='bbox 2564 5646 2805 5707; x_wconf 72' lang='lat' dir='ltr'><strong>paratum.</strong></span> 
     </span>
    </p>
   </div>
   <div class='ocr_carea' id='block_1_121' title="bbox 2248 5703 3233 5772">
    <p class='ocr_par' dir='ltr' id='par_1_121' title="bbox 2248 5703 3233 5772">
     <span class='ocr_line' id='line_1_121' title="bbox 2248 5703 3233 5772; baseline 0.003 -16"><span class='ocrx_word' id='word_1_958' title='bbox 2248 5703 2340 5772; x_wconf 81' lang='lat' dir='ltr'><strong>‘(b)</strong></span> <span class='ocrx_word' id='word_1_959' title='bbox 2367 5707 2421 5758; x_wconf 89' lang='lat' dir='ltr'><strong>In</strong></span> <span class='ocrx_word' id='word_1_960' title='bbox 2448 5703 2709 5770; x_wconf 75' lang='lat' dir='ltr'><strong>Martyrum</strong></span> <span class='ocrx_word' id='word_1_961' title='bbox 2734 5710 2998 5760; x_wconf 82' lang='lat' dir='ltr'><strong>festivitate</strong></span> <span class='ocrx_word' id='word_1_962' title='bbox 3023 5708 3233 5761; x_wconf 80' lang='lat' dir='ltr'><strong>habitus.</strong></span> 
     </span>
    </p>
   </div>
  </div>
