  <div class='ocr_page' id='page_1' title='image "/cluster/home/n/w/nwhite01/storage/ocr_20150623/36/hvd.32044096580584/234.png"; bbox 0 0 3972 6198; ppageno 0'>
   <div class='ocr_carea' id='block_1_1' title="bbox 253 293 359 351">
    <p class='ocr_par' dir='ltr' id='par_1_1' title="bbox 253 293 359 351">
     <span class='ocr_line' id='line_1_1' title="bbox 253 293 359 351; baseline -0.047 0"><span class='ocrx_word' id='word_1_1' title='bbox 253 293 359 351; x_wconf 65' lang='grc'><strong>453</strong></span> 
     </span>
    </p>
   </div>
   <div class='ocr_carea' id='block_1_2' title="bbox 252 394 1815 477">
    <p class='ocr_par' dir='ltr' id='par_1_2' title="bbox 252 394 1815 477">
     <span class='ocr_line' id='line_1_2' title="bbox 252 394 1815 477; baseline -0.006 -18"><span class='ocrx_word' id='word_1_2' title='bbox 252 407 341 477; x_wconf 80' lang='lat' dir='ltr'><strong>qui</strong></span> <span class='ocrx_word' id='word_1_3' title='bbox 369 402 469 459; x_wconf 89' lang='lat' dir='ltr'><strong>sibi</strong></span> <span class='ocrx_word' id='word_1_4' title='bbox 499 417 603 456; x_wconf 88' lang='lat' dir='ltr'><strong>non</strong></span> <span class='ocrx_word' id='word_1_5' title='bbox 634 401 870 471; x_wconf 78' lang='lat' dir='ltr'><strong>pepercit</strong></span> <span class='ocrx_word' id='word_1_6' title='bbox 896 399 1147 455; x_wconf 71' lang='lat' dir='ltr'><strong>militibus</strong></span> <span class='ocrx_word' id='word_1_7' title='bbox 1169 399 1432 467; x_wconf 88' lang='lat' dir='ltr'><strong>imperans</strong></span> <span class='ocrx_word' id='word_1_8' title='bbox 1454 411 1702 466; x_wconf 78' lang='lat' dir='ltr'><strong>pugnam,</strong></span> <span class='ocrx_word' id='word_1_9' title='bbox 1722 394 1815 450; x_wconf 90' lang='lat' dir='ltr'><strong>sed</strong></span> 
     </span>
    </p>
   </div>
   <div class='ocr_carea' id='block_1_3' title="bbox 254 486 1823 567">
    <p class='ocr_par' dir='ltr' id='par_1_3' title="bbox 254 486 1823 567">
     <span class='ocr_line' id='line_1_3' title="bbox 254 486 1823 567; baseline -0.005 -18"><span class='ocrx_word' id='word_1_10' title='bbox 254 496 401 567; x_wconf 84' lang='lat' dir='ltr'><strong>prior</strong></span> <span class='ocrx_word' id='word_1_11' title='bbox 420 493 692 564; x_wconf 77' lang='lat' dir='ltr'><strong>pugnavit,</strong></span> <span class='ocrx_word' id='word_1_12' title='bbox 717 492 862 562; x_wconf 91' lang='lat' dir='ltr'><strong>prior</strong></span> <span class='ocrx_word' id='word_1_13' title='bbox 888 491 1031 556; x_wconf 85' lang='lat' dir='ltr'><strong>vicit,</strong></span> <span class='ocrx_word' id='word_1_14' title='bbox 1056 500 1112 544; x_wconf 90' lang='lat' dir='ltr'><strong>ut</strong></span> <span class='ocrx_word' id='word_1_15' title='bbox 1137 497 1428 559; x_wconf 74' lang='lat' dir='ltr'><strong>pugnantes</strong></span> <span class='ocrx_word' id='word_1_16' title='bbox 1457 486 1702 555; x_wconf 79' lang='lat' dir='ltr'><strong>exemplo</strong></span> <span class='ocrx_word' id='word_1_17' title='bbox 1724 499 1823 541; x_wconf 89' lang='lat' dir='ltr'><strong>suo</strong></span> 
     </span>
    </p>
   </div>
   <div class='ocr_carea' id='block_1_4' title="bbox 254 576 1824 653">
    <p class='ocr_par' dir='ltr' id='par_1_4' title="bbox 254 576 1824 653">
     <span class='ocr_line' id='line_1_4' title="bbox 254 576 1824 653; baseline -0.006 -13"><span class='ocrx_word' id='word_1_18' title='bbox 254 588 577 648; x_wconf 70' lang='lat' dir='ltr'><strong>humaretur,</strong></span> <span class='ocrx_word' id='word_1_19' title='bbox 597 592 649 640; x_wconf 91' lang='lat' dir='ltr'><strong>et</strong></span> <span class='ocrx_word' id='word_1_20' title='bbox 664 583 937 653; x_wconf 88' lang='lat' dir='ltr'><strong>majestate</strong></span> <span class='ocrx_word' id='word_1_21' title='bbox 959 597 1050 637; x_wconf 87' lang='lat' dir='ltr'><strong>sua</strong></span> <span class='ocrx_word' id='word_1_22' title='bbox 1075 581 1365 647; x_wconf 84' lang='lat' dir='ltr'><strong>adjuvaret,</strong></span> <span class='ocrx_word' id='word_1_23' title='bbox 1387 588 1440 635; x_wconf 87' lang='lat' dir='ltr'><strong>et</strong></span> <span class='ocrx_word' id='word_1_24' title='bbox 1470 576 1824 647; x_wconf 82' lang='lat' dir='ltr'><strong>promissione</strong></span> 
     </span>
    </p>
   </div>
   <div class='ocr_carea' id='block_1_5' title="bbox 251 664 1822 740">
    <p class='ocr_par' dir='ltr' id='par_1_5' title="bbox 251 664 1822 740">
     <span class='ocr_line' id='line_1_5' title="bbox 251 664 1822 740; baseline -0.006 -10"><span class='ocrx_word' id='word_1_25' title='bbox 251 683 555 739; x_wconf 78' lang='lat' dir='ltr'><strong>coronaret,</strong></span> <span class='ocrx_word' id='word_1_26' title='bbox 597 672 871 729; x_wconf 85' lang='lat' dir='ltr'><strong>audiamus</strong></span> <span class='ocrx_word' id='word_1_27' title='bbox 919 670 1114 740; x_wconf 87' lang='lat' dir='ltr'><strong>aliquid</strong></span> <span class='ocrx_word' id='word_1_28' title='bbox 1162 670 1214 725; x_wconf 91' lang='lat' dir='ltr'><strong>in</strong></span> <span class='ocrx_word' id='word_1_29' title='bbox 1260 670 1365 727; x_wconf 87' lang='lat' dir='ltr'><strong>isto</strong></span> <span class='ocrx_word' id='word_1_30' title='bbox 1406 667 1631 737; x_wconf 84' lang='lat' dir='ltr'><strong>psalmo,</strong></span> <span class='ocrx_word' id='word_1_31' title='bbox 1681 664 1822 735; x_wconf 89' lang='lat' dir='ltr'><strong>quod</strong></span> 
     </span>
    </p>
   </div>
   <div class='ocr_carea' id='block_1_6' title="bbox 253 758 1822 836">
    <p class='ocr_par' dir='ltr' id='par_1_6' title="bbox 253 758 1822 836">
     <span class='ocr_line' id='line_1_6' title="bbox 253 758 1822 836; baseline -0.003 -19"><span class='ocrx_word' id='word_1_32' title='bbox 253 766 520 836; x_wconf 71' lang='lat' dir='ltr'><strong>pertineat</strong></span> <span class='ocrx_word' id='word_1_33' title='bbox 555 762 621 818; x_wconf 88' lang='lat' dir='ltr'><strong>ad</strong></span> <span class='ocrx_word' id='word_1_34' title='bbox 646 762 762 832; x_wconf 89' lang='lat' dir='ltr'><strong>ejus</strong></span> <span class='ocrx_word' id='word_1_35' title='bbox 807 761 1124 832; x_wconf 77' lang='lat' dir='ltr'><strong>passionem.</strong></span> <span class='ocrx_word' id='word_1_36' title='bbox 1152 758 1599 819; x_wconf 80' lang='lat' dir='ltr'><strong>Commendamus</strong></span> <span class='ocrx_word' id='word_1_37' title='bbox 1646 766 1822 813; x_wconf 86' lang='lat' dir='ltr'><strong>autem</strong></span> 
     </span>
    </p>
   </div>
   <div class='ocr_carea' id='block_1_7' title="bbox 249 848 1825 926">
    <p class='ocr_par' dir='ltr' id='par_1_7' title="bbox 249 848 1825 926">
     <span class='ocr_line' id='line_1_7' title="bbox 249 848 1825 926; baseline -0.004 -17"><span class='ocrx_word' id='word_1_38' title='bbox 249 857 466 926; x_wconf 74' lang='lat' dir='ltr'><strong>saepius,</strong></span> <span class='ocrx_word' id='word_1_39' title='bbox 512 868 612 907; x_wconf 91' lang='lat' dir='ltr'><strong>nec</strong></span> <span class='ocrx_word' id='word_1_40' title='bbox 647 866 744 907; x_wconf 89' lang='lat' dir='ltr'><strong>nos</strong></span> <span class='ocrx_word' id='word_1_41' title='bbox 784 852 927 922; x_wconf 73' lang='lat' dir='ltr'><strong>piget</strong></span> <span class='ocrx_word' id='word_1_42' title='bbox 973 851 1165 909; x_wconf 82' lang='lat' dir='ltr'><strong>iterare</strong></span> <span class='ocrx_word' id='word_1_43' title='bbox 1204 851 1346 921; x_wconf 89' lang='lat' dir='ltr'><strong>quod</strong></span> <span class='ocrx_word' id='word_1_44' title='bbox 1388 850 1541 905; x_wconf 82' lang='lat' dir='ltr'><strong>vobis</strong></span> <span class='ocrx_word' id='word_1_45' title='bbox 1582 848 1712 904; x_wconf 87' lang='lat' dir='ltr'><strong>utile</strong></span> <span class='ocrx_word' id='word_1_46' title='bbox 1738 856 1825 903; x_wconf 85' lang='lat' dir='ltr'><strong>est</strong></span> 
     </span>
    </p>
   </div>
   <div class='ocr_carea' id='block_1_8' title="bbox 254 939 1822 1011">
    <p class='ocr_par' dir='ltr' id='par_1_8' title="bbox 254 939 1822 1011">
     <span class='ocr_line' id='line_1_8' title="bbox 254 939 1822 1011; baseline -0.005 -11"><span class='ocrx_word' id='word_1_47' title='bbox 254 947 516 1011; x_wconf 89' lang='lat' dir='ltr'><strong>retinere,</strong></span> <span class='ocrx_word' id='word_1_48' title='bbox 548 943 826 1007; x_wconf 84' lang='lat' dir='ltr'><strong>Dominum</strong></span> <span class='ocrx_word' id='word_1_49' title='bbox 849 951 1084 997; x_wconf 91' lang='lat' dir='ltr'><strong>nostrum</strong></span> <span class='ocrx_word' id='word_1_50' title='bbox 1106 941 1284 1001; x_wconf 86' lang='lat' dir='ltr'><strong>Jesum</strong></span> <span class='ocrx_word' id='word_1_51' title='bbox 1302 939 1570 1001; x_wconf 85' lang='lat' dir='ltr'><strong>Christum</strong></span> <span class='ocrx_word' id='word_1_52' title='bbox 1588 939 1822 1009; x_wconf 84' lang='lat' dir='ltr'><strong>plerum-</strong></span> 
     </span>
    </p>
   </div>
   <div class='ocr_carea' id='block_1_9' title="bbox 248 1029 1824 1107">
    <p class='ocr_par' dir='ltr' id='par_1_9' title="bbox 248 1029 1824 1107">
     <span class='ocr_line' id='line_1_9' title="bbox 248 1029 1824 1107; baseline -0.006 -16"><span class='ocrx_word' id='word_1_53' title='bbox 248 1052 358 1107; x_wconf 86' lang='lat' dir='ltr'><strong>que</strong></span> <span class='ocrx_word' id='word_1_54' title='bbox 379 1034 520 1106; x_wconf 88' lang='lat' dir='ltr'><strong>loqui</strong></span> <span class='ocrx_word' id='word_1_55' title='bbox 543 1048 608 1091; x_wconf 71' lang='grc' dir='ltr'>ει</span> <span class='ocrx_word' id='word_1_56' title='bbox 628 1048 704 1097; x_wconf 88' lang='lat' dir='ltr'><strong>se,</strong></span> <span class='ocrx_word' id='word_1_57' title='bbox 731 1032 782 1095; x_wconf 87' lang='lat' dir='ltr'><strong>id</strong></span> <span class='ocrx_word' id='word_1_58' title='bbox 801 1040 881 1088; x_wconf 90' lang='lat' dir='ltr'><strong>est</strong></span> <span class='ocrx_word' id='word_1_59' title='bbox 927 1048 992 1087; x_wconf 78' lang='lat' dir='ltr'><strong>ex</strong></span> <span class='ocrx_word' id='word_1_60' title='bbox 1021 1045 1247 1101; x_wconf 81' lang='lat' dir='ltr'><strong>persona</strong></span> <span class='ocrx_word' id='word_1_61' title='bbox 1269 1045 1385 1095; x_wconf 85' lang='lat' dir='ltr'><strong>sua,</strong></span> <span class='ocrx_word' id='word_1_62' title='bbox 1404 1029 1545 1101; x_wconf 88' lang='lat' dir='ltr'><strong>quod</strong></span> <span class='ocrx_word' id='word_1_63' title='bbox 1567 1039 1649 1084; x_wconf 92' lang='lat' dir='ltr'><strong>est</strong></span> <span class='ocrx_word' id='word_1_64' title='bbox 1667 1036 1824 1098; x_wconf 86' lang='lat' dir='ltr'><strong>caput</strong></span> 
     </span>
    </p>
   </div>
   <div class='ocr_carea' id='block_1_10' title="bbox 249 1121 1821 1195">
    <p class='ocr_par' dir='ltr' id='par_1_10' title="bbox 249 1121 1821 1195">
     <span class='ocr_line' id='line_1_10' title="bbox 249 1121 1821 1195; baseline -0.004 -13"><span class='ocrx_word' id='word_1_65' title='bbox 249 1138 526 1189; x_wconf 87' lang='lat' dir='ltr'><strong>nostrum;</strong></span> <span class='ocrx_word' id='word_1_66' title='bbox 560 1125 867 1195; x_wconf 88' lang='lat' dir='ltr'><strong>plerumque</strong></span> <span class='ocrx_word' id='word_1_67' title='bbox 895 1138 958 1178; x_wconf 82' lang='lat' dir='ltr'><strong>ex</strong></span> <span class='ocrx_word' id='word_1_68' title='bbox 993 1138 1217 1192; x_wconf 83' lang='lat' dir='ltr'><strong>persona</strong></span> <span class='ocrx_word' id='word_1_69' title='bbox 1260 1122 1499 1191; x_wconf 89' lang='lat' dir='ltr'><strong>corporis</strong></span> <span class='ocrx_word' id='word_1_70' title='bbox 1536 1121 1638 1188; x_wconf 86' lang='lat' dir='ltr'><strong>sui,</strong></span> <span class='ocrx_word' id='word_1_71' title='bbox 1680 1121 1821 1190; x_wconf 88' lang='lat' dir='ltr'><strong>quod</strong></span> 
     </span>
    </p>
   </div>
   <div class='ocr_carea' id='block_1_11' title="bbox 247 1211 1821 1283">
    <p class='ocr_par' dir='ltr' id='par_1_11' title="bbox 247 1211 1821 1283">
     <span class='ocr_line' id='line_1_11' title="bbox 247 1211 1821 1283; baseline -0.005 -10"><span class='ocrx_word' id='word_1_72' title='bbox 247 1233 438 1274; x_wconf 87' lang='lat' dir='ltr'><strong>sumus</strong></span> <span class='ocrx_word' id='word_1_73' title='bbox 464 1231 562 1271; x_wconf 91' lang='lat' dir='ltr'><strong>nos</strong></span> <span class='ocrx_word' id='word_1_74' title='bbox 598 1223 654 1270; x_wconf 89' lang='lat' dir='ltr'><strong>et</strong></span> <span class='ocrx_word' id='word_1_75' title='bbox 680 1214 915 1278; x_wconf 76' lang='lat' dir='ltr'><strong>Ecclesia</strong></span> <span class='ocrx_word' id='word_1_76' title='bbox 956 1213 1103 1283; x_wconf 86' lang='lat' dir='ltr'><strong>ejus;</strong></span> <span class='ocrx_word' id='word_1_77' title='bbox 1135 1211 1229 1267; x_wconf 90' lang='lat' dir='ltr'><strong>sed</strong></span> <span class='ocrx_word' id='word_1_78' title='bbox 1257 1213 1327 1266; x_wconf 91' lang='lat' dir='ltr'><strong>ita</strong></span> <span class='ocrx_word' id='word_1_79' title='bbox 1371 1212 1519 1283; x_wconf 88' lang='lat' dir='ltr'><strong>quasi</strong></span> <span class='ocrx_word' id='word_1_80' title='bbox 1567 1227 1632 1267; x_wconf 75' lang='lat' dir='ltr'><strong>ex</strong></span> <span class='ocrx_word' id='word_1_81' title='bbox 1668 1211 1821 1265; x_wconf 90' lang='lat' dir='ltr'><strong>unius</strong></span> 
     </span>
    </p>
   </div>
   <div class='ocr_carea' id='block_1_12' title="bbox 250 1287 1823 1373">
    <p class='ocr_par' dir='ltr' id='par_1_12' title="bbox 250 1287 1823 1373">
     <span class='ocr_line' id='line_1_12' title="bbox 250 1287 1823 1373; baseline -0.004 -12"><span class='ocrx_word' id='word_1_82' title='bbox 250 1302 488 1363; x_wconf 78' lang='lat' dir='ltr'><strong>hbminis</strong></span> <span class='ocrx_word' id='word_1_83' title='bbox 514 1307 637 1361; x_wconf 70' lang='lat' dir='ltr'><strong>ore‘</strong></span> <span class='ocrx_word' id='word_1_84' title='bbox 667 1320 859 1363; x_wconf 86' lang='lat' dir='ltr'><strong>sonare</strong></span> <span class='ocrx_word' id='word_1_85' title='bbox 894 1304 1075 1365; x_wconf 84' lang='lat' dir='ltr'><strong>verba.</strong></span> <span class='ocrx_word' id='word_1_86' title='bbox 1105 1311 1162 1357; x_wconf 91' lang='lat' dir='ltr'><strong>ut</strong></span> <span class='ocrx_word' id='word_1_87' title='bbox 1206 1302 1560 1373; x_wconf 77' lang='lat' dir='ltr'><strong>intelligamus</strong></span> <span class='ocrx_word' id='word_1_88' title='bbox 1575 1287 1745 1371; x_wconf 75' lang='lat' dir='ltr'><strong>caput</strong></span> <span class='ocrx_word' id='word_1_89' title='bbox 1769 1307 1823 1355; x_wconf 89' lang='lat' dir='ltr'><strong>et</strong></span> 
     </span>
    </p>
   </div>
   <div class='ocr_carea' id='block_1_13' title="bbox 251 1393 1820 1467">
    <p class='ocr_par' dir='ltr' id='par_1_13' title="bbox 251 1393 1820 1467">
     <span class='ocr_line' id='line_1_13' title="bbox 251 1393 1820 1467; baseline -0.003 -17"><span class='ocrx_word' id='word_1_90' title='bbox 251 1412 447 1467; x_wconf 75' lang='lat' dir='ltr'><strong>corpus</strong></span> <span class='ocrx_word' id='word_1_91' title='bbox 470 1399 524 1452; x_wconf 91' lang='lat' dir='ltr'><strong>in</strong></span> <span class='ocrx_word' id='word_1_92' title='bbox 558 1397 758 1455; x_wconf 87' lang='lat' dir='ltr'><strong>unitate</strong></span> <span class='ocrx_word' id='word_1_93' title='bbox 794 1395 1112 1467; x_wconf 68' lang='lat' dir='ltr'><strong>integritatis</strong></span> <span class='ocrx_word' id='word_1_94' title='bbox 1140 1393 1455 1455; x_wconf 85' lang='lat' dir='ltr'><strong>consistere,</strong></span> <span class='ocrx_word' id='word_1_95' title='bbox 1479 1406 1577 1446; x_wconf 90' lang='lat' dir='ltr'><strong>nec</strong></span> <span class='ocrx_word' id='word_1_96' title='bbox 1602 1405 1820 1461; x_wconf 79' lang='lat' dir='ltr'><strong>separa—</strong></span> 
     </span>
    </p>
   </div>
   <div class='ocr_carea' id='block_1_14' title="bbox 251 1480 1823 1557">
    <p class='ocr_par' dir='ltr' id='par_1_14' title="bbox 251 1480 1823 1557">
     <span class='ocr_line' id='line_1_14' title="bbox 251 1480 1823 1557; baseline -0.005 -13"><span class='ocrx_word' id='word_1_97' title='bbox 251 1491 294 1544; x_wconf 89' lang='lat' dir='ltr'><strong>ri</strong></span> <span class='ocrx_word' id='word_1_98' title='bbox 339 1489 405 1543; x_wconf 88' lang='lat' dir='ltr'><strong>ab</strong></span> <span class='ocrx_word' id='word_1_99' title='bbox 436 1489 690 1551; x_wconf 77' lang='lat' dir='ltr'><strong>invicem;</strong></span> <span class='ocrx_word' id='word_1_100' title='bbox 721 1495 968 1557; x_wconf 85' lang='lat' dir='ltr'><strong>tanquam</strong></span> <span class='ocrx_word' id='word_1_101' title='bbox 1016 1482 1315 1557; x_wconf 80' lang='lat' dir='ltr'><strong>conjugium</strong></span> <span class='ocrx_word' id='word_1_102' title='bbox 1347 1482 1494 1547; x_wconf 89' lang='lat' dir='ltr'><strong>illud,</strong></span> <span class='ocrx_word' id='word_1_103' title='bbox 1520 1481 1587 1537; x_wconf 92' lang='lat' dir='ltr'><strong>de</strong></span> <span class='ocrx_word' id='word_1_104' title='bbox 1612 1495 1716 1552; x_wconf 88' lang='lat' dir='ltr'><strong>quo</strong></span> <span class='ocrx_word' id='word_1_105' title='bbox 1735 1480 1823 1536; x_wconf 88' lang='lat' dir='ltr'><strong>di-</strong></span> 
     </span>
    </p>
   </div>
   <div class='ocr_carea' id='block_1_15' title="bbox 250 1573 1832 1648">
    <p class='ocr_par' dir='ltr' id='par_1_15' title="bbox 250 1573 1832 1648">
     <span class='ocr_line' id='line_1_15' title="bbox 250 1573 1832 1648; baseline -0.006 -12"><span class='ocrx_word' id='word_1_106' title='bbox 250 1591 392 1636; x_wconf 82' lang='lat' dir='ltr'><strong>ctum</strong></span> <span class='ocrx_word' id='word_1_107' title='bbox 440 1590 524 1635; x_wconf 90' lang='lat' dir='ltr'><strong>est</strong></span> <span class='ocrx_word' id='word_1_108' title='bbox 557 1599 569 1634; x_wconf 94' lang='lat'>:</span> <span class='ocrx_word' id='word_1_109' title='bbox 599 1579 763 1633; x_wconf 86' lang='lat' dir='ltr'><strong>Erunt</strong></span> <span class='ocrx_word' id='word_1_110' title='bbox 805 1579 907 1639; x_wconf 83' lang='lat' dir='ltr'><strong>duo</strong></span> <span class='ocrx_word' id='word_1_111' title='bbox 948 1577 1003 1631; x_wconf 89' lang='lat' dir='ltr'><strong>in</strong></span> <span class='ocrx_word' id='word_1_112' title='bbox 1041 1593 1191 1634; x_wconf 82' lang='lat' dir='ltr'><strong>carne</strong></span> <span class='ocrx_word' id='word_1_113' title='bbox 1226 1592 1328 1631; x_wconf 89' lang='lat' dir='ltr'><strong>una</strong></span> <span class='ocrx_word' id='word_1_114' title='bbox 1362 1574 1510 1648; x_wconf 82' lang='lat' dir='ltr'><strong>(Gen.</strong></span> <span class='ocrx_word' id='word_1_115' title='bbox 1550 1590 1608 1639; x_wconf 91' lang='grc' dir='ltr'><strong>ιι,</strong></span> <span class='ocrx_word' id='word_1_116' title='bbox 1652 1573 1743 1641; x_wconf 70' lang='grc'><strong>24,</strong></span> <span class='ocrx_word' id='word_1_117' title='bbox 1775 1579 1832 1630; x_wconf 89' lang='lat' dir='ltr'><strong>et</strong></span> 
     </span>
    </p>
   </div>
   <div class='ocr_carea' id='block_1_16' title="bbox 253 1666 1819 1743">
    <p class='ocr_par' dir='ltr' id='par_1_16' title="bbox 253 1666 1819 1743">
     <span class='ocr_line' id='line_1_16' title="bbox 253 1666 1819 1743; baseline -0.005 -18"><span class='ocrx_word' id='word_1_118' title='bbox 253 1671 514 1742; x_wconf 80' lang='lat' dir='ltr'><strong>Ephes.v,</strong></span> <span class='ocrx_word' id='word_1_119' title='bbox 542 1670 725 1743; x_wconf 76' lang='grc' dir='ltr'><strong>51).δὶ</strong></span> <span class='ocrx_word' id='word_1_120' title='bbox 754 1684 881 1740; x_wconf 80' lang='lat' dir='ltr'><strong>ergo</strong></span> <span class='ocrx_word' id='word_1_121' title='bbox 919 1668 1252 1740; x_wconf 80' lang='lat' dir='ltr'><strong>agnoscimus</strong></span> <span class='ocrx_word' id='word_1_122' title='bbox 1276 1666 1410 1721; x_wconf 86' lang='lat' dir='ltr'><strong>duos</strong></span> <span class='ocrx_word' id='word_1_123' title='bbox 1434 1666 1484 1720; x_wconf 92' lang='lat' dir='ltr'><strong>in</strong></span> <span class='ocrx_word' id='word_1_124' title='bbox 1507 1681 1667 1721; x_wconf 90' lang='lat' dir='ltr'><strong>carne</strong></span> <span class='ocrx_word' id='word_1_125' title='bbox 1693 1680 1819 1733; x_wconf 89' lang='lat' dir='ltr'><strong>una,</strong></span> 
     </span>
    </p>
   </div>
   <div class='ocr_carea' id='block_1_17' title="bbox 251 1759 1821 1836">
    <p class='ocr_par' dir='ltr' id='par_1_17' title="bbox 251 1759 1821 1836">
     <span class='ocr_line' id='line_1_17' title="bbox 251 1759 1821 1836; baseline -0.004 -18"><span class='ocrx_word' id='word_1_126' title='bbox 251 1778 600 1836; x_wconf 79' lang='lat' dir='ltr'><strong>agnoscamus</strong></span> <span class='ocrx_word' id='word_1_127' title='bbox 624 1762 760 1835; x_wconf 85' lang='lat' dir='ltr'><strong>duos</strong></span> <span class='ocrx_word' id='word_1_128' title='bbox 804 1762 858 1817; x_wconf 91' lang='lat' dir='ltr'><strong>in</strong></span> <span class='ocrx_word' id='word_1_129' title='bbox 884 1776 1012 1817; x_wconf 90' lang='lat' dir='ltr'><strong>voce</strong></span> <span class='ocrx_word' id='word_1_130' title='bbox 1065 1775 1188 1817; x_wconf 88' lang='lat' dir='ltr'><strong>una.</strong></span> <span class='ocrx_word' id='word_1_131' title='bbox 1218 1759 1400 1815; x_wconf 89' lang='lat' dir='ltr'><strong>Primo</strong></span> <span class='ocrx_word' id='word_1_132' title='bbox 1439 1759 1579 1829; x_wconf 88' lang='lat' dir='ltr'><strong>quod</strong></span> <span class='ocrx_word' id='word_1_133' title='bbox 1626 1759 1821 1830; x_wconf 82' lang='lat' dir='ltr'><strong>legenti</strong></span> 
     </span>
    </p>
   </div>
   <div class='ocr_carea' id='block_1_18' title="bbox 253 1849 1821 1929">
    <p class='ocr_par' dir='ltr' id='par_1_18' title="bbox 253 1849 1821 1929">
     <span class='ocr_line' id='line_1_18' title="bbox 253 1849 1821 1929; baseline -0.004 -17"><span class='ocrx_word' id='word_1_134' title='bbox 253 1856 632 1929; x_wconf 87' lang='lat' dir='ltr'><strong>respondentes</strong></span> <span class='ocrx_word' id='word_1_135' title='bbox 646 1854 996 1920; x_wconf 81' lang='lat' dir='ltr'><strong>cantavimus,</strong></span> <span class='ocrx_word' id='word_1_136' title='bbox 1011 1867 1307 1926; x_wconf 85' lang='lat' dir='ltr'><strong>quanquam</strong></span> <span class='ocrx_word' id='word_1_137' title='bbox 1329 1849 1396 1906; x_wconf 93' lang='lat' dir='ltr'><strong>de</strong></span> <span class='ocrx_word' id='word_1_138' title='bbox 1417 1849 1592 1905; x_wconf 89' lang='lat' dir='ltr'><strong>medio</strong></span> <span class='ocrx_word' id='word_1_139' title='bbox 1613 1849 1821 1905; x_wconf 88' lang='lat' dir='ltr'><strong>Psalmo</strong></span> 
     </span>
    </p>
   </div>
   <div class='ocr_carea' id='block_1_19' title="bbox 248 1939 1823 2015">
    <p class='ocr_par' dir='ltr' id='par_1_19' title="bbox 248 1939 1823 2015">
     <span class='ocr_line' id='line_1_19' title="bbox 248 1939 1823 2015; baseline -0.007 -12"><span class='ocrx_word' id='word_1_140' title='bbox 248 1950 341 2015; x_wconf 88' lang='lat' dir='ltr'><strong>sit,</strong></span> <span class='ocrx_word' id='word_1_141' title='bbox 371 1948 493 2005; x_wconf 86' lang='lat' dir='ltr'><strong>hinc</strong></span> <span class='ocrx_word' id='word_1_142' title='bbox 521 1947 697 2002; x_wconf 86' lang='lat' dir='ltr'><strong>tamen</strong></span> <span class='ocrx_word' id='word_1_143' title='bbox 736 1945 998 2001; x_wconf 79' lang='lat' dir='ltr'><strong>sermonis</strong></span> <span class='ocrx_word' id='word_1_144' title='bbox 1023 1943 1279 1998; x_wconf 83' lang='lat' dir='ltr'><strong>ducamus</strong></span> <span class='ocrx_word' id='word_1_145' title='bbox 1301 1941 1595 1996; x_wconf 81' lang='lat' dir='ltr'><strong>exordium.</strong></span> <span class='ocrx_word' id='word_1_146' title='bbox 1620 1939 1823 2001; x_wconf 70' lang='lat' dir='ltr'><strong>Inimici</strong></span> 
     </span>
    </p>
   </div>
   <div class='ocr_carea' id='block_1_20' title="bbox 249 2029 1822 2101">
    <p class='ocr_par' dir='ltr' id='par_1_20' title="bbox 249 2029 1822 2101">
     <span class='ocr_line' id='line_1_20' title="bbox 249 2029 1822 2101; baseline -0.006 -8"><span class='ocrx_word' id='word_1_147' title='bbox 249 2039 349 2092; x_wconf 81' lang='lat' dir='ltr'><strong>mei</strong></span> <span class='ocrx_word' id='word_1_148' title='bbox 375 2039 615 2092; x_wconf 74' lang='lat' dir='ltr'><strong>dixerunt</strong></span> <span class='ocrx_word' id='word_1_149' title='bbox 666 2036 805 2090; x_wconf 81' lang='lat' dir='ltr'><strong>mala</strong></span> <span class='ocrx_word' id='word_1_150' title='bbox 837 2034 962 2089; x_wconf 86' lang='lat' dir='ltr'><strong>mihi</strong></span> <span class='ocrx_word' id='word_1_151' title='bbox 991 2052 1006 2088; x_wconf 88' lang='lat'><strong>:</strong></span> <span class='ocrx_word' id='word_1_152' title='bbox 1036 2032 1251 2099; x_wconf 80' lang='lat' dir='ltr'><strong>Quando</strong></span> <span class='ocrx_word' id='word_1_153' title='bbox 1285 2031 1546 2096; x_wconf 82' lang='lat' dir='ltr'><strong>morietur,</strong></span> <span class='ocrx_word' id='word_1_154' title='bbox 1568 2039 1615 2085; x_wconf 88' lang='lat' dir='ltr'><strong>et</strong></span> <span class='ocrx_word' id='word_1_155' title='bbox 1645 2029 1822 2101; x_wconf 75' lang='lat' dir='ltr'><strong>peribit</strong></span> 
     </span>
    </p>
   </div>
   <div class='ocr_carea' id='block_1_21' title="bbox 246 2120 1820 2198">
    <p class='ocr_par' dir='ltr' id='par_1_21' title="bbox 246 2120 1820 2198">
     <span class='ocr_line' id='line_1_21' title="bbox 246 2120 1820 2198; baseline -0.004 -15"><span class='ocrx_word' id='word_1_156' title='bbox 246 2147 427 2185; x_wconf 81' lang='lat' dir='ltr'><strong>nomen</strong></span> <span class='ocrx_word' id='word_1_157' title='bbox 476 2129 605 2198; x_wconf 82' lang='lat' dir='ltr'><strong>ejus.</strong></span> <span class='ocrx_word' id='word_1_158' title='bbox 653 2127 884 2183; x_wconf 87' lang='lat' dir='ltr'><strong>Persona</strong></span> <span class='ocrx_word' id='word_1_159' title='bbox 926 2133 1010 2182; x_wconf 91' lang='lat' dir='ltr'><strong>est</strong></span> <span class='ocrx_word' id='word_1_160' title='bbox 1055 2125 1170 2179; x_wconf 75' lang='lat' dir='ltr'><strong>lucc</strong></span> <span class='ocrx_word' id='word_1_161' title='bbox 1221 2122 1425 2178; x_wconf 89' lang='lat' dir='ltr'><strong>Domini</strong></span> <span class='ocrx_word' id='word_1_162' title='bbox 1481 2120 1820 2177; x_wconf 74' lang='lat' dir='ltr'><strong>nostri’Jcsu</strong></span> 
     </span>
    </p>
   </div>
   <div class='ocr_carea' id='block_1_22' title="bbox 244 2213 1816 2286">
    <p class='ocr_par' dir='ltr' id='par_1_22' title="bbox 244 2213 1816 2286">
     <span class='ocr_line' id='line_1_22' title="bbox 244 2213 1816 2286; baseline -0.008 -8"><span class='ocrx_word' id='word_1_163' title='bbox 244 2222 443 2278; x_wconf 86' lang='lat' dir='ltr'><strong>Christi</strong></span> <span class='ocrx_word' id='word_1_164' title='bbox 463 2238 477 2275; x_wconf 88' lang='lat'><strong>:</strong></span> <span class='ocrx_word' id='word_1_165' title='bbox 497 2220 590 2277; x_wconf 89' lang='lat' dir='ltr'><strong>sed</strong></span> <span class='ocrx_word' id='word_1_166' title='bbox 609 2218 803 2286; x_wconf 82' lang='lat' dir='ltr'><strong>videte,</strong></span> <span class='ocrx_word' id='word_1_167' title='bbox 821 2217 865 2273; x_wconf 93' lang='lat' dir='ltr'><strong>si</strong></span> <span class='ocrx_word' id='word_1_168' title='bbox 887 2232 991 2283; x_wconf 82' lang='lat' dir='ltr'><strong>non</strong></span> <span class='ocrx_word' id='word_1_169' title='bbox 1009 2215 1080 2271; x_wconf 88' lang='lat' dir='ltr'><strong>ibi</strong></span> <span class='ocrx_word' id='word_1_170' title='bbox 1106 2214 1466 2284; x_wconf 80' lang='lat' dir='ltr'><strong>intelliguntur</strong></span> <span class='ocrx_word' id='word_1_171' title='bbox 1488 2222 1540 2269; x_wconf 90' lang='lat' dir='ltr'><strong>et</strong></span> <span class='ocrx_word' id='word_1_172' title='bbox 1560 2213 1816 2267; x_wconf 88' lang='lat' dir='ltr'><strong>membra.</strong></span> 
     </span>
    </p>
   </div>
   <div class='ocr_carea' id='block_1_23' title="bbox 245 2304 1835 2379">
    <p class='ocr_par' dir='ltr' id='par_1_23' title="bbox 245 2304 1835 2379">
     <span class='ocr_line' id='line_1_23' title="bbox 245 2304 1835 2379; baseline -0.009 -9"><span class='ocrx_word' id='word_1_173' title='bbox 245 2316 455 2370; x_wconf 86' lang='lat' dir='ltr'><strong>Dictum</strong></span> <span class='ocrx_word' id='word_1_174' title='bbox 502 2321 585 2368; x_wconf 90' lang='lat' dir='ltr'><strong>est</strong></span> <span class='ocrx_word' id='word_1_175' title='bbox 610 2321 663 2367; x_wconf 88' lang='lat' dir='ltr'><strong>et</strong></span> <span class='ocrx_word' id='word_1_176' title='bbox 694 2311 813 2375; x_wconf 89' lang='lat' dir='ltr'><strong>hoc,</strong></span> <span class='ocrx_word' id='word_1_177' title='bbox 839 2324 960 2365; x_wconf 91' lang='lat' dir='ltr'><strong>cum</strong></span> <span class='ocrx_word' id='word_1_178' title='bbox 1001 2309 1112 2379; x_wconf 88' lang='lat' dir='ltr'><strong>ipse</strong></span> <span class='ocrx_word' id='word_1_179' title='bbox 1157 2307 1409 2366; x_wconf 84' lang='lat' dir='ltr'><strong>Dominus</strong></span> <span class='ocrx_word' id='word_1_180' title='bbox 1438 2315 1619 2361; x_wconf 92' lang='lat' dir='ltr'><strong>noster</strong></span> <span class='ocrx_word' id='word_1_181' title='bbox 1648 2304 1733 2360; x_wconf 90' lang='lat' dir='ltr'><strong>hic</strong></span> <span class='ocrx_word' id='word_1_182' title='bbox 1763 2304 1835 2365; x_wconf 85' lang='lat' dir='ltr'><strong>in.</strong></span> 
     </span>
    </p>
   </div>
   <div class='ocr_carea' id='block_1_24' title="bbox 242 2398 1816 2464">
    <p class='ocr_par' dir='ltr' id='par_1_24' title="bbox 242 2398 1816 2464">
     <span class='ocr_line' id='line_1_24' title="bbox 242 2398 1816 2464; baseline -0.008 0"><span class='ocrx_word' id='word_1_183' title='bbox 242 2418 383 2464; x_wconf 77' lang='lat' dir='ltr'><strong>terra</strong></span> <span class='ocrx_word' id='word_1_184' title='bbox 414 2407 467 2462; x_wconf 94' lang='lat' dir='ltr'><strong>in</strong></span> <span class='ocrx_word' id='word_1_185' title='bbox 487 2420 648 2461; x_wconf 88' lang='lat' dir='ltr'><strong>carne</strong></span> <span class='ocrx_word' id='word_1_186' title='bbox 688 2402 1000 2463; x_wconf 85' lang='lat' dir='ltr'><strong>ambularet.</strong></span> <span class='ocrx_word' id='word_1_187' title='bbox 1031 2400 1162 2457; x_wconf 90' lang='lat' dir='ltr'><strong>Cum</strong></span> <span class='ocrx_word' id='word_1_188' title='bbox 1204 2401 1346 2457; x_wconf 87' lang='lat' dir='ltr'><strong>enim</strong></span> <span class='ocrx_word' id='word_1_189' title='bbox 1373 2398 1613 2454; x_wconf 84' lang='lat' dir='ltr'><strong>viderent</strong></span> <span class='ocrx_word' id='word_1_190' title='bbox 1638 2398 1816 2453; x_wconf 88' lang='lat' dir='ltr'><strong>multi-</strong></span> 
     </span>
    </p>
   </div>
   <div class='ocr_carea' id='block_1_25' title="bbox 242 2491 1818 2567">
    <p class='ocr_par' dir='ltr' id='par_1_25' title="bbox 242 2491 1818 2567">
     <span class='ocr_line' id='line_1_25' title="bbox 242 2491 1818 2567; baseline -0.005 -12"><span class='ocrx_word' id='word_1_191' title='bbox 242 2499 481 2559; x_wconf 85' lang='lat' dir='ltr'><strong>tudinem</strong></span> <span class='ocrx_word' id='word_1_192' title='bbox 528 2496 674 2567; x_wconf 83' lang='lat' dir='ltr'><strong>sequi</strong></span> <span class='ocrx_word' id='word_1_193' title='bbox 719 2494 1085 2557; x_wconf 83' lang='lat' dir='ltr'><strong>auctoritatem</strong></span> <span class='ocrx_word' id='word_1_194' title='bbox 1131 2492 1267 2563; x_wconf 79' lang='lat' dir='ltr'><strong>cjtts,</strong></span> <span class='ocrx_word' id='word_1_195' title='bbox 1295 2501 1349 2547; x_wconf 86' lang='lat' dir='ltr'><strong>et</strong></span> <span class='ocrx_word' id='word_1_196' title='bbox 1393 2491 1719 2546; x_wconf 82' lang='lat' dir='ltr'><strong>divinitatem</strong></span> <span class='ocrx_word' id='word_1_197' title='bbox 1764 2500 1818 2551; x_wconf 92' lang='lat' dir='ltr'><strong>et</strong></span> 
     </span>
    </p>
   </div>
   <div class='ocr_carea' id='block_1_26' title="bbox 241 2579 1815 2661">
    <p class='ocr_par' dir='ltr' id='par_1_26' title="bbox 241 2579 1815 2661">
     <span class='ocr_line' id='line_1_26' title="bbox 241 2579 1815 2661; baseline -0.006 -16"><span class='ocrx_word' id='word_1_198' title='bbox 241 2590 574 2661; x_wconf 76' lang='lat' dir='ltr'><strong>majestatem</strong></span> <span class='ocrx_word' id='word_1_199' title='bbox 612 2585 882 2645; x_wconf 85' lang='lat' dir='ltr'><strong>miraculis</strong></span> <span class='ocrx_word' id='word_1_200' title='bbox 924 2582 1358 2659; x_wconf 69' lang='lat' dir='ltr'><strong>prmseutatatu&#39;;</strong></span> <span class='ocrx_word' id='word_1_201' title='bbox 1385 2596 1505 2639; x_wconf 88' lang='lat' dir='ltr'><strong>cum</strong></span> <span class='ocrx_word' id='word_1_202' title='bbox 1542 2580 1643 2634; x_wconf 84' lang='lat' dir='ltr'><strong>hoc</strong></span> <span class='ocrx_word' id='word_1_203' title='bbox 1666 2579 1815 2636; x_wconf 88' lang='lat' dir='ltr'><strong>vide-</strong></span> 
     </span>
    </p>
   </div>
   <div class='ocr_carea' id='block_1_27' title="bbox 244 2670 1813 2746">
    <p class='ocr_par' dir='ltr' id='par_1_27' title="bbox 244 2670 1813 2746">
     <span class='ocr_line' id='line_1_27' title="bbox 244 2670 1813 2746; baseline -0.006 -10"><span class='ocrx_word' id='word_1_204' title='bbox 244 2679 581 2745; x_wconf 77' lang='lat' dir='ltr'><strong>rentJudaci,</strong></span> <span class='ocrx_word' id='word_1_205' title='bbox 627 2676 693 2731; x_wconf 88' lang='lat' dir='ltr'><strong>de</strong></span> <span class='ocrx_word' id='word_1_206' title='bbox 736 2675 926 2746; x_wconf 88' lang='lat' dir='ltr'><strong>quibus</strong></span> <span class='ocrx_word' id='word_1_207' title='bbox 968 2674 1081 2742; x_wconf 88' lang='lat' dir='ltr'><strong>ipse</strong></span> <span class='ocrx_word' id='word_1_208' title='bbox 1123 2672 1378 2727; x_wconf 85' lang='lat' dir='ltr'><strong>Dominus</strong></span> <span class='ocrx_word' id='word_1_209' title='bbox 1418 2670 1813 2727; x_wconf 86' lang='lat' dir='ltr'><strong>similitudinem</strong></span> 
     </span>
    </p>
   </div>
   <div class='ocr_carea' id='block_1_28' title="bbox 239 2762 1816 2844">
    <p class='ocr_par' dir='ltr' id='par_1_28' title="bbox 239 2762 1816 2844">
     <span class='ocr_line' id='line_1_28' title="bbox 239 2762 1816 2844; baseline -0.006 -16"><span class='ocrx_word' id='word_1_210' title='bbox 239 2772 441 2844; x_wconf 76' lang='lat' dir='ltr'><strong>posuit,</strong></span> <span class='ocrx_word' id='word_1_211' title='bbox 469 2771 590 2842; x_wconf 83' lang='lat' dir='ltr'><strong>quia</strong></span> <span class='ocrx_word' id='word_1_212' title='bbox 611 2769 874 2830; x_wconf 80' lang='lat' dir='ltr'><strong>dixerunt,</strong></span> <span class='ocrx_word' id='word_1_213' title='bbox 902 2765 1004 2820; x_wconf 85' lang='lat' dir='ltr'><strong>Hic</strong></span> <span class='ocrx_word' id='word_1_214' title='bbox 1019 2775 1091 2821; x_wconf 87' lang='lat' dir='ltr'><strong>est</strong></span> <span class='ocrx_word' id='word_1_215' title='bbox 1122 2764 1313 2828; x_wconf 69' lang='lat' dir='ltr'><strong>haeres;</strong></span> <span class='ocrx_word' id='word_1_216' title='bbox 1342 2765 1498 2818; x_wconf 54' lang='lat' dir='ltr'><strong>vanite</strong></span> <span class='ocrx_word' id='word_1_217' title='bbox 1530 2762 1816 2820; x_wconf 79' lang='lat' dir='ltr'><strong>oecidamus</strong></span> 
     </span>
    </p>
   </div>
   <div class='ocr_carea' id='block_1_29' title="bbox 238 2854 1815 2929">
    <p class='ocr_par' dir='ltr' id='par_1_29' title="bbox 238 2854 1815 2929">
     <span class='ocr_line' id='line_1_29' title="bbox 238 2854 1815 2929; baseline -0.004 -11"><span class='ocrx_word' id='word_1_218' title='bbox 238 2881 351 2918; x_wconf 81' lang='lat' dir='ltr'><strong>eum</strong></span> <span class='ocrx_word' id='word_1_219' title='bbox 369 2905 385 2927; x_wconf 92' lang='lat'><strong>,</strong></span> <span class='ocrx_word' id='word_1_220' title='bbox 409 2872 458 2917; x_wconf 85' lang='lat' dir='ltr'><strong>et</strong></span> <span class='ocrx_word' id='word_1_221' title='bbox 486 2870 655 2917; x_wconf 83' lang='lat' dir='ltr'><strong>nostra</strong></span> <span class='ocrx_word' id='word_1_222' title='bbox 673 2861 763 2922; x_wconf 80' lang='lat' dir='ltr'><strong>erit</strong></span> <span class='ocrx_word' id='word_1_223' title='bbox 779 2856 1044 2919; x_wconf 74' lang='lat' dir='ltr'><strong>[imreditas</strong></span> <span class='ocrx_word' id='word_1_224' title='bbox 1064 2854 1271 2929; x_wconf 72' lang='lat' dir='ltr'><strong>(Matth.</strong></span> <span class='ocrx_word' id='word_1_225' title='bbox 1291 2870 1402 2921; x_wconf 60' lang='grc' dir='ltr'><strong>κει,</strong></span> <span class='ocrx_word' id='word_1_226' title='bbox 1425 2854 1538 2925; x_wconf 82' lang='grc'><strong>58),</strong></span> <span class='ocrx_word' id='word_1_227' title='bbox 1567 2854 1815 2911; x_wconf 77' lang='lat' dir='ltr'><strong>dixerunt</strong></span> 
     </span>
    </p>
   </div>
   <div class='ocr_carea' id='block_1_30' title="bbox 237 2948 1814 3027">
    <p class='ocr_par' dir='ltr' id='par_1_30' title="bbox 237 2948 1814 3027">
     <span class='ocr_line' id='line_1_30' title="bbox 237 2948 1814 3027; baseline -0.006 -14"><span class='ocrx_word' id='word_1_228' title='bbox 237 2958 377 3027; x_wconf 88' lang='lat' dir='ltr'><strong>apud</strong></span> <span class='ocrx_word' id='word_1_229' title='bbox 408 2955 750 3025; x_wconf 84' lang='lat' dir='ltr'><strong>semetipsos,</strong></span> <span class='ocrx_word' id='word_1_230' title='bbox 782 2952 831 3017; x_wconf 84' lang='lat' dir='ltr'><strong>id</strong></span> <span class='ocrx_word' id='word_1_231' title='bbox 858 2960 940 3008; x_wconf 88' lang='lat' dir='ltr'><strong>est</strong></span> <span class='ocrx_word' id='word_1_232' title='bbox 968 2951 1104 3007; x_wconf 90' lang='lat' dir='ltr'><strong>inter</strong></span> <span class='ocrx_word' id='word_1_233' title='bbox 1128 2964 1205 3015; x_wconf 90' lang='lat' dir='ltr'><strong>se,</strong></span> <span class='ocrx_word' id='word_1_234' title='bbox 1228 2948 1365 3004; x_wconf 86' lang='lat' dir='ltr'><strong>unde</strong></span> <span class='ocrx_word' id='word_1_235' title='bbox 1391 2948 1655 3018; x_wconf 74' lang='lat' dir='ltr'><strong>pontificis</strong></span> <span class='ocrx_word' id='word_1_236' title='bbox 1672 2949 1814 3004; x_wconf 90' lang='lat' dir='ltr'><strong>illius</strong></span> 
     </span>
    </p>
   </div>
   <div class='ocr_carea' id='block_1_31' title="bbox 237 3041 1814 3122">
    <p class='ocr_par' dir='ltr' id='par_1_31' title="bbox 237 3041 1814 3122">
     <span class='ocr_line' id='line_1_31' title="bbox 237 3041 1814 3122; baseline -0.008 -15"><span class='ocrx_word' id='word_1_237' title='bbox 237 3051 454 3122; x_wconf 65' lang='lat' dir='ltr'><strong>Caiphae</strong></span> <span class='ocrx_word' id='word_1_238' title='bbox 500 3064 601 3107; x_wconf 74' lang='lat' dir='ltr'><strong>vox</strong></span> <span class='ocrx_word' id='word_1_239' title='bbox 625 3056 706 3104; x_wconf 85' lang='lat' dir='ltr'><strong>est</strong></span> <span class='ocrx_word' id='word_1_240' title='bbox 738 3064 751 3101; x_wconf 87' lang='lat'><strong>:</strong></span> <span class='ocrx_word' id='word_1_241' title='bbox 794 3045 976 3099; x_wconf 78' lang='lat' dir='ltr'><strong>Videtis</strong></span> <span class='ocrx_word' id='word_1_242' title='bbox 1004 3042 1139 3116; x_wconf 86' lang='lat' dir='ltr'><strong>quod</strong></span> <span class='ocrx_word' id='word_1_243' title='bbox 1158 3041 1301 3096; x_wconf 85' lang='lat' dir='ltr'><strong>turba</strong></span> <span class='ocrx_word' id='word_1_244' title='bbox 1327 3042 1484 3094; x_wconf 84' lang='lat' dir='ltr'><strong>multa</strong></span> <span class='ocrx_word' id='word_1_245' title='bbox 1509 3058 1620 3094; x_wconf 86' lang='lat' dir='ltr'><strong>eum</strong></span> <span class='ocrx_word' id='word_1_246' title='bbox 1650 3041 1814 3113; x_wconf 83' lang='lat' dir='ltr'><strong>sequi-</strong></span> 
     </span>
    </p>
   </div>
   <div class='ocr_carea' id='block_1_32' title="bbox 236 3133 1812 3209">
    <p class='ocr_par' dir='ltr' id='par_1_32' title="bbox 236 3133 1812 3209">
     <span class='ocr_line' id='line_1_32' title="bbox 236 3133 1812 3209; baseline -0.007 -14"><span class='ocrx_word' id='word_1_247' title='bbox 236 3153 338 3207; x_wconf 88' lang='lat' dir='ltr'><strong>tur,</strong></span> <span class='ocrx_word' id='word_1_248' title='bbox 369 3150 414 3195; x_wconf 86' lang='lat' dir='ltr'><strong>et</strong></span> <span class='ocrx_word' id='word_1_249' title='bbox 446 3139 689 3194; x_wconf 73' lang='lat' dir='ltr'><strong>swcuium</strong></span> <span class='ocrx_word' id='word_1_250' title='bbox 733 3145 842 3205; x_wconf 86' lang='lat' dir='ltr'><strong>post</strong></span> <span class='ocrx_word' id='word_1_251' title='bbox 879 3134 1027 3209; x_wconf 81' lang='lat' dir='ltr'><strong>illum</strong></span> <span class='ocrx_word' id='word_1_252' title='bbox 1064 3133 1229 3188; x_wconf 83' lang='lat' dir='ltr'><strong>abiit:</strong></span> <span class='ocrx_word' id='word_1_253' title='bbox 1250 3133 1294 3187; x_wconf 90' lang='lat' dir='ltr'><strong>si</strong></span> <span class='ocrx_word' id='word_1_254' title='bbox 1320 3133 1655 3188; x_wconf 70' lang='lat' dir='ltr'><strong>dimiserimus</strong></span> <span class='ocrx_word' id='word_1_255' title='bbox 1701 3149 1812 3188; x_wconf 87' lang='lat' dir='ltr'><strong>eum</strong></span> 
     </span>
    </p>
   </div>
   <div class='ocr_carea' id='block_1_33' title="bbox 234 3221 1812 3296">
    <p class='ocr_par' dir='ltr' id='par_1_33' title="bbox 234 3221 1812 3296">
     <span class='ocr_line' id='line_1_33' title="bbox 234 3221 1812 3296; baseline -0.006 -11"><span class='ocrx_word' id='word_1_256' title='bbox 234 3233 398 3285; x_wconf 70' lang='lat' dir='ltr'><strong>vivere</strong></span> <span class='ocrx_word' id='word_1_257' title='bbox 421 3270 438 3296; x_wconf 93' lang='lat'><strong>,</strong></span> <span class='ocrx_word' id='word_1_258' title='bbox 480 3229 672 3282; x_wconf 80' lang='lat' dir='ltr'><strong>venient</strong></span> <span class='ocrx_word' id='word_1_259' title='bbox 707 3225 957 3291; x_wconf 83' lang='lat' dir='ltr'><strong>Romani,</strong></span> <span class='ocrx_word' id='word_1_260' title='bbox 1001 3233 1048 3278; x_wconf 87' lang='lat' dir='ltr'><strong>et</strong></span> <span class='ocrx_word' id='word_1_261' title='bbox 1090 3225 1263 3279; x_wconf 78' lang='lat' dir='ltr'><strong>tollent</strong></span> <span class='ocrx_word' id='word_1_262' title='bbox 1301 3222 1441 3278; x_wconf 83' lang='lat' dir='ltr'><strong>nobis</strong></span> <span class='ocrx_word' id='word_1_263' title='bbox 1476 3231 1522 3277; x_wconf 86' lang='lat' dir='ltr'><strong>et</strong></span> <span class='ocrx_word' id='word_1_264' title='bbox 1560 3221 1721 3276; x_wconf 85' lang='lat' dir='ltr'><strong>locum</strong></span> <span class='ocrx_word' id='word_1_265' title='bbox 1765 3231 1812 3276; x_wconf 90' lang='lat' dir='ltr'><strong>et</strong></span> 
     </span>
    </p>
   </div>
   <div class='ocr_carea' id='block_1_34' title="bbox 237 3314 1812 3396">
    <p class='ocr_par' dir='ltr' id='par_1_34' title="bbox 237 3314 1812 3396">
     <span class='ocr_line' id='line_1_34' title="bbox 237 3314 1812 3396; baseline -0.004 -21"><span class='ocrx_word' id='word_1_266' title='bbox 237 3332 458 3396; x_wconf 74' lang='lat' dir='ltr'><strong>gentem.</strong></span> <span class='ocrx_word' id='word_1_267' title='bbox 482 3318 697 3387; x_wconf 72' lang='lat' dir='ltr'><strong>Expedit</strong></span> <span class='ocrx_word' id='word_1_268' title='bbox 722 3326 774 3369; x_wconf 89' lang='lat' dir='ltr'><strong>ut</strong></span> <span class='ocrx_word' id='word_1_269' title='bbox 802 3331 932 3369; x_wconf 88' lang='lat' dir='ltr'><strong>unus</strong></span> <span class='ocrx_word' id='word_1_270' title='bbox 957 3314 1197 3369; x_wconf 79' lang='lat' dir='ltr'><strong>moriatur</strong></span> <span class='ocrx_word' id='word_1_271' title='bbox 1213 3314 1382 3379; x_wconf 79' lang='lat' dir='ltr'><strong>homo,</strong></span> <span class='ocrx_word' id='word_1_272' title='bbox 1402 3329 1551 3383; x_wconf 86' lang='lat' dir='ltr'><strong>quam</strong></span> <span class='ocrx_word' id='word_1_273' title='bbox 1574 3323 1676 3366; x_wconf 84' lang='lat' dir='ltr'><strong>tota</strong></span> <span class='ocrx_word' id='word_1_274' title='bbox 1691 3331 1812 3385; x_wconf 82' lang='lat' dir='ltr'><strong>gens</strong></span> 
     </span>
    </p>
   </div>
   <div class='ocr_carea' id='block_1_35' title="bbox 236 3405 1806 3484">
    <p class='ocr_par' dir='ltr' id='par_1_35' title="bbox 236 3405 1806 3484">
     <span class='ocr_line' id='line_1_35' title="bbox 236 3405 1806 3484; baseline -0.003 -19"><span class='ocrx_word' id='word_1_275' title='bbox 236 3423 427 3484; x_wconf 65' lang='lat' dir='ltr'><strong>pereat.</strong></span> <span class='ocrx_word' id='word_1_276' title='bbox 445 3409 776 3481; x_wconf 74' lang='lat' dir='ltr'><strong>Evangelista</strong></span> <span class='ocrx_word' id='word_1_277' title='bbox 790 3417 963 3463; x_wconf 89' lang='lat' dir='ltr'><strong>autem</strong></span> <span class='ocrx_word' id='word_1_278' title='bbox 978 3406 1134 3471; x_wconf 84' lang='lat' dir='ltr'><strong>verba</strong></span> <span class='ocrx_word' id='word_1_279' title='bbox 1150 3406 1431 3465; x_wconf 83' lang='lat' dir='ltr'><strong>nescientis</strong></span> <span class='ocrx_word' id='word_1_280' title='bbox 1441 3406 1563 3476; x_wconf 85' lang='lat' dir='ltr'><strong>quid</strong></span> <span class='ocrx_word' id='word_1_281' title='bbox 1586 3405 1806 3472; x_wconf 89' lang='lat' dir='ltr'><strong>diceret,</strong></span> 
     </span>
    </p>
   </div>
   <div class='ocr_carea' id='block_1_36' title="bbox 233 3496 1812 3575">
    <p class='ocr_par' dir='ltr' id='par_1_36' title="bbox 233 3496 1812 3575">
     <span class='ocr_line' id='line_1_36' title="bbox 233 3496 1812 3575; baseline -0.004 -17"><span class='ocrx_word' id='word_1_282' title='bbox 233 3502 485 3575; x_wconf 66' lang='lat' dir='ltr'><strong>cxtitzsuit</strong></span> <span class='ocrx_word' id='word_1_283' title='bbox 510 3499 681 3559; x_wconf 80' lang='lat' dir='ltr'><strong>nobis.</strong></span> <span class='ocrx_word' id='word_1_284' title='bbox 714 3507 768 3563; x_wconf 77' lang='lat' dir='ltr'><strong>et</strong></span> <span class='ocrx_word' id='word_1_285' title='bbox 795 3499 867 3555; x_wconf 87' lang='lat' dir='ltr'><strong>ait</strong></span> <span class='ocrx_word' id='word_1_286' title='bbox 899 3514 912 3551; x_wconf 90' lang='lat'><strong>:</strong></span> <span class='ocrx_word' id='word_1_287' title='bbox 947 3496 1055 3561; x_wconf 78' lang='lat' dir='ltr'><strong>Hoc</strong></span> <span class='ocrx_word' id='word_1_288' title='bbox 1080 3507 1246 3553; x_wconf 88' lang='lat' dir='ltr'><strong>autem</strong></span> <span class='ocrx_word' id='word_1_289' title='bbox 1274 3514 1373 3551; x_wconf 84' lang='lat' dir='ltr'><strong>non</strong></span> <span class='ocrx_word' id='word_1_290' title='bbox 1400 3513 1433 3550; x_wconf 85' lang='grc' dir='ltr'><em>α</em></span> <span class='ocrx_word' id='word_1_291' title='bbox 1459 3514 1512 3551; x_wconf 84' lang='lat' dir='ltr'><strong>se</strong></span> <span class='ocrx_word' id='word_1_292' title='bbox 1540 3498 1666 3551; x_wconf 75' lang='lat' dir='ltr'><strong>dixit</strong></span> <span class='ocrx_word' id='word_1_293' title='bbox 1684 3516 1703 3564; x_wconf 85' lang='lat'><strong><em>;</em></strong></span> <span class='ocrx_word' id='word_1_294' title='bbox 1724 3499 1812 3552; x_wconf 80' lang='lat' dir='ltr'><strong>srd</strong></span> 
     </span>
    </p>
   </div>
   <div class='ocr_carea' id='block_1_37' title="bbox 234 3587 1810 3663">
    <p class='ocr_par' dir='ltr' id='par_1_37' title="bbox 234 3587 1810 3663">
     <span class='ocr_line' id='line_1_37' title="bbox 234 3587 1810 3663; baseline -0.003 -16"><span class='ocrx_word' id='word_1_295' title='bbox 234 3612 347 3647; x_wconf 85' lang='lat' dir='ltr'><strong>cum</strong></span> <span class='ocrx_word' id='word_1_296' title='bbox 389 3602 516 3646; x_wconf 83' lang='lat' dir='ltr'><strong>esset</strong></span> <span class='ocrx_word' id='word_1_297' title='bbox 559 3591 783 3663; x_wconf 74' lang='lat' dir='ltr'><strong>pontifex</strong></span> <span class='ocrx_word' id='word_1_298' title='bbox 833 3587 1143 3658; x_wconf 75' lang='lat' dir='ltr'><strong>pt&#39;opltetavit</strong></span> <span class='ocrx_word' id='word_1_299' title='bbox 1175 3589 1295 3658; x_wconf 87' lang='lat' dir='ltr'><strong>quia</strong></span> <span class='ocrx_word' id='word_1_300' title='bbox 1336 3588 1588 3659; x_wconf 81' lang='lat' dir='ltr'><strong>Oportebat</strong></span> <span class='ocrx_word' id='word_1_301' title='bbox 1633 3589 1810 3651; x_wconf 70' lang='lat' dir='ltr'><strong>Iesum</strong></span> 
     </span>
    </p>
   </div>
   <div class='ocr_carea' id='block_1_38' title="bbox 237 3676 1812 3753">
    <p class='ocr_par' dir='ltr' id='par_1_38' title="bbox 237 3676 1812 3753">
     <span class='ocr_line' id='line_1_38' title="bbox 237 3676 1812 3753; baseline -0.001 -17"><span class='ocrx_word' id='word_1_302' title='bbox 237 3683 365 3738; x_wconf 75' lang='lat' dir='ltr'><strong>uteri</strong></span> <span class='ocrx_word' id='word_1_303' title='bbox 386 3698 479 3753; x_wconf 85' lang='lat' dir='ltr'><strong>pro</strong></span> <span class='ocrx_word' id='word_1_304' title='bbox 499 3678 684 3751; x_wconf 84' lang='lat' dir='ltr'><strong>papqu</strong></span> <span class='ocrx_word' id='word_1_305' title='bbox 710 3688 754 3732; x_wconf 89' lang='lat' dir='ltr'><strong>et</strong></span> <span class='ocrx_word' id='word_1_306' title='bbox 773 3689 917 3749; x_wconf 82' lang='lat' dir='ltr'><strong>gente</strong></span> <span class='ocrx_word' id='word_1_307' title='bbox 949 3677 1126 3746; x_wconf 82' lang='lat' dir='ltr'><strong>(Joan.</strong></span> <span class='ocrx_word' id='word_1_308' title='bbox 1156 3694 1230 3741; x_wconf 77' lang='grc' dir='ltr'><strong>ιιι,</strong></span> <span class='ocrx_word' id='word_1_309' title='bbox 1277 3676 1484 3751; x_wconf 75' lang='grc'><strong>47-51).</strong></span> <span class='ocrx_word' id='word_1_310' title='bbox 1508 3678 1706 3735; x_wconf 88' lang='lat' dir='ltr'><strong>Tamen</strong></span> <span class='ocrx_word' id='word_1_311' title='bbox 1737 3680 1812 3735; x_wconf 87' lang='lat' dir='ltr'><strong>illi</strong></span> 
     </span>
    </p>
   </div>
   <div class='ocr_carea' id='block_1_39' title="bbox 235 3769 1813 3841">
    <p class='ocr_par' dir='ltr' id='par_1_39' title="bbox 235 3769 1813 3841">
     <span class='ocr_line' id='line_1_39' title="bbox 235 3769 1813 3841; baseline 0 -14"><span class='ocrx_word' id='word_1_312' title='bbox 235 3790 359 3828; x_wconf 87' lang='lat' dir='ltr'><strong>cum</strong></span> <span class='ocrx_word' id='word_1_313' title='bbox 377 3772 612 3826; x_wconf 85' lang='lat' dir='ltr'><strong>viderent</strong></span> <span class='ocrx_word' id='word_1_314' title='bbox 637 3770 880 3841; x_wconf 79' lang='lat' dir='ltr'><strong>populum</strong></span> <span class='ocrx_word' id='word_1_315' title='bbox 896 3777 1014 3838; x_wconf 91' lang='lat' dir='ltr'><strong>post</strong></span> <span class='ocrx_word' id='word_1_316' title='bbox 1033 3769 1176 3822; x_wconf 91' lang='lat' dir='ltr'><strong>illum</strong></span> <span class='ocrx_word' id='word_1_317' title='bbox 1200 3769 1296 3834; x_wconf 90' lang='lat' dir='ltr'><strong>ire,</strong></span> <span class='ocrx_word' id='word_1_318' title='bbox 1311 3769 1578 3836; x_wconf 73' lang='lat' dir='ltr'><strong>dixerunt,</strong></span> <span class='ocrx_word' id='word_1_319' title='bbox 1600 3771 1813 3837; x_wconf 85' lang='lat' dir='ltr'><strong>Quando</strong></span> 
     </span>
    </p>
   </div>
   <div class='ocr_carea' id='block_1_40' title="bbox 237 3859 1813 3930">
    <p class='ocr_par' dir='ltr' id='par_1_40' title="bbox 237 3859 1813 3930">
     <span class='ocr_line' id='line_1_40' title="bbox 237 3859 1813 3930; baseline 0.001 -15"><span class='ocrx_word' id='word_1_320' title='bbox 237 3864 499 3925; x_wconf 85' lang='lat' dir='ltr'><strong>morietur,</strong></span> <span class='ocrx_word' id='word_1_321' title='bbox 518 3871 563 3913; x_wconf 87' lang='lat' dir='ltr'><strong>et</strong></span> <span class='ocrx_word' id='word_1_322' title='bbox 575 3860 749 3930; x_wconf 85' lang='lat' dir='ltr'><strong>peribit</strong></span> <span class='ocrx_word' id='word_1_323' title='bbox 779 3875 955 3913; x_wconf 86' lang='lat' dir='ltr'><strong>nomen</strong></span> <span class='ocrx_word' id='word_1_324' title='bbox 971 3859 1174 3929; x_wconf 85' lang='lat' dir='ltr'><strong>ejus:id</strong></span> <span class='ocrx_word' id='word_1_325' title='bbox 1199 3866 1299 3924; x_wconf 89' lang='lat' dir='ltr'><strong>est,</strong></span> <span class='ocrx_word' id='word_1_326' title='bbox 1330 3862 1813 3917; x_wconf 82' lang='lat' dir='ltr'><strong>cumoccidcrimus</strong></span> 
     </span>
    </p>
   </div>
   <div class='ocr_carea' id='block_1_41' title="bbox 237 3948 1815 4022">
    <p class='ocr_par' dir='ltr' id='par_1_41' title="bbox 237 3948 1815 4022">
     <span class='ocr_line' id='line_1_41' title="bbox 237 3948 1815 4022; baseline 0 -14"><span class='ocrx_word' id='word_1_327' title='bbox 237 3953 515 4022; x_wconf 82' lang='lat' dir='ltr'><strong>cum,jam</strong></span> <span class='ocrx_word' id='word_1_328' title='bbox 554 3966 744 4005; x_wconf 87' lang='lat' dir='ltr'><strong>nomen</strong></span> <span class='ocrx_word' id='word_1_329' title='bbox 783 3951 899 4020; x_wconf 85' lang='lat' dir='ltr'><strong>ejus</strong></span> <span class='ocrx_word' id='word_1_330' title='bbox 928 3964 1031 4007; x_wconf 89' lang='lat' dir='ltr'><strong>non</strong></span> <span class='ocrx_word' id='word_1_331' title='bbox 1057 3950 1157 4004; x_wconf 90' lang='lat' dir='ltr'><strong>erit</strong></span> <span class='ocrx_word' id='word_1_332' title='bbox 1181 3949 1235 4011; x_wconf 91' lang='lat' dir='ltr'><strong>in</strong></span> <span class='ocrx_word' id='word_1_333' title='bbox 1263 3948 1425 4015; x_wconf 80' lang='lat' dir='ltr'><strong>terra,</strong></span> <span class='ocrx_word' id='word_1_334' title='bbox 1461 3966 1561 4007; x_wconf 88' lang='lat' dir='ltr'><strong>nec</strong></span> <span class='ocrx_word' id='word_1_335' title='bbox 1596 3952 1815 4010; x_wconf 89' lang='lat' dir='ltr'><strong>seducet</strong></span> 
     </span>
    </p>
   </div>
   <div class='ocr_carea' id='block_1_42' title="bbox 238 4032 1815 4116">
    <p class='ocr_par' dir='ltr' id='par_1_42' title="bbox 238 4032 1815 4116">
     <span class='ocr_line' id='line_1_42' title="bbox 238 4032 1815 4116; baseline 0.001 -17"><span class='ocrx_word' id='word_1_336' title='bbox 238 4047 450 4115; x_wconf 86' lang='lat' dir='ltr'><strong>aliquos</strong></span> <span class='ocrx_word' id='word_1_337' title='bbox 470 4032 743 4108; x_wconf 78' lang='lat' dir='ltr'><strong>inortuus;</strong></span> <span class='ocrx_word' id='word_1_338' title='bbox 771 4042 864 4103; x_wconf 88' lang='lat' dir='ltr'><strong>sed</strong></span> <span class='ocrx_word' id='word_1_339' title='bbox 884 4042 993 4112; x_wconf 91' lang='lat' dir='ltr'><strong>ipsa</strong></span> <span class='ocrx_word' id='word_1_340' title='bbox 1011 4041 1126 4112; x_wconf 86' lang='lat' dir='ltr'><strong>ejus</strong></span> <span class='ocrx_word' id='word_1_341' title='bbox 1144 4041 1507 4107; x_wconf 79' lang='lat' dir='ltr'><strong>interiectione</strong></span> <span class='ocrx_word' id='word_1_342' title='bbox 1524 4044 1815 4116; x_wconf 85' lang='lat' dir='ltr'><strong>intelligent</strong></span> 
     </span>
    </p>
   </div>
   <div class='ocr_carea' id='block_1_43' title="bbox 240 4133 1816 4204">
    <p class='ocr_par' dir='ltr' id='par_1_43' title="bbox 240 4133 1816 4204">
     <span class='ocr_line' id='line_1_43' title="bbox 240 4133 1816 4204; baseline 0.003 -16"><span class='ocrx_word' id='word_1_343' title='bbox 240 4137 506 4200; x_wconf 84' lang='lat' dir='ltr'><strong>homines,</strong></span> <span class='ocrx_word' id='word_1_344' title='bbox 535 4133 655 4204; x_wconf 87' lang='lat' dir='ltr'><strong>quia</strong></span> <span class='ocrx_word' id='word_1_345' title='bbox 686 4133 953 4193; x_wconf 85' lang='lat' dir='ltr'><strong>hominem</strong></span> <span class='ocrx_word' id='word_1_346' title='bbox 995 4133 1368 4203; x_wconf 86' lang='lat' dir='ltr'><strong>sequebantur,</strong></span> <span class='ocrx_word' id='word_1_347' title='bbox 1398 4135 1520 4204; x_wconf 90' lang='lat' dir='ltr'><strong>quia</strong></span> <span class='ocrx_word' id='word_1_348' title='bbox 1560 4152 1663 4190; x_wconf 91' lang='lat' dir='ltr'><strong>non</strong></span> <span class='ocrx_word' id='word_1_349' title='bbox 1701 4147 1816 4193; x_wconf 89' lang='lat' dir='ltr'><strong>erat</strong></span> 
     </span>
    </p>
   </div>
   <div class='ocr_carea' id='block_1_44' title="bbox 240 4226 1812 4298">
    <p class='ocr_par' dir='ltr' id='par_1_44' title="bbox 240 4226 1812 4298">
     <span class='ocr_line' id='line_1_44' title="bbox 240 4226 1812 4298; baseline 0.001 -16"><span class='ocrx_word' id='word_1_350' title='bbox 240 4233 289 4284; x_wconf 91' lang='lat' dir='ltr'><strong>in</strong></span> <span class='ocrx_word' id='word_1_351' title='bbox 316 4244 385 4284; x_wconf 92' lang='lat' dir='ltr'><strong>eo</strong></span> <span class='ocrx_word' id='word_1_352' title='bbox 400 4242 525 4298; x_wconf 88' lang='lat' dir='ltr'><strong>spes</strong></span> <span class='ocrx_word' id='word_1_353' title='bbox 551 4228 767 4294; x_wconf 90' lang='lat' dir='ltr'><strong>salutis;</strong></span> <span class='ocrx_word' id='word_1_354' title='bbox 791 4236 845 4283; x_wconf 88' lang='lat' dir='ltr'><strong>et</strong></span> <span class='ocrx_word' id='word_1_355' title='bbox 864 4226 1108 4281; x_wconf 90' lang='lat' dir='ltr'><strong>deserent</strong></span> <span class='ocrx_word' id='word_1_356' title='bbox 1123 4241 1314 4289; x_wconf 88' lang='lat' dir='ltr'><strong>nomen</strong></span> <span class='ocrx_word' id='word_1_357' title='bbox 1331 4226 1465 4297; x_wconf 85' lang='lat' dir='ltr'><strong>ejus,</strong></span> <span class='ocrx_word' id='word_1_358' title='bbox 1493 4237 1546 4282; x_wconf 88' lang='lat' dir='ltr'><strong>et</strong></span> <span class='ocrx_word' id='word_1_359' title='bbox 1565 4245 1667 4285; x_wconf 91' lang='lat' dir='ltr'><strong>non</strong></span> <span class='ocrx_word' id='word_1_360' title='bbox 1692 4231 1812 4286; x_wconf 90' lang='lat' dir='ltr'><strong>erit.</strong></span> 
     </span>
    </p>
   </div>
   <div class='ocr_carea' id='block_1_45' title="bbox 236 4321 1813 4392">
    <p class='ocr_par' dir='ltr' id='par_1_45' title="bbox 236 4321 1813 4392">
     <span class='ocr_line' id='line_1_45' title="bbox 236 4321 1813 4392; baseline 0.001 -14"><span class='ocrx_word' id='word_1_361' title='bbox 236 4325 476 4379; x_wconf 77' lang='lat' dir='ltr'><strong>Mortuus</strong></span> <span class='ocrx_word' id='word_1_362' title='bbox 491 4331 601 4389; x_wconf 89' lang='lat' dir='ltr'><strong>est;</strong></span> <span class='ocrx_word' id='word_1_363' title='bbox 623 4332 675 4377; x_wconf 90' lang='lat' dir='ltr'><strong>et</strong></span> <span class='ocrx_word' id='word_1_364' title='bbox 692 4338 796 4377; x_wconf 88' lang='lat' dir='ltr'><strong>non</strong></span> <span class='ocrx_word' id='word_1_365' title='bbox 824 4321 979 4392; x_wconf 88' lang='lat' dir='ltr'><strong>periit</strong></span> <span class='ocrx_word' id='word_1_366' title='bbox 1002 4336 1195 4387; x_wconf 87' lang='lat' dir='ltr'><strong>nomen</strong></span> <span class='ocrx_word' id='word_1_367' title='bbox 1218 4321 1353 4391; x_wconf 84' lang='lat' dir='ltr'><strong>ejus,</strong></span> <span class='ocrx_word' id='word_1_368' title='bbox 1384 4322 1477 4379; x_wconf 90' lang='lat' dir='ltr'><strong>sed</strong></span> <span class='ocrx_word' id='word_1_369' title='bbox 1499 4323 1813 4383; x_wconf 87' lang='lat' dir='ltr'><strong>seminatum</strong></span> 
     </span>
    </p>
   </div>
   <div class='ocr_carea' id='block_1_46' title="bbox 235 4414 1815 4489">
    <p class='ocr_par' dir='ltr' id='par_1_46' title="bbox 235 4414 1815 4489">
     <span class='ocr_line' id='line_1_46' title="bbox 235 4414 1815 4489; baseline 0 -17"><span class='ocrx_word' id='word_1_370' title='bbox 235 4429 315 4472; x_wconf 86' lang='lat' dir='ltr'><strong>est</strong></span> <span class='ocrx_word' id='word_1_371' title='bbox 355 4431 548 4471; x_wconf 89' lang='lat' dir='ltr'><strong>nomen</strong></span> <span class='ocrx_word' id='word_1_372' title='bbox 579 4416 694 4486; x_wconf 89' lang='lat' dir='ltr'><strong>ejus</strong></span> <span class='ocrx_word' id='word_1_373' title='bbox 733 4424 1014 4469; x_wconf 91' lang='lat' dir='ltr'><strong>:mortuus</strong></span> <span class='ocrx_word' id='word_1_374' title='bbox 1041 4424 1154 4477; x_wconf 87' lang='lat' dir='ltr'><strong>est:</strong></span> <span class='ocrx_word' id='word_1_375' title='bbox 1185 4414 1279 4470; x_wconf 88' lang='lat' dir='ltr'><strong>sed</strong></span> <span class='ocrx_word' id='word_1_376' title='bbox 1317 4429 1537 4486; x_wconf 78' lang='lat' dir='ltr'><strong>granum</strong></span> <span class='ocrx_word' id='word_1_377' title='bbox 1562 4416 1673 4482; x_wconf 80' lang='lat' dir='ltr'><strong>fuit,</strong></span> <span class='ocrx_word' id='word_1_378' title='bbox 1709 4433 1815 4489; x_wconf 86' lang='lat' dir='ltr'><strong>quo</strong></span> 
     </span>
    </p>
   </div>
   <div class='ocr_carea' id='block_1_47' title="bbox 237 4505 1812 4582">
    <p class='ocr_par' dir='ltr' id='par_1_47' title="bbox 237 4505 1812 4582">
     <span class='ocr_line' id='line_1_47' title="bbox 237 4505 1812 4582; baseline 0 -21"><span class='ocrx_word' id='word_1_379' title='bbox 237 4508 559 4562; x_wconf 79' lang='lat' dir='ltr'><strong>mortiﬁcata</strong></span> <span class='ocrx_word' id='word_1_380' title='bbox 586 4521 740 4577; x_wconf 81' lang='lat' dir='ltr'><strong>seges</strong></span> <span class='ocrx_word' id='word_1_381' title='bbox 765 4506 1016 4561; x_wconf 91' lang='lat' dir='ltr'><strong>continuo</strong></span> <span class='ocrx_word' id='word_1_382' title='bbox 1073 4516 1382 4576; x_wconf 78' lang='lat' dir='ltr'><strong>exsurgeret</strong></span> <span class='ocrx_word' id='word_1_383' title='bbox 1419 4505 1439 4579; x_wconf 90' lang='lat'>(</span> <span class='ocrx_word' id='word_1_384' title='bbox 1471 4505 1555 4582; x_wconf 51' lang='lat' dir='ltr'><strong>Id:</strong></span> <span class='ocrx_word' id='word_1_385' title='bbox 1583 4523 1674 4572; x_wconf 75' lang='lat' dir='ltr'><strong>xu,</strong></span> <span class='ocrx_word' id='word_1_386' title='bbox 1697 4507 1812 4580; x_wconf 68' lang='lat'><strong>25).</strong></span> 
     </span>
    </p>
   </div>
   <div class='ocr_carea' id='block_1_48' title="bbox 235 4593 1815 4671">
    <p class='ocr_par' dir='ltr' id='par_1_48' title="bbox 235 4593 1815 4671">
     <span class='ocr_line' id='line_1_48' title="bbox 235 4593 1815 4671; baseline -0.001 -14"><span class='ocrx_word' id='word_1_387' title='bbox 235 4599 548 4663; x_wconf 83' lang='lat' dir='ltr'><strong>Gloriﬁcato</strong></span> <span class='ocrx_word' id='word_1_388' title='bbox 571 4614 700 4670; x_wconf 77' lang='lat' dir='ltr'><strong>ergo</strong></span> <span class='ocrx_word' id='word_1_389' title='bbox 738 4598 961 4654; x_wconf 83' lang='lat' dir='ltr'><strong>Domino</strong></span> <span class='ocrx_word' id='word_1_390' title='bbox 999 4608 1182 4656; x_wconf 89' lang='lat' dir='ltr'><strong>nostro</strong></span> <span class='ocrx_word' id='word_1_391' title='bbox 1210 4593 1339 4655; x_wconf 82' lang='lat' dir='ltr'><strong>Jcsu</strong></span> <span class='ocrx_word' id='word_1_392' title='bbox 1367 4599 1606 4667; x_wconf 87' lang='lat' dir='ltr'><strong>Christo,</strong></span> <span class='ocrx_word' id='word_1_393' title='bbox 1634 4616 1815 4671; x_wconf 68' lang='lat' dir='ltr'><strong>caepe-</strong></span> 
     </span>
    </p>
   </div>
   <div class='ocr_carea' id='block_1_49' title="bbox 235 4692 1815 4764">
    <p class='ocr_par' dir='ltr' id='par_1_49' title="bbox 235 4692 1815 4764">
     <span class='ocr_line' id='line_1_49' title="bbox 235 4692 1815 4764; baseline 0.001 -19"><span class='ocrx_word' id='word_1_394' title='bbox 235 4702 366 4747; x_wconf 87' lang='lat' dir='ltr'><strong>runt</strong></span> <span class='ocrx_word' id='word_1_395' title='bbox 406 4692 573 4748; x_wconf 88' lang='lat' dir='ltr'><strong>multo</strong></span> <span class='ocrx_word' id='word_1_396' title='bbox 614 4693 782 4764; x_wconf 81' lang='lat' dir='ltr'><strong>magis</strong></span> <span class='ocrx_word' id='word_1_397' title='bbox 822 4693 1090 4764; x_wconf 85' lang='lat' dir='ltr'><strong>multoque</strong></span> <span class='ocrx_word' id='word_1_398' title='bbox 1133 4692 1468 4749; x_wconf 87' lang='lat' dir='ltr'><strong>numerosius</strong></span> <span class='ocrx_word' id='word_1_399' title='bbox 1503 4695 1725 4750; x_wconf 84' lang='lat' dir='ltr'><strong>credere</strong></span> <span class='ocrx_word' id='word_1_400' title='bbox 1763 4694 1815 4748; x_wconf 91' lang='lat' dir='ltr'><strong>in</strong></span> 
     </span>
    </p>
   </div>
   <div class='ocr_carea' id='block_1_50' title="bbox 235 4768 1818 4854">
    <p class='ocr_par' dir='ltr' id='par_1_50' title="bbox 235 4768 1818 4854">
     <span class='ocr_line' id='line_1_50' title="bbox 235 4768 1818 4854; baseline 0.003 -18"><span class='ocrx_word' id='word_1_401' title='bbox 235 4785 425 4848; x_wconf 88' lang='lat' dir='ltr'><strong>illum;</strong></span> <span class='ocrx_word' id='word_1_402' title='bbox 456 4792 509 4838; x_wconf 90' lang='lat' dir='ltr'><strong>et</strong></span> <span class='ocrx_word' id='word_1_403' title='bbox 537 4793 812 4853; x_wconf 67' lang='lat' dir='ltr'><strong>coeperunt</strong></span> <span class='ocrx_word' id='word_1_404' title='bbox 853 4768 1089 4840; x_wconf 85' lang='lat' dir='ltr'><strong>membra</strong></span> <span class='ocrx_word' id='word_1_405' title='bbox 1128 4782 1243 4853; x_wconf 89' lang='lat' dir='ltr'><strong>ejus</strong></span> <span class='ocrx_word' id='word_1_406' title='bbox 1279 4782 1464 4838; x_wconf 88' lang='lat' dir='ltr'><strong>audire</strong></span> <span class='ocrx_word' id='word_1_407' title='bbox 1492 4782 1630 4853; x_wconf 78' lang='lat' dir='ltr'><strong>quod</strong></span> <span class='ocrx_word' id='word_1_408' title='bbox 1660 4794 1818 4854; x_wconf 83' lang='lat' dir='ltr'><strong>caput</strong></span> 
     </span>
    </p>
   </div>
   <div class='ocr_carea' id='block_1_51' title="bbox 230 4871 1816 4947">
    <p class='ocr_par' dir='ltr' id='par_1_51' title="bbox 230 4871 1816 4947">
     <span class='ocr_line' id='line_1_51' title="bbox 230 4871 1816 4947; baseline 0.001 -19"><span class='ocrx_word' id='word_1_409' title='bbox 230 4873 508 4928; x_wconf 84' lang='lat' dir='ltr'><strong>audiebat.</strong></span> <span class='ocrx_word' id='word_1_410' title='bbox 547 4873 662 4929; x_wconf 84' lang='lat' dir='ltr'><strong>Jam</strong></span> <span class='ocrx_word' id='word_1_411' title='bbox 704 4888 831 4947; x_wconf 75' lang='lat' dir='ltr'><strong>ergo</strong></span> <span class='ocrx_word' id='word_1_412' title='bbox 874 4874 1101 4932; x_wconf 90' lang='lat' dir='ltr'><strong>Domino</strong></span> <span class='ocrx_word' id='word_1_413' title='bbox 1141 4883 1322 4931; x_wconf 91' lang='lat' dir='ltr'><strong>nostro</strong></span> <span class='ocrx_word' id='word_1_414' title='bbox 1359 4871 1485 4927; x_wconf 85' lang='lat' dir='ltr'><strong>Jesu</strong></span> <span class='ocrx_word' id='word_1_415' title='bbox 1521 4872 1731 4928; x_wconf 87' lang='lat' dir='ltr'><strong>Christo</strong></span> <span class='ocrx_word' id='word_1_416' title='bbox 1763 4875 1816 4929; x_wconf 89' lang='lat' dir='ltr'><strong>in</strong></span> 
     </span>
    </p>
   </div>
   <div class='ocr_carea' id='block_1_52' title="bbox 230 4964 1828 5034">
    <p class='ocr_par' dir='ltr' id='par_1_52' title="bbox 230 4964 1828 5034">
     <span class='ocr_line' id='line_1_52' title="bbox 230 4964 1828 5034; baseline 0.001 -17"><span class='ocrx_word' id='word_1_417' title='bbox 230 4965 380 5020; x_wconf 69' lang='lat' dir='ltr'><strong>uelo</strong></span> <span class='ocrx_word' id='word_1_418' title='bbox 408 4965 724 5029; x_wconf 86' lang='lat' dir='ltr'><strong>constituto,</strong></span> <span class='ocrx_word' id='word_1_419' title='bbox 756 4974 811 5021; x_wconf 91' lang='lat' dir='ltr'><strong>et</strong></span> <span class='ocrx_word' id='word_1_420' title='bbox 843 4966 959 5034; x_wconf 91' lang='lat' dir='ltr'><strong>ipso</strong></span> <span class='ocrx_word' id='word_1_421' title='bbox 988 4966 1040 5019; x_wconf 93' lang='lat' dir='ltr'><strong>in</strong></span> <span class='ocrx_word' id='word_1_422' title='bbox 1079 4964 1233 5018; x_wconf 88' lang='lat' dir='ltr'><strong>nobis</strong></span> <span class='ocrx_word' id='word_1_423' title='bbox 1261 4964 1313 5018; x_wconf 93' lang='lat' dir='ltr'><strong>in</strong></span> <span class='ocrx_word' id='word_1_424' title='bbox 1342 4973 1479 5019; x_wconf 89' lang='lat' dir='ltr'><strong>terra</strong></span> <span class='ocrx_word' id='word_1_425' title='bbox 1510 4964 1780 5019; x_wconf 88' lang='lat' dir='ltr'><strong>laborante</strong></span> <span class='ocrx_word' id='word_1_426' title='bbox 1800 5006 1828 5029; x_wconf 51' lang='grc'>,,</span> 
     </span>
    </p>
   </div>
   <div class='ocr_carea' id='block_1_53' title="bbox 229 5053 1820 5126">
    <p class='ocr_par' dir='ltr' id='par_1_53' title="bbox 229 5053 1820 5126">
     <span class='ocr_line' id='line_1_53' title="bbox 229 5053 1820 5126; baseline 0.001 -19"><span class='ocrx_word' id='word_1_427' title='bbox 229 5055 489 5108; x_wconf 70' lang='lat' dir='ltr'><strong>dixerunt</strong></span> <span class='ocrx_word' id='word_1_428' title='bbox 515 5053 686 5110; x_wconf 87' lang='lat' dir='ltr'><strong>adhuc</strong></span> <span class='ocrx_word' id='word_1_429' title='bbox 716 5054 911 5109; x_wconf 79' lang='lat' dir='ltr'><strong>inimici</strong></span> <span class='ocrx_word' id='word_1_430' title='bbox 940 5054 1054 5125; x_wconf 90' lang='lat' dir='ltr'><strong>ejus</strong></span> <span class='ocrx_word' id='word_1_431' title='bbox 1080 5071 1093 5107; x_wconf 92' lang='lat'><strong>:</strong></span> <span class='ocrx_word' id='word_1_432' title='bbox 1127 5053 1341 5122; x_wconf 85' lang='lat' dir='ltr'><strong>Quando</strong></span> <span class='ocrx_word' id='word_1_433' title='bbox 1370 5055 1627 5119; x_wconf 88' lang='lat' dir='ltr'><strong>morietur,</strong></span> <span class='ocrx_word' id='word_1_434' title='bbox 1645 5064 1690 5108; x_wconf 89' lang='lat' dir='ltr'><strong>et</strong></span> <span class='ocrx_word' id='word_1_435' title='bbox 1706 5072 1820 5126; x_wconf 81' lang='lat' dir='ltr'><strong>per-</strong></span> 
     </span>
    </p>
   </div>
   <div class='ocr_carea' id='block_1_54' title="bbox 223 5144 1816 5215">
    <p class='ocr_par' dir='ltr' id='par_1_54' title="bbox 223 5144 1816 5215">
     <span class='ocr_line' id='line_1_54' title="bbox 223 5144 1816 5215; baseline 0.002 -17"><span class='ocrx_word' id='word_1_436' title='bbox 223 5145 328 5198; x_wconf 84' lang='lat' dir='ltr'><strong>ibit</strong></span> <span class='ocrx_word' id='word_1_437' title='bbox 379 5160 560 5198; x_wconf 82' lang='lat' dir='ltr'><strong>nomen</strong></span> <span class='ocrx_word' id='word_1_438' title='bbox 588 5146 718 5213; x_wconf 78' lang='lat' dir='ltr'><strong>eius.</strong></span> <span class='ocrx_word' id='word_1_439' title='bbox 746 5145 880 5203; x_wconf 78' lang='lat' dir='ltr'><strong>Hinc</strong></span> <span class='ocrx_word' id='word_1_440' title='bbox 904 5145 1045 5200; x_wconf 91' lang='lat' dir='ltr'><strong>enim</strong></span> <span class='ocrx_word' id='word_1_441' title='bbox 1076 5144 1470 5215; x_wconf 88' lang='lat' dir='ltr'><strong>persecutiones</strong></span> <span class='ocrx_word' id='word_1_442' title='bbox 1496 5144 1737 5200; x_wconf 84' lang='lat' dir='ltr'><strong>diabolus</strong></span> <span class='ocrx_word' id='word_1_443' title='bbox 1766 5147 1816 5201; x_wconf 91' lang='lat' dir='ltr'><strong>in</strong></span> 
     </span>
    </p>
   </div>
   <div class='ocr_carea' id='block_1_55' title="bbox 231 5234 1817 5305">
    <p class='ocr_par' dir='ltr' id='par_1_55' title="bbox 231 5234 1817 5305">
     <span class='ocr_line' id='line_1_55' title="bbox 231 5234 1817 5305; baseline 0 -14"><span class='ocrx_word' id='word_1_444' title='bbox 231 5234 480 5291; x_wconf 81' lang='lat' dir='ltr'><strong>Ecclesia</strong></span> <span class='ocrx_word' id='word_1_445' title='bbox 502 5236 785 5291; x_wconf 86' lang='lat' dir='ltr'><strong>concitavit</strong></span> <span class='ocrx_word' id='word_1_446' title='bbox 806 5235 870 5289; x_wconf 90' lang='lat' dir='ltr'><strong>ad</strong></span> <span class='ocrx_word' id='word_1_447' title='bbox 898 5234 1223 5305; x_wconf 90' lang='lat' dir='ltr'><strong>perdendum</strong></span> <span class='ocrx_word' id='word_1_448' title='bbox 1251 5250 1443 5290; x_wconf 88' lang='lat' dir='ltr'><strong>nomen</strong></span> <span class='ocrx_word' id='word_1_449' title='bbox 1467 5234 1682 5291; x_wconf 88' lang='lat' dir='ltr'><strong>Christi.</strong></span> <span class='ocrx_word' id='word_1_450' title='bbox 1707 5237 1817 5291; x_wconf 86' lang='lat' dir='ltr'><strong>Nisi</strong></span> 
     </span>
    </p>
   </div>
   <div class='ocr_carea' id='block_1_56' title="bbox 226 5326 1816 5397">
    <p class='ocr_par' dir='ltr' id='par_1_56' title="bbox 226 5326 1816 5397">
     <span class='ocr_line' id='line_1_56' title="bbox 226 5326 1816 5397; baseline 0 -14"><span class='ocrx_word' id='word_1_451' title='bbox 226 5327 380 5383; x_wconf 69' lang='lat' dir='ltr'><strong>forte</strong></span> <span class='ocrx_word' id='word_1_452' title='bbox 408 5327 629 5396; x_wconf 86' lang='lat' dir='ltr'><strong>putatis,</strong></span> <span class='ocrx_word' id='word_1_453' title='bbox 658 5327 887 5392; x_wconf 76' lang='lat' dir='ltr'><strong>fratres,</strong></span> <span class='ocrx_word' id='word_1_454' title='bbox 913 5326 1033 5396; x_wconf 90' lang='lat' dir='ltr'><strong>quia</strong></span> <span class='ocrx_word' id='word_1_455' title='bbox 1063 5326 1131 5379; x_wconf 85' lang='lat' dir='ltr'><strong>illi</strong></span> <span class='ocrx_word' id='word_1_456' title='bbox 1162 5326 1355 5396; x_wconf 79' lang='lat' dir='ltr'><strong>Pagani</strong></span> <span class='ocrx_word' id='word_1_457' title='bbox 1384 5326 1598 5397; x_wconf 89' lang='lat' dir='ltr'><strong>quando</strong></span> <span class='ocrx_word' id='word_1_458' title='bbox 1624 5327 1816 5383; x_wconf 72' lang='lat' dir='ltr'><strong>sazvie-</strong></span> 
     </span>
    </p>
   </div>
   <div class='ocr_carea' id='block_1_57' title="bbox 224 5418 1816 5487">
    <p class='ocr_par' dir='ltr' id='par_1_57' title="bbox 224 5418 1816 5487">
     <span class='ocr_line' id='line_1_57' title="bbox 224 5418 1816 5487; baseline -0.001 -10"><span class='ocrx_word' id='word_1_459' title='bbox 224 5423 369 5477; x_wconf 80' lang='lat' dir='ltr'><strong>bant</strong></span> <span class='ocrx_word' id='word_1_460' title='bbox 412 5420 464 5475; x_wconf 86' lang='lat' dir='ltr'><strong>in</strong></span> <span class='ocrx_word' id='word_1_461' title='bbox 505 5419 869 5480; x_wconf 84' lang='lat' dir='ltr'><strong>Christianos,</strong></span> <span class='ocrx_word' id='word_1_462' title='bbox 900 5434 1005 5472; x_wconf 88' lang='lat' dir='ltr'><strong>non</strong></span> <span class='ocrx_word' id='word_1_463' title='bbox 1048 5418 1146 5473; x_wconf 90' lang='lat' dir='ltr'><strong>hoc</strong></span> <span class='ocrx_word' id='word_1_464' title='bbox 1188 5419 1287 5474; x_wconf 88' lang='lat' dir='ltr'><strong>sibi</strong></span> <span class='ocrx_word' id='word_1_465' title='bbox 1325 5419 1606 5487; x_wconf 86' lang='lat' dir='ltr'><strong>dicebant,</strong></span> <span class='ocrx_word' id='word_1_466' title='bbox 1635 5419 1816 5476; x_wconf 86' lang='lat' dir='ltr'><strong>delere</strong></span> 
     </span>
    </p>
   </div>
   <div class='ocr_carea' id='block_1_58' title="bbox 302 5590 1816 5659">
    <p class='ocr_par' dir='ltr' id='par_1_58' title="bbox 302 5590 1816 5659">
     <span class='ocr_line' id='line_1_58' title="bbox 302 5590 1816 5659; baseline 0.003 -20"><span class='ocrx_word' id='word_1_467' title='bbox 302 5595 322 5625; x_wconf 75' lang='grc' dir='ltr'>ι</span> <span class='ocrx_word' id='word_1_468' title='bbox 348 5590 400 5641; x_wconf 86' lang='lat' dir='ltr'><strong>in</strong></span> <span class='ocrx_word' id='word_1_469' title='bbox 426 5600 527 5641; x_wconf 74' lang='lat' dir='ltr'><strong>Mss.</strong></span> <span class='ocrx_word' id='word_1_470' title='bbox 550 5593 695 5642; x_wconf 90' lang='lat' dir='ltr'><strong>deest</strong></span> <span class='ocrx_word' id='word_1_471' title='bbox 715 5605 809 5643; x_wconf 78' lang='lat' dir='ltr'><strong>vox</strong></span> <span class='ocrx_word' id='word_1_472' title='bbox 852 5604 935 5641; x_wconf 89' lang='lat' dir='ltr'><strong>ore</strong></span> <span class='ocrx_word' id='word_1_473' title='bbox 962 5603 981 5641; x_wconf 88' lang='lat'><strong><em>:</em></strong></span> <span class='ocrx_word' id='word_1_474' title='bbox 1005 5597 1059 5642; x_wconf 87' lang='lat' dir='ltr'><strong>ut</strong></span> <span class='ocrx_word' id='word_1_475' title='bbox 1087 5593 1199 5655; x_wconf 86' lang='lat' dir='ltr'><strong>ejus</strong></span> <span class='ocrx_word' id='word_1_476' title='bbox 1219 5590 1323 5643; x_wconf 90' lang='lat' dir='ltr'><strong>loco</strong></span> <span class='ocrx_word' id='word_1_477' title='bbox 1340 5593 1679 5657; x_wconf 80' lang='lat' dir='ltr'><strong>subaudiatur,</strong></span> <span class='ocrx_word' id='word_1_478' title='bbox 1708 5607 1816 5659; x_wconf 84' lang='lat' dir='ltr'><strong>per-</strong></span> 
     </span>
    </p>
   </div>
   <div class='ocr_carea' id='block_1_59' title="bbox 229 5665 990 5780">
    <p class='ocr_par' dir='ltr' id='par_1_59' title="bbox 229 5665 990 5780">
     <span class='ocr_line' id='line_1_59' title="bbox 229 5665 990 5780; baseline 0.005 -18"><span class='ocrx_word' id='word_1_479' title='bbox 229 5665 441 5765; x_wconf 58' lang='lat' dir='ltr'><strong>‘m-asex</strong></span> <span class='ocrx_word' id='word_1_480' title='bbox 461 5721 589 5775; x_wconf 61' lang='lat' dir='ltr'><strong>Mss,</strong></span> <span class='ocrx_word' id='word_1_481' title='bbox 612 5712 990 5780; x_wconf 69' lang='lat' dir='ltr'><strong>prmfzttgentem.</strong></span> 
     </span>
    </p>
   </div>
   <div class='ocr_carea' id='block_1_60' title="bbox 1340 280 2395 363">
    <p class='ocr_par' dir='ltr' id='par_1_60' title="bbox 1340 280 2395 363">
     <span class='ocr_line' id='line_1_60' title="bbox 1340 280 2395 363; baseline -0.004 -22"><span class='ocrx_word' id='word_1_482' title='bbox 1340 282 1726 341; x_wconf 71' lang='lat' dir='ltr'><strong>ENARRATIO</strong></span> <span class='ocrx_word' id='word_1_483' title='bbox 1766 280 1828 336; x_wconf 78' lang='grc' dir='ltr'><strong>ΙΝ</strong></span> <span class='ocrx_word' id='word_1_484' title='bbox 1867 281 2187 341; x_wconf 72' lang='lat' dir='ltr'><strong>PSALMUM</strong></span> <span class='ocrx_word' id='word_1_485' title='bbox 2219 283 2327 338; x_wconf 83' lang='lat' dir='ltr'><strong>XL.</strong></span> <span class='ocrx_word' id='word_1_486' title='bbox 2394 358 2395 363; x_wconf 9' lang='grc' dir='ltr'>γ</span> 
     </span>
    </p>
   </div>
   <div class='ocr_carea' id='block_1_61' title="bbox 3395 288 3500 346">
    <p class='ocr_par' dir='ltr' id='par_1_61' title="bbox 3395 288 3500 346">
     <span class='ocr_line' id='line_1_61' title="bbox 3395 288 3500 346; baseline 0.01 -1"><span class='ocrx_word' id='word_1_487' title='bbox 3395 288 3500 346; x_wconf 67' lang='grc'><strong>458</strong></span> 
     </span>
    </p>
   </div>
   <div class='ocr_carea' id='block_1_62' title="bbox 1935 396 3503 458">
    <p class='ocr_par' dir='ltr' id='par_1_62' title="bbox 1935 396 3503 458">
     <span class='ocr_line' id='line_1_62' title="bbox 1935 396 3503 458; baseline 0.006 -9"><span class='ocrx_word' id='word_1_488' title='bbox 1935 410 2125 451; x_wconf 88' lang='lat' dir='ltr'><strong>nomen</strong></span> <span class='ocrx_word' id='word_1_489' title='bbox 2150 396 2343 451; x_wconf 80' lang='lat' dir='ltr'><strong>Christi</strong></span> <span class='ocrx_word' id='word_1_490' title='bbox 2364 396 2430 450; x_wconf 89' lang='lat' dir='ltr'><strong>de</strong></span> <span class='ocrx_word' id='word_1_491' title='bbox 2453 404 2611 451; x_wconf 89' lang='lat' dir='ltr'><strong>terra.</strong></span> <span class='ocrx_word' id='word_1_492' title='bbox 2638 397 2708 454; x_wconf 89' lang='lat' dir='ltr'><strong>Ut</strong></span> <span class='ocrx_word' id='word_1_493' title='bbox 2729 406 3025 454; x_wconf 88' lang='lat' dir='ltr'><strong>moreretur</strong></span> <span class='ocrx_word' id='word_1_494' title='bbox 3047 400 3234 455; x_wconf 86' lang='lat' dir='ltr'><strong>iterum</strong></span> <span class='ocrx_word' id='word_1_495' title='bbox 3258 399 3503 458; x_wconf 77' lang='lat' dir='ltr'><strong>Christus</strong></span> 
     </span>
    </p>
   </div>
   <div class='ocr_carea' id='block_1_63' title="bbox 1930 486 3499 558">
    <p class='ocr_par' dir='ltr' id='par_1_63' title="bbox 1930 486 3499 558">
     <span class='ocr_line' id='line_1_63' title="bbox 1930 486 3499 558; baseline 0.004 -18"><span class='ocrx_word' id='word_1_496' title='bbox 1930 502 2035 541; x_wconf 90' lang='lat' dir='ltr'><strong>non</strong></span> <span class='ocrx_word' id='word_1_497' title='bbox 2063 489 2114 541; x_wconf 93' lang='lat' dir='ltr'><strong>in</strong></span> <span class='ocrx_word' id='word_1_498' title='bbox 2143 489 2332 557; x_wconf 89' lang='lat' dir='ltr'><strong>capite,</strong></span> <span class='ocrx_word' id='word_1_499' title='bbox 2360 486 2453 541; x_wconf 91' lang='lat' dir='ltr'><strong>sed</strong></span> <span class='ocrx_word' id='word_1_500' title='bbox 2480 488 2530 540; x_wconf 90' lang='lat' dir='ltr'><strong>in</strong></span> <span class='ocrx_word' id='word_1_501' title='bbox 2556 502 2777 558; x_wconf 89' lang='lat' dir='ltr'><strong>corpore</strong></span> <span class='ocrx_word' id='word_1_502' title='bbox 2801 503 2919 556; x_wconf 91' lang='lat' dir='ltr'><strong>suo,</strong></span> <span class='ocrx_word' id='word_1_503' title='bbox 2947 490 3105 547; x_wconf 87' lang='lat' dir='ltr'><strong>occisi</strong></span> <span class='ocrx_word' id='word_1_504' title='bbox 3131 500 3252 546; x_wconf 90' lang='lat' dir='ltr'><strong>sunt</strong></span> <span class='ocrx_word' id='word_1_505' title='bbox 3276 502 3330 547; x_wconf 88' lang='lat' dir='ltr'><strong>et</strong></span> <span class='ocrx_word' id='word_1_506' title='bbox 3357 506 3499 547; x_wconf 88' lang='lat' dir='ltr'><strong>mar-</strong></span> 
     </span>
    </p>
   </div>
   <div class='ocr_carea' id='block_1_64' title="bbox 1933 577 3500 648">
    <p class='ocr_par' dir='ltr' id='par_1_64' title="bbox 1933 577 3500 648">
     <span class='ocr_line' id='line_1_64' title="bbox 1933 577 3500 648; baseline 0.005 -19"><span class='ocrx_word' id='word_1_507' title='bbox 1933 587 2091 648; x_wconf 83' lang='lat' dir='ltr'><strong>tyres.</strong></span> <span class='ocrx_word' id='word_1_508' title='bbox 2140 578 2217 630; x_wconf 83' lang='lat' dir='ltr'><strong>Ad</strong></span> <span class='ocrx_word' id='word_1_509' title='bbox 2263 577 2711 646; x_wconf 86' lang='lat' dir='ltr'><strong>multiplicandam</strong></span> <span class='ocrx_word' id='word_1_510' title='bbox 2754 579 3044 635; x_wconf 88' lang='lat' dir='ltr'><strong>Ecclesiam</strong></span> <span class='ocrx_word' id='word_1_511' title='bbox 3083 580 3245 639; x_wconf 87' lang='lat' dir='ltr'><strong>valuit</strong></span> <span class='ocrx_word' id='word_1_512' title='bbox 3286 591 3500 637; x_wconf 83' lang='lat' dir='ltr'><strong>sanctus</strong></span> 
     </span>
    </p>
   </div>
   <div class='ocr_carea' id='block_1_65' title="bbox 1927 666 3504 736">
    <p class='ocr_par' dir='ltr' id='par_1_65' title="bbox 1927 666 3504 736">
     <span class='ocr_line' id='line_1_65' title="bbox 1927 666 3504 736; baseline 0.005 -17"><span class='ocrx_word' id='word_1_513' title='bbox 1927 669 2139 736; x_wconf 79' lang='lat' dir='ltr'><strong>sanguis</strong></span> <span class='ocrx_word' id='word_1_514' title='bbox 2176 666 2406 731; x_wconf 75' lang='lat' dir='ltr'><strong>effusus,</strong></span> <span class='ocrx_word' id='word_1_515' title='bbox 2439 667 2772 723; x_wconf 81' lang='lat' dir='ltr'><strong>seminationi</strong></span> <span class='ocrx_word' id='word_1_516' title='bbox 2797 669 2813 700; x_wconf 69' lang='grc' dir='ltr'>ί</span> <span class='ocrx_word' id='word_1_517' title='bbox 2851 670 3071 725; x_wconf 87' lang='lat' dir='ltr'><strong>accessit</strong></span> <span class='ocrx_word' id='word_1_518' title='bbox 3102 678 3156 727; x_wconf 85' lang='lat' dir='ltr'><strong>et</strong></span> <span class='ocrx_word' id='word_1_519' title='bbox 3188 685 3333 726; x_wconf 86' lang='lat' dir='ltr'><strong>mors</strong></span> <span class='ocrx_word' id='word_1_520' title='bbox 3358 687 3504 727; x_wconf 77' lang='lat' dir='ltr'><strong>mar-</strong></span> 
     </span>
    </p>
   </div>
   <div class='ocr_carea' id='block_1_66' title="bbox 1930 748 3496 831">
    <p class='ocr_par' dir='ltr' id='par_1_66' title="bbox 1930 748 3496 831">
     <span class='ocr_line' id='line_1_66' title="bbox 1930 748 3496 831; baseline 0.004 -19"><span class='ocrx_word' id='word_1_521' title='bbox 1930 767 2122 830; x_wconf 87' lang='lat' dir='ltr'><strong>tyrum.</strong></span> <span class='ocrx_word' id='word_1_522' title='bbox 2156 748 2389 813; x_wconf 73' lang='lat' dir='ltr'><strong>Pretiosa</strong></span> <span class='ocrx_word' id='word_1_523' title='bbox 2422 759 2472 813; x_wconf 90' lang='lat' dir='ltr'><strong>in</strong></span> <span class='ocrx_word' id='word_1_524' title='bbox 2506 767 2795 827; x_wconf 81' lang='lat' dir='ltr'><strong>conspectu</strong></span> <span class='ocrx_word' id='word_1_525' title='bbox 2826 760 3029 816; x_wconf 89' lang='lat' dir='ltr'><strong>Domini</strong></span> <span class='ocrx_word' id='word_1_526' title='bbox 3058 776 3204 818; x_wconf 87' lang='lat' dir='ltr'><strong>mors</strong></span> <span class='ocrx_word' id='word_1_527' title='bbox 3232 762 3496 831; x_wconf 82' lang='lat' dir='ltr'><strong>justorum</strong></span> 
     </span>
    </p>
   </div>
   <div class='ocr_carea' id='block_1_67' title="bbox 1927 849 3496 926">
    <p class='ocr_par' dir='ltr' id='par_1_67' title="bbox 1927 849 3496 926">
     <span class='ocr_line' id='line_1_67' title="bbox 1927 849 3496 926; baseline 0.004 -22"><span class='ocrx_word' id='word_1_528' title='bbox 1927 851 2040 919; x_wconf 81' lang='lat' dir='ltr'><strong>ejus</strong></span> <span class='ocrx_word' id='word_1_529' title='bbox 2071 849 2246 919; x_wconf 80' lang='lat' dir='ltr'><strong>(Psal.</strong></span> <span class='ocrx_word' id='word_1_530' title='bbox 2282 866 2403 917; x_wconf 79' lang='lat' dir='ltr'><strong>cxv,</strong></span> <span class='ocrx_word' id='word_1_531' title='bbox 2435 849 2559 923; x_wconf 70' lang='lat'><strong>15).</strong></span> <span class='ocrx_word' id='word_1_532' title='bbox 2599 850 2926 921; x_wconf 77' lang='lat' dir='ltr'><strong>Multiplicati</strong></span> <span class='ocrx_word' id='word_1_533' title='bbox 2955 862 3078 908; x_wconf 90' lang='lat' dir='ltr'><strong>sunt</strong></span> <span class='ocrx_word' id='word_1_534' title='bbox 3105 855 3272 925; x_wconf 70' lang='lat' dir='ltr'><strong>magis</strong></span> <span class='ocrx_word' id='word_1_535' title='bbox 3301 856 3496 926; x_wconf 72' lang='lat' dir='ltr'><strong>magis—</strong></span> 
     </span>
    </p>
   </div>
   <div class='ocr_carea' id='block_1_68' title="bbox 1924 939 3496 1013">
    <p class='ocr_par' dir='ltr' id='par_1_68' title="bbox 1924 939 3496 1013">
     <span class='ocr_line' id='line_1_68' title="bbox 1924 939 3496 1013; baseline 0.005 -20"><span class='ocrx_word' id='word_1_536' title='bbox 1924 956 2028 1010; x_wconf 89' lang='lat' dir='ltr'><strong>que</strong></span> <span class='ocrx_word' id='word_1_537' title='bbox 2056 939 2377 1002; x_wconf 74' lang='lat' dir='ltr'><strong>Christiani,</strong></span> <span class='ocrx_word' id='word_1_538' title='bbox 2407 949 2461 995; x_wconf 91' lang='lat' dir='ltr'><strong>et</strong></span> <span class='ocrx_word' id='word_1_539' title='bbox 2498 955 2604 996; x_wconf 91' lang='lat' dir='ltr'><strong>non</strong></span> <span class='ocrx_word' id='word_1_540' title='bbox 2644 948 2726 999; x_wconf 91' lang='lat' dir='ltr'><strong>est</strong></span> <span class='ocrx_word' id='word_1_541' title='bbox 2764 942 3036 1011; x_wconf 86' lang='lat' dir='ltr'><strong>impletum</strong></span> <span class='ocrx_word' id='word_1_542' title='bbox 3075 946 3213 1013; x_wconf 87' lang='lat' dir='ltr'><strong>quod</strong></span> <span class='ocrx_word' id='word_1_543' title='bbox 3252 945 3496 1009; x_wconf 81' lang='lat' dir='ltr'><strong>dixerunt</strong></span> 
     </span>
    </p>
   </div>
   <div class='ocr_carea' id='block_1_69' title="bbox 1924 1031 3499 1107">
    <p class='ocr_par' dir='ltr' id='par_1_69' title="bbox 1924 1031 3499 1107">
     <span class='ocr_line' id='line_1_69' title="bbox 1924 1031 3499 1107; baseline 0.004 -21"><span class='ocrx_word' id='word_1_544' title='bbox 1924 1031 2144 1097; x_wconf 87' lang='lat' dir='ltr'><strong>inimici,</strong></span> <span class='ocrx_word' id='word_1_545' title='bbox 2175 1031 2387 1099; x_wconf 81' lang='lat' dir='ltr'><strong>Quando</strong></span> <span class='ocrx_word' id='word_1_546' title='bbox 2409 1033 2669 1100; x_wconf 80' lang='lat' dir='ltr'><strong>morietun,</strong></span> <span class='ocrx_word' id='word_1_547' title='bbox 2692 1045 2737 1090; x_wconf 77' lang='lat' dir='ltr'><strong>et</strong></span> <span class='ocrx_word' id='word_1_548' title='bbox 2762 1033 2936 1104; x_wconf 83' lang='lat' dir='ltr'><strong>peribit</strong></span> <span class='ocrx_word' id='word_1_549' title='bbox 2957 1051 3136 1091; x_wconf 81' lang='lat' dir='ltr'><strong>nomen</strong></span> <span class='ocrx_word' id='word_1_550' title='bbox 3157 1037 3283 1107; x_wconf 62' lang='lat' dir='ltr'><strong>ejus.</strong></span> <span class='ocrx_word' id='word_1_551' title='bbox 3313 1038 3499 1093; x_wconf 82' lang='lat' dir='ltr'><strong>Adhuc</strong></span> 
     </span>
    </p>
   </div>
   <div class='ocr_carea' id='block_1_70' title="bbox 1925 1125 3496 1199">
    <p class='ocr_par' dir='ltr' id='par_1_70' title="bbox 1925 1125 3496 1199">
     <span class='ocr_line' id='line_1_70' title="bbox 1925 1125 3496 1199; baseline 0.006 -22"><span class='ocrx_word' id='word_1_552' title='bbox 1925 1133 1978 1178; x_wconf 90' lang='lat' dir='ltr'><strong>et</strong></span> <span class='ocrx_word' id='word_1_553' title='bbox 2020 1125 2178 1179; x_wconf 92' lang='lat' dir='ltr'><strong>modo</strong></span> <span class='ocrx_word' id='word_1_554' title='bbox 2217 1125 2429 1180; x_wconf 91' lang='lat' dir='ltr'><strong>dicitur.</strong></span> <span class='ocrx_word' id='word_1_555' title='bbox 2469 1125 2670 1187; x_wconf 78' lang='lat' dir='ltr'><strong>Sedeat</strong></span> <span class='ocrx_word' id='word_1_556' title='bbox 2708 1127 2934 1199; x_wconf 77' lang='lat' dir='ltr'><strong>l’agani,</strong></span> <span class='ocrx_word' id='word_1_557' title='bbox 2966 1138 3020 1187; x_wconf 86' lang='lat' dir='ltr'><strong>et</strong></span> <span class='ocrx_word' id='word_1_558' title='bbox 3056 1139 3361 1198; x_wconf 82' lang='lat' dir='ltr'><strong>computant</strong></span> <span class='ocrx_word' id='word_1_559' title='bbox 3397 1131 3496 1187; x_wconf 91' lang='lat' dir='ltr'><strong>sibi</strong></span> 
     </span>
    </p>
   </div>
   <div class='ocr_carea' id='block_1_71' title="bbox 1923 1214 3496 1293">
    <p class='ocr_par' dir='ltr' id='par_1_71' title="bbox 1923 1214 3496 1293">
     <span class='ocr_line' id='line_1_71' title="bbox 1923 1214 3496 1293; baseline 0.008 -27"><span class='ocrx_word' id='word_1_560' title='bbox 1923 1228 2115 1277; x_wconf 88' lang='lat' dir='ltr'><strong>annos,</strong></span> <span class='ocrx_word' id='word_1_561' title='bbox 2143 1214 2221 1286; x_wconf 90' lang='lat' dir='ltr'><strong>(a)</strong></span> <span class='ocrx_word' id='word_1_562' title='bbox 2247 1215 2465 1275; x_wconf 87' lang='lat' dir='ltr'><strong>audiunt</strong></span> <span class='ocrx_word' id='word_1_563' title='bbox 2493 1214 2751 1273; x_wconf 83' lang='lat' dir='ltr'><strong>fanaticos</strong></span> <span class='ocrx_word' id='word_1_564' title='bbox 2775 1233 2901 1274; x_wconf 89' lang='lat' dir='ltr'><strong>suos</strong></span> <span class='ocrx_word' id='word_1_565' title='bbox 2922 1218 3174 1286; x_wconf 82' lang='lat' dir='ltr'><strong>dicentes,</strong></span> <span class='ocrx_word' id='word_1_566' title='bbox 3201 1221 3496 1293; x_wconf 83' lang='lat' dir='ltr'><strong>Aliquando</strong></span> 
     </span>
    </p>
   </div>
   <div class='ocr_carea' id='block_1_72' title="bbox 1924 1301 3497 1381">
    <p class='ocr_par' dir='ltr' id='par_1_72' title="bbox 1924 1301 3497 1381">
     <span class='ocr_line' id='line_1_72' title="bbox 1924 1301 3497 1381; baseline 0.004 -24"><span class='ocrx_word' id='word_1_567' title='bbox 1924 1301 2208 1359; x_wconf 88' lang='lat' dir='ltr'><strong>Christiani</strong></span> <span class='ocrx_word' id='word_1_568' title='bbox 2239 1321 2345 1360; x_wconf 89' lang='lat' dir='ltr'><strong>non</strong></span> <span class='ocrx_word' id='word_1_569' title='bbox 2371 1315 2545 1374; x_wconf 89' lang='lat' dir='ltr'><strong>erunt,</strong></span> <span class='ocrx_word' id='word_1_570' title='bbox 2572 1317 2627 1362; x_wconf 89' lang='lat' dir='ltr'><strong>et</strong></span> <span class='ocrx_word' id='word_1_571' title='bbox 2653 1307 2792 1363; x_wconf 89' lang='lat' dir='ltr'><strong>idola</strong></span> <span class='ocrx_word' id='word_1_572' title='bbox 2822 1308 2909 1362; x_wconf 91' lang='lat' dir='ltr'><strong>illa</strong></span> <span class='ocrx_word' id='word_1_573' title='bbox 2938 1308 3039 1363; x_wconf 82' lang='lat' dir='ltr'><strong>coli</strong></span> <span class='ocrx_word' id='word_1_574' title='bbox 3069 1308 3282 1373; x_wconf 85' lang='lat' dir='ltr'><strong>habent,</strong></span> <span class='ocrx_word' id='word_1_575' title='bbox 3314 1325 3497 1381; x_wconf 88' lang='lat' dir='ltr'><strong>quem-</strong></span> 
     </span>
    </p>
   </div>
   <div class='ocr_carea' id='block_1_73' title="bbox 1924 1396 3490 1470">
    <p class='ocr_par' dir='ltr' id='par_1_73' title="bbox 1924 1396 3490 1470">
     <span class='ocr_line' id='line_1_73' title="bbox 1924 1396 3490 1470; baseline 0.006 -20"><span class='ocrx_word' id='word_1_576' title='bbox 1924 1396 2207 1451; x_wconf 88' lang='lat' dir='ltr'><strong>admodum</strong></span> <span class='ocrx_word' id='word_1_577' title='bbox 2253 1409 2404 1457; x_wconf 86' lang='lat' dir='ltr'><strong>antea</strong></span> <span class='ocrx_word' id='word_1_578' title='bbox 2452 1401 2786 1469; x_wconf 87' lang='lat' dir='ltr'><strong>colebantur,</strong></span> <span class='ocrx_word' id='word_1_579' title='bbox 2826 1400 2999 1457; x_wconf 90' lang='lat' dir='ltr'><strong>adhuc</strong></span> <span class='ocrx_word' id='word_1_580' title='bbox 3035 1402 3248 1470; x_wconf 90' lang='lat' dir='ltr'><strong>dicunt,</strong></span> <span class='ocrx_word' id='word_1_581' title='bbox 3283 1402 3490 1469; x_wconf 73' lang='lat' dir='ltr'><strong>Quando</strong></span> 
     </span>
    </p>
   </div>
   <div class='ocr_carea' id='block_1_74' title="bbox 1924 1488 3497 1565">
    <p class='ocr_par' dir='ltr' id='par_1_74' title="bbox 1924 1488 3497 1565">
     <span class='ocr_line' id='line_1_74' title="bbox 1924 1488 3497 1565; baseline 0.007 -26"><span class='ocrx_word' id='word_1_582' title='bbox 1924 1488 2177 1554; x_wconf 80' lang='lat' dir='ltr'><strong>morietur,</strong></span> <span class='ocrx_word' id='word_1_583' title='bbox 2208 1499 2255 1543; x_wconf 87' lang='lat' dir='ltr'><strong>et</strong></span> <span class='ocrx_word' id='word_1_584' title='bbox 2281 1490 2458 1558; x_wconf 86' lang='lat' dir='ltr'><strong>peribit</strong></span> <span class='ocrx_word' id='word_1_585' title='bbox 2486 1509 2666 1549; x_wconf 74' lang='lat' dir='ltr'><strong>nomen</strong></span> <span class='ocrx_word' id='word_1_586' title='bbox 2690 1495 2818 1565; x_wconf 76' lang='lat' dir='ltr'><strong>ejus.</strong></span> <span class='ocrx_word' id='word_1_587' title='bbox 2843 1494 2931 1551; x_wconf 88' lang='lat' dir='ltr'><strong>Bis</strong></span> <span class='ocrx_word' id='word_1_588' title='bbox 2957 1495 3100 1560; x_wconf 69' lang='lat' dir='ltr'><strong>viai,</strong></span> <span class='ocrx_word' id='word_1_589' title='bbox 3126 1495 3208 1551; x_wconf 87' lang='lat' dir='ltr'><strong>vel</strong></span> <span class='ocrx_word' id='word_1_590' title='bbox 3234 1497 3390 1552; x_wconf 88' lang='lat' dir='ltr'><strong>tertio</strong></span> <span class='ocrx_word' id='word_1_591' title='bbox 3413 1511 3497 1550; x_wconf 83' lang='lat' dir='ltr'><strong>sa-</strong></span> 
     </span>
    </p>
   </div>
   <div class='ocr_carea' id='block_1_75' title="bbox 1923 1579 3491 1655">
    <p class='ocr_par' dir='ltr' id='par_1_75' title="bbox 1923 1579 3491 1655">
     <span class='ocr_line' id='line_1_75' title="bbox 1923 1579 3491 1655; baseline 0.011 -25"><span class='ocrx_word' id='word_1_592' title='bbox 1923 1579 2032 1648; x_wconf 89' lang='lat' dir='ltr'><strong>pite</strong></span> <span class='ocrx_word' id='word_1_593' title='bbox 2060 1596 2074 1632; x_wconf 89' lang='lat'><strong>:</strong></span> <span class='ocrx_word' id='word_1_594' title='bbox 2102 1590 2341 1636; x_wconf 90' lang='lat' dir='ltr'><strong>mortuus</strong></span> <span class='ocrx_word' id='word_1_595' title='bbox 2367 1590 2448 1638; x_wconf 86' lang='lat' dir='ltr'><strong>est</strong></span> <span class='ocrx_word' id='word_1_596' title='bbox 2476 1582 2738 1644; x_wconf 87' lang='lat' dir='ltr'><strong>Christus.</strong></span> <span class='ocrx_word' id='word_1_597' title='bbox 2773 1600 2876 1641; x_wconf 87' lang='lat' dir='ltr'><strong>non</strong></span> <span class='ocrx_word' id='word_1_598' title='bbox 2906 1585 3313 1654; x_wconf 77' lang='lat' dir='ltr'><strong>peribit‘nomen</strong></span> <span class='ocrx_word' id='word_1_599' title='bbox 3344 1586 3491 1655; x_wconf 76' lang='lat' dir='ltr'><strong>ejus;</strong></span> 
     </span>
    </p>
   </div>
   <div class='ocr_carea' id='block_1_76' title="bbox 1926 1669 3497 1747">
    <p class='ocr_par' dir='ltr' id='par_1_76' title="bbox 1926 1669 3497 1747">
     <span class='ocr_line' id='line_1_76' title="bbox 1926 1669 3497 1747; baseline 0.007 -25"><span class='ocrx_word' id='word_1_600' title='bbox 1926 1669 2117 1727; x_wconf 87' lang='lat' dir='ltr'><strong>mortui</strong></span> <span class='ocrx_word' id='word_1_601' title='bbox 2159 1679 2281 1727; x_wconf 88' lang='lat' dir='ltr'><strong>sunt</strong></span> <span class='ocrx_word' id='word_1_602' title='bbox 2314 1680 2602 1744; x_wconf 84' lang='lat' dir='ltr'><strong>martyres,</strong></span> <span class='ocrx_word' id='word_1_603' title='bbox 2632 1674 2969 1744; x_wconf 85' lang='lat' dir='ltr'><strong>multiplicata</strong></span> <span class='ocrx_word' id='word_1_604' title='bbox 2998 1685 3081 1736; x_wconf 78' lang='lat' dir='ltr'><strong>est</strong></span> <span class='ocrx_word' id='word_1_605' title='bbox 3109 1677 3277 1747; x_wconf 74' lang='lat' dir='ltr'><strong>magis</strong></span> <span class='ocrx_word' id='word_1_606' title='bbox 3313 1677 3497 1735; x_wconf 86' lang='lat' dir='ltr'><strong>Eccle-</strong></span> 
     </span>
    </p>
   </div>
   <div class='ocr_carea' id='block_1_77' title="bbox 1924 1760 3496 1837">
    <p class='ocr_par' dir='ltr' id='par_1_77' title="bbox 1924 1760 3496 1837">
     <span class='ocr_line' id='line_1_77' title="bbox 1924 1760 3496 1837; baseline 0.008 -23"><span class='ocrx_word' id='word_1_607' title='bbox 1924 1760 1999 1814; x_wconf 89' lang='lat' dir='ltr'><strong>sia</strong></span> <span class='ocrx_word' id='word_1_608' title='bbox 2020 1803 2035 1825; x_wconf 93' lang='lat'><strong>,</strong></span> <span class='ocrx_word' id='word_1_609' title='bbox 2071 1764 2263 1837; x_wconf 84' lang='lat' dir='ltr'><strong>crescit</strong></span> <span class='ocrx_word' id='word_1_610' title='bbox 2298 1780 2391 1833; x_wconf 86' lang='lat' dir='ltr'><strong>per</strong></span> <span class='ocrx_word' id='word_1_611' title='bbox 2415 1779 2601 1821; x_wconf 86' lang='lat' dir='ltr'><strong>omnes</strong></span> <span class='ocrx_word' id='word_1_612' title='bbox 2627 1777 2809 1835; x_wconf 79' lang='lat' dir='ltr'><strong>gentes</strong></span> <span class='ocrx_word' id='word_1_613' title='bbox 2838 1781 3029 1827; x_wconf 88' lang='lat' dir='ltr'><strong>nomen</strong></span> <span class='ocrx_word' id='word_1_614' title='bbox 3056 1767 3271 1823; x_wconf 83' lang='lat' dir='ltr'><strong>Christi.</strong></span> <span class='ocrx_word' id='word_1_615' title='bbox 3299 1768 3399 1837; x_wconf 85' lang='lat' dir='ltr'><strong>Qui</strong></span> <span class='ocrx_word' id='word_1_616' title='bbox 3427 1768 3496 1827; x_wconf 86' lang='lat' dir='ltr'><strong>de</strong></span> 
     </span>
    </p>
   </div>
   <div class='ocr_carea' id='block_1_78' title="bbox 1925 1837 3494 1927">
    <p class='ocr_par' dir='ltr' id='par_1_78' title="bbox 1925 1837 3494 1927">
     <span class='ocr_line' id='line_1_78' title="bbox 1925 1837 3494 1927; baseline 0.004 -21"><span class='ocrx_word' id='word_1_617' title='bbox 1925 1862 2096 1907; x_wconf 88' lang='lat' dir='ltr'><strong>morte</strong></span> <span class='ocrx_word' id='word_1_618' title='bbox 2124 1868 2216 1909; x_wconf 90' lang='lat' dir='ltr'><strong>sua</strong></span> <span class='ocrx_word' id='word_1_619' title='bbox 2245 1864 2301 1910; x_wconf 89' lang='lat' dir='ltr'><strong>et</strong></span> <span class='ocrx_word' id='word_1_620' title='bbox 2326 1854 2394 1910; x_wconf 90' lang='lat' dir='ltr'><strong>de</strong></span> <span class='ocrx_word' id='word_1_621' title='bbox 2431 1837 2819 1915; x_wconf 74' lang='lat' dir='ltr'><strong>resurrectione</strong></span> <span class='ocrx_word' id='word_1_622' title='bbox 2855 1871 2949 1913; x_wconf 89' lang='lat' dir='ltr'><strong>sua</strong></span> <span class='ocrx_word' id='word_1_623' title='bbox 2992 1858 3271 1927; x_wconf 69' lang='lat' dir='ltr'><strong>praedixit,</strong></span> <span class='ocrx_word' id='word_1_624' title='bbox 3306 1859 3395 1927; x_wconf 86' lang='lat' dir='ltr'><strong>qui</strong></span> <span class='ocrx_word' id='word_1_625' title='bbox 3428 1859 3494 1917; x_wconf 83' lang='lat' dir='ltr'><strong>de</strong></span> 
     </span>
    </p>
   </div>
   <div class='ocr_carea' id='block_1_79' title="bbox 1925 1940 3493 2019">
    <p class='ocr_par' dir='ltr' id='par_1_79' title="bbox 1925 1940 3493 2019">
     <span class='ocr_line' id='line_1_79' title="bbox 1925 1940 3493 2019; baseline 0.006 -23"><span class='ocrx_word' id='word_1_626' title='bbox 1925 1944 2182 2007; x_wconf 83' lang='lat' dir='ltr'><strong>mortibus</strong></span> <span class='ocrx_word' id='word_1_627' title='bbox 2222 1940 2506 2017; x_wconf 81' lang='lat' dir='ltr'><strong>Martyrum</strong></span> <span class='ocrx_word' id='word_1_628' title='bbox 2538 1962 2756 2005; x_wconf 88' lang='lat' dir='ltr'><strong>suorum</strong></span> <span class='ocrx_word' id='word_1_629' title='bbox 2791 1956 2844 2007; x_wconf 82' lang='lat' dir='ltr'><strong>et</strong></span> <span class='ocrx_word' id='word_1_630' title='bbox 2884 1947 2952 2004; x_wconf 91' lang='lat' dir='ltr'><strong>de</strong></span> <span class='ocrx_word' id='word_1_631' title='bbox 2987 1963 3182 2009; x_wconf 82' lang='lat' dir='ltr'><strong>corona</strong></span> <span class='ocrx_word' id='word_1_632' title='bbox 3218 1949 3493 2019; x_wconf 67' lang='lat' dir='ltr'><strong>praedixit,</strong></span> 
     </span>
    </p>
   </div>
   <div class='ocr_carea' id='block_1_80' title="bbox 1874 2035 3495 2109">
    <p class='ocr_par' dir='ltr' id='par_1_80' title="bbox 1874 2035 3495 2109">
     <span class='ocr_line' id='line_1_80' title="bbox 1874 2035 3495 2109; baseline 0.009 -20"><span class='ocrx_word' id='word_1_633' title='bbox 1874 2076 1881 2083; x_wconf 85' lang='lat'><strong>.</strong></span> <span class='ocrx_word' id='word_1_634' title='bbox 1925 2035 2039 2104; x_wconf 91' lang='lat' dir='ltr'><strong>ipse</strong></span> <span class='ocrx_word' id='word_1_635' title='bbox 2074 2046 2125 2092; x_wconf 91' lang='lat' dir='ltr'><strong>et</strong></span> <span class='ocrx_word' id='word_1_636' title='bbox 2164 2037 2230 2093; x_wconf 89' lang='lat' dir='ltr'><strong>de</strong></span> <span class='ocrx_word' id='word_1_637' title='bbox 2270 2039 2504 2097; x_wconf 89' lang='lat' dir='ltr'><strong>Ecclesia</strong></span> <span class='ocrx_word' id='word_1_638' title='bbox 2548 2054 2642 2095; x_wconf 90' lang='lat' dir='ltr'><strong>sua</strong></span> <span class='ocrx_word' id='word_1_639' title='bbox 2684 2038 2856 2097; x_wconf 76' lang='lat' dir='ltr'><strong>futura</strong></span> <span class='ocrx_word' id='word_1_640' title='bbox 2903 2039 3152 2109; x_wconf 74' lang='lat' dir='ltr'><strong>praedixit</strong></span> <span class='ocrx_word' id='word_1_641' title='bbox 3183 2057 3198 2093; x_wconf 89' lang='lat'><strong>:</strong></span> <span class='ocrx_word' id='word_1_642' title='bbox 3229 2041 3271 2099; x_wconf 88' lang='lat' dir='ltr'><strong>si</strong></span> <span class='ocrx_word' id='word_1_643' title='bbox 3309 2056 3495 2104; x_wconf 81' lang='lat' dir='ltr'><strong>verum</strong></span> 
     </span>
    </p>
   </div>
   <div class='ocr_carea' id='block_1_81' title="bbox 1923 2125 3496 2203">
    <p class='ocr_par' dir='ltr' id='par_1_81' title="bbox 1923 2125 3496 2203">
     <span class='ocr_line' id='line_1_81' title="bbox 1923 2125 3496 2203; baseline 0.004 -20"><span class='ocrx_word' id='word_1_644' title='bbox 1923 2125 2055 2183; x_wconf 85' lang='lat' dir='ltr'><strong>dixit</strong></span> <span class='ocrx_word' id='word_1_645' title='bbox 2093 2127 2174 2184; x_wconf 89' lang='lat' dir='ltr'><strong>his</strong></span> <span class='ocrx_word' id='word_1_646' title='bbox 2193 2171 2206 2194; x_wconf 94' lang='lat'><strong>,</strong></span> <span class='ocrx_word' id='word_1_647' title='bbox 2236 2130 2393 2185; x_wconf 89' lang='lat' dir='ltr'><strong>tertio</strong></span> <span class='ocrx_word' id='word_1_648' title='bbox 2430 2132 2681 2187; x_wconf 89' lang='lat' dir='ltr'><strong>mentitus</strong></span> <span class='ocrx_word' id='word_1_649' title='bbox 2715 2131 2833 2189; x_wconf 83' lang='lat' dir='ltr'><strong>est?</strong></span> <span class='ocrx_word' id='word_1_650' title='bbox 2854 2130 3058 2193; x_wconf 87' lang='lat' dir='ltr'><strong>Vanum</strong></span> <span class='ocrx_word' id='word_1_651' title='bbox 3084 2139 3169 2193; x_wconf 83' lang='lat' dir='ltr'><strong>est</strong></span> <span class='ocrx_word' id='word_1_652' title='bbox 3199 2146 3326 2203; x_wconf 69' lang='lat' dir='ltr'><strong>ergo</strong></span> <span class='ocrx_word' id='word_1_653' title='bbox 3352 2132 3496 2203; x_wconf 80' lang='lat' dir='ltr'><strong>quod</strong></span> 
     </span>
    </p>
   </div>
   <div class='ocr_carea' id='block_1_82' title="bbox 1923 2218 3494 2290">
    <p class='ocr_par' dir='ltr' id='par_1_82' title="bbox 1923 2218 3494 2290">
     <span class='ocr_line' id='line_1_82' title="bbox 1923 2218 3494 2290; baseline 0.006 -18"><span class='ocrx_word' id='word_1_654' title='bbox 1923 2218 2140 2273; x_wconf 88' lang='lat' dir='ltr'><strong>creditis</strong></span> <span class='ocrx_word' id='word_1_655' title='bbox 2162 2230 2343 2279; x_wconf 85' lang='lat' dir='ltr'><strong>contra</strong></span> <span class='ocrx_word' id='word_1_656' title='bbox 2371 2220 2554 2286; x_wconf 88' lang='lat' dir='ltr'><strong>illum;</strong></span> <span class='ocrx_word' id='word_1_657' title='bbox 2589 2222 2778 2277; x_wconf 88' lang='lat' dir='ltr'><strong>melius</strong></span> <span class='ocrx_word' id='word_1_658' title='bbox 2802 2230 2885 2279; x_wconf 85' lang='lat' dir='ltr'><strong>est</strong></span> <span class='ocrx_word' id='word_1_659' title='bbox 2908 2232 2964 2278; x_wconf 91' lang='lat' dir='ltr'><strong>ut</strong></span> <span class='ocrx_word' id='word_1_660' title='bbox 2986 2220 3216 2281; x_wconf 87' lang='lat' dir='ltr'><strong>credatis</strong></span> <span class='ocrx_word' id='word_1_661' title='bbox 3244 2224 3297 2283; x_wconf 88' lang='lat' dir='ltr'><strong>in</strong></span> <span class='ocrx_word' id='word_1_662' title='bbox 3324 2223 3494 2290; x_wconf 88' lang='lat' dir='ltr'><strong>illum,</strong></span> 
     </span>
    </p>
   </div>
   <div class='ocr_carea' id='block_1_83' title="bbox 1925 2307 3497 2386">
    <p class='ocr_par' dir='ltr' id='par_1_83' title="bbox 1925 2307 3497 2386">
     <span class='ocr_line' id='line_1_83' title="bbox 1925 2307 3497 2386; baseline 0.008 -25"><span class='ocrx_word' id='word_1_663' title='bbox 1925 2317 1982 2361; x_wconf 92' lang='lat' dir='ltr'><strong>ut</strong></span> <span class='ocrx_word' id='word_1_664' title='bbox 2003 2307 2290 2380; x_wconf 83' lang='lat' dir='ltr'><strong>intelligatis</strong></span> <span class='ocrx_word' id='word_1_665' title='bbox 2309 2327 2461 2381; x_wconf 82' lang='lat' dir='ltr'><strong>super</strong></span> <span class='ocrx_word' id='word_1_666' title='bbox 2482 2329 2692 2381; x_wconf 83' lang='lat' dir='ltr'><strong>egenum</strong></span> <span class='ocrx_word' id='word_1_667' title='bbox 2710 2321 2757 2367; x_wconf 86' lang='lat' dir='ltr'><strong>et</strong></span> <span class='ocrx_word' id='word_1_668' title='bbox 2777 2326 3045 2384; x_wconf 83' lang='lat' dir='ltr'><strong>pauperem</strong></span> <span class='ocrx_word' id='word_1_669' title='bbox 3061 2329 3082 2378; x_wconf 89' lang='lat'><strong><em>;</em></strong></span> <span class='ocrx_word' id='word_1_670' title='bbox 3100 2313 3346 2384; x_wconf 84' lang='lat' dir='ltr'><strong>quoniam</strong></span> <span class='ocrx_word' id='word_1_671' title='bbox 3368 2331 3497 2386; x_wconf 74' lang='lat' dir='ltr'><strong>pau-</strong></span> 
     </span>
    </p>
   </div>
   <div class='ocr_carea' id='block_1_84' title="bbox 1922 2405 3496 2477">
    <p class='ocr_par' dir='ltr' id='par_1_84' title="bbox 1922 2405 3496 2477">
     <span class='ocr_line' id='line_1_84' title="bbox 1922 2405 3496 2477; baseline 0.004 -22"><span class='ocrx_word' id='word_1_672' title='bbox 1922 2417 2012 2475; x_wconf 81' lang='lat' dir='ltr'><strong>per</strong></span> <span class='ocrx_word' id='word_1_673' title='bbox 2035 2406 2197 2472; x_wconf 76' lang='lat' dir='ltr'><strong>{actus</strong></span> <span class='ocrx_word' id='word_1_674' title='bbox 2223 2412 2329 2469; x_wconf 84' lang='lat' dir='ltr'><strong>est,</strong></span> <span class='ocrx_word' id='word_1_675' title='bbox 2354 2420 2469 2459; x_wconf 87' lang='lat' dir='ltr'><strong>cum</strong></span> <span class='ocrx_word' id='word_1_676' title='bbox 2494 2405 2630 2460; x_wconf 82' lang='lat' dir='ltr'><strong>dives</strong></span> <span class='ocrx_word' id='word_1_677' title='bbox 2656 2415 2812 2470; x_wconf 85' lang='lat' dir='ltr'><strong>esset,</strong></span> <span class='ocrx_word' id='word_1_678' title='bbox 2841 2416 2896 2467; x_wconf 82' lang='lat' dir='ltr'><strong>ut</strong></span> <span class='ocrx_word' id='word_1_679' title='bbox 2922 2407 3080 2476; x_wconf 86' lang='lat' dir='ltr'><strong>ipsius</strong></span> <span class='ocrx_word' id='word_1_680' title='bbox 3097 2447 3113 2472; x_wconf 92' lang='lat'><strong>,</strong></span> <span class='ocrx_word' id='word_1_681' title='bbox 3141 2405 3336 2476; x_wconf 78' lang='lat' dir='ltr'><strong>inquit,</strong></span> <span class='ocrx_word' id='word_1_682' title='bbox 3366 2423 3496 2477; x_wconf 83' lang='lat' dir='ltr'><strong>pau-</strong></span> 
     </span>
    </p>
   </div>
   <div class='ocr_carea' id='block_1_85' title="bbox 1921 2495 3496 2568">
    <p class='ocr_par' dir='ltr' id='par_1_85' title="bbox 1921 2495 3496 2568">
     <span class='ocr_line' id='line_1_85' title="bbox 1921 2495 3496 2568; baseline 0.004 -20"><span class='ocrx_word' id='word_1_683' title='bbox 1921 2503 2112 2564; x_wconf 82' lang='lat' dir='ltr'><strong>pertate</strong></span> <span class='ocrx_word' id='word_1_684' title='bbox 2129 2509 2215 2548; x_wconf 79' lang='lat' dir='ltr'><strong>vos</strong></span> <span class='ocrx_word' id='word_1_685' title='bbox 2238 2495 2522 2554; x_wconf 80' lang='lat' dir='ltr'><strong>ditaremini</strong></span> <span class='ocrx_word' id='word_1_686' title='bbox 2543 2496 2753 2568; x_wconf 67' lang='grc' dir='ltr'><strong>(ΙΙ-(ἔον.</strong></span> <span class='ocrx_word' id='word_1_687' title='bbox 2776 2513 2887 2562; x_wconf 83' lang='lat' dir='ltr'><strong>vui,</strong></span> <span class='ocrx_word' id='word_1_688' title='bbox 2909 2496 2988 2567; x_wconf 85' lang='lat'><strong>9).</strong></span> <span class='ocrx_word' id='word_1_689' title='bbox 3012 2496 3162 2552; x_wconf 88' lang='lat' dir='ltr'><strong>Nunc</strong></span> <span class='ocrx_word' id='word_1_690' title='bbox 3178 2506 3352 2555; x_wconf 88' lang='lat' dir='ltr'><strong>autem</strong></span> <span class='ocrx_word' id='word_1_691' title='bbox 3373 2497 3496 2568; x_wconf 84' lang='lat' dir='ltr'><strong>quia</strong></span> 
     </span>
    </p>
   </div>
   <div class='ocr_carea' id='block_1_86' title="bbox 1919 2585 3492 2656">
    <p class='ocr_par' dir='ltr' id='par_1_86' title="bbox 1919 2585 3492 2656">
     <span class='ocr_line' id='line_1_86' title="bbox 1919 2585 3492 2656; baseline 0.002 -18"><span class='ocrx_word' id='word_1_692' title='bbox 1919 2599 2121 2656; x_wconf 89' lang='lat' dir='ltr'><strong>pauper</strong></span> <span class='ocrx_word' id='word_1_693' title='bbox 2145 2585 2314 2642; x_wconf 83' lang='lat' dir='ltr'><strong>factus</strong></span> <span class='ocrx_word' id='word_1_694' title='bbox 2335 2597 2436 2651; x_wconf 85' lang='lat' dir='ltr'><strong>est,</strong></span> <span class='ocrx_word' id='word_1_695' title='bbox 2461 2588 2837 2655; x_wconf 91' lang='lat' dir='ltr'><strong>contemnitur,</strong></span> <span class='ocrx_word' id='word_1_696' title='bbox 2859 2596 2914 2643; x_wconf 90' lang='lat' dir='ltr'><strong>et</strong></span> <span class='ocrx_word' id='word_1_697' title='bbox 2937 2586 3155 2642; x_wconf 89' lang='lat' dir='ltr'><strong>dicitur:</strong></span> <span class='ocrx_word' id='word_1_698' title='bbox 3173 2588 3339 2642; x_wconf 87' lang='lat' dir='ltr'><strong>ilomo</strong></span> <span class='ocrx_word' id='word_1_699' title='bbox 3358 2596 3492 2643; x_wconf 89' lang='lat' dir='ltr'><strong>erat.</strong></span> 
     </span>
    </p>
   </div>
   <div class='ocr_carea' id='block_1_87' title="bbox 1917 2675 3492 2745">
    <p class='ocr_par' dir='ltr' id='par_1_87' title="bbox 1917 2675 3492 2745">
     <span class='ocr_line' id='line_1_87' title="bbox 1917 2675 3492 2745; baseline 0.003 -15"><span class='ocrx_word' id='word_1_700' title='bbox 1917 2675 2054 2745; x_wconf 86' lang='lat' dir='ltr'><strong>Quid</strong></span> <span class='ocrx_word' id='word_1_701' title='bbox 2082 2678 2230 2733; x_wconf 87' lang='lat' dir='ltr'><strong>erat?</strong></span> <span class='ocrx_word' id='word_1_702' title='bbox 2261 2678 2495 2733; x_wconf 80' lang='lat' dir='ltr'><strong>Mortuus</strong></span> <span class='ocrx_word' id='word_1_703' title='bbox 2520 2687 2630 2745; x_wconf 90' lang='lat' dir='ltr'><strong>est,</strong></span> <span class='ocrx_word' id='word_1_704' title='bbox 2657 2677 2944 2733; x_wconf 80' lang='lat' dir='ltr'><strong>cruciﬁxus</strong></span> <span class='ocrx_word' id='word_1_705' title='bbox 2967 2686 3083 2738; x_wconf 86' lang='lat' dir='ltr'><strong>est;</strong></span> <span class='ocrx_word' id='word_1_706' title='bbox 3113 2677 3380 2734; x_wconf 86' lang='lat' dir='ltr'><strong>hominem</strong></span> <span class='ocrx_word' id='word_1_707' title='bbox 3405 2693 3492 2734; x_wconf 80' lang='lat' dir='ltr'><strong>co-</strong></span> 
     </span>
    </p>
   </div>
   <div class='ocr_carea' id='block_1_88' title="bbox 1916 2766 3491 2838">
    <p class='ocr_par' dir='ltr' id='par_1_88' title="bbox 1916 2766 3491 2838">
     <span class='ocr_line' id='line_1_88' title="bbox 1916 2766 3491 2838; baseline 0.001 -18"><span class='ocrx_word' id='word_1_708' title='bbox 1916 2766 2059 2833; x_wconf 90' lang='lat' dir='ltr'><strong>litis,</strong></span> <span class='ocrx_word' id='word_1_709' title='bbox 2092 2768 2142 2822; x_wconf 93' lang='lat' dir='ltr'><strong>in</strong></span> <span class='ocrx_word' id='word_1_710' title='bbox 2180 2767 2445 2824; x_wconf 89' lang='lat' dir='ltr'><strong>hominem</strong></span> <span class='ocrx_word' id='word_1_711' title='bbox 2484 2782 2633 2838; x_wconf 88' lang='lat' dir='ltr'><strong>spem</strong></span> <span class='ocrx_word' id='word_1_712' title='bbox 2670 2767 2901 2833; x_wconf 86' lang='lat' dir='ltr'><strong>habetis,</strong></span> <span class='ocrx_word' id='word_1_713' title='bbox 2933 2776 3200 2822; x_wconf 91' lang='lat' dir='ltr'><strong>mortuum</strong></span> <span class='ocrx_word' id='word_1_714' title='bbox 3237 2767 3491 2823; x_wconf 82' lang='lat' dir='ltr'><strong>adoratis.</strong></span> 
     </span>
    </p>
   </div>
   <div class='ocr_carea' id='block_1_89' title="bbox 1917 2856 3494 2930">
    <p class='ocr_par' dir='ltr' id='par_1_89' title="bbox 1917 2856 3494 2930">
     <span class='ocr_line' id='line_1_89' title="bbox 1917 2856 3494 2930; baseline 0.004 -19"><span class='ocrx_word' id='word_1_715' title='bbox 1917 2856 2161 2914; x_wconf 84' lang='lat' dir='ltr'><strong>Falleris.</strong></span> <span class='ocrx_word' id='word_1_716' title='bbox 2192 2859 2427 2930; x_wconf 82' lang='lat' dir='ltr'><strong>lntellige</strong></span> <span class='ocrx_word' id='word_1_717' title='bbox 2465 2875 2625 2929; x_wconf 89' lang='lat' dir='ltr'><strong>super</strong></span> <span class='ocrx_word' id='word_1_718' title='bbox 2651 2874 2874 2929; x_wconf 76' lang='lat' dir='ltr'><strong>egenum</strong></span> <span class='ocrx_word' id='word_1_719' title='bbox 2903 2868 2956 2915; x_wconf 90' lang='lat' dir='ltr'><strong>et</strong></span> <span class='ocrx_word' id='word_1_720' title='bbox 2995 2873 3277 2929; x_wconf 88' lang='lat' dir='ltr'><strong>pauperem</strong></span> <span class='ocrx_word' id='word_1_721' title='bbox 3297 2900 3314 2926; x_wconf 96' lang='lat'><strong>,</strong></span> <span class='ocrx_word' id='word_1_722' title='bbox 3345 2868 3401 2913; x_wconf 87' lang='lat' dir='ltr'><strong>ut</strong></span> <span class='ocrx_word' id='word_1_723' title='bbox 3429 2861 3494 2919; x_wconf 88' lang='lat' dir='ltr'><strong>il-</strong></span> 
     </span>
    </p>
   </div>
   <div class='ocr_carea' id='block_1_90' title="bbox 1916 2949 3499 3023">
    <p class='ocr_par' dir='ltr' id='par_1_90' title="bbox 1916 2949 3499 3023">
     <span class='ocr_line' id='line_1_90' title="bbox 1916 2949 3499 3023; baseline 0.003 -21"><span class='ocrx_word' id='word_1_724' title='bbox 1916 2949 2018 3005; x_wconf 90' lang='lat' dir='ltr'><strong>lius</strong></span> <span class='ocrx_word' id='word_1_725' title='bbox 2062 2960 2369 3021; x_wconf 86' lang='lat' dir='ltr'><strong>paupertate</strong></span> <span class='ocrx_word' id='word_1_726' title='bbox 2408 2950 2556 3004; x_wconf 87' lang='lat' dir='ltr'><strong>dives</strong></span> <span class='ocrx_word' id='word_1_727' title='bbox 2598 2949 2864 3005; x_wconf 71' lang='lat' dir='ltr'><strong>el‘ﬁciaris.</strong></span> <span class='ocrx_word' id='word_1_728' title='bbox 2915 2949 3048 3017; x_wconf 89' lang='lat' dir='ltr'><strong>Quid</strong></span> <span class='ocrx_word' id='word_1_729' title='bbox 3097 2959 3211 3013; x_wconf 83' lang='lat' dir='ltr'><strong>est,</strong></span> <span class='ocrx_word' id='word_1_730' title='bbox 3258 2949 3499 3023; x_wconf 65' lang='lat' dir='ltr'><strong>Intelligc</strong></span> 
     </span>
    </p>
   </div>
   <div class='ocr_carea' id='block_1_91' title="bbox 1915 3041 3462 3115">
    <p class='ocr_par' dir='ltr' id='par_1_91' title="bbox 1915 3041 3462 3115">
     <span class='ocr_line' id='line_1_91' title="bbox 1915 3041 3462 3115; baseline 0.002 -19"><span class='ocrx_word' id='word_1_731' title='bbox 1915 3055 2076 3111; x_wconf 90' lang='lat' dir='ltr'><strong>super</strong></span> <span class='ocrx_word' id='word_1_732' title='bbox 2101 3058 2322 3112; x_wconf 79' lang='lat' dir='ltr'><strong>egenum</strong></span> <span class='ocrx_word' id='word_1_733' title='bbox 2351 3050 2404 3097; x_wconf 91' lang='lat' dir='ltr'><strong>et</strong></span> <span class='ocrx_word' id='word_1_734' title='bbox 2435 3042 2755 3111; x_wconf 89' lang='lat' dir='ltr'><strong>pauperem?</strong></span> <span class='ocrx_word' id='word_1_735' title='bbox 2778 3041 2849 3099; x_wconf 91' lang='lat' dir='ltr'><strong>Ut</strong></span> <span class='ocrx_word' id='word_1_736' title='bbox 2876 3041 3046 3112; x_wconf 88' lang='lat' dir='ltr'><strong>ipsum</strong></span> <span class='ocrx_word' id='word_1_737' title='bbox 3071 3041 3336 3099; x_wconf 89' lang='lat' dir='ltr'><strong>Christum</strong></span> <span class='ocrx_word' id='word_1_738' title='bbox 3365 3059 3462 3115; x_wconf 73' lang='lat' dir='ltr'><strong>ege</strong></span> 
     </span>
    </p>
   </div>
   <div class='ocr_carea' id='block_1_92' title="bbox 1915 3131 3492 3207">
    <p class='ocr_par' dir='ltr' id='par_1_92' title="bbox 1915 3131 3492 3207">
     <span class='ocr_line' id='line_1_92' title="bbox 1915 3131 3492 3207; baseline 0.004 -20"><span class='ocrx_word' id='word_1_739' title='bbox 1915 3148 2042 3187; x_wconf 87' lang='lat' dir='ltr'><strong>num</strong></span> <span class='ocrx_word' id='word_1_740' title='bbox 2071 3141 2123 3187; x_wconf 93' lang='lat' dir='ltr'><strong>et</strong></span> <span class='ocrx_word' id='word_1_741' title='bbox 2154 3147 2435 3203; x_wconf 88' lang='lat' dir='ltr'><strong>pauperem</strong></span> <span class='ocrx_word' id='word_1_742' title='bbox 2461 3132 2710 3202; x_wconf 88' lang='lat' dir='ltr'><strong>accipias,</strong></span> <span class='ocrx_word' id='word_1_743' title='bbox 2740 3131 3003 3189; x_wconf 84' lang='lat' dir='ltr'><strong>dicentem</strong></span> <span class='ocrx_word' id='word_1_744' title='bbox 3035 3133 3086 3188; x_wconf 93' lang='lat' dir='ltr'><strong>in</strong></span> <span class='ocrx_word' id='word_1_745' title='bbox 3112 3133 3217 3189; x_wconf 89' lang='lat' dir='ltr'><strong>alio</strong></span> <span class='ocrx_word' id='word_1_746' title='bbox 3243 3134 3448 3207; x_wconf 88' lang='lat' dir='ltr'><strong>psalmo</strong></span> <span class='ocrx_word' id='word_1_747' title='bbox 3473 3156 3492 3194; x_wconf 86' lang='lat'><strong>:</strong></span> 
     </span>
    </p>
   </div>
   <div class='ocr_carea' id='block_1_93' title="bbox 1915 3211 3490 3296">
    <p class='ocr_par' dir='ltr' id='par_1_93' title="bbox 1915 3211 3490 3296">
     <span class='ocr_line' id='line_1_93' title="bbox 1915 3211 3490 3296; baseline 0.003 -21"><span class='ocrx_word' id='word_1_748' title='bbox 1915 3221 2028 3293; x_wconf 86' lang='lat' dir='ltr'><strong>Ego</strong></span> <span class='ocrx_word' id='word_1_749' title='bbox 2054 3230 2221 3276; x_wconf 80' lang='lat' dir='ltr'><strong>autent</strong></span> <span class='ocrx_word' id='word_1_750' title='bbox 2248 3238 2430 3293; x_wconf 87' lang='lat' dir='ltr'><strong>egenus</strong></span> <span class='ocrx_word' id='word_1_751' title='bbox 2456 3232 2502 3277; x_wconf 87' lang='lat' dir='ltr'><strong>et</strong></span> <span class='ocrx_word' id='word_1_752' title='bbox 2532 3238 2724 3296; x_wconf 83' lang='lat' dir='ltr'><strong>pauper</strong></span> <span class='ocrx_word' id='word_1_753' title='bbox 2754 3238 2865 3277; x_wconf 85' lang='lat' dir='ltr'><strong>sum</strong></span> <span class='ocrx_word' id='word_1_754' title='bbox 2881 3263 2896 3288; x_wconf 93' lang='lat'><strong>,</strong></span> <span class='ocrx_word' id='word_1_755' title='bbox 2929 3220 3172 3278; x_wconf 80' lang='lat' dir='ltr'><strong>Dominus</strong></span> <span class='ocrx_word' id='word_1_756' title='bbox 3198 3211 3375 3281; x_wconf 69' lang='lat' dir='ltr'><strong>curant</strong></span> <span class='ocrx_word' id='word_1_757' title='bbox 3395 3225 3490 3279; x_wconf 77' lang='lat' dir='ltr'><strong>Ita.</strong></span> 
     </span>
    </p>
   </div>
   <div class='ocr_carea' id='block_1_94' title="bbox 1914 3311 3504 3388">
    <p class='ocr_par' dir='ltr' id='par_1_94' title="bbox 1914 3311 3504 3388">
     <span class='ocr_line' id='line_1_94' title="bbox 1914 3311 3504 3388; baseline 0.004 -22"><span class='ocrx_word' id='word_1_758' title='bbox 1914 3312 1993 3368; x_wconf 83' lang='lat' dir='ltr'><strong>bet</strong></span> <span class='ocrx_word' id='word_1_759' title='bbox 2017 3313 2111 3368; x_wconf 86' lang='lat' dir='ltr'><strong>mei</strong></span> <span class='ocrx_word' id='word_1_760' title='bbox 2142 3311 2310 3385; x_wconf 83' lang='lat' dir='ltr'><strong>(Psat.</strong></span> <span class='ocrx_word' id='word_1_761' title='bbox 2349 3328 2552 3381; x_wconf 66' lang='grc' dir='ltr'><strong>ιιιιξ,</strong></span> <span class='ocrx_word' id='word_1_762' title='bbox 2593 3313 2705 3384; x_wconf 86' lang='grc'><strong>18).</strong></span> <span class='ocrx_word' id='word_1_763' title='bbox 2734 3311 2871 3381; x_wconf 82' lang='lat' dir='ltr'><strong>Quid</strong></span> <span class='ocrx_word' id='word_1_764' title='bbox 2891 3323 2974 3368; x_wconf 91' lang='lat' dir='ltr'><strong>est</strong></span> <span class='ocrx_word' id='word_1_765' title='bbox 3001 3314 3293 3385; x_wconf 78' lang='lat' dir='ltr'><strong>intelligere</strong></span> <span class='ocrx_word' id='word_1_766' title='bbox 3333 3330 3504 3388; x_wconf 76' lang='lat' dir='ltr'><strong>super</strong></span> 
     </span>
    </p>
   </div>
   <div class='ocr_carea' id='block_1_95' title="bbox 1915 3403 3543 3477">
    <p class='ocr_par' dir='ltr' id='par_1_95' title="bbox 1915 3403 3543 3477">
     <span class='ocr_line' id='line_1_95' title="bbox 1915 3403 3543 3477; baseline 0.001 -18"><span class='ocrx_word' id='word_1_767' title='bbox 1915 3418 2137 3474; x_wconf 77' lang='lat' dir='ltr'><strong>egenum</strong></span> <span class='ocrx_word' id='word_1_768' title='bbox 2162 3413 2215 3458; x_wconf 90' lang='lat' dir='ltr'><strong>et</strong></span> <span class='ocrx_word' id='word_1_769' title='bbox 2229 3410 2523 3474; x_wconf 83' lang='lat' dir='ltr'><strong>pauperem</strong></span> <span class='ocrx_word' id='word_1_770' title='bbox 2539 3403 2563 3458; x_wconf 74' lang='grc' dir='ltr'><strong>’ἰ</strong></span> <span class='ocrx_word' id='word_1_771' title='bbox 2582 3403 2713 3472; x_wconf 84' lang='lat' dir='ltr'><strong>Quia</strong></span> <span class='ocrx_word' id='word_1_772' title='bbox 2734 3404 3050 3475; x_wconf 82' lang='lat' dir='ltr'><strong>semetipsum</strong></span> <span class='ocrx_word' id='word_1_773' title='bbox 3071 3406 3361 3476; x_wconf 67' lang='lat' dir='ltr'><strong>exinwziuit,</strong></span> <span class='ocrx_word' id='word_1_774' title='bbox 3387 3410 3495 3477; x_wconf 81' lang='lat' dir='ltr'><strong>{or-</strong></span> <span class='ocrx_word' id='word_1_775' title='bbox 3538 3434 3543 3439; x_wconf 88' lang='lat'><strong>-</strong></span> 
     </span>
    </p>
   </div>
   <div class='ocr_carea' id='block_1_96' title="bbox 1914 3495 3494 3567">
    <p class='ocr_par' dir='ltr' id='par_1_96' title="bbox 1914 3495 3494 3567">
     <span class='ocr_line' id='line_1_96' title="bbox 1914 3495 3494 3567; baseline 0.001 -19"><span class='ocrx_word' id='word_1_776' title='bbox 1914 3511 2049 3548; x_wconf 85' lang='lat' dir='ltr'><strong>mam</strong></span> <span class='ocrx_word' id='word_1_777' title='bbox 2077 3495 2203 3548; x_wconf 84' lang='lat' dir='ltr'><strong>servi</strong></span> <span class='ocrx_word' id='word_1_778' title='bbox 2229 3495 2494 3565; x_wconf 72' lang='lat' dir='ltr'><strong>accipiens,</strong></span> <span class='ocrx_word' id='word_1_779' title='bbox 2526 3495 2581 3548; x_wconf 86' lang='lat' dir='ltr'><strong>in</strong></span> <span class='ocrx_word' id='word_1_780' title='bbox 2605 3495 2931 3549; x_wconf 83' lang='lat' dir='ltr'><strong>similitudine</strong></span> <span class='ocrx_word' id='word_1_781' title='bbox 2956 3496 3213 3551; x_wconf 86' lang='lat' dir='ltr'><strong>hominum</strong></span> <span class='ocrx_word' id='word_1_782' title='bbox 3238 3499 3419 3567; x_wconf 73' lang='lat' dir='ltr'><strong>factus,</strong></span> <span class='ocrx_word' id='word_1_783' title='bbox 3445 3505 3494 3549; x_wconf 85' lang='lat' dir='ltr'><strong>et</strong></span> 
     </span>
    </p>
   </div>
   <div class='ocr_carea' id='block_1_97' title="bbox 1917 3582 3493 3657">
    <p class='ocr_par' dir='ltr' id='par_1_97' title="bbox 1917 3582 3493 3657">
     <span class='ocr_line' id='line_1_97' title="bbox 1917 3582 3493 3657; baseline 0.001 -19"><span class='ocrx_word' id='word_1_784' title='bbox 1917 3585 2086 3639; x_wconf 86' lang='lat' dir='ltr'><strong>habitu</strong></span> <span class='ocrx_word' id='word_1_785' title='bbox 2112 3586 2337 3639; x_wconf 84' lang='lat' dir='ltr'><strong>inventus</strong></span> <span class='ocrx_word' id='word_1_786' title='bbox 2363 3596 2415 3639; x_wconf 87' lang='lat' dir='ltr'><strong>ut</strong></span> <span class='ocrx_word' id='word_1_787' title='bbox 2443 3585 2591 3639; x_wconf 80' lang='lat' dir='ltr'><strong>homo</strong></span> <span class='ocrx_word' id='word_1_788' title='bbox 2615 3582 2836 3657; x_wconf 80' lang='lat' dir='ltr'><strong>(Philip.</strong></span> <span class='ocrx_word' id='word_1_789' title='bbox 2863 3601 2916 3649; x_wconf 92' lang='grc' dir='ltr'><strong>ιι,</strong></span> <span class='ocrx_word' id='word_1_790' title='bbox 2944 3586 3001 3654; x_wconf 81' lang='lat'><strong>7)</strong></span> <span class='ocrx_word' id='word_1_791' title='bbox 3024 3602 3038 3638; x_wconf 90' lang='lat'>:</span> <span class='ocrx_word' id='word_1_792' title='bbox 3061 3586 3209 3639; x_wconf 83' lang='lat' dir='ltr'><strong>dives</strong></span> <span class='ocrx_word' id='word_1_793' title='bbox 3232 3585 3369 3656; x_wconf 89' lang='lat' dir='ltr'><strong>apud</strong></span> <span class='ocrx_word' id='word_1_794' title='bbox 3392 3586 3493 3651; x_wconf 62' lang='lat' dir='ltr'><strong>Pa-</strong></span> 
     </span>
    </p>
   </div>
   <div class='ocr_carea' id='block_1_98' title="bbox 1918 3675 3494 3747">
    <p class='ocr_par' dir='ltr' id='par_1_98' title="bbox 1918 3675 3494 3747">
     <span class='ocr_line' id='line_1_98' title="bbox 1918 3675 3494 3747; baseline 0.001 -15"><span class='ocrx_word' id='word_1_795' title='bbox 1918 3686 2080 3742; x_wconf 88' lang='lat' dir='ltr'><strong>trem,</strong></span> <span class='ocrx_word' id='word_1_796' title='bbox 2108 3683 2164 3730; x_wconf 89' lang='lat' dir='ltr'><strong>et</strong></span> <span class='ocrx_word' id='word_1_797' title='bbox 2200 3690 2398 3747; x_wconf 76' lang='lat' dir='ltr'><strong>pauper</strong></span> <span class='ocrx_word' id='word_1_798' title='bbox 2426 3675 2565 3747; x_wconf 89' lang='lat' dir='ltr'><strong>apud</strong></span> <span class='ocrx_word' id='word_1_799' title='bbox 2593 3691 2720 3743; x_wconf 81' lang='lat' dir='ltr'><strong>nos;</strong></span> <span class='ocrx_word' id='word_1_800' title='bbox 2747 3676 2896 3732; x_wconf 78' lang='lat' dir='ltr'><strong>dives</strong></span> <span class='ocrx_word' id='word_1_801' title='bbox 2924 3677 2979 3743; x_wconf 86' lang='lat' dir='ltr'><strong>in</strong></span> <span class='ocrx_word' id='word_1_802' title='bbox 3002 3676 3137 3732; x_wconf 79' lang='lat' dir='ltr'><strong>ctelo</strong></span> <span class='ocrx_word' id='word_1_803' title='bbox 3155 3716 3172 3743; x_wconf 89' lang='lat'><strong>,</strong></span> <span class='ocrx_word' id='word_1_804' title='bbox 3208 3691 3409 3747; x_wconf 80' lang='lat' dir='ltr'><strong>pauper</strong></span> <span class='ocrx_word' id='word_1_805' title='bbox 3437 3678 3494 3733; x_wconf 78' lang='lat' dir='ltr'><strong>in</strong></span> 
     </span>
    </p>
   </div>
   <div class='ocr_carea' id='block_1_99' title="bbox 1916 3766 3495 3836">
    <p class='ocr_par' dir='ltr' id='par_1_99' title="bbox 1916 3766 3495 3836">
     <span class='ocr_line' id='line_1_99' title="bbox 1916 3766 3495 3836; baseline 0.001 -15"><span class='ocrx_word' id='word_1_806' title='bbox 1916 3774 2092 3833; x_wconf 78' lang='lat' dir='ltr'><strong>terra;</strong></span> <span class='ocrx_word' id='word_1_807' title='bbox 2122 3766 2270 3823; x_wconf 85' lang='lat' dir='ltr'><strong>dives</strong></span> <span class='ocrx_word' id='word_1_808' title='bbox 2301 3767 2465 3835; x_wconf 84' lang='lat' dir='ltr'><strong>Deus,</strong></span> <span class='ocrx_word' id='word_1_809' title='bbox 2491 3782 2688 3836; x_wconf 85' lang='lat' dir='ltr'><strong>pauper</strong></span> <span class='ocrx_word' id='word_1_810' title='bbox 2718 3768 2893 3823; x_wconf 87' lang='lat' dir='ltr'><strong>homo.</strong></span> <span class='ocrx_word' id='word_1_811' title='bbox 2927 3766 3038 3820; x_wconf 78' lang='lat' dir='ltr'><strong>[loc</strong></span> <span class='ocrx_word' id='word_1_812' title='bbox 3066 3773 3117 3821; x_wconf 85' lang='lat' dir='ltr'><strong>te</strong></span> <span class='ocrx_word' id='word_1_813' title='bbox 3143 3780 3268 3836; x_wconf 77' lang='lat' dir='ltr'><strong>ergo</strong></span> <span class='ocrx_word' id='word_1_814' title='bbox 3295 3767 3495 3831; x_wconf 80' lang='lat' dir='ltr'><strong>turbat,</strong></span> 
     </span>
    </p>
   </div>
   <div class='ocr_carea' id='block_1_100' title="bbox 1916 3846 3491 3930">
    <p class='ocr_par' dir='ltr' id='par_1_100' title="bbox 1916 3846 3491 3930">
     <span class='ocr_line' id='line_1_100' title="bbox 1916 3846 3491 3930; baseline 0.002 -20"><span class='ocrx_word' id='word_1_815' title='bbox 1916 3846 2056 3930; x_wconf 85' lang='lat' dir='ltr'><strong>quod</strong></span> <span class='ocrx_word' id='word_1_816' title='bbox 2099 3858 2368 3913; x_wconf 74' lang='lat' dir='ltr'><strong>hominem</strong></span> <span class='ocrx_word' id='word_1_817' title='bbox 2410 3858 2590 3923; x_wconf 76' lang='lat' dir='ltr'><strong>vides,</strong></span> <span class='ocrx_word' id='word_1_818' title='bbox 2629 3857 2768 3928; x_wconf 89' lang='lat' dir='ltr'><strong>quod</strong></span> <span class='ocrx_word' id='word_1_819' title='bbox 2807 3873 3019 3915; x_wconf 79' lang='lat' dir='ltr'><strong>carnem</strong></span> <span class='ocrx_word' id='word_1_820' title='bbox 3061 3858 3309 3925; x_wconf 86' lang='lat' dir='ltr'><strong>intueris,</strong></span> <span class='ocrx_word' id='word_1_821' title='bbox 3351 3861 3491 3929; x_wconf 82' lang='lat' dir='ltr'><strong>quod</strong></span> 
     </span>
    </p>
   </div>
   <div class='ocr_carea' id='block_1_101' title="bbox 1918 3947 3499 4021">
    <p class='ocr_par' dir='ltr' id='par_1_101' title="bbox 1918 3947 3499 4021">
     <span class='ocr_line' id='line_1_101' title="bbox 1918 3947 3499 4021; baseline 0.002 -21"><span class='ocrx_word' id='word_1_822' title='bbox 1918 3957 2139 4004; x_wconf 90' lang='lat' dir='ltr'><strong>mortem</strong></span> <span class='ocrx_word' id='word_1_823' title='bbox 2163 3949 2404 4021; x_wconf 87' lang='lat' dir='ltr'><strong>respicis,</strong></span> <span class='ocrx_word' id='word_1_824' title='bbox 2431 3949 2569 4018; x_wconf 90' lang='lat' dir='ltr'><strong>quod</strong></span> <span class='ocrx_word' id='word_1_825' title='bbox 2595 3963 2803 4003; x_wconf 89' lang='lat' dir='ltr'><strong>crucem</strong></span> <span class='ocrx_word' id='word_1_826' title='bbox 2833 3947 3059 4003; x_wconf 66' lang='lat' dir='ltr'><strong>irridcs‘?</strong></span> <span class='ocrx_word' id='word_1_827' title='bbox 3085 3949 3184 4004; x_wconf 87' lang='lat' dir='ltr'><strong>hoc</strong></span> <span class='ocrx_word' id='word_1_828' title='bbox 3210 3957 3259 4004; x_wconf 89' lang='lat' dir='ltr'><strong>te</strong></span> <span class='ocrx_word' id='word_1_829' title='bbox 3285 3949 3499 4006; x_wconf 79' lang='lat' dir='ltr'><strong>turbat?</strong></span> 
     </span>
    </p>
   </div>
   <div class='ocr_carea' id='block_1_102' title="bbox 1917 4038 3499 4113">
    <p class='ocr_par' dir='ltr' id='par_1_102' title="bbox 1917 4038 3499 4113">
     <span class='ocr_line' id='line_1_102' title="bbox 1917 4038 3499 4113; baseline 0.001 -18"><span class='ocrx_word' id='word_1_830' title='bbox 1917 4039 2154 4113; x_wconf 81' lang='lat' dir='ltr'><strong>Intellige</strong></span> <span class='ocrx_word' id='word_1_831' title='bbox 2192 4055 2352 4111; x_wconf 89' lang='lat' dir='ltr'><strong>super</strong></span> <span class='ocrx_word' id='word_1_832' title='bbox 2388 4055 2611 4110; x_wconf 82' lang='lat' dir='ltr'><strong>egenum</strong></span> <span class='ocrx_word' id='word_1_833' title='bbox 2647 4049 2699 4094; x_wconf 88' lang='lat' dir='ltr'><strong>et</strong></span> <span class='ocrx_word' id='word_1_834' title='bbox 2740 4053 3045 4110; x_wconf 86' lang='lat' dir='ltr'><strong>pauperem.</strong></span> <span class='ocrx_word' id='word_1_835' title='bbox 3082 4038 3215 4107; x_wconf 88' lang='lat' dir='ltr'><strong>Quid</strong></span> <span class='ocrx_word' id='word_1_836' title='bbox 3245 4040 3499 4097; x_wconf 81' lang='lat' dir='ltr'><strong>esthoc?</strong></span> 
     </span>
    </p>
   </div>
   <div class='ocr_carea' id='block_1_103' title="bbox 1918 4129 3497 4204">
    <p class='ocr_par' dir='ltr' id='par_1_103' title="bbox 1918 4129 3497 4204">
     <span class='ocr_line' id='line_1_103' title="bbox 1918 4129 3497 4204; baseline 0.002 -16"><span class='ocrx_word' id='word_1_837' title='bbox 1918 4132 2179 4204; x_wconf 82' lang='lat' dir='ltr'><strong>lntcllige,</strong></span> <span class='ocrx_word' id='word_1_838' title='bbox 2202 4133 2318 4202; x_wconf 90' lang='lat' dir='ltr'><strong>quia</strong></span> <span class='ocrx_word' id='word_1_839' title='bbox 2346 4132 2431 4185; x_wconf 90' lang='lat' dir='ltr'><strong>ubi</strong></span> <span class='ocrx_word' id='word_1_840' title='bbox 2463 4132 2553 4186; x_wconf 83' lang='lat' dir='ltr'><strong>tibi</strong></span> <span class='ocrx_word' id='word_1_841' title='bbox 2578 4132 2813 4201; x_wconf 71' lang='lat' dir='ltr'><strong>exposita</strong></span> <span class='ocrx_word' id='word_1_842' title='bbox 2840 4139 2922 4185; x_wconf 83' lang='lat' dir='ltr'><strong>est</strong></span> <span class='ocrx_word' id='word_1_843' title='bbox 2945 4129 3243 4198; x_wconf 78' lang='lat' dir='ltr'><strong>inﬁrmitas,</strong></span> <span class='ocrx_word' id='word_1_844' title='bbox 3268 4132 3340 4188; x_wconf 85' lang='lat' dir='ltr'><strong>ibi</strong></span> <span class='ocrx_word' id='word_1_845' title='bbox 3367 4133 3497 4191; x_wconf 75' lang='lat' dir='ltr'><strong>latet</strong></span> 
     </span>
    </p>
   </div>
   <div class='ocr_carea' id='block_1_104' title="bbox 1917 4222 3494 4293">
    <p class='ocr_par' dir='ltr' id='par_1_104' title="bbox 1917 4222 3494 4293">
     <span class='ocr_line' id='line_1_104' title="bbox 1917 4222 3494 4293; baseline -0.002 -11"><span class='ocrx_word' id='word_1_846' title='bbox 1917 4225 2181 4282; x_wconf 88' lang='lat' dir='ltr'><strong>divinitas.</strong></span> <span class='ocrx_word' id='word_1_847' title='bbox 2214 4224 2389 4288; x_wconf 85' lang='lat' dir='ltr'><strong>Dives,</strong></span> <span class='ocrx_word' id='word_1_848' title='bbox 2421 4224 2540 4293; x_wconf 87' lang='lat' dir='ltr'><strong>quia</strong></span> <span class='ocrx_word' id='word_1_849' title='bbox 2571 4224 2648 4279; x_wconf 91' lang='lat' dir='ltr'><strong>sic</strong></span> <span class='ocrx_word' id='word_1_850' title='bbox 2673 4223 3028 4292; x_wconf 81' lang='lat' dir='ltr'><strong>cst;’pauper,</strong></span> <span class='ocrx_word' id='word_1_851' title='bbox 3056 4222 3175 4292; x_wconf 83' lang='lat' dir='ltr'><strong>quia</strong></span> <span class='ocrx_word' id='word_1_852' title='bbox 3197 4222 3305 4291; x_wconf 89' lang='lat' dir='ltr'><strong>jam</strong></span> <span class='ocrx_word' id='word_1_853' title='bbox 3333 4232 3389 4278; x_wconf 91' lang='lat' dir='ltr'><strong>tu</strong></span> <span class='ocrx_word' id='word_1_854' title='bbox 3415 4225 3494 4279; x_wconf 79' lang='lat' dir='ltr'><strong>sit:</strong></span> 
     </span>
    </p>
   </div>
   <div class='ocr_carea' id='block_1_105' title="bbox 1918 4312 3499 4385">
    <p class='ocr_par' dir='ltr' id='par_1_105' title="bbox 1918 4312 3499 4385">
     <span class='ocr_line' id='line_1_105' title="bbox 1918 4312 3499 4385; baseline -0.003 -13"><span class='ocrx_word' id='word_1_855' title='bbox 1918 4331 2057 4373; x_wconf 89' lang='lat' dir='ltr'><strong>eras.</strong></span> <span class='ocrx_word' id='word_1_856' title='bbox 2080 4316 2184 4371; x_wconf 89' lang='lat' dir='ltr'><strong>Sed</strong></span> <span class='ocrx_word' id='word_1_857' title='bbox 2205 4325 2378 4370; x_wconf 88' lang='lat' dir='ltr'><strong>tamen</strong></span> <span class='ocrx_word' id='word_1_858' title='bbox 2402 4325 2682 4385; x_wconf 87' lang='lat' dir='ltr'><strong>paupertas</strong></span> <span class='ocrx_word' id='word_1_859' title='bbox 2702 4315 2885 4384; x_wconf 86' lang='lat' dir='ltr'><strong>ipsius,</strong></span> <span class='ocrx_word' id='word_1_860' title='bbox 2904 4312 3098 4369; x_wconf 73' lang='lat' dir='ltr'><strong>divitiae</strong></span> <span class='ocrx_word' id='word_1_861' title='bbox 3119 4323 3315 4369; x_wconf 82' lang='lat' dir='ltr'><strong>nostrae</strong></span> <span class='ocrx_word' id='word_1_862' title='bbox 3335 4326 3451 4371; x_wconf 91' lang='lat' dir='ltr'><strong>sunt</strong></span> <span class='ocrx_word' id='word_1_863' title='bbox 3478 4330 3499 4368; x_wconf 86' lang='lat'><strong>:</strong></span> 
     </span>
    </p>
   </div>
   <div class='ocr_carea' id='block_1_106' title="bbox 1918 4406 3495 4482">
    <p class='ocr_par' dir='ltr' id='par_1_106' title="bbox 1918 4406 3495 4482">
     <span class='ocr_line' id='line_1_106' title="bbox 1918 4406 3495 4482; baseline -0.003 -18"><span class='ocrx_word' id='word_1_864' title='bbox 1918 4409 2182 4482; x_wconf 86' lang='lat' dir='ltr'><strong>quomodo</strong></span> <span class='ocrx_word' id='word_1_865' title='bbox 2210 4408 2491 4464; x_wconf 85' lang='lat' dir='ltr'><strong>inﬁrmitas</strong></span> <span class='ocrx_word' id='word_1_866' title='bbox 2531 4407 2693 4477; x_wconf 85' lang='lat' dir='ltr'><strong>ipsius</strong></span> <span class='ocrx_word' id='word_1_867' title='bbox 2728 4406 2981 4461; x_wconf 80' lang='lat' dir='ltr'><strong>fortitudo</strong></span> <span class='ocrx_word' id='word_1_868' title='bbox 3009 4415 3190 4462; x_wconf 89' lang='lat' dir='ltr'><strong>nostra</strong></span> <span class='ocrx_word' id='word_1_869' title='bbox 3216 4417 3329 4471; x_wconf 81' lang='lat' dir='ltr'><strong>est;</strong></span> <span class='ocrx_word' id='word_1_870' title='bbox 3355 4421 3495 4477; x_wconf 84' lang='lat' dir='ltr'><strong>quo-</strong></span> 
     </span>
    </p>
   </div>
   <div class='ocr_carea' id='block_1_107' title="bbox 1919 4496 3497 4570">
    <p class='ocr_par' dir='ltr' id='par_1_107' title="bbox 1919 4496 3497 4570">
     <span class='ocr_line' id='line_1_107' title="bbox 1919 4496 3497 4570; baseline -0.004 -14"><span class='ocrx_word' id='word_1_871' title='bbox 1919 4501 2078 4556; x_wconf 90' lang='lat' dir='ltr'><strong>modo</strong></span> <span class='ocrx_word' id='word_1_872' title='bbox 2119 4501 2339 4555; x_wconf 88' lang='lat' dir='ltr'><strong>stultum</strong></span> <span class='ocrx_word' id='word_1_873' title='bbox 2384 4499 2550 4570; x_wconf 88' lang='lat' dir='ltr'><strong>ipsius</strong></span> <span class='ocrx_word' id='word_1_874' title='bbox 2583 4499 2837 4569; x_wconf 87' lang='lat' dir='ltr'><strong>sapientia</strong></span> <span class='ocrx_word' id='word_1_875' title='bbox 2874 4506 3049 4552; x_wconf 82' lang='lat' dir='ltr'><strong>nostra</strong></span> <span class='ocrx_word' id='word_1_876' title='bbox 3085 4506 3197 4562; x_wconf 90' lang='lat' dir='ltr'><strong>est;</strong></span> <span class='ocrx_word' id='word_1_877' title='bbox 3228 4496 3497 4566; x_wconf 82' lang='lat' dir='ltr'><strong>quomodo</strong></span> 
     </span>
    </p>
   </div>
   <div class='ocr_carea' id='block_1_108' title="bbox 1919 4586 3491 4663">
    <p class='ocr_par' dir='ltr' id='par_1_108' title="bbox 1919 4586 3491 4663">
     <span class='ocr_line' id='line_1_108' title="bbox 1919 4586 3491 4663; baseline -0.004 -14"><span class='ocrx_word' id='word_1_878' title='bbox 1919 4595 2210 4649; x_wconf 85' lang='lat' dir='ltr'><strong>mortalitas</strong></span> <span class='ocrx_word' id='word_1_879' title='bbox 2248 4592 2409 4663; x_wconf 88' lang='lat' dir='ltr'><strong>ipsius</strong></span> <span class='ocrx_word' id='word_1_880' title='bbox 2429 4635 2444 4660; x_wconf 96' lang='lat'><strong>,</strong></span> <span class='ocrx_word' id='word_1_881' title='bbox 2488 4591 2854 4647; x_wconf 82' lang='lat' dir='ltr'><strong>immortalitas</strong></span> <span class='ocrx_word' id='word_1_882' title='bbox 2896 4596 3074 4644; x_wconf 89' lang='lat' dir='ltr'><strong>nostra</strong></span> <span class='ocrx_word' id='word_1_883' title='bbox 3107 4597 3188 4643; x_wconf 88' lang='lat' dir='ltr'><strong>est</strong></span> <span class='ocrx_word' id='word_1_884' title='bbox 3212 4588 3263 4661; x_wconf 91' lang='grc' dir='ltr'><strong>(ι</strong></span> <span class='ocrx_word' id='word_1_885' title='bbox 3291 4586 3409 4642; x_wconf 82' lang='lat' dir='ltr'><strong>Cor.</strong></span> <span class='ocrx_word' id='word_1_886' title='bbox 3438 4605 3491 4655; x_wconf 91' lang='grc' dir='ltr'><strong>ι,</strong></span> 
     </span>
    </p>
   </div>
   <div class='ocr_carea' id='block_1_109' title="bbox 1921 4677 3493 4756">
    <p class='ocr_par' dir='ltr' id='par_1_109' title="bbox 1921 4677 3493 4756">
     <span class='ocr_line' id='line_1_109' title="bbox 1921 4677 3493 4756; baseline -0.004 -14"><span class='ocrx_word' id='word_1_887' title='bbox 1921 4686 2029 4756; x_wconf 76' lang='grc'><strong>50).</strong></span> <span class='ocrx_word' id='word_1_888' title='bbox 2059 4684 2194 4752; x_wconf 90' lang='lat' dir='ltr'><strong>Quid</strong></span> <span class='ocrx_word' id='word_1_889' title='bbox 2224 4685 2292 4739; x_wconf 89' lang='lat' dir='ltr'><strong>sit</strong></span> <span class='ocrx_word' id='word_1_890' title='bbox 2331 4698 2547 4754; x_wconf 87' lang='lat' dir='ltr'><strong>pauper,</strong></span> <span class='ocrx_word' id='word_1_891' title='bbox 2579 4681 2794 4737; x_wconf 85' lang='lat' dir='ltr'><strong>attende</strong></span> <span class='ocrx_word' id='word_1_892' title='bbox 2823 4698 2838 4735; x_wconf 93' lang='lat'><strong>:</strong></span> <span class='ocrx_word' id='word_1_893' title='bbox 2871 4694 2974 4734; x_wconf 91' lang='lat' dir='ltr'><strong>non</strong></span> <span class='ocrx_word' id='word_1_894' title='bbox 3003 4694 3122 4743; x_wconf 85' lang='lat' dir='ltr'><strong>eum</strong></span> <span class='ocrx_word' id='word_1_895' title='bbox 3158 4693 3227 4733; x_wconf 73' lang='lat' dir='ltr'><strong>ex</strong></span> <span class='ocrx_word' id='word_1_896' title='bbox 3263 4677 3493 4735; x_wconf 83' lang='lat' dir='ltr'><strong>aliorum</strong></span> 
     </span>
    </p>
   </div>
   <div class='ocr_carea' id='block_1_110' title="bbox 1954 4786 3497 4857">
    <p class='ocr_par' dir='ltr' id='par_1_110' title="bbox 1954 4786 3497 4857">
     <span class='ocr_line' id='line_1_110' title="bbox 1954 4786 3497 4857; baseline -0.005 -11"><span class='ocrx_word' id='word_1_897' title='bbox 1954 4788 2002 4829; x_wconf 73' lang='grc' dir='ltr'><strong>’ί</strong></span> <span class='ocrx_word' id='word_1_898' title='bbox 2026 4786 2099 4846; x_wconf 88' lang='lat' dir='ltr'><strong>sic</strong></span> <span class='ocrx_word' id='word_1_899' title='bbox 2143 4804 2249 4846; x_wconf 74' lang='lat' dir='ltr'><strong>Mss.</strong></span> <span class='ocrx_word' id='word_1_900' title='bbox 2295 4803 2351 4846; x_wconf 81' lang='lat' dir='ltr'><strong>At</strong></span> <span class='ocrx_word' id='word_1_901' title='bbox 2393 4794 2525 4857; x_wconf 82' lang='lat' dir='ltr'><strong>Edd.,</strong></span> <span class='ocrx_word' id='word_1_902' title='bbox 2573 4793 2750 4856; x_wconf 76' lang='lat' dir='ltr'><strong>eﬂ&#39;usus</strong></span> <span class='ocrx_word' id='word_1_903' title='bbox 2806 4787 3110 4843; x_wconf 80' lang='lat' dir='ltr'><strong>seminatione</strong></span> <span class='ocrx_word' id='word_1_904' title='bbox 3154 4802 3173 4840; x_wconf 91' lang='lat'><strong><em>:</em></strong></span> <span class='ocrx_word' id='word_1_905' title='bbox 3220 4789 3418 4845; x_wconf 73' lang='lat' dir='ltr'><strong>accessit</strong></span> <span class='ocrx_word' id='word_1_906' title='bbox 3448 4796 3497 4844; x_wconf 84' lang='lat' dir='ltr'><strong>et</strong></span> 
     </span>
    </p>
   </div>
   <div class='ocr_carea' id='block_1_111' title="bbox 1920 4866 3500 4990">
    <p class='ocr_par' dir='ltr' id='par_1_111' title="bbox 1920 4866 3500 4990">
     <span class='ocr_line' id='line_1_111' title="bbox 1920 4866 3500 4990; baseline 0 0"><span class='ocrx_word' id='word_1_907' title='bbox 1920 4871 2066 4990; x_wconf 60' lang='lat' dir='ltr'><strong>’T’i’ii</strong></span> <span class='ocrx_word' id='word_1_908' title='bbox 2088 4866 2244 4990; x_wconf 54' lang='grc' dir='ltr'><strong>εθῗιὶιη</strong></span> <span class='ocrx_word' id='word_1_909' title='bbox 2266 4918 2493 4990; x_wconf 60' lang='lat' dir='ltr'><strong>viderem</strong></span> <span class='ocrx_word' id='word_1_910' title='bbox 2512 4932 2535 4960; x_wconf 66' lang='grc' dir='ltr'><strong>ν</strong></span> <span class='ocrx_word' id='word_1_911' title='bbox 2566 4915 2754 4990; x_wconf 46' lang='lat' dir='ltr'><strong>Pegasi,</strong></span> <span class='ocrx_word' id='word_1_912' title='bbox 2769 4913 3407 4990; x_wconf 54' lang='lat' dir='ltr'><strong>.iP‘iil‘FAPB‘iﬁE‘PFEFP§P-</strong></span> <span class='ocrx_word' id='word_1_913' title='bbox 3428 4914 3500 4990; x_wconf 59' lang='lat' dir='ltr'><strong>t8</strong></span> 
     </span>
    </p>
   </div>
   <div class='ocr_carea' id='block_1_112' title="bbox 1920 4976 3571 5041">
    <p class='ocr_par' dir='ltr' id='par_1_112' title="bbox 1920 4976 3571 5041">
     <span class='ocr_line' id='line_1_112' title="bbox 1920 4976 3571 5041; baseline -0.009 -11"><span class='ocrx_word' id='word_1_914' title='bbox 1920 4976 2203 5030; x_wconf 52' lang='lat' dir='ltr'><strong>de&#39;tzivitatc</strong></span> <span class='ocrx_word' id='word_1_915' title='bbox 2226 4982 2329 5037; x_wconf 87' lang='lat' dir='ltr'><strong>Dei,</strong></span> <span class='ocrx_word' id='word_1_916' title='bbox 2352 4992 2395 5027; x_wconf 91' lang='lat' dir='ltr'><strong>c.</strong></span> <span class='ocrx_word' id='word_1_917' title='bbox 2421 4978 2502 5037; x_wconf 77' lang='lat'><strong>53,</strong></span> <span class='ocrx_word' id='word_1_918' title='bbox 2522 4976 2656 5029; x_wconf 67' lang='lat' dir='ltr'><strong>«nec</strong></span> <span class='ocrx_word' id='word_1_919' title='bbox 2677 4982 2745 5041; x_wconf 76' lang='lat' dir='ltr'><strong>tot</strong></span> <span class='ocrx_word' id='word_1_920' title='bbox 2768 4976 3011 5038; x_wconf 77' lang='lat' dir='ltr'><strong>tantisque</strong></span> <span class='ocrx_word' id='word_1_921' title='bbox 3026 4976 3442 5041; x_wconf 62' lang='lat' dir='ltr'><strong>persecutionist</strong></span> <span class='ocrx_word' id='word_1_922' title='bbox 3468 4994 3492 5016; x_wconf 72' lang='grc' dir='ltr'><strong>ιι</strong></span> <span class='ocrx_word' id='word_1_923' title='bbox 3568 5038 3571 5041; x_wconf 13' lang='grc' dir='ltr'>Ἴ</span> 
     </span>
    </p>
   </div>
   <div class='ocr_carea' id='block_1_113' title="bbox 1922 5037 3489 5101">
    <p class='ocr_par' dir='ltr' id='par_1_113' title="bbox 1922 5037 3489 5101">
     <span class='ocr_line' id='line_1_113' title="bbox 1922 5037 3489 5101; baseline -0.006 -9"><span class='ocrx_word' id='word_1_924' title='bbox 1922 5043 2226 5095; x_wconf 86' lang='lat' dir='ltr'><strong>cbristianam</strong></span> <span class='ocrx_word' id='word_1_925' title='bbox 2246 5041 2535 5101; x_wconf 82' lang='lat' dir='ltr'><strong>religionem</strong></span> <span class='ocrx_word' id='word_1_926' title='bbox 2566 5056 2588 5083; x_wconf 74' lang='grc' dir='ltr'><strong>α</strong></span> <span class='ocrx_word' id='word_1_927' title='bbox 2612 5038 2825 5099; x_wconf 87' lang='lat' dir='ltr'><strong>potuisse</strong></span> <span class='ocrx_word' id='word_1_928' title='bbox 2859 5038 3094 5101; x_wconf 84' lang='lat' dir='ltr'><strong>consumi,</strong></span> <span class='ocrx_word' id='word_1_929' title='bbox 3120 5037 3210 5087; x_wconf 86' lang='lat' dir='ltr'><strong>sed</strong></span> <span class='ocrx_word' id='word_1_930' title='bbox 3236 5037 3315 5101; x_wconf 85' lang='lat' dir='ltr'><strong>his</strong></span> <span class='ocrx_word' id='word_1_931' title='bbox 3336 5037 3489 5099; x_wconf 83' lang='lat' dir='ltr'><strong>potius</strong></span> 
     </span>
    </p>
   </div>
   <div class='ocr_carea' id='block_1_114' title="bbox 1931 5099 3502 5161">
    <p class='ocr_par' dir='ltr' id='par_1_114' title="bbox 1931 5099 3502 5161">
     <span class='ocr_line' id='line_1_114' title="bbox 1931 5099 3502 5161; baseline -0.003 -12"><span class='ocrx_word' id='word_1_932' title='bbox 1931 5121 1953 5149; x_wconf 71' lang='lat' dir='ltr'><strong>ci</strong></span> <span class='ocrx_word' id='word_1_933' title='bbox 1976 5106 2092 5152; x_wconf 88' lang='lat' dir='ltr'><strong>mira</strong></span> <span class='ocrx_word' id='word_1_934' title='bbox 2118 5099 2415 5152; x_wconf 78' lang='lat' dir='ltr'><strong>incrementa</strong></span> <span class='ocrx_word' id='word_1_935' title='bbox 2436 5102 2718 5161; x_wconf 85' lang='lat' dir='ltr'><strong>sumpsisse,</strong></span> <span class='ocrx_word' id='word_1_936' title='bbox 2744 5099 3142 5161; x_wconf 70' lang='lat' dir='ltr'><strong>excogitaverunt</strong></span> <span class='ocrx_word' id='word_1_937' title='bbox 3162 5100 3331 5161; x_wconf 72' lang='lat' dir='ltr'><strong>nescio</strong></span> <span class='ocrx_word' id='word_1_938' title='bbox 3377 5108 3502 5158; x_wconf 88' lang='lat' dir='ltr'><strong>quos</strong></span> 
     </span>
    </p>
   </div>
   <div class='ocr_carea' id='block_1_115' title="bbox 1931 5158 3494 5225">
    <p class='ocr_par' dir='ltr' id='par_1_115' title="bbox 1931 5158 3494 5225">
     <span class='ocr_line' id='line_1_115' title="bbox 1931 5158 3494 5225; baseline -0.003 -13"><span class='ocrx_word' id='word_1_939' title='bbox 1931 5184 1953 5212; x_wconf 72' lang='grc' dir='ltr'><strong>ς</strong></span> <span class='ocrx_word' id='word_1_940' title='bbox 1976 5177 2148 5215; x_wconf 85' lang='lat' dir='ltr'><strong>versus</strong></span> <span class='ocrx_word' id='word_1_941' title='bbox 2169 5176 2370 5225; x_wconf 64' lang='lat' dir='ltr'><strong>graecos,</strong></span> <span class='ocrx_word' id='word_1_942' title='bbox 2412 5158 2637 5223; x_wconf 80' lang='lat' dir='ltr'><strong>tanquam</strong></span> <span class='ocrx_word' id='word_1_943' title='bbox 2659 5158 2932 5225; x_wconf 59' lang='lat' dir='ltr'><strong>consulenti</strong></span> <span class='ocrx_word' id='word_1_944' title='bbox 2969 5160 3175 5225; x_wconf 75' lang='lat' dir='ltr'><strong>cuidam,</strong></span> <span class='ocrx_word' id='word_1_945' title='bbox 3206 5159 3279 5225; x_wconf 65' lang='lat' dir='ltr'><strong>div</strong></span> <span class='ocrx_word' id='word_1_946' title='bbox 3290 5161 3369 5225; x_wconf 81' lang='lat' dir='ltr'><strong>ino</strong></span> <span class='ocrx_word' id='word_1_947' title='bbox 3390 5172 3494 5208; x_wconf 84' lang='lat' dir='ltr'><strong>ora-</strong></span> 
     </span>
    </p>
   </div>
   <div class='ocr_carea' id='block_1_116' title="bbox 1932 5220 3493 5284">
    <p class='ocr_par' dir='ltr' id='par_1_116' title="bbox 1932 5220 3493 5284">
     <span class='ocr_line' id='line_1_116' title="bbox 1932 5220 3493 5284; baseline -0.003 -11"><span class='ocrx_word' id='word_1_948' title='bbox 1932 5245 1953 5273; x_wconf 74' lang='lat'><strong>¢</strong></span> <span class='ocrx_word' id='word_1_949' title='bbox 1975 5228 2085 5275; x_wconf 86' lang='lat' dir='ltr'><strong>culo</strong></span> <span class='ocrx_word' id='word_1_950' title='bbox 2104 5220 2299 5277; x_wconf 73' lang='lat' dir='ltr'><strong>effusos.</strong></span> <span class='ocrx_word' id='word_1_951' title='bbox 2318 5220 2463 5273; x_wconf 82' lang='lat' dir='ltr'><strong>ubi...</strong></span> <span class='ocrx_word' id='word_1_952' title='bbox 2490 5220 2681 5272; x_wconf 76' lang='lat' dir='ltr'><strong>Petrum</strong></span> <span class='ocrx_word' id='word_1_953' title='bbox 2717 5220 2965 5270; x_wconf 82' lang='lat' dir='ltr'><strong>maleﬁciis</strong></span> <span class='ocrx_word' id='word_1_954' title='bbox 2996 5220 3067 5271; x_wconf 82' lang='lat' dir='ltr'><strong>fet</strong></span> <span class='ocrx_word' id='word_1_955' title='bbox 3077 5222 3171 5271; x_wconf 85' lang='lat' dir='ltr'><strong>isse</strong></span> <span class='ocrx_word' id='word_1_956' title='bbox 3194 5222 3493 5284; x_wconf 62' lang='lat' dir='ltr'><strong>subiungunt</strong></span> 
     </span>
    </p>
   </div>
   <div class='ocr_carea' id='block_1_117' title="bbox 1931 5283 3494 5346">
    <p class='ocr_par' dir='ltr' id='par_1_117' title="bbox 1931 5283 3494 5346">
     <span class='ocr_line' id='line_1_117' title="bbox 1931 5283 3494 5346; baseline -0.003 -12"><span class='ocrx_word' id='word_1_957' title='bbox 1931 5304 1953 5334; x_wconf 79' lang='lat' dir='ltr'><strong>tt</strong></span> <span class='ocrx_word' id='word_1_958' title='bbox 1975 5296 2030 5336; x_wconf 91' lang='lat' dir='ltr'><strong>ut</strong></span> <span class='ocrx_word' id='word_1_959' title='bbox 2050 5286 2294 5338; x_wconf 81' lang='lat' dir='ltr'><strong>coleretur</strong></span> <span class='ocrx_word' id='word_1_960' title='bbox 2316 5285 2483 5333; x_wconf 85' lang='lat' dir='ltr'><strong>Christi</strong></span> <span class='ocrx_word' id='word_1_961' title='bbox 2503 5297 2677 5346; x_wconf 86' lang='lat' dir='ltr'><strong>nomen</strong></span> <span class='ocrx_word' id='word_1_962' title='bbox 2704 5297 2790 5346; x_wconf 89' lang='lat' dir='ltr'><strong>per</strong></span> <span class='ocrx_word' id='word_1_963' title='bbox 2815 5290 3064 5332; x_wconf 86' lang='lat' dir='ltr'><strong>trecentos</strong></span> <span class='ocrx_word' id='word_1_964' title='bbox 3082 5285 3333 5344; x_wconf 84' lang='lat' dir='ltr'><strong>sexaginta</strong></span> <span class='ocrx_word' id='word_1_965' title='bbox 3355 5283 3494 5344; x_wconf 82' lang='lat' dir='ltr'><strong>quin-</strong></span> 
     </span>
    </p>
   </div>
   <div class='ocr_carea' id='block_1_118' title="bbox 1930 5345 3497 5421">
    <p class='ocr_par' dir='ltr' id='par_1_118' title="bbox 1930 5345 3497 5421">
     <span class='ocr_line' id='line_1_118' title="bbox 1930 5345 3497 5421; baseline -0.004 -24"><span class='ocrx_word' id='word_1_966' title='bbox 1930 5368 1953 5397; x_wconf 71' lang='grc' dir='ltr'><strong>«ι</strong></span> <span class='ocrx_word' id='word_1_967' title='bbox 1974 5363 2072 5421; x_wconf 79' lang='lat' dir='ltr'><strong>que</strong></span> <span class='ocrx_word' id='word_1_968' title='bbox 2094 5361 2259 5406; x_wconf 82' lang='lat' dir='ltr'><strong>annos,</strong></span> <span class='ocrx_word' id='word_1_969' title='bbox 2281 5346 2461 5395; x_wconf 84' lang='lat' dir='ltr'><strong>deinde</strong></span> <span class='ocrx_word' id='word_1_970' title='bbox 2491 5345 2734 5421; x_wconf 64' lang='lat' dir='ltr'><strong>completo</strong></span> <span class='ocrx_word' id='word_1_971' title='bbox 2751 5352 3015 5421; x_wconf 67' lang='lat' dir='ltr'><strong>memorato</strong></span> <span class='ocrx_word' id='word_1_972' title='bbox 3036 5357 3241 5421; x_wconf 43' lang='lat' dir='ltr'><strong>numero.</strong></span> <span class='ocrx_word' id='word_1_973' title='bbox 3261 5356 3497 5421; x_wconf 42' lang='lat' dir='ltr'><strong>aurigauit:</strong></span> 
     </span>
    </p>
   </div>
   <div class='ocr_carea' id='block_1_119' title="bbox 1932 5404 3491 5459">
    <p class='ocr_par' dir='ltr' id='par_1_119' title="bbox 1932 5404 3491 5459">
     <span class='ocr_line' id='line_1_119' title="bbox 1932 5404 3491 5459; baseline -0.004 0"><span class='ocrx_word' id='word_1_974' title='bbox 1932 5427 1954 5459; x_wconf 73' lang='grc' dir='ltr'>ι</span> <span class='ocrx_word' id='word_1_975' title='bbox 1974 5404 2082 5459; x_wconf 78' lang='lat' dir='ltr'><strong>sine</strong></span> <span class='ocrx_word' id='word_1_976' title='bbox 2122 5404 2254 5459; x_wconf 87' lang='lat' dir='ltr'><strong>mora</strong></span> <span class='ocrx_word' id='word_1_977' title='bbox 2282 5416 2503 5459; x_wconf 87' lang='lat' dir='ltr'><strong>sumeret</strong></span> <span class='ocrx_word' id='word_1_978' title='bbox 2542 5404 2708 5457; x_wconf 76' lang='lat' dir='ltr'><strong>tinem.</strong></span> <span class='ocrx_word' id='word_1_979' title='bbox 2745 5422 2767 5451; x_wconf 70' lang='grc' dir='ltr'><strong>ιθ</strong></span> <span class='ocrx_word' id='word_1_980' title='bbox 2797 5414 2971 5455; x_wconf 68' lang='lat' dir='ltr'><strong>verum</strong></span> <span class='ocrx_word' id='word_1_981' title='bbox 2994 5420 3119 5459; x_wconf 83' lang='lat' dir='ltr'><strong>anno</strong></span> <span class='ocrx_word' id='word_1_982' title='bbox 3139 5405 3307 5459; x_wconf 84' lang='lat' dir='ltr'><strong>Christi</strong></span> <span class='ocrx_word' id='word_1_983' title='bbox 3329 5404 3420 5454; x_wconf 79' lang='lat'><strong>399</strong></span> <span class='ocrx_word' id='word_1_984' title='bbox 3440 5405 3491 5452; x_wconf 91' lang='lat' dir='ltr'><strong>in</strong></span> 
     </span>
    </p>
   </div>
   <div class='ocr_carea' id='block_1_120' title="bbox 1923 5468 3488 5534">
    <p class='ocr_par' dir='ltr' id='par_1_120' title="bbox 1923 5468 3488 5534">
     <span class='ocr_line' id='line_1_120' title="bbox 1923 5468 3488 5534; baseline -0.006 -14"><span class='ocrx_word' id='word_1_985' title='bbox 1923 5484 2021 5533; x_wconf 79' lang='lat' dir='ltr'><strong>quo</strong></span> <span class='ocrx_word' id='word_1_986' title='bbox 2054 5471 2307 5534; x_wconf 70' lang='lat' dir='ltr'><strong>praedictus</strong></span> <span class='ocrx_word' id='word_1_987' title='bbox 2327 5482 2559 5534; x_wconf 84' lang='lat' dir='ltr'><strong>annorum</strong></span> <span class='ocrx_word' id='word_1_988' title='bbox 2601 5480 2848 5534; x_wconf 76' lang='lat' dir='ltr'><strong>numerus.</strong></span> <span class='ocrx_word' id='word_1_989' title='bbox 2878 5468 2916 5515; x_wconf 82' lang='lat' dir='ltr'><strong>si</strong></span> <span class='ocrx_word' id='word_1_990' title='bbox 2942 5480 2970 5515; x_wconf 91' lang='lat' dir='ltr'><strong>a</strong></span> <span class='ocrx_word' id='word_1_991' title='bbox 2994 5468 3118 5516; x_wconf 87' lang='lat' dir='ltr'><strong>Petri</strong></span> <span class='ocrx_word' id='word_1_992' title='bbox 3142 5468 3190 5514; x_wconf 87' lang='lat' dir='ltr'><strong>iu</strong></span> <span class='ocrx_word' id='word_1_993' title='bbox 3210 5468 3289 5534; x_wconf 70' lang='lat' dir='ltr'><strong>die</strong></span> <span class='ocrx_word' id='word_1_994' title='bbox 3312 5471 3488 5534; x_wconf 73' lang='lat' dir='ltr'><strong>Pente-</strong></span> 
     </span>
    </p>
   </div>
   <div class='ocr_carea' id='block_1_121' title="bbox 1921 5525 3492 5593">
    <p class='ocr_par' dir='ltr' id='par_1_121' title="bbox 1921 5525 3492 5593">
     <span class='ocr_line' id='line_1_121' title="bbox 1921 5525 3492 5593; baseline -0.006 -10"><span class='ocrx_word' id='word_1_995' title='bbox 2108 5533 2444 5593; x_wconf 73' lang='lat' dir='ltr'><strong>przedicatioue</strong></span> <span class='ocrx_word' id='word_1_996' title='bbox 2465 5537 2784 5593; x_wconf 83' lang='lat' dir='ltr'><strong>computatur,</strong></span> <span class='ocrx_word' id='word_1_997' title='bbox 2804 5530 3037 5593; x_wconf 68' lang='lat' dir='ltr'><strong>domuere</strong></span> <span class='ocrx_word' id='word_1_998' title='bbox 3059 5528 3342 5593; x_wconf 83' lang='lat' dir='ltr'><strong>ostenditur,</strong></span> <span class='ocrx_word' id='word_1_999' title='bbox 3366 5525 3492 5574; x_wconf 87' lang='lat' dir='ltr'><strong>adeo</strong></span> 
     </span>
    </p>
   </div>
   <div class='ocr_carea' id='block_1_122' title="bbox 1918 5589 3491 5649">
    <p class='ocr_par' dir='ltr' id='par_1_122' title="bbox 1918 5589 3491 5649">
     <span class='ocr_line' id='line_1_122' title="bbox 1918 5589 3491 5649; baseline -0.006 -6"><span class='ocrx_word' id='word_1_1000' title='bbox 1918 5606 2015 5643; x_wconf 76' lang='lat' dir='ltr'><strong>nan</strong></span> <span class='ocrx_word' id='word_1_1001' title='bbox 2039 5589 2219 5643; x_wconf 74' lang='lat' dir='ltr'><strong>deiecit</strong></span> <span class='ocrx_word' id='word_1_1002' title='bbox 2238 5593 2396 5642; x_wconf 86' lang='lat' dir='ltr'><strong>cultus</strong></span> <span class='ocrx_word' id='word_1_1003' title='bbox 2418 5589 2623 5642; x_wconf 76' lang='lat' dir='ltr'><strong>nominis</strong></span> <span class='ocrx_word' id='word_1_1004' title='bbox 2642 5592 2831 5649; x_wconf 84' lang='lat' dir='ltr'><strong>Christi,</strong></span> <span class='ocrx_word' id='word_1_1005' title='bbox 2859 5597 2913 5638; x_wconf 89' lang='lat' dir='ltr'><strong>ut</strong></span> <span class='ocrx_word' id='word_1_1006' title='bbox 2945 5589 3057 5638; x_wconf 89' lang='lat' dir='ltr'><strong>inde</strong></span> <span class='ocrx_word' id='word_1_1007' title='bbox 3092 5590 3317 5647; x_wconf 80' lang='lat' dir='ltr'><strong>maxime,</strong></span> <span class='ocrx_word' id='word_1_1008' title='bbox 3346 5597 3491 5649; x_wconf 82' lang='lat' dir='ltr'><strong>ever-</strong></span> 
     </span>
    </p>
   </div>
   <div class='ocr_carea' id='block_1_123' title="bbox 1921 5645 3488 5721">
    <p class='ocr_par' dir='ltr' id='par_1_123' title="bbox 1921 5645 3488 5721">
     <span class='ocr_line' id='line_1_123' title="bbox 1921 5645 3488 5721; baseline -0.004 -14"><span class='ocrx_word' id='word_1_1009' title='bbox 1921 5668 2006 5721; x_wconf 66' lang='lat' dir='ltr'><strong>us,</strong></span> <span class='ocrx_word' id='word_1_1010' title='bbox 2026 5670 2136 5720; x_wconf 76' lang='lat' dir='ltr'><strong>qua:</strong></span> <span class='ocrx_word' id='word_1_1011' title='bbox 2169 5656 2357 5718; x_wconf 87' lang='lat' dir='ltr'><strong>reliqua</strong></span> <span class='ocrx_word' id='word_1_1012' title='bbox 2381 5658 2545 5721; x_wconf 67' lang='lat' dir='ltr'><strong>erant,</strong></span> <span class='ocrx_word' id='word_1_1013' title='bbox 2575 5655 2778 5721; x_wconf 74' lang='lat' dir='ltr'><strong>deorum</strong></span> <span class='ocrx_word' id='word_1_1014' title='bbox 2801 5645 2991 5721; x_wconf 74' lang='lat' dir='ltr'><strong>templis</strong></span> <span class='ocrx_word' id='word_1_1015' title='bbox 3002 5657 3069 5721; x_wconf 82' lang='lat' dir='ltr'><strong>_et</strong></span> <span class='ocrx_word' id='word_1_1016' title='bbox 3102 5648 3265 5721; x_wconf 64' lang='lat' dir='ltr'><strong>fracti;</strong></span> 
     </span>
    </p>
   </div>
   <div class='ocr_carea' id='block_1_124' title="bbox 1923 5714 3229 5775">
    <p class='ocr_par' dir='ltr' id='par_1_124' title="bbox 1923 5714 3229 5775">
     <span class='ocr_line' id='line_1_124' title="bbox 1923 5714 3229 5775; baseline -0.004 -7"><span class='ocrx_word' id='word_1_1017' title='bbox 1923 5719 2017 5768; x_wconf 87' lang='lat' dir='ltr'><strong>cris</strong></span> <span class='ocrx_word' id='word_1_1018' title='bbox 2043 5714 2338 5770; x_wconf 59' lang='lat' dir='ltr'><strong>increverit.</strong></span> <span class='ocrx_word' id='word_1_1019' title='bbox 2367 5730 2432 5767; x_wconf 73' lang='lat' dir='ltr'><strong>ex</strong></span> <span class='ocrx_word' id='word_1_1020' title='bbox 2456 5716 2565 5766; x_wconf 86' lang='lat' dir='ltr'><strong>eod.</strong></span> <span class='ocrx_word' id='word_1_1021' title='bbox 2586 5716 2669 5765; x_wconf 78' lang='lat' dir='ltr'><strong>lii).</strong></span> <span class='ocrx_word' id='word_1_1022' title='bbox 2693 5715 2756 5763; x_wconf 84' lang='lat' dir='ltr'><strong>de</strong></span> <span class='ocrx_word' id='word_1_1023' title='bbox 2782 5714 2913 5762; x_wconf 72' lang='lat' dir='ltr'><strong>civit.</strong></span> <span class='ocrx_word' id='word_1_1024' title='bbox 2937 5714 3035 5775; x_wconf 74' lang='lat' dir='ltr'><strong>Dei,</strong></span> <span class='ocrx_word' id='word_1_1025' title='bbox 3062 5724 3106 5763; x_wconf 77' lang='grc' dir='ltr'><strong>ς.</strong></span> <span class='ocrx_word' id='word_1_1026' title='bbox 3151 5715 3229 5763; x_wconf 77' lang='lat' dir='ltr'><strong>5i.</strong></span> 
     </span>
    </p>
   </div>
  </div>
