3978 6194
441 268 542 327 λεδ

414 387 743 452 ’paupertate
771 376 1023 431 metiaris.
1053 373 1274 444 implere
1292 373 1435 429 venit
1466 387 1742 444 pauperes,
1764 370 1852 441 qui
1877 385 2009 441 pau-

440 491 534 543 per
558 472 774 528 effectus
801 479 900 525 est.
932 469 1217 539 Propterea
1246 466 1391 537 aperi
1422 467 1591 519 sinum
1625 463 1774 528 ﬁdei;
1802 462 2014 532 suscipe

442 577 719 634 pauperem
745 563 784 628 ί,
811 577 879 614 ne
902 574 1103 631 pauper
1128 570 1426 612 remaneas.

506 656 555 708 2.
590 653 733 724 (vers.
762 649 840 724 2.]
866 649 1051 703 Beatus
1074 650 1159 720 qui
1177 646 1407 721 intelligit
1429 662 1579 715 super
1599 660 1802 715 egenum
1824 652 1867 697 et
1889 659 2014 710 pau-

437 764 619 818 perem,
644 748 695 799 in
723 745 803 798 die
827 745 963 797 mala
986 742 1208 799 liberabit
1233 758 1346 796 eum
1372 740 1638 823 Dominus.
1662 737 1851 793 Veniet
1870 737 2011 792 enim

437 843 549 893 dies
588 840 721 892 mala
753 856 766 893 :
798 837 928 891 velis
979 837 1148 903 nolis,
1187 835 1393 899 veniet;
1442 833 1557 888 dies
1592 830 1773 901 judicii
1807 830 2008 894 aderit,

438 934 575 987 mala
600 933 733 995 dies,
762 931 804 984 si
832 946 934 983 non
960 927 1282 983 intellexeris
1306 940 1466 995 super
1488 938 1711 995 egenum
1738 930 1793 978 et
1816 935 2013 992 paupe-

435 1042 570 1079 rem.
598 1023 745 1091 Quod
774 1022 915 1077 enim
954 1019 1113 1075 modo
1150 1035 1255 1072 non
1274 1018 1362 1072 avis
1389 1015 1608 1072 credere
1628 1056 1643 1079 ,
1674 1015 2011 1069 manifestum

437 1117 537 1172 erit
563 1116 614 1169 in
647 1114 769 1167 ﬁne.
807 1112 908 1168 Sed
942 1127 1044 1166 non
1074 1110 1240 1180 fugies
1263 1150 1276 1172 ,
1304 1123 1422 1163 cum
1455 1106 1611 1161 fuerit
1641 1103 2007 1167 manifestum.

436 1209 556 1280 quia
579 1225 680 1262 non
721 1206 891 1262 credis
926 1221 1046 1259 eum
1084 1215 1165 1258 cst
1201 1203 1487 1257 occultum.
1518 1199 1765 1254 luvitaris
1791 1209 1846 1252 ut
1872 1197 2011 1267 quod

438 1318 540 1354 non
570 1300 718 1353 vides
744 1297 951 1363 credas,
982 1311 1049 1350 ne
1077 1310 1194 1350 cum
1223 1293 1417 1347 videris
1445 1291 1743 1346 erubescas.
1773 1289 2012 1359 lulellige

438 1410 562 1463 ergo
587 1408 746 1461 super
774 1374 995 1460 egenum
1023 1399 1077 1444 et
1104 1401 1414 1458 pauperem,
1445 1384 1497 1439 id
1526 1393 1607 1439 est
1629 1425 1642 1447 ,
1675 1398 1834 1453 super
1857 1382 2009 1437 Chri-

436 1496 605 1550 stum;
631 1483 859 1550 intellige
881 1482 933 1533 in
955 1494 1017 1534 eo
1038 1479 1271 1532 occultas
1291 1477 1519 1537 divitias,
1543 1490 1696 1544 quem
1724 1487 2008 1543 pauperem

439 1573 604 1627 vides.
646 1572 700 1626 lu
738 1587 804 1627 eo
838 1579 963 1626 sunt
998 1570 1136 1624 enim
1176 1581 1361 1622 omnes
1397 1565 1627 1620 llu'Sattri
1658 1564 1928 1634 sapientiae
1957 1570 2012 1617 et

436 1663 669 1718 scientia:
694 1661 987 1717 absconditi
1017 1659 1231 1731 (Cotoss.
1262 1674 1318 1721 ιι,
1348 1658 1424 1729 5).
1449 1657 1583 1711 llinc
1606 1656 1746 1711 enim
1773 1655 1898 1709 tein
1925 1655 2011 1710 die

437 1755 576 1810 mala
616 1754 891 1820 liberabit,
933 1769 998 1809 ex
1033 1767 1098 1807 eo
1134 1750 1273 1822 quod
1313 1751 1452 1805 Deus
1486 1758 1568 1803 est
1596 1766 1609 1802 :
1639 1763 1707 1803 ex
1741 1763 1807 1803 eo
1834 1758 2009 1803 autem

435 1845 574 1916 quod
615 1844 776 1899 homo
809 1853 923 1908 est,
958 1852 1011 1898 et
1044 1841 1171 1897 illud
1198 1840 1339 1911 quod
1375 1841 1428 1894 in
1459 1840 1548 1894 illo
1583 1839 1868 1892 humanum
1895 1846 2012 1893 erat

434 1936 787 2000 resuscitavit,
815 1945 869 1991 et
892 1936 943 1990 in
970 1934 1159 1990 melius
1185 1933 1465 1998 convertit,
1494 1932 1546 1986 in
1573 1931 1766 1987 ccelum
1797 1931 2007 1986 levavit.

434 2027 526 2084 ille
561 2038 737 2084 autem
764 2027 853 2098 qui
882 2027 1021 2082 Deus
1045 2033 1154 2092 est,
1184 2025 1274 2095 qui
1308 2038 1465 2078 unam
1506 2036 1782 2097 personam
1814 2020 2009 2077 habere

436 2122 488 2177 in
518 2122 732 2176 homine
757 2129 812 2175 et
838 2135 958 2175 eum
996 2119 1209 2173 homine
1233 2116 1424 2179 voluit,
1453 2129 1553 2170 nec
1577 2113 1885 2169 decrescere
1912 2128 2009 2169 nec

433 2227 676 2269 crescere
713 2211 900 2282 potuit,
932 2224 1032 2265 nec
1058 2208 1190 2263 mori
1219 2221 1319 2263 nec
1347 2220 1642 2276 resurgere.
1671 2204 1903 2259 Mortuus
1927 2212 2009 2260 est

432 2320 499 2361 ex
540 2302 842 2359 inﬁrmitate
877 2300 1133 2367 hominis,
1166 2310 1416 2354 cmterum
1449 2297 1586 2352 Deus
1621 2311 1726 2351 non
1763 2296 2005 2351 moritur.

432 2400 563 2455 Nam
605 2397 746 2469 quod
783 2396 1016 2475 Verbum
1057 2396 1155 2450 Dei
1198 2410 1300 2449 non
1347 2394 1602 2459 moritur,
1650 2408 1717 2448 ue
1760 2392 2002 2458 mireris,

433 2490 644 2564 quando
689 2507 796 2545 non
843 2489 1066 2545 moritur
1105 2488 1279 2542 anima
1323 2485 1377 2541 in
1422 2494 1672 2558 martyre.
1714 2484 1869 2540 Modo
1900 2500 2005 2540 non

431 2582 772 2651 audiebamus
798 2581 966 2651 ipsum
996 2579 1274 2634 Dominum
1301 2576 1561 2633 dicentem
1591 2593 1605 2628 :
1636 2575 1810 2631 Nolite
1836 2575 2006 2631 timere

430 2693 514 2732 eos
537 2678 626 2747 qui
646 2691 827 2739 corpus
855 2671 1104 2736 occidunt,
1136 2671 1355 2724 animam
1384 2680 1549 2724 autem
1574 2685 1673 2722 non
1698 2657 1905 2740 possunt
1923 2684 2007 2723 oo-

428 2770 596 2824 eidere
622 2766 841 2840 (Matth.
871 2781 924 2828 ι,
955 2762 1098 2835 ‘28)?
1126 2762 1261 2833 Ergo
1298 2759 1648 2816 morientibus
1686 2757 2007 2831 martyribus

429 2860 621 2914 auium:
673 2857 956 2928 Martyrum
1008 2862 1230 2908 morture
1283 2868 1385 2905 non
1436 2858 1594 2915 sunt,
1648 2851 2007 2913 et,morieute

335 2951 346 2963 '
427 2950 639 3027 Christo
669 2948 978 3003 moriturum
1008 2954 1125 3000 erat
1146 2943 1414 3027 verbum?
1439 2943 1630 3012 Utique
1661 2943 1882 2998 Verbum
1913 2944 2005 2999 Dei

338 3098 349 3117 ,
428 3021 596 3096 multo
623 3038 849 3109 amplius
875 3044 955 3091 est
984 3044 1141 3105 quam
1170 3021 1342 3088 anima
1382 3032 1610 3087 hominis
1639 3051 1653 3086 :
1680 3032 1800 3103 quia
1829 3033 2003 3088 anima

428 3132 657 3188 hominis
677 3131 810 3184 facta
831 3138 959 3183 esta
982 3127 1123 3192 Deo;
1148 3134 1201 3179 et
1224 3125 1269 3179 si
1294 3122 1425 3179 facta
1452 3137 1531 3180 est
1552 3141 1581 3178 a
1604 3125 1734 3191 Deo,
1758 3141 1853 3194 per
1873 3125 2004 3180 Ver-

427 3215 554 3278 bum
578 3220 712 3276 facta
733 3229 813 3273 est
835 3217 988 3289 :quia
1010 3216 1185 3271 omnia
1211 3230 1308 3284 per
1328 3214 1498 3284 ipsum
1522 3213 1659 3269 facta
1679 3224 1805 3269 sunt
1825 3214 1999 3284 (Joan.

426 3329 466 3377 ιν,
496 3312 581 3382 5).
612 3311 753 3381 Ergo
789 3323 887 3363 nec
919 3306 1143 3361 moritur
1171 3305 1436 3371 Verbum,
1467 3319 1586 3359 cum
1618 3320 1722 3359 non
1749 3305 2004 3360 moriatur

426 3407 599 3461 anima
622 3403 755 3459 facta
782 3418 876 3470 per
897 3400 1149 3457 Verbum.
1178 3397 1283 3454 Sed
1304 3397 1570 3469 quomodo
1594 3408 1737 3453 recte
1757 3397 1999 3463 dicimus,

426 3497 662 3553 Mortuus
685 3503 766 3549 est
791 3493 984 3558 homo,
1015 3489 1114 3546 etsi
1139 3488 1312 3543 anima
1334 3489 1355 3520 ²
1384 3488 1550 3560 ipsius
1576 3502 1680 3542 non
1712 3488 1997 3554 moriatur;

426 3589 506 3643 sic
529 3595 672 3642 recte
695 3583 940 3650 dicimus,
968 3581 1209 3635 Mortuus
1230 3588 1313 3633 est
1337 3578 1597 3645 Christus,
1628 3578 1727 3632 etsi
1755 3577 2000 3633 divinitas

426 3678 541 3749 ejus
564 3691 666 3731 non
689 3673 961 3728 moriatur.
985 3651 1221 3725 Mortuus
1244 3667 1383 3723 unde
1398 3667 1423 3719 i
1442 3668 1574 3735 Quia
1594 3682 1791 3739 egenus
1810 3676 1863 3723 et
1882 3683 2002 3736 pau-

426 3783 543 3840 per.
583 3765 700 3822 Non
732 3773 782 3823 te
820 3761 1140 3834 perstringat
1178 3775 1322 3814 mors
1360 3759 1557 3829 ipsius,
1583 3769 1638 3813 et
1663 3767 1864 3813 avertat
1895 3768 1944 3813 te
1969 3775 2000 3815 a

426 3857 725 3916 contuenda
746 3855 1034 3910 divinitate.
1063 3850 1247 3906 Beatus
1266 3850 1350 3921 qui
1373 3849 1603 3921 intelligit
1623 3865 1775 3918 super
1793 3866 2002 3920 egenum

429 3928 477 4007 et
502 3966 786 4022 pauperem.
816 3947 1041 4017 Respice
1066 3953 1118 4000 et
1148 3957 1424 4014 pauperes,
1447 3951 1679 4013 egentes,
1708 3943 2000 4009 esurientes

427 4054 484 4102 et
507 4043 765 4106 sitientes,
790 4040 1205 4111 peregrinantes,
1231 4036 1417 4101 nudos,
1444 4045 1690 4106 aegrotos,
1714 4037 1766 4090 in
1787 4051 2000 4092 carcere

426 4134 771 4197 constitutos;
800 4130 1032 4198 intelligo
1065 4138 1119 4184 et
1155 4135 1317 4196 super
1342 4126 1499 4182 talem
1532 4143 1850 4198 pauperem,
1878 4129 1998 4198 quia

427 4235 483 4282 et
507 4224 550 4279 si
577 4236 735 4292 super
764 4220 921 4274 talem
961 4217 1209 4287 intelligis
1228 4257 1243 4282 ,
1271 4231 1431 4287 super
1459 4216 1605 4271 illum
1635 4216 1882 4288 intelligis
1907 4218 1999 4288 qui

425 4314 579 4382 dixit,
611 4311 832 4377 Esuriui,
864 4309 1012 4374 sitivi,
1045 4307 1231 4372 nudus,
1271 4307 1579 4378 peregrinus,
1609 4323 1760 4379 wger,
1796 4308 1847 4361 in
1882 4325 1998 4362 car-

425 4424 536 4463 cere
560 4406 635 4477 fui
660 4402 868 4476 (Matth.
900 4416 1024 4467 xxv,
1053 4399 1141 4464 55,
1170 4396 1280 4470 56).
1309 4398 1380 4452 Ita
1409 4399 1460 4452 in
1486 4398 1571 4454 die
1597 4400 1821 4470 maligna
1850 4408 2000 4457 eruet

426 4510 481 4555 te
509 4497 778 4553 Dominus.

499 4591 551 4644 5.
579 4586 741 4660 [vers.
771 4582 849 4657 5.]
882 4578 947 4638 Et
983 4581 1102 4637 vide
1136 4580 1513 4636 beatitudinem
1551 4592 1714 4637 tuam.
1752 4581 1998 4639 Dominus

426 4690 674 4736 conservet
695 4695 827 4734 eum.
852 4673 1112 4745 Propheta
1136 4672 1270 4728 bene
1290 4681 1437 4744 optat
1459 4672 1657 4727 homini
1683 4674 1997 4746 intelligeuti

429 4785 589 4842 super
604 4784 825 4839 egenum
845 4776 899 4822 et
922 4779 1223 4837 pauperem.
1248 4763 1347 4818 Ista
1366 4764 1566 4835 optatio
1587 4759 1864 4834 promissio
1885 4777 1994 4834 est;

431 4857 605 4918 securi
640 4866 947 4929 exspectent
982 4857 1071 4927 qui
1112 4856 1214 4911 hoc
1250 4864 1428 4926 agunt.
1466 4853 1713 4910 Dominus
1746 4867 1998 4912 conservet

430 4969 562 5016 cuin,
578 4960 631 5005 et
655 4949 863 5019 viviﬁcet
885 4965 1019 5004 eum.
1046 4948 1179 5017 Quid
1202 4957 1300 5013 est,
1331 4957 1580 5003 conservet
1598 4965 1737 5025 eum,
1768 4960 1815 5002 et
1840 4951 1999 5020 uirili-

427 5055 504 5101 cet
534 5043 682 5099 eum?
708 5040 824 5110 Quo
854 5041 1111 5110 pertinet,
1140 5041 1348 5111 viviﬁeet
1371 5042 1526 5096 eum?
1550 5040 1629 5096 Ad
1663 5041 1887 5098 futuram
1917 5043 1997 5097 vi-

430 5130 567 5205 tam;
600 5132 906 5188 Viviiicalur
949 5134 1086 5186 enim
1132 5132 1218 5200 qui
1268 5144 1508 5189 mortuus
1553 5141 1686 5189 erat.
1734 5133 1997 5206 Numquid

427 5236 602 5281 autem
646 5229 820 5295 potest
860 5230 1098 5277 mortuus
1145 5221 1437 5292 intelligere
1483 5238 1643 5293 super
1681 5239 1903 5294 egenum
1942 5235 1999 5282 et

428 5314 748 5389 pauperem?
779 5311 884 5369 Sed
911 5311 1312 5368 viviﬁcationem
1342 5314 1494 5368 nobis
1522 5315 1666 5369 illam
1700 5316 1992 5385 promittit,

427 5411 495 5468 de
532 5423 632 5480 qua
672 5406 799 5463 dicit
834 5403 1117 5476 Apostolus
1149 5421 1164 5459 :
1195 5401 1386 5475 Corpus
1412 5406 1610 5476 quidem
1642 5412 1892 5462 mortuum
1922 5418 1997 5466 est

489 5583 934 5653 {Quinq‘i‘im-a
968 5589 1233 5653 P‘mi’e’f“.
1704 5639 1775 5653 ψ.

426 5706 459 5756 d
487 5647 510 5679 ι
725 5651 852 5708 ΜΒ..
892 5637 982 5698 ad
1003 5637 1117 5693 cura
1130 5639 1278 5705 ipsius
1293 5638 1524 5691 moriatur
1549 5651 1567 5689 :
1589 5639 1673 5689 tibi
1694 5637 1889 5703 quidam
1908 5640 2003 5707 ad:

459 5720 524 5756 uu
687 5741 702 5757 ο

1661 259 1718 317 S.
1758 256 2120 316 AUCUSTINI
2162 259 2461 319 EPISCOPI

3583 272 3699 328 £56

2121 382 2324 443 prapter
2346 381 2601 445 peccatum
2619 414 2635 441 ,
2665 377 2870 448 spiritus
2896 380 3185 435 autenwita
3211 391 3282 435 est
3310 392 3512 453 prapter
3526 386 3699 455 justi-

2119 464 2280 518 tiam:
2301 466 2344 519 si
2366 476 2531 519 autem
2554 466 2640 539 qui
2659 470 2913 523 suscitavit
2934 469 3187 526 Christum
3215 489 3246 526 a
3272 477 3478 530 mortuis
3499 477 3702 532 habitat

2116 555 2170 608 in
2199 555 2361 620 uobis,
2388 558 2473 628 qui
2497 561 2753 613 suscitavit
2779 559 3031 616 Christum
3059 578 3091 615 α
3117 566 3327 619 mortuis
3352 566 3617 635 uimﬁeabit
3642 578 3701 621 τι

2117 648 2353 701 mortalia
2383 665 2594 719 corpora
2625 636 2787 706 vestra
2821 663 3026 724 propter
3055 654 3413 711 inhabitantem
3438 659 3700 729 Spiritum

2117 743 2226 811 ejus
2256 742 2309 797 in
2337 742 2471 797 vobis
2504 742 2675 815 (Rom.
2706 761 2818 811 vui,
2845 746 2931 807 l0.
2965 747 3074 817 il).
3112 748 3237 803 "(re
3262 758 3345 806 est
3366 766 3492 822 ergo
3516 753 3699 808 viviﬁ-

2116 834 2255 889 catio
2296 850 2413 904 quae
2456 828 2778 905 promittitur
2820 838 3130 910 intelligenti
3175 856 3336 911 super
3376 858 3596 913 egenum
3631 856 3701 901 et

2117 940 2424 995 pauperem.
2450 926 2700 1001 Sed‘quia
2733 929 2860 984 dicit
2896 932 3180 1001 Apostolus
3216 934 3283 988 ad
3316 922 3647 991 Timotheum
3674 979 3697 1003 ,

2116 1017 2509 1075 Promissionem
2537 1022 2721 1077 habens
2748 1024 2862 1078 vita:
2895 1026 3153 1095 pra'sentis
3178 1037 3227 1081 et
3254 1032 3440 1098 futura:
3468 1030 3525 1101 (ι
3552 1030 3695 1087 Tim.

2115 1125 2192 1176 Iv,
2220 1111 2311 1183 8);
2351 1128 2416 1166 ne
2451 1121 2695 1186 putarent
2724 1114 2797 1168 illi
2820 1116 2920 1184 qui
2954 1117 3252 1188 intelligunt
3278 1135 3440 1190 super
3462 1138 3695 1193 egenum

2116 1210 2169 1257 et
2199 1218 2479 1274 pauperem
2498 1246 2512 1271 ,
2545 1206 2879 1275 recipiendos
2904 1207 3115 1278 quidem
3145 1225 3204 1265 se
3230 1226 3350 1267 esse
3378 1213 3430 1268 in
3458 1216 3653 1272 coelum
3674 1258 3693 1283 ,

2116 1294 2207 1348 sed
2237 1296 2425 1366 negligi
2456 1297 2508 1351 in
2537 1306 2712 1357 terra:
2741 1309 2794 1354 et
2821 1315 2925 1355 non
2954 1312 3231 1370 sperarent
3255 1304 3353 1358 nisi
3383 1306 3521 1375 quod
3552 1306 3700 1362 futu-

2115 1403 2231 1441 rum
2258 1398 2333 1442 est
2368 1390 2421 1442 in
2449 1391 2874 1462 aeternum,quod
2905 1403 3078 1449 autem
3109 1394 3174 1450 ad
3202 1410 3434 1465 prmsens
3458 1409 3561 1469 est,
3594 1416 3694 1470 pu-

2118 1487 2289 1533 tarent
2320 1480 2481 1534 Deum
2512 1496 2617 1536 non
2646 1498 2835 1539 curare
2876 1485 2926 1538 in
2961 1486 3158 1541 sanctis
3185 1496 3239 1542 et
3278 1488 3518 1545 ﬁdelibus
3547 1494 3697 1554 suis:

2115 1570 2201 1624 ubi
2230 1570 2362 1624 dixit
2383 1571 2522 1642 quod
2552 1573 2779 1629 maxime
2809 1568 3116 1646 exspectare
3141 1577 3413 1647 debemus,
3443 1580 3701 1639 Dominus

2113 1670 2362 1715 conservet
2402 1679 2541 1728 eum,
2571 1672 2617 1717 et
2656 1665 2866 1734 viviﬁcet
2901 1682 3045 1732 eum;
3072 1670 3305 1739 respexit
3331 1671 3399 1726 ad
3427 1673 3581 1727 istam
3606 1678 3701 1729 vi-

2116 1762 2241 1816 tam,
2268 1751 2336 1806 Et
2363 1753 2579 1822 beatum,
2602 1755 2789 1825 inquit,
2819 1756 2975 1826 faciat
2994 1774 3107 1813 eum
3129 1760 3181 1814 in
3208 1768 3358 1815 terra.
3382 1762 3539 1834 Erige
3563 1779 3701 1836 ergo

2113 1843 2298 1898 oculos
2328 1843 2377 1897 in
2411 1844 2521 1899 inec
2551 1846 2809 1915 promissa
2838 1846 3121 1903 christiana
3150 1848 3254 1907 tide
3281 1870 3295 1905 :
3320 1868 3424 1908 non
3456 1864 3506 1910 te
3531 1855 3701 1913 dese-

2113 1932 2181 1987 rit
2207 1932 2346 1988 Deus
2376 1934 2426 1988 in
2458 1943 2597 1990 terra
2619 1978 2633 2001 ,
2662 1945 2716 1991 et
2743 1937 2936 2008 aliquid
2967 1940 3225 2011 promittit
3262 1943 3314 1997 in
3350 1945 3508 2001 cmlo.
3541 1948 3697 2004 Multi

2112 2023 2251 2076 enim
2282 2024 2403 2078 mali
2427 2024 2695 2081 christiani
2719 2021 3057 2099 inspectores
3084 2032 3542 2102 ephemeridarum
3567 2040 3603 2106 ί,
3631 2052 3696 2098 et

2112 2112 2450 2184 inquisitores
2475 2125 2631 2187 atque
2657 2118 3027 2178 observatores
3053 2132 3345 2203 temporum
3375 2138 3426 2184 et
3454 2130 3693 2203 dierum,

2111 2222 2230 2261 cum
2259 2210 2517 2278 coeperint
2545 2210 2612 2267 ibi
2642 2213 2906 2285 objurgari
2934 2231 2963 2269 a
2993 2217 3180 2286 nobis,
3210 2200 3291 2277 vel
3319 2237 3348 2275 a
3373 2200 3695 2294 quibusdam

2112 2294 2264 2351 bouis
2302 2299 2714 2372 melioribusque
2751 2303 3085 2373 christianis,
3120 2324 3283 2380 quare
3319 2312 3415 2368 ista
3454 2313 3691 2386 faciant,

2110 2389 2433 2458 respondent
2456 2409 2469 2445 :
2493 2390 2616 2447 llaec
2636 2404 2850 2466 propter
2868 2405 3074 2468 tempus
3092 2400 3194 2457 hoc
3215 2407 3508 2462 necessaria
3528 2422 3690 2476 sunt;

2110 2481 2380 2537 christiani
2403 2492 2580 2540 autem
2608 2501 2793 2544 sumus
2820 2501 3038 2562 propter
3059 2496 3219 2551 vitam
3247 2506 3532 2568 tntcruam;
3561 2520 3691 2574 pro-

2110 2582 2288 2643 pterea
2327 2576 2381 2630 in
2420 2575 2689 2634 Christum
2731 2582 3081 2654 credidimus,
3110 2597 3169 2643 ut
3204 2588 3295 2645 det
3332 2593 3486 2649 nobis
3523 2598 3689 2652 vimus

2109 2675 2396 2737 aeternam;
2427 2685 2547 2726 nam
2581 2673 2684 2728 vita
2714 2674 2812 2729 ista
2842 2680 3147 2748 temporalis
3175 2682 3226 2737 in
3257 2699 3357 2755 qua
3385 2701 3687 2759 versamur,

2108 2760 2177 2817 ad
2195 2776 2376 2818 curam
2399 2764 2563 2836 ipsius
2586 2781 2691 2822 non
2712 2768 2958 2839 pertinet.
2986 2773 3337 2846 Relinquitur,
3361 2789 3419 2834 ut
3441 2781 3539 2838 hoc
3560 2782 3652 2838 hre

2108 2852 2244 2908 viter
2268 2853 2465 2923 dicant,
2497 2866 2553 2911 ut
2581 2868 2797 2929 propter
2821 2863 2978 2920 vitam
3010 2873 3264 2922 aeternam
3292 2869 3454 2937 Deus,
3481 2876 3534 2927 e‘t
3560 2888 3690 2943 pro-

2107 2952 2225 3013 pter
2260 2947 2419 3000 vitam
2469 2958 2782 3016 prmsentem
2825 2952 3065 3010 diabolus
3111 2957 3332 3014 colatur.
3357 2960 3688 3033 'liespoudet

2108 3034 2211 3088 illis
2237 3037 2348 3105 ipse
2368 3036 2611 3093 Christus
2634 3058 2650 3095 :
2677 3039 2729 3093 Ν
2733 3057 2798 3095 an
2822 3044 3023 3113 potestis
3045 3047 3237 3103 duobus
3261 3049 3476 3106 dominis
3500 3057 3689 3110 seruire

2110 3125 2316 3202 (Matth.
2348 3144 2420 3194 vr,
2446 3128 2558 3202 9.4).
2590 3131 2656 3186 Et
2678 3133 2839 3189 alium
2864 3137 2994 3191 colis
3020 3148 3234 3210 propter
3257 3143 3308 3197 id
3330 3144 3469 3215 quod
3494 3162 3686 3216 empe-

2105 3228 2218 3272 ctas
2241 3218 2290 3272 iu
2317 3220 2473 3286 cmlo,
2498 3230 2552 3277 et
2576 3222 2735 3278 alium
2763 3226 2893 3281 colis
2917 3239 3133 3299 propter
3159 3232 3212 3287 id
3240 3235 3379 3304 quod
3406 3248 3686 3307 exspectas

2106 3308 2155 3362 iu
2191 3316 2326 3364 terra
2359 3330 2371 3364 :
2402 3322 2598 3378 quanto
2627 3317 2816 3371 melius
2845 3334 3004 3374 unum
3033 3322 3163 3378 colis
3181 3364 3196 3391 ,
3225 3326 3313 3395 qui
3343 3325 3466 3382 fecit
3489 3332 3685 3385 coelum

2094 3408 2158 3454 ‘et
2184 3402 2413 3455 terram?
2436 3403 2534 3469 Qui
2560 3407 2767 3462 curavit
2792 3417 2847 3463 ut
2870 3420 3013 3466 esset
3036 3420 3198 3483 terra,
3223 3417 3502 3488 imaginem
3529 3438 3684 3478 suam

2104 3491 2320 3563 negligit
2343 3492 2396 3547 in
2425 3495 2602 3550 terra?
2628 3495 2787 3568 Ergo,
2819 3499 3082 3558 Conservet
3113 3522 3225 3559 eum
3256 3505 3505 3565 Dominus
3530 3521 3575 3565 et
3602 3515 3684 3566 ri-

2103 3584 2263 3652 viﬁcet
2286 3601 2416 3651 eum,
2450 3587 2825 3659 iutelligentem
2852 3607 3260 3666 super'egenum
3291 3608 3345 3655 et
3373 3616 3682 3672 pauperem.

2103 3676 2321 3747 Insuper
2352 3680 2591 3749 quamvis
2627 3682 2681 3737 iu
2718 3693 2972 3755 afternum
3007 3688 3263 3758 viviﬁcet,
3295 3692 3490 3750 beatum
3524 3699 3686 3769 [acies

2103 3787 2217 3825 eum
2245 3772 2296 3826 in
2326 3782 2475 3827 terra.

2172 3863 2225 3917 4.
2250 3862 2318 3917 Et
2338 3881 2437 3919 non
2462 3868 2627 3933 tradat
2654 3885 2763 3923 eum
2789 3871 2842 3924 in
2866 3887 3043 3927 ntanus
3067 3874 3258 3931 inimici
3279 3878 3407 3949 ejus.
3430 3878 3683 3937 Inimicus
3706 3880 3713 3883 ⁷

2103 3954 2190 4008 ille
2214 3954 2454 4011 diabolus
2488 3967 2587 4013 est.
2618 3958 2784 4015 Nemo
2808 3963 3043 4019 attendat
3080 3964 3348 4023 inimicum
3388 3984 3542 4031 suum
3582 3972 3684 4026 lio-

2102 4047 2333 4114 minem,
2361 4051 2572 4118 quando
2596 4053 2743 4109 audit
2769 4055 2927 4110 verba
2954 4057 3069 4112 ista.
3103 4059 3217 4113 .lam
3250 4061 3382 4117 forte
3410 4062 3476 4119 de
3505 4066 3681 4120 vicino

2102 4154 2199 4194 suo
2223 4143 2505 4217 cogitabat,
2536 4145 2603 4200 de
2629 4146 2721 4201 illo
2745 4149 2835 4218 qui
2861 4163 2980 4204 cum
3011 4150 3100 4205 illo
3124 4151 3269 4207 litem
3297 4155 3347 4208 in
3379 4155 3491 4210 foro
3517 4156 3683 4213 habe~

2102 4232 2223 4299 bat,
2251 4234 2318 4288 de
2347 4235 2435 4288 illo
2459 4237 2548 4306 qui
2578 4237 2651 4292 illi
2678 4238 2791 4293 vult
2817 4240 3024 4297 auferre
3052 4226 3473 4313 possessionem,
3501 4249 3588 4318 qui
3616 4249 3683 4303 ιι-

2086 4325 2208 4380 ‘lum
2239 4328 2351 4381 vult
2378 4343 2617 4397 premere
2646 4338 2703 4384 ut
2730 4331 2921 4387 vendat
2949 4333 3019 4387 illi
3049 4335 3265 4390 domum
3301 4354 3470 4392 suam.
3504 4339 3680 4396 Nolite

2101 4416 2199 4471 ista
2226 4417 2604 4488 cogitare;scd
2643 4418 2780 4476 illum
2809 4422 3075 4479 inimicum
3103 4428 3350 4498 cogitate,
3377 4432 3443 4484 de
3468 4448 3569 4500 quo
3595 4433 3680 4486 di-

2101 4508 2173 4562 cit
2200 4508 2486 4577 Dominus,
2519 4509 2764 4568 Inimicus
2788 4514 2934 4569 homo
2964 4516 3057 4570 hoc
3091 4520 3205 4590 fecit
3235 4519 3353 4590 (Id.
3390 4538 3482 4577 xm
3501 4565 3513 4588 ,
3541 4523 3613 4579 28
3635 4527 3671 4594 ).

2104 4597 2219 4668 Ipse
2241 4609 2322 4655 est
2347 4601 2486 4655 enim
2512 4603 2602 4672 qui
2626 4607 2856 4676 suggerit
2886 4618 2940 4661 ut
2968 4620 3181 4683 propter
3210 4628 3294 4667 res
3320 4620 3559 4669 terrenas
3585 4632 3678 4672 eo-

2101 4690 2271 4758 latur;
2302 4694 2422 4763 quia
2452 4710 2559 4750 non
2596 4704 2771 4765 potest
2810 4709 3049 4755 evertere
3093 4716 3285 4757 nomen
3328 4705 3675 4761 christianum

2100 4785 2344 4841 inimicus
2368 4786 2471 4843 iste
2499 4805 2512 4842 :
2540 4787 2668 4843 vidit
2704 4790 2844 4844 enim
2878 4805 2938 4846 se
2965 4792 3160 4847 victum
3191 4792 3326 4851 fama
3354 4805 3408 4852 et
3432 4795 3678 4852 laudibus

2100 4873 2314 4941 Christi,
2343 4875 2471 4931 vidit
2494 4877 2545 4931 in
2567 4891 2633 4932 eo
2656 4879 2795 4948 quod
2818 4881 3004 4936 occidit
3034 4892 3292 4955 martyres
3315 4884 3529 4951 Christi,
3555 4887 3676 4941 illos

2099 4978 2398 5035 coronatos,
2421 4979 2474 5025 et
2496 4985 2554 5025 se
2579 4971 2990 5041 triumphatum;
3013 4985 3065 5031 et
3084 4978 3239 5048 coepit
3263 4994 3365 5032 non
3394 4994 3428 5050 p
3445 4994 3546 5034 isse
3572 4981 3675 5035 hoc

2101 5064 2416 5132 persuadere
2438 5065 2755 5134 hominibus,
2779 5069 2917 5138 quod
2942 5069 3074 5124 nihil
3096 5072 3163 5125 sit
3181 5071 3451 5138 Christus;
3472 5080 3527 5125 et
3549 5076 3672 5143 quia

2099 5155 2445 5225 vituperando
2472 5155 2756 5221 Christum,
2781 5159 2890 5229 jam
2916 5160 3129 5217 difﬁcile
3152 5163 3341 5232 decipit
3366 5180 3380 5227 ;
3413 5152 3673 5218 laudando
3702 5154 3707 5157 Α

2099 5246 2385 5311 Christum,
2402 5260 2626 5304 conatur
2640 5249 2901 5319 decipere.
2925 5252 3091 5307 Antea
3109 5254 3231 5326 quid
3250 5254 3488 5311 dicebat?
3505 5256 3673 5323 Quem

2099 5339 2306 5394 colitis?
2337 5338 2577 5394 Judaeum
2614 5350 2877 5396 mortuum
2898 5384 2912 5407 ,
2944 5344 3253 5399 cruciﬁxum
3274 5387 3288 5409 ,
3325 5345 3517 5401 nullius
3551 5363 3671 5400 mo-

2098 5430 2263 5485 menti
2296 5413 2592 5496 hominem,
2623 5432 2711 5501 qui
2746 5448 2849 5486 uon
2887 5435 3055 5503 potuit
3081 5449 3110 5488 a
3140 5448 3197 5488 se
3233 5448 3457 5491 mortem
3484 5438 3672 5507 depel-

2100 5520 2230 5577 lere.
2257 5519 2359 5578 Ubi
2394 5522 2447 5576 in
2485 5521 2698 5577 nomine
2725 5522 2837 5594 ejus
2867 5523 2997 5578 vidit
3031 5539 3245 5581 currere
3283 5542 3446 5597 genus
3484 5526 3670 5581 huma-

2166 5705 2184 5736 ⁸
2206 5699 2416 5755 Oolbert.
2442 5707 2544 5766 Ms,
2566 5698 2799 5754 rationum
2819 5700 3217 5766 ephemrz’amm.
