3972 6198
274 319 377 370 437

270 451 427 495 ιιιιιιι,
468 435 596 491 vidit
634 441 752 508 quia
793 443 840 496 itt
885 446 1094 512 nomine
1132 448 1366 504 crucifixi
1405 455 1595 523 templa
1635 458 1858 514 subver-

268 537 468 590 tuntnr,
504 529 638 583 idola
677 533 1020 604 franguntur;
1043 541 1294 592 Sacriﬁcia
1335 545 1773 615 exstinguuntur;
1806 560 1861 606 et

269 618 383 670 lure
413 623 590 672 omnia
622 625 869 690 praulicta
903 628 952 680 itt
985 628 1262 698 I’ropltetis
1294 635 1636 700 attenduntur
1663 641 1730 693 ab
1760 641 1857 692 bo-

270 709 540 776 tninibtts,
585 712 936 772 admiratione
980 722 1346 790 stupentibus,
1394 736 1447 792 et
1491 728 1857 795 claudentibus

265 797 374 864 iam
417 815 508 853 cor
541 802 796 860 adversus
832 809 1267 878 vituperationem
1299 815 1494 888 Christi
1519 819 1533 848 ¹
1560 835 1573 884 ;
1606 821 1772 875 indttit
1798 840 1856 879 se

261 891 511 966 laudibus
535 894 752 962 Christi,
783 908 837 952 et
861 902 1024 970 coepit
1051 917 1078 954 a
1108 903 1212 958 ﬁde
1240 906 1344 958 alio
1374 909 1532 966 modo
1558 900 1850 980 deterrere.

256 982 553 1052 Magualex
585 999 663 1058 est
690 989 1008 1058 Christiana,
1037 1006 1226 1064 potens
1251 998 1336 1051 illa
1364 1000 1468 1066 lex,
1496 1001 1692 1070 divina,
1722 1005 1851 1077 inel-

252 1073 436 1128 t‘altilis
461 1065 594 1130 {sed
623 1082 739 1156 quis
771 1083 912 1143 illam
950 1085 1169 1156 implet?
1213 1089 1283 1142 In.
1307 1093 1520 1150 nomine
1561 1095 1854 1164 Salvatoris

252 1166 426 1218 nostri
456 1157 762 1237 conculcale
796 1159 1002 1242 leonem
1032 1188 1079 1232 cl
1107 1181 1390 1236 draconem
1419 1184 1590 1259 (Psal‘.
1619 1204 1702 1252 xc,
1734 1190 1843 1264 1‘5).

249 1258 457 1322 Aperte
483 1263 923 1328 reprehendendo
944 1267 1210 1331 fremebat
1238 1273 1350 1338 leo,
1377 1286 1548 1338 astute
1580 1258 1844 1354 laudando

249 1345 535 1402 insidiatur
571 1350 750 1406 draco.
793 1355 1020 1422 Veniant
1061 1361 1123 1412 ad
1168 1362 1322 1416 [idem
1369 1366 1455 1432 qui
1497 1345 1839 1424 dubitabant:

249 1453 362 1510 non
390 1438 595 1506 dicant,
623 1443 752 1508 Quis
784 1445 882 1500 hoc
911 1447 1131 1518 implet?
1157 1452 1212 1506 Si
1248 1453 1313 1507 de
1341 1456 1542 1511 viribus
1565 1459 1672 1513 suis
1702 1475 1842 1528 prte-

247 1541 496 1610 sununtt,
532 1548 635 1587 non
668 1535 976 1616 implebunt.
1009 1540 1387 1599 Praesumeudo
1411 1547 1478 1601 de
1507 1550 1673 1618 gratia
1707 1551 1797 1626 Dei
1821 1555 1840 1583 ³

249 1603 892 1706 credant.praesumendo
909 1631 1141 1706 veniant,
1167 1633 1446 1702 adjuvandi
1472 1640 1706 1704 veniant,
1735 1658 1838 1696 non

223 1705 542 1779 'judicautli:
586 1699 999 1798 \‘tvitnronities
1039 1725 1222 1800 ﬁdeles
1260 1729 1311 1781 in
1354 1732 1566 1785 nomine
1607 1733 1834 1796 Christi.

249 1804 473 1873 quisque
502 1821 596 1874 pro
620 1793 782 1878 gradu
812 1827 908 1866 suo
938 1793 1160 1883 itnplens
1189 1829 1445 1890 praaccpta
1476 1821 1696 1890 Christi,
1725 1826 1836 1879 sive

247 1895 496 1964 eonjuges
519 1937 532 1961 ,
570 1900 681 1953 sive
719 1902 930 1988 caelibes
969 1916 1018 1958 et
1061 1907 1322 1977 virgines,
1360 1912 1543 1966 vivunt
1579 1926 1831 1982 quantum

244 1982 410 2038 donat
437 1987 687 2044 Dominus
707 1982 784 2045 eis
813 1993 1023 2056 vivere;
1056 2012 1223 2067 neque
1248 2000 1312 2054 de
1339 2005 1448 2057 suis
1472 1998 1672 2060 viribus
1700 2022 1829 2080 prte-

242 2087 488 2142 sumunt,
518 2080 610 2134 sed
640 2095 898 2138 noverunt
926 2101 986 2141 se
1015 2088 1063 2142 itt
1096 2089 1188 2144 illo
1213 2090 1407 2148 debere
1433 2096 1663 2164 gloriari.
1695 2093 1830 2164 Qitid

241 2167 388 2221 enim
417 2167 607 2238 babes,
639 2174 781 2243 quod
813 2191 916 2230 non
948 2181 1236 2250 accepisti?
1262 2184 1317 2239 Si
1345 2197 1520 2241 autem
1548 2192 1824 2258 accepisti,

239 2260 369 2323 quid
393 2265 633 2330 gloriaris
659 2269 804 2334 quasi
838 2285 940 2324 non
968 2276 1240 2343 acceperis
1268 2277 1316 2348 (l
1345 2277 1460 2334 Cor.
1493 2297 1563 2345 tv,
1593 2283 1684 2352 7)?
1710 2284 1823 2339 Noli

239 2348 422 2404 dicere
448 2353 595 2418 milii,
623 2356 751 2422 Quis
780 2357 905 2437 illud
936 2362 1155 2438 implet?
1187 2368 1278 2422 Ille
1310 2369 1358 2422 itt
1391 2385 1475 2424 nte
1503 2348 1704 2441 implet,
1737 2377 1823 2443 qui

239 2443 386 2494 venit
409 2442 556 2498 dives
589 2448 653 2499 ad
695 2433 977 2522 pauperem
1010 2471 1034 2512 ε,
1056 2471 1254 2526 pauper
1288 2460 1498 2528 quidem
1535 2464 1598 2517 ad
1631 2483 1823 2535 paupe-

235 2548 374 2600 rem,
400 2537 492 2589 sed
521 2537 708 2606 plenus
735 2531 1058 2620 adiuauem.
1091 2548 1213 2602 llaec
1239 2534 1494 2621 cogitans,
1521 2557 1638 2623 quia
1671 2558 1823 2616 intel-

233 2623 350 2712 ligit
383 2640 543 2697 super
577 2646 798 2700 egenum
836 2643 891 2689 et
928 2652 1244 2706 pauperem,
1278 2627 1330 2695 et
1362 2629 1477 2697 neu,
1507 2659 1822 2722 aspernatur

231 2698 596 2799 paupertatem
616 2698 837 2791 fCltristi,
855 2698 1110 2798 inlelligit
1136 2731 1347 2786 divitias
1367 2698 1582 2813 Christi:
1615 2741 1670 2793 lit
1699 2741 1818 2795 bea-

233 2789 322 2865 tus
361 2814 410 2866 in
451 2826 620 2872 terra:
657 2829 709 2872 et
746 2837 848 2873 non
892 2823 1113 2878 traditur
1152 2827 1203 2878 in
1244 2843 1432 2883 manus
1465 2816 1658 2886 inimici
1701 2836 1813 2903 sui,

232 2904 461 2957 volentis
485 2908 531 2960 ei
565 2912 879 2976 persuadere
907 2923 961 2965 ut
994 2915 1135 2969 Deus
1168 2917 1370 2971 colatur
1407 2931 1622 2991 propter
1651 2925 1813 2980 cmic-

225 2998 353 3064 stia,
378 2999 613 3055 diabolus
639 3004 840 3058 colatur
864 3018 1080 3076 propter
1109 3020 1334 3066 terrena.
1364 3011 1484 3067 Non
1511 3013 1679 3071 tradat
1699 3034 1814 3074 cum

227 3092 286 3144 in
312 3109 487 3145 manus
515 3094 707 3148 inimici
733 3097 862 3168 ejus.
1777 3171 1780 3176 .

303 3183 356 3236 5.
389 3182 530 3267 [vet-.3.
555 3187 588 3240 4
615 3184 634 3258 ]
666 3186 909 3244 Dominus
935 3207 1076 3261 opem
1105 3198 1234 3263 [erat
1260 3196 1354 3250 illi.
1378 3196 1480 3252 Sed
1504 3200 1587 3252 ubi
1606 3202 1630 3254 ?
1649 3201 1810 3275 Forte

229 3275 286 3325 in
323 3275 478 3341 cudo,
508 3276 640 3331 forte
667 3278 716 3330 in
750 3280 850 3333 vita
877 3292 1091 3349 mterna,
1123 3297 1175 3339 ιιι
1203 3299 1365 3342 restet
1391 3291 1669 3347 colendum
1697 3295 1810 3362 dia-

224 3364 406 3432 bolum
433 3378 645 3434 propter
668 3369 895 3439 inopiam
921 3382 1202 3441 terrenam,
1229 3388 1442 3447 propter
1463 3387 1806 3446 necessitates

225 3440 385 3527 hujus
410 3460 566 3515 vine?
595 3445 765 3516 Absit.
800 3464 1208 3523 l’romissionem
1241 3472 1399 3534 habes
1426 3473 1546 3528 vita:
1574 3461 1805 3544 prteson-

224 3549 295 3602 tis
321 3561 373 3602 et
403 3548 591 3602 futura:
617 3552 657 3619 (l
692 3552 820 3614 Tim.
847 3572 918 3621 tv,
943 3556 1020 3627 8).
1054 3557 1144 3634 ille
1171 3559 1233 3613 ad
1265 3571 1314 3614 te
1341 3564 1483 3616 ven-it
1513 3566 1560 3618 iu
1585 3575 1796 3640 terram,

226 3656 318 3708 per
346 3657 505 3708 quem
530 3642 726 3713 factum
755 3656 835 3700 est
859 3648 1050 3704 ccelum
1075 3662 1128 3706 et
1150 3661 1306 3712 terra.
1333 3655 1566 3724 Denique
1589 3643 1801 3732 attende

221 3731 347 3799 quid
379 3732 517 3785 dicat
549 3751 560 3787 :
593 3733 836 3790 Dominus
861 3754 1004 3807 apem
1032 3745 1158 3809 {erat
1183 3743 1256 3795 illi
1283 3760 1432 3813 super
1455 3747 1634 3800 lectum
1657 3750 1799 3803 dolo-

219 3816 290 3875 ris
313 3817 439 3884 ejus.
471 3816 658 3870 Lectus
683 3820 880 3875 doloris
905 3820 1182 3877 inﬁrmitas
1207 3838 1286 3880 est
1313 3830 1505 3883 carnis.
1532 3831 1608 3885 Ne
1629 3833 1794 3907 dit-as,

219 3903 332 3956 Non
355 3921 564 3973 possum
586 3920 828 3969 tenerect
847 3921 1057 3982 portare
1074 3924 1124 3966 et
1141 3913 1348 3992 frenare
1368 3933 1576 3972 carnem
1593 3913 1759 3988 meam
1780 3943 1791 3976 :

217 3995 484 4063 adjuvaris
524 4008 580 4051 ut
623 4001 810 4066 pos<is.
855 3987 1110 4071 Dominus
1152 4020 1304 4073 Opem
1343 4007 1479 4062 ferat
1515 4011 1606 4068 tibi
1639 4030 1795 4081 smer

219 4083 411 4138 lectum
436 4086 636 4143 doloris
663 4091 754 4143 tui.
782 4091 1030 4148 Portabat
1056 4105 1104 4149 te
1126 4095 1310 4161 lectus,
1336 4114 1438 4176 non
1467 4085 1522 4152 itu
1545 4103 1794 4167 portahas

215 4176 438 4243 lectum;
464 4179 891 4253 scdparalyticus
912 4186 1052 4241 intus
1074 4203 1192 4241 eras
1213 4207 1225 4240 :
1245 4189 1394 4244 adest
1415 4193 1501 4260 qui
1523 4194 1660 4248 dicat
1679 4197 1789 4263 tibi,

214 4265 358 4320 Tolle
378 4269 638 4336 grabatum
660 4261 820 4341 tuum,
845 4285 888 4329 et
912 4266 1034 4329 vade
1054 4279 1103 4330 in
1126 4279 1327 4333 domum
1350 4292 1485 4360 tuam
1512 4284 1691 4354 (Μαι-ι’.
1720 4304 1752 4342 ιι
1773 4332 1788 4360 ,

215 4360 325 4428 11).
360 4358 604 4417 Dominus
632 4381 774 4432 opem
805 4369 933 4436 [erat
966 4369 1043 4422 illi
1067 4386 1216 4439 super
1244 4358 1419 4428 lectum
1447 4375 1635 4441 doloris
1660 4358 1786 4449 ejus.

213 4455 285 4509 Et
309 4456 373 4511 ad
409 4459 579 4528 ipsum
610 4462 883 4516 Dominum
913 4468 1172 4520 convertit
1200 4451 1276 4531 se,
1310 4470 1553 4539 tauquam
1582 4489 1787 4542 quiore-

210 4559 380 4614 retur,
411 4553 585 4616 Quare
614 4568 740 4622 ergo
769 4570 885 4607 cum
914 4570 1068 4624 opem
1099 4557 1232 4611 ferat
1262 4559 1410 4612 nobis
1443 4561 1581 4627 Deus
1600 4605 1614 4625 ,
1648 4575 1788 4619 tanta

210 4639 347 4695 mala
376 4641 603 4709 patimur
629 4641 679 4695 in
708 4643 806 4697 ista
828 4645 958 4711 vita,
979 4654 1119 4700 tanta
1151 4649 1419 4715 scandala,
1450 4654 1789 4708 tautoslabo-

204 4743 320 4794 res,
348 4740 542 4796 tantam
568 4732 987 4801 inquietudinem
1015 4738 1189 4814 carnis
1213 4747 1266 4814 et
1288 4742 1505 4795 smculi?
1528 4746 1787 4800 convertit

201 4835 269 4875 se
291 4821 358 4875 ad
384 4807 576 4890 Deum,
603 4833 656 4883 et
682 4833 922 4895 tauquam
955 4812 1228 4888 consilium
1249 4811 1527 4897 medicina:
1550 4836 1665 4905 ejus
1686 4854 1782 4891 no-

203 4912 288 4966 bis
314 4896 588 4980 exponens
618 4933 632 4967 :
663 4914 840 4982 Totum
875 4916 1086 4974 stratum
1112 4907 1221 4987 eius
1243 4963 1260 4986 ,_
1290 4922 1487 4992 inquit,
1519 4929 1707 4982 vertisti
1731 4930 1783 4984 in

191 5003 498 5068 inﬁrmitate
523 5007 652 5075 ejus.
681 5007 814 5073 Quid
845 5018 960 5064 cst:
1001 5009 1178 5063 Totum
1217 5023 1444 5082 stratum.
1463 5019 1572 5085 ejus
1598 5022 1783 5074 vertisti

162 5095 250 5146 -in
298 5095 593 5162 infirmitate
633 5099 784 5168 ejus?
825 5097 928 5152 Per
967 5110 1187 5155 stratum
1233 5103 1544 5175 intelligitur
1585 5109 1779 5179 aliquid

203 5193 506 5242 terrenum.
548 5188 732 5248 Omnis
771 5191 942 5245 anima
983 5193 1187 5247 inﬁrma
1227 5195 1277 5252 in
1318 5195 1415 5252 hac
1452 5200 1555 5264 vita
1594 5206 1777 5269 quarrit

197 5278 308 5332 sibi
340 5279 836 5349 aliqttidterrenum
858 5277 950 5338 'ubi
982 5287 1312 5355 requiescat;
1343 5294 1587 5360 quoniam
1617 5298 1776 5352 inten-

182 5384 398 5426 Lenem
445 5371 643 5430 laboris
681 5385 734 5430 et
776 5377 969 5431 mentis
1011 5387 1239 5432 extenuo
1280 5383 1330 5435 in
1373 5383 1533 5443 Deum
1565 5386 1776 5457 difﬁcile

254 5511 267 5539 ³
303 5506 381 5556 sic
402 5507 583 5577 habent
603 5508 828 5578 plerique
996 5515 1051 5586 fit
1073 5509 1210 5586 ridib,
1234 5518 1279 5586 et
1317 5513 1619 5586 laudantibus
1636 5553 1649 5578 ,
1665 5520 1774 5582 jam

170 5571 430 5638 adversus
445 5567 833 5638 vituperationem
851 5569 1028 5638 Clu-isti
1067 5570 1280 5638 cessarit,
1317 5581 1363 5638 et
1402 5575 1556 5638 induit
1572 5567 1649 5638 se;
1665 5567 1768 5633 lete;

169 5629 442 5700 Pauloque
466 5629 574 5706 post
612 5633 856 5706 habebant
1015 5629 1294 5706 quis-illam
1313 5635 1518 5699 intplet?
1545 5629 1770 5706 monti};

165 5695 228 5762 in
258 5690 730 5746 noniinc'satvatoris
751 5691 902 5763 nostri
922 5690 1152 5763 calcantis
1174 5690 1491 5763 leonemfetc.

165 5752 210 5832 :L
251 5759 274 5788 ι
295 5761 606 5832 Omuu‘l‘ere
751 5757 1005 5832 omittun't,‘
1015 5753 1250 5832 aegrotis
1378 5772 1396 5807 :
1422 5770 1473 5809 et
1490 5761 1770 5832 paulopost

164 5809 372 5870 hbent
396 5831 406 5866 :
433 5819 692 5876 adiuvandi
715 5816 918 5868 venitmt.
946 5809 1231 5879 addicto:
1255 5809 1758 5882 adjuvandi

452 5907 713 5964 l'A'l'ROl..
747 5899 1037 5962 XXXVI.

1368 306 1761 396 tantumne
1804 344 1867 398 l.\‘
1908 346 2222 408 PSALMUM
2266 357 2374 410 XL.

3440 393 3468 445 ι
3479 393 3542 447 59

1971 476 2141 533 potest
2169 485 2420 538 perpetuo
2449 475 2670 544 tolerare
2703 501 2716 536 :
2744 485 2937 556 aliquid
2967 493 3064 547 sibi
3091 497 3139 549 in
3166 507 3301 561 terra
3323 513 3547 576 cougoi-

1966 557 2032 610 rit
2057 558 2142 612 ubi
2167 565 2461 631 requiescat
2488 579 2539 621 et
2565 573 2956 645 quodammodo
2983 588 3286 652 pausatitme
3311 557 3536 664 quadam

1963 651 2265 715 recumbat,
2295 658 2450 712 veluti
2476 673 2599 715 sunt
2625 662 2721 720 ista
2746 686 2859 736 ψιςι·
2885 674 3105 744 diligunt
3130 684 3536 746 et.innocentes.

1961 742 2142 814 Neque
2171 749 2310 802 enim
2353 751 2418 805 de
2454 755 2828 824 cupiditatibus
2860 766 3114 824 malorum
3147 789 3286 832 nunc
3312 779 3534 849 loquen-

1959 835 2085 889 dum
2125 849 2202 892 est
2231 882 2245 906 ,
2288 843 2405 911 quia
2442 849 2594 901 multi
2623 854 2964 921 aequieseunt
3009 862 3058 916 ιιι
3093 866 3310 939 theatris
3333 913 3348 938 ,
3383 876 3531 932 tnulti

1955 929 2294 996 acquiescant
2324 933 2374 987 in
2403 937 2544 992 circo
2563 981 2576 1000 ,
2610 941 2658 994 itt
2685 948 3106 1018 amphitheatro,
3138 960 3300 1022 multi‘1
3319 967 3534 1032 acquie-

1957 1031 2113 1072 scunt
2147 1021 2196 1074 in
2233 1024 2383 1089 alea;
2429 1030 2576 1082 mttlti
2618 1032 2666 1085 in
2709 1035 2909 1092 luxuria
2953 1046 3446 1115 popinarum,m_ulti
3479 1059 3530 1112 itt

1955 1106 2168 1164 libidine
2190 1114 2592 1183 adulteriorum,
2632 1127 2775 1179 multi
2812 1130 2859 1182 iu
2895 1133 3155 1202 violentiis
3183 1145 3487 1222 ral'tin'a‘ru‘m
3511 1193 3524 1214 ,

1955 1202 2141 1222 mut.”
2227 1205 2238 1222 ι
2281 1207 2292 1222 .
2395 1212 2444 1222 ..
2669 1217 2683 1222 -
2803 1220 2831 1222 η

1951 1202 2101 1254 multi
2131 1203 2178 1256 itt
2209 1205 2330 1260 dolo
2357 1219 2407 1262 et
2435 1212 2636 1266 insidiis
2665 1217 2924 1276 lt'audiunt
2959 1242 2969 1277 :
3002 1202 3341 1297 acquiescitnt
3364 1207 3416 1290 in
3448 1202 3528 1303 bis

1947 1295 2190 1350 munibus
2218 1296 2476 1356 homines.
2498 1305 2634 1371 Quid
2662 1319 2760 1376 est,
2785 1295 3163 1381 aequiescuut?
3187 1323 3522 1390 Delectantur

1947 1384 2070 1439 illic.
2115 1387 2216 1442 Sed
2257 1408 2620 1453 removeamus
2667 1402 2777 1456 lttnc
2818 1409 2990 1462 omnia
3017 1452 3031 1475 ,
3074 1413 3137 1466 ad
3181 1415 3512 1477 innocentem

1945 1474 2211 1533 hominem
2244 1485 2513 1540 veniamus
2545 1506 2556 1541 :
2587 1495 2870 1560 acquiescit
2907 1501 2955 1551 iu
2993 1501 3151 1556 douto
3176 1520 3304 1570 sua,
3344 1512 3391 1562 in
3433 1512 3510 1572 la-

1943 1567 2083 1618 milia
2111 1585 2223 1634 .sua,
2257 1572 2306 1626 in
2332 1576 2570 1646 Coniuge,
2608 1580 2655 1633 in
2689 1584 2826 1649 liliis,
2859 1587 2907 1639 in
2939 1577 3346 1668 paupertate,in
3378 1617 3512 1669 pra;-

1943 1658 2084 1712 diolo
2114 1677 2229 1724 suo,
2264 1665 2310 1717 itt
2341 1669 2542 1722 novella
2575 1675 2815 1729 manibus
2838 1682 2945 1732 suis
2969 1685 3189 1746 eonsita.
3217 1689 3266 1747 in
3291 1693 3516 1759 aedilicio

1939 1750 2115 1818 aliquo
2157 1768 2252 1806 suo
2295 1758 2468 1813 studio
2509 1760 2756 1818 fabricato
2795 1773 3174 1839 :acquiescuut
3208 1779 3514 1840 innocentes

1939 1844 2002 1896 in.
2032 1845 2129 1898 his.
2163 1846 2263 1902 Sed
2296 1860 2468 1906 tamen
2506 1854 2638 1914 licus
2673 1859 2852 1912 volens
2891 1878 2987 1916 nos
3013 1883 3246 1922 amorem
3282 1888 3384 1940 non
3418 1875 3513 1929 Im.

1936 1935 2061 1990 bere
2091 1937 2335 1995 nisiivita:
2367 1955 2598 2012 :eterure,
2634 1958 2685 2001 et
2711 1949 2822 2004 istis
2856 1954 2992 2007 velut
3024 1956 3391 2030 innocmttihtts
3420 1968 3512 2022 de.

1934 2025 2303 2087 lectationibus
2335 2034 2520 2091 miscet
2547 2038 2957 2114 amaritudiucs;
2991 2055 3046 2098 ut
3069 2057 3124 2101 et
3151 2050 3199 2102 itt
3232 2051 3312 2106 his
3341 2026 3507 2123 patia-

1933 2131 2052 2169 mur
2096 2120 2458 2182 tribnlationcs
2493 2166 2526 2191 ,,
2553 2137 2626 2194 ρει
2655 2132 2955 2190 universum
3001 2147 3221 2196 stratum
3254 2121 3504 2216 nostrum

1931 2211 2089 2262 vertit
2135 2212 2183 2266 in
2228 2216 2528 2274 inﬁrmitate
2568 2232 2770 2294 nostra.
2817 2225 3110 2292 Universum
3144 2246 3354 2292 strutttm
3396 2244 3504 2315 ejus

1927 2303 2110 2355 rcrtisti
2132 2306 2493 2375 inin/irritante
2511 2315 2638 2384 ejus.
2661 2317 2776 2371 Non
2797 2335 2922 2390 ergo
2942 2338 3312 2397 conqueratur,
3336 2351 3501 2402 quan—

1925 2389 1993 2444 do
2035 2393 2083 2445 in
2118 2394 2198 2450 his
2234 2415 2351 2467 quae
2379 2401 2689 2463 innocenter
2715 2407 2873 2464 habet
2895 2417 3142 2483 ,.palitur
3168 2421 3368 2491 aliquas
3401 2400 3509 2481 tri-

1924 2483 2240 2543 bulatioues.
2277 2493 2502 2549 Docetur
2525 2514 2704 2559 amare
2733 2503 2945 2558 meliora
2977 2523 3071 2575 per
3095 2515 3493 2586 amaritudinem

1923 2575 2226 2634 inferiorum
2259 2601 2270 2634 :
2301 2601 2367 2640 ne
2398 2589 2563 2645 viator
2597 2591 2818 2647 tendens
2844 2596 2908 2648 ad
2936 2600 3156 2664 patriam
3177 2643 3197 2681 ,
3231 2607 3491 2672 stabulum

1919 2679 2056 2721 amet
2087 2686 2180 2738 pro
2205 2673 2375 2730 domo.
2393 2693 2507 2732 sua.
2542 2679 2839 2760 Universum
2865 2697 3075 2752 stratum
3101 2673 3209 2760 ejus
3235 2698 3420 2752 vertisti
3439 2701 3491 2755 in

1918 2758 2205 2827 infirmitate
2231 2767 2356 2835 ejus.
2561 2807 2567 2814 -
2929 2835 2933 2840 ,
3184 2845 3188 2850 ,
3421 2855 3426 2860 ,
3460 2846 3465 2853 .

1988 2850 2038 2905 6.
2083 2851 2228 2925 [vet-3.
2247 2857 2343 2930 5.]
2373 2859 2476 2914 Sed
2507 2878 2669 2930 quare
2696 2866 2838 2921 ista?
2866 2869 2995 2937 Quia
3025 2872 3252 2944 ﬂagellat
3276 2896 3486 2939 omnem

1917 2939 2076 3006 ﬁlium
2108 2962 2264 3014 quem
2297 2952 2482 3021 recipit
2507 2953 2689 3021 (Hebr.
2713 2975 2804 3016 .xu
2830 3001 2845 3026 ,
2874 2961 2950 3033 6).
2980 2939 3154 3043 Quare
3183 2968 3279 3034 ista
3304 2973 3328 3025 ?
3353 2974 3483 3043 Qttta

1915 3039 2380 3101 peccantiltomini
2420 3044 2618 3106 dictum
2646 3060 2726 3108 est
2753 3069 2767 3104 :
2792 3051 2858 3107 In
2893 3039 3061 3115 labore
3084 3062 3246 3126 vultus
3274 3067 3346 3125 tui
3372 3039 3489 3140 ius.

1911 3141 2089 3196 partem
2119 3139 2255 3184 tuum
2284 3133 2430 3202 (Gen.
2463 3154 2537 3200 Ill,
2568 3139 2676 3210 19).
2711 3141 2850 3212 Ergo
2880 3147 2996 3215 quia
3026 3154 3386 3221 correptiones
3413 3137 3487 3232 isi

1911 3228 2010 3295 Ias,
2047 3221 2095 3273 in
2127 3224 2318 3291 quibus
2345 3228 2644 3291 universtnu
2671 3243 2890 3291 stratum
2921 3250 3156 3302 nostrum
3183 3249 3404 3307 vertitur
3431 3251 3481 3306 itt

1911 3311 2210 3368 inﬁrmitate
2235 3328 2432 3383 nostra,
2459 3336 2744 3390 agnoscere
2765 3325 2921 3382 debet
2944 3331 3102 3386 homo
3125 3349 3338 3404 propter
3362 3355 3456 3410 pec
3475 3375 3485 3413 -ν

1906 3414 2021 3460 cata
2061 3419 2117 3460 se
2157 3409 2262 3475 pati
2281 3427 2302 3473 ,;
2344 3425 2616 3467 convertat
2655 3432 2732 3478 se,
2769 3427 2820 3471 et
2858 3419 2998 3475 dicat
3027 3425 3162 3493 quod
3194 3409 3477 3499 sequitur:

1913 3493 2021 3564 Ego
2049 3497 2154 3558 dixi
2177 3515 2194 3550 :
2219 3499 2445 3564 Domine,
2480 3506 2617 3584 miser
2630 3525 2708 3558 ere
2735 3511 2866 3574 mei;
2892 3529 3016 3566 sana
3045 3517 3264 3572 animum
3294 3539 3474 3589 meum,

1902 3589 2134 3653 (yroniam
2163 3594 2360 3659 peccavi
2387 3595 2493 3649 tibi.
2523 3598 2566 3652 Ο
2591 3599 2828 3666 Domine,
2864 3603 2913 3655 iu
2943 3605 3362 3678 tribulationibus
3390 3632 3474 3684 me
3532 3667 3537 3682 _

1902 3695 2092 3734 exerce
2131 3684 2146 3713 ³
2185 3701 2198 3739 :
2243 3685 2606 3754 ﬂagellandum
2641 3691 2844 3758 judicas
2874 3709 3082 3751 onmem
3123 3700 3282 3755 ﬁlium
3313 3721 3470 3774 quem

1901 3782 2208 3839 recepturus
2233 3791 2290 3828 es
2314 3816 2328 3840 ,
2362 3779 2447 3845 qui
2482 3795 2577 3833 nec
2607 3781 2772 3836 Unico
2801 3788 3096 3852 pepercisti.
3136 3791 3226 3845 Ille
3255 3795 3465 3860 quidem

1898 3862 2014 3916 sine
2038 3877 2252 3932 peccato
2284 3867 2572 3936 llagellatus
2598 3883 2678 3925 est
2706 3890 2718 3924 :
2747 3889 2844 3943 ego
2865 3887 3037 3932 autem
3061 3879 3203 3943 dico,
3232 3882 3471 3957 Misereri;

1901 3955 1994 4005 mei
2012 3995 2026 4017 ,
2060 3972 2184 4007 sana
2208 3957 2428 4012 animam
2459 3977 2619 4014 meum
2638 4004 2651 4027 ,
2680 3966 2913 4033 quoniam
2940 3973 3134 4036 peccavi
3163 3974 3268 4032 tibi,
3301 3975 3352 4030 Si
3381 3995 3466 4051 se-_

1898 4054 2045 4099 catus
2075 4055 2156 4100 est
2181 4049 2200 4078 ’
2226 4049 2312 4117 qui
2346 4051 2674 4117 putredincm
2704 4071 2804 4108 non
2834 4056 3105 4128 habebat,
3131 4066 3175 4119 si
3205 4049 3463 4128 medicina

1897 4136 2006 4202 ipsa
2047 4147 2223 4191 nostra
2265 4140 2437 4209 ignem
2479 4141 3260 4225 medicinalemnonrespuit;
3303 4161 3468 4230 impa—

1897 4229 2084 4282 tienter
2107 4232 2245 4286 terre
2271 4232 2524 4288 debemus
2545 4247 2786 4292 urentem
2811 4242 3069 4297 medicum
3095 4256 3459 4324 et‘secantem,‘

1893 4317 1945 4372 id
1974 4329 2086 4385 est,
2118 4322 2363 4377 omnibus
2393 4324 2816 4384 tribulationibus
2846 4346 2942 4394 nos
2967 4348 3320 4405 exercentem,
3353 4353 3405 4396 et
3432 4361 3462 4398 a

1891 4420 2105 4477 peccato
2149 4415 2468 4468 sonantem?
2511 4415 2672 4473 Plane
2708 4423 3101 4480 committamus
3149 4445 3241 4481 nos
3271 4415 3457 4499 medici

1889 4501 2102 4567 manui;
2137 4518 2239 4570 non
2278 4504 2418 4558 enim
2447 4517 2622 4573 errat,
2663 4519 2720 4564 ιιι
2761 4526 2945 4566 sanum
2977 4531 3072 4576 pro
3099 4520 3236 4587 putri
3269 4535 3413 4592 secet
3433 4545 3455 4586 ,ε

1889 4593 2034 4647 novit
2060 4594 2197 4663 quod
2231 4596 2438 4665 inspicit
2458 4640 2471 4662 ,
2504 4601 2648 4654 novit
2677 4602 2893 4672 vitium,
2921 4608 3040 4676 quia
3065 4609 3183 4678 ipse
3211 4611 3333 4666 fecit
3363 4632 3459 4671 na-

1890 4693 2094 4747 turam;
2125 4686 2247 4754 quid
2287 4687 2400 4757 ipse
2433 4690 2686 4757 condidit,
2720 4695 2843 4762 qttid
2873 4695 2939 4750 de
2965 4709 3142 4752 nostra
3173 4703 3461 4776 cupiditate

1886 4775 2106 4828 accessit
2130 4777 2457 4846 ..diseernit.
2499 4783 2608 4850 Scit
2637 4798 2697 4837 se
2727 4799 2857 4844 sano
2893 4787 3098 4858 homini
3135 4775 3466 4870 praeceptum

1885 4866 2113 4933 dedisse,
2147 4885 2211 4923 ne
2241 4870 2544 4941 languorem
2576 4873 2907 4940 incurreret;
2940 4877 3136 4935 dixisse
3164 4883 3213 4959 in
3245 4888 3454 4954 paradi-

1885 4971 1946 5011 so
1975 4975 1986 5006 :
2019 4957 2129 5013 lloe
2154 4961 2432 5026 manduca,
2464 4972 2518 5017 et
2546 4963 2648 5018 hoc
2676 4966 2782 5020 noli
2816 4967 2924 5037 (Id.
2954 4985 3027 5037 ιι,,
3062 4973 3127 5043 16
3147 4957 3319 5054 ,17).
3338 4977 3455 5035 Non

1882 5049 2079 5104 audivit
2106 5065 2264 5105 sanus
2291 5053 2478 5107 medici
2503 5067 2846 5124 prmceptum,
2877 5070 2932 5113 ut
2959 5076 3062 5118 non
3085 5049 3332 5135 caderet;
3358 5086 3457 5141 att-

1881 5141 1992 5196 diat
2019 5143 2102 5198 vel
2127 5154 2375 5213 aegrotus,
2407 5156 2464 5199 ut
2488 5157 2687 5216 surgat.
2725 5149 2834 5221 Ego
2859 5151 2967 5206 dixi
2993 5153 3275 5227 :Dominc,
3308 5165 3456 5218 mise-

1881 5250 1988 5287 rere
2012 5234 2106 5287 mei
2124 5250 2144 5299 ;
2169 5250 2291 5290 sano
2317 5235 2746 5306 animanuucam,
2774 5244 3009 5311 quoniam
3037 5251 3234 5317 peccavi
3259 5252 3364 5304 liln'.
3399 5254 3450 5308 In

1881 5323 2048 5378 factis,
2071 5326 2202 5379 meis
2226 5367 2240 5390 ,
2275 5327 2324 5379 in
2358 5330 2745 5410 peccatismeis
2777 5349 2878 5396 non
2912 5351 3102 5393 accuso
3145 5343 3404 5415 fortunam
3433 5389 3447 5412 ,

1879 5416 2150 5480 non,dico,
2185 5417 2290 5477 lloc
2321 5419 2447 5474 mihi
2473 5419 2596 5474 fecit
2621 5422 2816 5490 latum;
2845 5443 2951 5481 non
2974 5427 3112 5498 dico,
3140 5433 3448 5505 Adulterum

1877 5511 1961 5563 me
1991 5508 2114 5564 fecit
2147 5509 2343 5580 Venus,
2365 5521 2421 5567 et
2439 5513 2696 5575 latronem
2721 5533 2806 5573 me
2829 5519 2948 5593 fecit,
2971 5522 3131 5591 Mars,
3153 5533 3206 5579 et
3222 5539 3445 5607 avarum

1938 5709 1954 5739 ί
1979 5707 2052 5756 sic
2079 5713 2182 5771 Mss.
2211 5707 2320 5758 Edd.
2340 5723 2459 5759 vero
2484 5745 2498 5769 ,
2523 5709 2572 5760 in
2595 5711 2973 5764 tribulationibus
2994 5710 3112 5765 nmis
3131 5728 3206 5764 me
3226 5729 3434 5771 exerces.

1933 5771 1954 5800 ³
1973 5777 2109 5836 tm”
2134 5770 2176 5820 si
2202 5778 2332 5822 ustus
2353 5779 2438 5822 cst.
2461 5781 2516 5822 At
2538 5781 2663 5834 Mss,
2680 5774 2722 5824 si
2752 5783 2938 5825 secutus
2960 5784 3028 5824 est
3055 5789 3072 5835 ;
3107 5785 3216 5836 aut,
3243 5770 3427 5829 sectus:

1872 5837 1924 5880 et
1945 5833 2017 5883 sic
2051 5836 2124 5881 Er.
2651 5833 2655 5834 ⁷
2711 5851 2713 5853 ‘
3055 5833 3062 5835 ﬁ
3203 5833 3210 5836 ⁷
3369 5880 3374 5885 -
3397 5859 3428 5892 τ.

2852 5921 3189 6002 (Quotch
3366 5919 3422 5952 ⁰²
