3972 6198
278 314 374 370 ιθι

270 433 382 497 58).
413 430 570 486 Saulti
591 429 604 483 l
632 429 894 500 quomodo
915 440 1086 485 vestra
1107 438 1208 484 erit
1228 428 1542 484 hmrcditas?
1561 432 1678 500 quia
1701 432 1838 486 oeci;

268 524 419 577 distis
446 522 605 576 eum?
636 523 773 576 Ecce
801 532 853 576 et
881 522 1142 575 occidistis
1170 536 1310 586 eum,
1338 530 1392 574 et
1412 531 1583 576 vestra
1612 507 1713 576 non
1737 523 1838 577 erit

267 615 568 668 lia-reditas.
596 612 854 683 Numquid
871 613 954 682 qui
969 613 1148 665 dormit
1169 628 1266 665 non
1288 611 1485 682 adjiciat
1505 622 1559 666 ut
1579 615 1839 683 resurgat?

261 707 486 774 Quando
516 721 608 760 vos
635 699 934 760 exsultaS‘tis
959 705 1214 759 occidisse
1242 719 1382 768 cum,
1416 703 1504 758 ille
1541 704 1792 758 dormivit
1819 715 1846 758 :'

259 797 391 852 dicit
418 798 557 852 enim
582 805 637 852 et
667 797 716 849 in
747 797 851 849 alio
878 795 1099 864 psalmo,
1133 793 1242 865 Ego
1272 795 1501 847 dormivi.
1546 794 1619 859 llli
1651 797 1836 849 saevie-

259 879 400 952 runt;
449 899 503 943 ct
547 889 788 944 occidere
835 889 1111 942 voluerunt
1141 907 1152 941 :
1183 886 1291 956 Ego
1331 887 1560 940 dormivi.
1586 887 1739 942 ‘Nam
1785 889 1830 943 si

257 983 572 1047 noluissem,
605 999 700 1035 nec
725 964 1057 1034 dormissem.
1104 979 1215 1049 Ego
1245 980 1456 1033 dormivi
1484 970 1658 1050 :‘quitr
1675 992 1827 1051 pote-

251 1083 429 1127 statem
459 1073 614 1127 habeo
643 1073 856 1142 ponendi
882 1073 1099 1124 animam
1124 1087 1302 1135 meam,
1331 1080 1691 1139 et-patestatem
1731 1072 1826 1123 lm-

251 1166 340 1218 b‘eo
366 1165 545 1217 iterum
574 1164 798 1217 sumendi
821 1172 927 1214 eam
955 1161 1130 1239 (Joan.
1167 1177 1220 1225 Χ,
1261 1161 1365 1230 18).
1401 1159 1512 1231 Ego
1529 1161 1755 1224 dormivi,
1782 1171 1826 1215 et

248 1251 479 1308 somnum
505 1251 631 1323 cepi,
666 1264 709 1306 rt
748 1255 1004 1308 exsurrexi
1032 1253 1199 1324 (Psal.
1231 1269 1304 1313 ιιι,
1337 1252 1414 1320 6).
1444 1251 1674 1306 Sreviant
1697 1267 1822 1322 ergo

248 1345 434 1404 Jndmi.
469 1356 606 1399 terra
637 1346 873 1398 trmlatur
902 1346 951 1396 in
980 1359 1171 1397 manus
1211 1343 1353 1413 impii
1397 1342 1532 1415 (Job
1565 1359 1644 1406 Ix,
1671 1343 1773 1412 24)
1802 1337 1829 1409 ,⁴

245 1455 368 1492 caro
397 1441 728 1508 permittatur
753 1438 993 1491 manibus
1024 1437 1469 1505 persequentium,
1497 1436 1820 1502 Suspendant

246 1535 296 1585 in
329 1529 489 1601 ligno,
519 1532 680 1585 clavis
708 1517 1031 1599 transfigant,
1062 1530 1239 1584 lancea
1279 1528 1580 1598 perlodiant
1608 1545 1623 1582 :
1655 1527 1819 1581 Num-

241 1627 359 1696 quid
385 1627 469 1694 qui
497 1624 679 1678 dormit
709 1637 806 1676 nan
834 1623 1033 1693 adjiciet
1063 1633 1114 1674 ut
1145 1620 1414 1689 resurgat?
1452 1618 1646 1689 thuid
1688 1611 1815 1674 dor-

244 1716 430 1769 mivit?
455 1716 585 1782 Quia
629 1715 794 1768 Adam
829 1713 992 1766 forma
1037 1720 1150 1765 erat
1179 1710 1335 1763 futuri
1381 1705 1552 1779 (llam.
1586 1725 1639 1773 γ,
1681 1708 1766 1778 1-4)
1797 1726 1810 1759 :

240 1820 291 1861 ct
319 1809 485 1862 Adam
513 1807 797 1873 dormivit,
830 1805 1040 1875 quando
1073 1804 1140 1858 de
1181 1803 1342 1856 latere
1385 1803 1499 1870 ejus
1529 1801 1638 1856 Eva
1677 1800 1809 1855 facta

238 1912 317 1956 cst
347 1900 496 1956 (Gen.
521 1916 576 1964 ιι,
603 1899 719 1969 21).
754 1898 999 1952 Adam-in
1031 1896 1190 1966 figura
1219 1891 1440 1960 Christi,
1465 1895 1569 1949 Eva
1598 1895 1647 1948 in
1679 1895 1809 1962 ﬁgu-

235 2003 290 2046 ra
337 1991 586 2046 Ecclesize
630 2011 642 2043 :
687 1989 826 2043 unde
871 2001 951 2041 εει
1010 1987 1270 2056 appellata
1320 1994 1486 2039 mater
1544 1985 1807 2039 vivorum.

231 2081 453 2147 Quando
505 2080 752 2135 fabricata
805 2087 886 2133 est
935 2077 1092 2132 Eva?
1139 2070 1272 2131 Dum
1320 2075 1574 2129 dormiret
1615 2075 1804 2130 Adam.
1851 2115 1856 2118 -

228 2163 450 2240 Quando
489 2172 554 2227 de
577 2173 740 2226 latere
764 2170 955 2224 Christi
984 2179 1310 2224 sacramenta
1341 2164 1588 2223 EccleSiae
1615 2169 1807 2237 proﬂu-

227 2279 410 2323 xi‘runl
432 2268 455 2320 ?
481 2266 610 2321 Cum
637 2265 893 2320 dormiret
917 2264 969 2318 in
992 2271 1166 2318 cruce.
1215 2259 1473 2332 Numquid
1495 2261 1580 2332 qui
1622 2262 1804 2340 dormit

225 2379 322 2414 non
350 2361 417 2412 ad
409 2359 552 2432 jii‘irt
582 2369 632 2410 ut
660 2353 926 2426 resurgat?
967 2383 973 2387 -
1526 2370 1534 2379 ε
1657 2365 1660 2368 ·

231 2459 246 2476 ³
286 2455 373 2507 11.
415 2451 567 2524 [t-ers.
607 2447 721 2521 10.)
755 2449 816 2502 Et
845 2446 981 2500 unde
1010 2444 1293 2524 dormivit?
1336 2444 1411 2497 Ex
1457 2442 1545 2496 illo
1585 2443 1670 2512 qui
1717 2443 1797 2496 in-

220 2531 436 2617 gressus
460 2553 540 2598 est
567 2552 623 2596 ιιι
643 2533 861 2602 videret,
888 2549 936 2593 et
966 2535 1305 2607 congregavit
1323 2536 1648 2603 iniquitatem
1675 2535 1794 2602 sibi.

223 2627 420 2691 Etenim
451 2635 599 2688 Ιιοιιιο
642 2633 778 2704 pacis
810 2644 943 2692 mete
991 2630 1041 2682 in
1079 2643 1221 2697 quem
1265 2626 1482 2694 speravi,
1515 2626 1599 2692 qui
1627 2624 1798 2679 edebat

221 2710 373 2800 panes
388 2737 544 2791 meos,
565 2725 820 2796 ampliavit
843 2737 992 2792 super
1010 2736 1085 2774 me
1109 2719 1414 2773 calcaneum.
1435 2717 1619 2773 Erexit
1639 2733 1797 2790 super

218 2830 302 2876 me
329 2819 518 2889 pedem
554 2836 567 2872 :
599 2816 909 2872 conculcare
932 2829 1013 2867 me
1042 2812 1222 2864 voluit.
1251 2810 1380 2878 Quis
1405 2813 1486 2864 εει
1507 2809 1605 2863 iste
1633 2808 1793 2861 homo

1526 2370 1534 2379 ι

218 2913 363 2982 pacis
403 2909 610 2980 ipsius?
648 2907 828 2963 Judas.
861 2900 929 2960 Et
969 2905 1018 2958 in
1066 2903 1211 2957 illum
1255 2901 1501 2956 Christus
1528 2898 1790 2970 speravit,
1837 2913 1842 2921 '

217 3001 332 3074 (quia
362 3003 515 3064 dixit,
547 3001 612 3055 In
658 3013 800 3071 quem
843 2995 1081 3068 speravi?
1123 2995 1306 3050 Nonne
1349 2995 1494 3048 illum
1536 2995 1604 3048 ab
1645 2993 1792 3062 initio

217 3092 475 3148 noverat?
504 3107 676 3146 nonne
719 3085 997 3158 antequam
1044 3097 1348 3141 nasceretur
1387 3084 1616 3164 i'uttirum
1654 3084 1794 3154 scie-s

218 3186 338 3240 hat?
368 3201 545 3240 nonne
574 3184 817 3238 omnibus
844 3180 1112 3250 discipulis
1141 3179 1249 3233 suis
1288 3177 1526 3244 dixerat,
1558 3169 1790 3256 "Egovos

215 3277 474 3337 duodecim
501 3275 646 3346 elegi,
670 3285 714 3327 ct
731 3258 871 3326 unus
895 3287 957 3326 ea:
979 3270 1115 3324 vobis
1140 3269 1368 3322 diabolus
1404 3278 1475 3321 est
1501 3267 1677 3336 (Jaan.
1713 3283 1780 3331 xl,

215 3371 341 3438 7t)?
366 3369 644 3436 Quomodo
682 3381 808 3436 ergo
855 3365 904 3418 in
951 3364 1093 3418 illum
1125 3361 1374 3432 speravit,
1422 3360 1520 3415 nisi
1565 3362 1683 3430 quia
1732 3361 1783 3414 in

213 3451 462 3514 membris
491 3460 600 3512 suis
626 3459 736 3526 ipse
763 3466 863 3521 est,
892 3464 946 3510 et
986 3454 1123 3524 quod
1155 3453 1302 3506 multi
1335 3451 1514 3506 fideles
1543 3451 1609 3506 de
1649 3452 1784 3506 Juda

211 3560 572 3620 spcraverunt,
600 3548 769 3602 hocin
800 3562 857 3602 se
875 3544 1260 3615 transtiguravit
1287 3543 1579 3597 Dominus?
1601 3544 1781 3609 Quan-

209 3641 272 3695 do
319 3641 462 3696 enim
512 3639 759 3693 videbant
803 3636 991 3693 Judam
1033 3635 1186 3688 multi
1214 3633 1303 3704 qui
1351 3633 1682 3687 crediderant
1727 3634 1779 3686 in

209 3731 494 3794 Christum,
539 3729 806 3783 ambulare
850 3723 985 3782 inter
1009 3725 1284 3780 duodecim
1313 3724 1615 3793 discipulos,
1655 3739 1778 3794 spe-

209 3823 390 3877 rabant
439 3823 510 3890 in_
541 3821 683 3873 illum
736 3819 932 3888 aliqui;
978 3817 1098 3886 quia
1149 3815 1268 3869 talis
1310 3814 1778 3883 crat,»~qualcs:ct

207 3913 380 3978 caueri
412 3932 424 3965 :
457 3912 697 3966 Christus
717 3922 889 3964 autem
917 3909 1037 3978 quia
1060 3908 1110 3960 in
1139 3906 1390 3959 membris
1410 3906 1520 3959 suis
1543 3915 1656 3959 crat
1677 3905 1777 3959 hoc

205 3975 556 4073 ειιειῖτιηιηιιιε,
590 4003 855 4073 quomodo
883 4003 934 4055 in
977 4001 1079 4054 illis
1103 4009 1184 4053 est
1226 3998 1578 4052 esurientibus
1609 4006 1662 4051 et
1700 3984 1775 4051 si-

207 4096 490 4159 tientibus;
520 4093 784 4164 quomodo
827 4093 962 4146 dixit
994 4089 1212 4154 Esto-iri,
1253 4089 1328 4141 sic
1369 4087 1501 4142 dixit
1541 4088 1770 4157 Speraui.

207 4187 428 4242 Proinde
454 4187 496 4240 si
524 4187 600 4241 sic
629 4187 698 4238 illi
727 4184 981 4244 dicamus,
1013 4181 1250 4243 Domine,
1278 4179 1494 4248 quando
1511 4177 1773 4250 sperasti?

201 4279 465 4348 quomodo
495 4279 567 4332 illi
615 4278 816 4331 dictum
853 4283 954 4340 est,
998 4274 1232 4336 Domine,
1265 4271 1475 4341 quando
1517 4271 1772 4324 esuristi?

201 4372 476 4439 Quomodo
514 4371 662 4425 nobis
709 4371 775 4424 ibi
821 4369 969 4432 dixit,
1017 4364 1256 4420 Cuin‘uni
1290 4370 1359 4418 ‘ex
1396 4364 1614 4418 minimis
1652 4357 1770 4420 meis

201 4465 405 4535 fecistis,
448 4464 569 4516 mihi
597 4465 778 4533 fecistis
809 4460 1016 4532 (Matt/1.
1048 4473 1178 4523 xxv,
1205 4458 1293 4521 57,
1324 4458 1413 4525 40)
1439 4473 1452 4521 ;
1485 4458 1560 4510 sic
1599 4466 1772 4526 potest

198 4556 376 4610 dicere
417 4573 432 4608 :
471 4554 601 4608 Cum
646 4569 782 4606 unus
824 4569 888 4606 ex
934 4550 1165 4604 minimis
1203 4549 1348 4607 meis
1377 4543 1625 4617 sperauit,
1672 4564 1770 4618 ego

196 4646 430 4713 speravi.
462 4644 518 4698 ln
543 4659 697 4714 quem
729 4642 974 4713 speravi?
1009 4639 1174 4694 Homo
1201 4639 1339 4705 pacis
1363 4635 1504 4703 meat,
1545 4640 1596 4692 in
1624 4641 1769 4709 quem

192 4737 420 4808 speravi,
447 4737 530 4806 qui
555 4735 726 4789 edebat
751 4748 903 4805 panes
929 4739 1078 4789 meos.
1103 4719 1378 4802 Quomodo
1397 4733 1566 4800 ipsum
1589 4742 1767 4786 Osten-

191 4829 270 4882 dit
301 4829 354 4880 in
385 4829 649 4896 passione,
695 4827 762 4882 de
789 4828 902 4881 istis
928 4810 1100 4881 verbis
1143 4821 1473 4894 prophetia}?
1501 4822 1602 4875 Per
1641 4821 1767 4900 buc-

189 4921 381 4972 cellam
411 4920 555 4973 illum
595 4919 884 4988 designavit
915 4917 1087 4988 (Joan.
1119 4931 1229 4978 xm,
1259 4915 1374 4982 26),
1406 4922 1460 4966 ιιι
1488 4911 1766 4982 appareret

187 5013 256 5066 de
281 5012 373 5064 illo
401 5011 622 5076 dictum,
656 5011 752 5078 Qui
771 5009 941 5064 edebat
967 5025 1118 5077 panes
1145 4995 1295 5060 meos.
1329 5005 1530 5060 Rursus
1556 5005 1765 5073 quando

188 5105 337 5158 venit
359 5113 414 5157 ut
438 5103 670 5157 traderet
688 5118 830 5164 enim,
853 5102 1088 5153 osculum
1117 5098 1186 5151 illi
1210 5095 1352 5150 dedit
1373 5094 1590 5165 (Matth.
1617 5108 1760 5159 xxvr,

185 5197 306 5266 i9),
329 5194 762 5264 utappareretde
785 5194 872 5247 illo
891 5192 1104 5254 dictum,
1139 5188 1300 5242 Homo
1357 5187 1496 5258 paris
1526 5200 1664 5240 metu.

203 5314 206 5318 ι
259 5287 353 5341 12.
382 5285 532 5360 [υεη.
561 5283 670 5357 11.]
697 5281 777 5338 Tu
796 5293 980 5346 autem,
1009 5281 1236 5345 Domine,
1261 5279 1490 5332 miserere
1512 5277 1624 5329 mei.
1652 5276 1762 5330 lloc

185 5395 250 5434 ex
283 5381 448 5432 torma
493 5378 651 5440 servi,
704 5376 802 5429 hoc
849 5389 910 5428 ex
957 5371 1119 5426 forma
1148 5372 1163 5402 ⁸
1192 5371 1364 5440 inopis
1405 5378 1458 5423 et
1490 5367 1757 5437 pauperis.

185 5473 378 5526 Beatus
403 5470 545 5526 enim
589 5469 672 5540 qui
700 5465 929 5535 intelligit
957 5480 1106 5532 super
1147 5479 1354 5532 egenum
1400 5471 1445 5514 et
1467 5466 1757 5531 pauperem.

184 5563 433 5618 Miserere
473 5562 603 5627 mei,
631 5569 675 5613 et
704 5558 938 5614 resuscita
979 5570 1075 5618 me,
1107 5565 1151 5607 et
1178 5554 1380 5606 reddam
1417 5553 1541 5607 illis.
1577 5549 1762 5605 Videte

184 5654 404 5728 quando
426 5654 627 5709 dictum
653 5661 754 5719 est,
778 5662 884 5722 1am
917 5648 1108 5733 factum
1134 5655 1234 5704 est.
1273 5646 1592 5704 Occiderunt
1617 5643 1757 5714 cnim

206 5765 210 5768 ’
251 5789 270 5820 ι
297 5779 432 5851 ωλι..
455 5799 674 5854 persona.
699 5793 834 5848 Mss.,
853 5783 1026 5850 fama.

1370 315 1763 372 ENARRATIO
1800 317 1866 390 ΙΝ
1902 318 2215 378 PSALMU.“
2262 323 2370 403 XL.

3412 341 3517 396 462

1947 455 2209 511 Christum
2233 457 2420 524 Judzci,
2455 475 2521 514 nc
2551 459 2833 530 perderent
2860 465 3031 520 locum
3064 467 3240 536 (Joan.
3276 488 3346 537 xi,
3381 473 3468 542 18)
3495 494 3507 528 :

1947 546 2035 600 illo
2083 549 2257 602 occiso
2304 550 2643 618 perdiderunt
2690 554 2857 609 locum
2883 571 2899 621 ;
2929 553 3176 616 eradicati
3204 577 3231 614 τι
3263 579 3422 634 regno
3451 569 3464 598 ¹
3494 609 3508 631 ,

1941 634 2162 705 dispersi
2194 648 2334 692 sunt.
2364 641 2656 696 Suscilatus
2684 644 2910 700 reddidit
2951 649 3051 701 illis
3080 652 3464 715 tribulationem
3493 677 3506 712 :

1941 725 2165 780 reddidit
2189 727 2254 782 ad
2275 730 2708 798 admonitionem,
2741 725 3062 792 nondumad
3090 739 3503 800 damnationem.

1935 812 2132 904 Civitas
2175 818 2313 870 enim
2346 819 2431 873 illa
2483 821 2530 872 in
2567 837 2665 890 qua
2714 821 2926 877 frcnmit
2971 809 3214 898 populus,
3258 841 3504 902 tanquam

1937 904 2020 957 leo
2047 909 2255 976 rapiens
2279 920 2332 963 et
2360 911 2590 981 regions,
2621 915 2944 984 exclamans,
2973 917 3237 990 Cruci/Ege,
3267 926 3505 997 cruciﬁge

1934 993 2082 1078 (truc.
2111 1014 2262 1062 χχιιι,
2289 1001 2374 1064 21,
2401 1011 2448 1054 ct
2483 1001 2638 1056 Joan.
2673 1020 2783 1070 xix,
2829 1006 2904 1075 6).
2937 1007 3214 1065 cranlicatis
3259 1013 3380 1068 inde
3404 993 3500 1070 Ju-

1931 1084 2079 1150 dmis,
2121 1085 2446 1142 Christianos
2493 1091 2667 1158 habet,
2703 1109 2730 1143 a
2762 1094 2943 1149 Judzeo
2973 1097 3114 1152 nullo
3157 1100 3496 1160 inhabitatur.

1929 1172 2161 1228 l’lantata
2187 1189 2265 1231 est
2296 1180 2364 1233 ibi
2397 1181 2627 1235 Ecclesia
2658 1182 2875 1250 Christi,
2907 1186 3044 1242 unde
3073 1191 3349 1246 cmdicatm
3376 1206 3499 1250 sunt

1927 1268 2091 1335 Spirae
2133 1268 2442 1341 Synagogm.
2489 1273 2718 1328 Proinde
2748 1292 2867 1331 vere
2901 1279 3034 1348 ignis
3063 1257 3244 1335 eorum
3276 1287 3494 1354 exarsit,

1925 1359 2060 1414 sicut
2086 1361 2134 1415 in
2157 1365 2329 1431 'spinis
2352 1363 2510 1435 (l’sal.
2541 1380 2703 1432 cxvu,
2732 1369 2819 1438 12)
2849 1387 2862 1423 :
2896 1370 3147 1426 Dominus
3171 1386 3344 1429 autem
3377 1387 3494 1431 lan-

1923 1466 2077 1519 quam
2107 1453 2301 1524 lignum
2328 1458 2492 1511 viride
2517 1467 2651 1513 erat.
2686 1460 2794 1514 lloc
2827 1463 2945 1530 ipse
2973 1466 3069 1529 ait,
3103 1468 3314 1535 quando
3344 1471 3493 1538 plano

1921 1544 2367 1614 gebant‘qumdam
2397 1549 2642 1604 mulieres
2672 1551 2829 1604 veluti
2856 1554 3168 1609 moriturum
3198 1557 3488 1627 Christum,

1921 1633 2095 1690 Nolite
2121 1639 2242 1706 flere
2264 1656 2410 1709 super
2439 1657 2534 1706 me,
2561 1641 2646 1696 sed
2668 1659 2819 1711 super
2844 1659 2926 1697 ros
2955 1643 3247 1716 ipsas'ﬂete,
3276 1661 3320 1702 ct
3344 1669 3493 1720 super

1917 1728 2053 1795 filios
2080 1741 2260 1783 t'cstros
2289 1747 2312 1783 -:
2349 1748 2409 1784 ex
2445 1732 2543 1786 hoc
2572 1735 2881 1802 pra-dicens,
2917 1736 3119 1791 Suscita
3151 1755 3247 1806 me,
3285 1753 3332 1795 et
3375 1746 3490 1797 red-

1917 1818 2033 1871 dant
2059 1819 2181 1875 illis.
2225 1819 2286 1875 Si
2311 1823 2442 1875 enim
2471 1823 2520 1876 in
2552 1822 2697 1876 viridi
2726 1825 2862 1895 ligno
2891 1831 2995 1880 Iure
3023 1829 3232 1895 faciunt,
3265 1831 3313 1883 in
3344 1834 3488 1886 arido

1867 1939 1874 1942 -
1913 1909 2034 1978 quid
2071 1902 2154 1978 [iet
2185 1910 2331 1978 (Luc.
2372 1929 2526 1978 xxm,
2570 1915 2661 1978 28,
2691 1917 2825 1981 5t)?
2857 1917 3074 1985 Quando
3103 1922 3268 1988 possit
3317 1924 3486 1980 viride

1913 2001 2109 2070 lignum
2141 2005 2378 2057 eopsumi
2405 2005 2472 2059 ab
2501 2005 2618 2074 igne
2639 2008 2917 2076 spinarum
2944 2008 2966 2062 ?
2993 2005 3311 2066 ExarScrunt
3341 2014 3482 2068 enim

1911 2092 2053 2145 velut
2095 2092 2229 2161 ignis
2268 2094 2320 2149 in
2350 2095 2532 2171 spinis.
2581 2095 2720 2165 Ignis
2757 2098 2936 2166 spinas
2973 2101 3258 2165 consumit,
3290 2112 3342 2156 ct
3370 2105 3484 2158 cui-

1909 2193 2134 2252 eumque
2181 2186 2332 2240 \‘iridi
2364 2169 2513 2255 ligno?
2548 2189 2844 2255 adhibetur,
2877 2189 3089 2245 difticile
3134 2183 3442 2251 accenditur
3465 2239 3479 2262 ,

1909 2276 2098 2330 humor
2124 2278 2262 2341 enim
2292 2279 2414 2348 ligni
2445 2279 2642 2334 resistit
2681 2275 2906 2336 ﬂammae
2936 2282 3092 2338 lcuta:
3118 2293 3170 2338 et
3193 2287 3440 2341 marcidte
3461 2328 3478 2354 ,

1908 2377 2081 2424 tamen
2105 2369 2307 2425 idonea:
2323 2371 2386 2424 ad
2404 2363 2788 2428 consumendos
2807 2375 3002 2443 Spinas.
3030 2375 3094 2429 Et
3111 2378 3298 2448 suscita
3314 2395 3410 2442 me,
3431 2392 3478 2432 et

1903 2455 2111 2514 reddam
2131 2462 2250 2550 illis.
2272 2461 2348 2516 Ne
2365 2462 2496 2518 forte
2516 2478 2665 2529 sane,
2686 2463 2895 2528 fratres,
2917 2467 3088 2520 minus
3102 2477 3370 2538 potentem
3393 2469 3477 2525 Fi-

1904 2551 2223 2620 lium,»quam
2244 2552 2450 2606 Patrem
2467 2555 2748 2623 putetis,ex
2766 2571 2829 2610 eo
2844 2557 2962 2626 quia
2980 2557 3140 2624 dixit,
3153 2557 3354 2614 Suscita
3373 2579 3470 2626 me,

1901 2641 2038 2709 quod
2063 2643 2172 2709 ipse
2187 2657 2246 2697 se
2259 2644 2514 2698 suscitare
2540 2660 2643 2697 non
2665 2646 2850 2712 possit.
2884 2647 2992 2701 lloc
3019 2651 3159 2702 enim
3190 2652 3480 2722 suscitavit

1901 2730 2041 2799 quod
2091 2732 2221 2784 mori
2273 2741 2480 2801 pot-crat
2512 2750 2524 2785 :
2557 2733 2607 2787 id
2645 2744 2762 2801 est,
2804 2746 2932 2790 caro.
2956 2731 3164 2791 mortua»
3202 2749 3301 2803 est,
3345 2757 3470 2796 caro

1899 2821 2145 2876 suscitata
2167 2829 2265 2878 est.
2289 2821 2368 2876 'Ne
2391 2827 2798 2894 tamen‘putetis,
2828 2829 2946 2896 quia
2970 2830 3109 2884 Deus
3136 2830 3290 2885 Pater
3313 2832 3470 2887 Chri-

1897 2913 1962 2965 sti
1992 2913 2162 2980 potuit
2190 2913 2444 2969 suscitare
2470 2914 2757 2982 Christum,
2780 2917 2827 2971 id
2856 2927 2938 2973 est
2961 2932 3174 2975 carnem
3203 2921 3322 2976 Filii
3344 2924 3466 2990 sui;

1895 3014 1952 3057 ct
1977 3005 2085 3074 ipse
2110 3005 2373 3074 Christus,
2401 3019 2518 3062 cum
2554 3008 2782 3064 Verbum
2826 3011 2909 3064 sit-
2940 3011 3258 3082 Dei'mquale
3287 3013 3465 3082 Patri,

1895 3110 1997 3148 non
2025 3104 2229 3170 poterat
2248 3111 2466 3151 carnem
2487 3112 2647 3151 suam.
2666 3100 2920 3153 suscitare
2944 3117 2956 3153 :
2983 3100 3162 3155 audite
3193 3119 3254 3156 ex
3285 3102 3466 3158 Evan-

1891 3176 2061 3254 g'cuo,
2076 3185 2268 3262 Solvite
2299 3171 2678 3256 ιεηιριιυηῖιιοσ,
2707 3197 2754 3242 et
2777 3189 2828 3243 in"
2847 3189 3012 3259 triduo
3038 3191 3286 3245 suscitabo
3304 3193 3461 3247 una.

1895 3277 2002 3329 lloc
2029 3285 2201 3331 autem
2233 3268 2587 3347 Evangelista,
2617 3293 2682 3332 ne
2725 3279 2883 3334 etiam
2909 3277 3037 3334 inde
3075 3266 3459 3338 dubita-remus.

1890 3367 2100 3433 dicebat,
2145 3368 2340 3438 inquit,
2370 3369 2432 3423 de
2457 3369 2644 3440 templo
2681 3371 2903 3440 corporis
2931 3372 3009 3430 sui
3052 3370 3228 3444 (Joan.
3254 3390 3329 3442 ιι,
3357 3374 3459 3443 19,

1887 3462 2002 3527 21),
2031 3470 2074 3514 et
2103 3461 2340 3515 resuscita
2369 3478 2466 3524 me,
2503 3472 2546 3515 et
2569 3461 2926 3516 reddam'illis.
2985 3504 2988 3506 ν

1958 3553 2044 3606 15.
2078 3550 2227 3624 [vers.
2259 3550 2367 3624 12]
2397 3550 2465 3604 In
2503 3552 2595 3604 Itoc
2619 3553 2826 3623 cognovi
2855 3556 3090 3622 quoniam
3117 3556 3315 3610 voluisti
3345 3574 3478 3625 ητα,-

1884 3643 2118 3713 quoniam
2161 3659 2260 3696 non
2301 3642 2532 3710 gaudebit
2557 3643 2785 3696 inimicus
2832 3660 2968 3698 meus
3010 3661 3290 3713 superine.
3323 3649 3453 3714 Quia

1883 3733 2048 3803 gavisi
2076 3740 2197 3785 sunt
2222 3731 2410 3797 Judaei,
2437 3731 2646 3802 quando
2674 3731 3214 3788 viderunt'Christum
3239 3737 3450 3791 crucifi-

1883 3839 2005 3896 xum
2027 3839 2040 3887 ;
2066 3812 2314 3892 implesse
2342 3835 2401 3875 se
2428 3811 2663 3876 arbitrati
2688 3831 2809 3876 sunt
2835 3822 3158 3877 voluntatem
3187 3827 3406 3882 nocendi
3435 3846 3447 3882 :

1881 3914 2122 3970 cllectum
2151 3911 2398 3989 :l‘ruclum
2429 3913 2644 3968 saevitia:
2671 3929 2781 3968 sua:
2829 3915 3070 3969 viderunt
3099 3916 3369 3974 Christum
3385 3921 3446 3975 'in

1880 4002 2037 4062 cruce
2085 4005 2434 4076 pendentem;
2477 4007 2804 4077 agitaverant
2847 4008 3117 4078 caput,vSl
3160 4009 3324 4066 Filius
3355 4012 3450 4068 Dei

1878 4101 1970 4162 est,
2017 4098 2280 4177 descendat
2309 4099 2370 4151 de
2405 4112 2554 4150 cruce.
2591 4095 2799 4168 (Matth.
2846 4111 3008 4159 xxv",
3052 4098 3141 4164 59,
3173 4101 3284 4174 40).
3321 4102 3446 4157 Non

1877 4191 2230 4270 descendebat
2254 4193 2340 4264 qui
2362 4198 2608 4259 poterat:
2637 4204 2740 4243 non
2763 4191 3048 4260 potentiam
3070 4192 3092 4224 ²
3112 4193 3447 4251 demonstra-
3505 4186 3510 4191 ’

1878 4281 1990 4348 bat;
2017 4282 2108 4336 Sed
2140 4280 2442 4358 patientiam
2472 4279 2716 4334 docebat.
2741 4279 2795 4335 Si
2826 4283 2966 4336 enim
2996 4282 3106 4337 haec
3135 4285 3236 4339 illis
3259 4285 3412 4340 dicen
3431 4316 3447 4328 -

1877 4377 2016 4454 tibus
2041 4376 2108 4430 de
2133 4387 2288 4429 cruce
2317 4373 2686 4440 descenderet,
2731 4375 2878 4444 quasi
2911 4375 3282 4431 insultantibus
3321 4393 3448 4432 ces-

1875 4466 2009 4537 sisse
2059 4464 2361 4527 videretur,
2418 4471 2472 4516 et
2515 4463 2684 4517 victus
2731 4466 3008 4533 cpprobria
3061 4467 3286 4520 tolerare
3336 4483 3440 4522 non

1877 4556 2107 4626 potuisse
2149 4556 2494 4610 crederetur:
2529 4557 2694 4624 magis
2739 4557 2930 4610 mansit
2960 4557 3013 4610 in
3044 4572 3201 4611 cruce
3230 4558 3331 4611 illis
3358 4559 3441 4613 in-

1873 4645 2208 4708 snltantihus,
2241 4647 2377 4702 ﬁxus
2407 4647 2512 4701 illis
2538 4647 2862 4700 nutantibus.
2894 4646 3015 4700 ldco
3040 4648 3180 4700 enim
3207 4657 3260 4702 et
3284 4659 3444 4718 caput

1871 4729 2156 4821 agitabant,
2198 4742 2319 4809 quia
2361 4754 2490 4793 vero
2531 4737 2688 4808 capiti
2734 4753 2837 4790 non
2867 4736 3211 4791 inhzvrebant.
3254 4739 3443 4796 Docuit

1872 4843 1969 4885 nos
1996 4831 2151 4900 plane
2177 4830 2264 4883 ille
2289 4829 2613 4898 patientiam.
2645 4827 2771 4880 Nam
2803 4825 2942 4894 quod
2973 4839 3053 4881 est
3082 4825 3264 4882 fortius
3291 4829 3436 4898 fecit,

1869 4924 1956 4994 qui
1986 4923 2150 4977 noluit
2183 4923 2355 4976 facere
2380 4919 2516 4989 quod
2542 4917 2709 4973 Judmi
2754 4917 3125 4985 provocabant.
3169 4919 3330 4974 Ilulto
3357 4933 3432 4975 est

1870 5014 2011 5067 enim
2042 5012 2305 5081 potentius
2333 5009 2399 5062 dc
2436 5007 2678 5075 sepulcro
2706 5021 2940 5076 surgere,
2987 5021 3140 5075 quam
3169 5008 3237 5063 de
3279 5026 3438 5067 cruce

1868 5103 2210 5162 descendere.
2246 5098 2496 5165 Quoniam
2526 5086 2631 5149 non.
2651 5096 2884 5166 gaudebit
2911 5097 3140 5151 inimicus
3184 5114 3323 5153 meus
3346 5118 3436 5154 su-

1869 5212 1956 5266 per
1984 5209 2078 5246 me.
2110 5189 2286 5266 Gavisi
2326 5196 2447 5240 sunt
2470 5201 2596 5255 ergo
2637 5196 2760 5239 tunc
2787 5202 2805 5240 :
2835 5187 3127 5241 resurrexit
3153 5188 3394 5246 Christus
3419 5232 3433 5253 ,

1866 5264 2186 5356 glorificatus
2201 5264 2281 5335 est
2298 5277 2556 5333 Christus.
2581 5277 2944 5333 Vident'modo
2969 5279 3018 5333 in
3037 5282 3250 5335 nomine
3272 5281 3437 5349 ipsius

1866 5374 2102 5432 converti
2131 5385 2296 5442 genus
2327 5370 2632 5430 humanum,
2665 5369 2821 5422 modo
2852 5369 3124 5435 insultent,
3157 5369 3314 5423 modo
3341 5385 3432 5422 ca-

1866 5477 1959 5538 put
1999 5465 2238 5534 agitent:
2270 5462 2376 5515 imo
2415 5460 2523 5529 jam
2572 5467 2730 5528 caput
2775 5462 2932 5530 ligant
2959 5477 2974 5524 ;
3005 5468 3094 5512 aut
3145 5460 3186 5513 si
3237 5458 3433 5528 agitant

1864 5569 2043 5630 caput,
2091 5554 2349 5626 stupendo
2376 5565 2431 5610 et
2471 5553 2712 5609 mirando
2750 5554 2965 5623 agitent.
2996 5552 3151 5608 Modo
3179 5552 3318 5607 enim
3347 5551 3433 5606 di-

1927 5716 1945 5746 ί
1968 5723 2067 5761 nm.
2094 5717 2146 5760 et
2165 5717 2293 5770 Mss,
2325 5707 2575 5760 eradicato
2599 5719 2762 5768 regno.

1926 5775 1948 5830 φ
1971 5781 2077 5824 uss.
2097 5785 2273 5836 magno
2281 5761 2530 5823 consensu
2548 5805 2564 5830 ,
2608 5761 2700 5819 non
2725 5761 3043 5831 impotentiam
3063 5762 3431 5819 deiloustrabat.

3320 5899 3323 5901 _
3348 5872 3419 5904 πιέ,
