4004 6200
538 298 642 354 £63

536 422 661 466 cum
690 429 702 464 :
734 409 990 481 Numquid
1018 408 1270 469 turmine
1291 419 1569 481 est.quem,
1603 410 1848 466 diserunt
1874 380 2091 480 Moyses

536 502 1037 573 eLProphettullle
1082 503 1174 567 illa
1212 505 1351 569 enim
1390 504 1638 569 dixerunt
1670 523 1680 555 :
1713 504 1854 557 Sicut
1900 505 2002 556 ovis
2030 506 2096 555 ad

534 595 1105 665 immolandnntductus
1128 607 1219 661 est,
1246 610 1291 651 et
1317 600 1444 652 sicut
1483 615 1640 667 nguns
1678 614 1844 650 coram
1869 599 2098 655 tondente

532 703 595 746 se.
622 703 728 739 sme
752 703 882 752 voce,
930 688 1003 740 sic
1020 670 1143 740 .non
1169 691 1363 757 aperuit
1393 707 1446 743 os
1471 706 1615 743 suum
1645 705 1662 742 :
1686 691 1964 745 vulneribus
1990 692 2096 760 ejus

529 778 694 828 sanati
736 793 904 840 smnus
934 774 1081 848 (Isai.
1127 794 1233 843 Ltll,
1280 779 1332 838 5.
1366 780 1443 847 7).
1491 778 1743 833 Videmus
1785 781 1947 844 enim,
1975 781 2095 849 quia

529 858 810 933 cruciﬁxus
835 869 931 923 iste
958 868 1103 925 ducit
1140 881 1256 939 post
1278 886 1337 925 se
1362 887 1526 937 genus
1556 870 1876 936 humanum;
1904 884 1952 924 et
1983 874 2096 932 sine

529 976 686 1017 causa
734 961 981 1022 dixerunt
1028 972 1201 1030 patres
1245 962 1409 1015 nostri
1444 982 1456 1017 :
1493 961 1792 1016 Occidamus
1836 979 1989 1026 eum,
2035 979 2097 1014 ne

531 1054 765 1109 satcnlnm
797 1065 905 1123 post
928 1053 1071 1106 illum
1112 1064 1282 1125 pergat
1324 1053 1499 1122 (Jorm.
1530 1069 1620 1114 xu,
1653 1053 1761 1124 I9).
1806 1046 1964 1108 Forte
1990 1070 2093 1108 non

534 1157 647 1214 post
675 1161 793 1197 emn
830 1154 1090 1212 pergeret,
1135 1146 1177 1196 si
1229 1159 1330 1197 non
1357 1152 1498 1198 esset
1523 1144 1748 1198 occisus.
1790 1142 1857 1196 In
1882 1143 1974 1197 lioc
1999 1159 2088 1195 co-

532 1238 675 1306 gnovi
712 1238 946 1305 quoniam
978 1236 1172 1288 volniin
1211 1252 1305 1296 me,
1337 1237 1571 1304 quoniam
1605 1252 1705 1289 non
1728 1235 1959 1306 gaudebit
1996 1237 2097 1294 inig-

529 1329 688 1384 iniens
714 1344 849 1379 mens
881 1344 1028 1397 super
1054 1343 1147 1379 me.

607 1423 691 1473 14.
736 1420 884 1491 (vers.
932 1421 1015 1481 15,
1059 1417 1165 1490 ιι]
1208 1417 1292 1471 Me
1319 1428 1483 1470 autem
1525 1426 1727 1488 praptcr
1755 1418 2090 1479 innocentiam

532 1528 690 1561 nu'tun
719 1509 996 1577 snsrcpisti.
1026 1509 1156 1562 Vere
1184 1510 1532 1561 innocentiam
1562 1524 1574 1559 ;
1600 1507 1960 1575 integritatem
1982 1507 2094 1561 sine

535 1608 766 1666 pecvalo,
798 1599 1142 1654 redditioucm
1176 1599 1291 1651 sine
1316 1596 1514 1657 debito,
1549 1597 1811 1666 ﬂagellum
1842 1597 1954 1649 sine
1984 1612 2095 1651 me-

539 1692 659 1743 rito.
688 1690 902 1758 PrOpIer
930 1690 1258 1742 innocentiam
1288 1704 1447 1741 meum
1484 1687 1743 1757 suscepisti
1777 1703 1873 1751 me,
1902 1698 1947 1740 et
1974 1701 2093 1739 com-

533 1782 744 1846 ρνυιαςιὶ
785 1797 861 1832 me
900 1781 948 1832 in
984 1791 1255 1848 conspectu
1279 1789 1363 1833 tuo
1391 1779 1444 1830 in
1471 1788 1731 1831 artcrnum.
1757 1778 2090 1843 Contirmasli

532 1889 615 1925 me
648 1874 696 1924 in
722 1884 995 1936 :eternum,
1026 1872 1302 1940 iulirinasti
1328 1870 1628 1939 adtempus
1653 1889 1665 1922 :
1688 1849 2012 1929 conﬁrmasti
2040 1872 2090 1930 in

524 1974 812 2032 conspectu
859 1975 984 2028 tuo,
1036 1962 1308 2021 intirmasti
1361 1963 1412 2015 in
1461 1971 1749 2029 conspectu
1798 1961 2090 2015 hominum.

534 2056 665 2122 Quid
696 2056 857 2124 ergo?
888 2053 1093 2107 Laudes
1126 2054 1234 2119 illi,
1272 2054 1433 2122 gloria
1467 2053 1559 2107 illi.
1593 2052 1883 2119 Benedictus
1911 2051 2091 2112 Domi-7

534 2161 623 2198 nus
654 2144 790 2202 Dens
819 2143 1002 2203 Israel.
1036 2143 1125 2200 Ille
1151 2153 1230 2197 est
1257 2145 1395 2197 enim
1428 2145 1563 2198 Deus
1594 2145 1770 2212 Israel,
1805 2145 1943 2199 Deus
1998 2159 2095 2207 no:

532 2247 661 2298 stur,
692 2235 1037 2301 llettsiaeol),
1058 2235 1193 2288 Deus
1218 2235 1434 2295 minoris
1462 2237 1569 2298 lilii,
1603 2237 1738 2290 Deus
1759 2237 1977 2291 minoris
2003 2253 2094 2305 po.

533 2329 661 2396 puli.
690 2328 855 2382 Nemo
877 2328 1055 2385 dicat:
1086 2329 1157 2381 De
1181 2327 1378 2381 .ludzcis
1406 2329 1503 2382 hoc
1533 2328 1686 2395 dixit,
1718 2345 1821 2382 non
1851 2345 1966 2382 sum
1994 2346 2092 2400 ego

535 2418 706 2473 Israel.
748 2419 908 2487 Magis
936 2418 1111 2479 Judaei.
1134 2435 1253 2493 που,
1270 2427 1392 2473 sunt
1431 2420 1610 2472 Israel.
1654 2419 1817 2489 Major
1855 2421 1995 2474 enim
2026 2421 2091 2474 ti-

534 2511 653 2569 Iins,
685 2510 796 2577 ipsc
822 2519 903 2562 est
944 2509 1110 2574 major
1139 2510 1358 2577 populus
1394 2510 1736 2577 reprobatus;
1770 2510 1960 2574 minor,
1995 2526 2090 2577 po-

533 2603 681 2668 pitius
720 2601 961 2653 dilccuts.
1003 2598 1171 2670 Major
1198 2601 1371 2653 serviet
1399 2601 1577 2659 minori
1608 2600 1769 2670 (Gen.
1815 2617 1941 2669 xxv,
1968 2601 2087 2672 25),

533 2692 685 2747 nimio
719 2692 984 2758 impletum
1025 2701 1107 2743 est
1140 2708 1152 2744 :
1187 2691 1375 2756 modo,
1415 2691 1636 2756 fratres,
1680 2692 1829 2745 nobis
1856 2692 2095 2747 serviunt.

531 2783 720 2845 .Indu-i,
752 2793 994 2850 tanquam
1022 2781 1240 2848 capsarii
1273 2781 1436 2834 nostri
1467 2789 1609 2846 sunt,
1638 2781 1968 2850 studentibus
1997 2796 2091 2841 uo,-

530 2873 611 2926 his
646 2872 854 2929 codices
893 2879 1104 2939 portant
1159 2871 1347 2934 Audite
1388 2873 1437 2924 iu
1465 2887 1569 2940 quo
1608 2873 1759 2925 nobis
1784 2872 1949 2927 Juda’ti
1979 2889 2092 2937 ser-y

533 2963 696 3025 viunt,
734 2971 785 3015 et
819 2976 922 3015 non
957 2960 1068 3016 sine
1100 2976 1280 3014 causa.
1323 2961 1448 3017 Cain
1488 2962 1573 3017 ille
1608 2963 1767 3019 I't‘atcr
1790 2965 1976 3033 major,
2003 2966 2089 3034 qui

531 3049 720 3110 m-i-idit
746 3049 1000 3105 minorem
1033 3047 1246 3101 fratrem
1266 3089 1279 3112 ,
1311 3050 1517 3117 accepit
1554 3052 1757 3118 signum
1786 3068 1851 3105 ue
1874 3053 2088 3119 occide:

534 3151 697 3201 retur,
742 3138 790 3190 id
832 3148 933 3201 est,
980 3148 1033 3190 ιιι
1061 3149 1272 3192 maneat.
1311 3138 1422 3207 ipse
1455 3142 1676 3208 populus
1719 3140 1843 3211 (Id.
1876 3159 1946 3207 ιν,
1977 3145 2085 3215 15).

532 3229 681 3295 Apud
713 3227 831 3284 illos
856 3238 976 3280 sunt
998 3226 1274 3295 Propheta:
1310 3237 1365 3291 et
1392 3228 1539 3294 Lex;
1572 3230 1748 3297 inqua
1788 3232 1923 3302 Lege
1956 3243 2010 3287 et
2038 3236 2087 3289 in

531 3330 718 3396 quibus
760 3327 1037 3394 BI'OjlilCliS
1074 3326 1313 3380 Christus
1351 3326 1664 3394 praedicatus
1707 3338 1808 3383 est.
1867 3331 2089 3395 Quando

531 3419 733 3486 agimus
754 3432 871 3469 eum
897 3416 1138 3485 I‘aganis,
1161 3427 1214 3469 et
1234 3416 1558 3473 ostendimus
1582 3418 1679 3471 h'oc
1700 3419 1912 3475 evenire
1932 3422 2088 3475 modo

531 3512 582 3565 in
617 3510 849 3577 Ecclesia
885 3507 1007 3563 Cliri
1043 3509 1101 3572 ti,
1132 3508 1270 3578 quod
1298 3518 1425 3563 ante
1464 3509 1766 3578 przcdietum
1794 3522 1875 3565 est
1900 3512 1967 3567 de
1994 3529 2088 3566 no-

529 3604 670 3655 mine
693 3598 1004 3681 Christikdc
1029 3601 1200 3669 capite
1226 3608 1278 3654 et
1314 3614 1536 3669 oorpore
1559 3600 1778 3669 Christi,
1811 3618 1875 3657 ne
1906 3614 2089 3672 putent

530 3709 625 3746 nos
663 3692 876 3747 ﬁnxisse
904 3691 1020 3745 illas
1066 3691 1458 3760 prmdictiones,
1502 3701 1554 3747 et
1581 3707 1647 3748 ex
1676 3693 1760 3749 his
1786 3696 1942 3752 rebus
1971 3713 2088 3767 qua:

528 3786 849 3849 acciderunt,
881 3784 1029 3853 quasi
1074 3785 1261 3838 futurae
1306 3792 1503 3851 essent,
1546 3800 1645 3841 nos
1686 3789 2083 3858 conscripsisse,

528 3875 843 3943 proleriiuus
867 3875 1077 3930 codices
1102 3875 1425 3930 Iudaeorum.
1471 3875 1858 3947 Netppe‘lttdtci
1891 3881 2085 3936 inimici

530 3967 691 4017 Il"Sit'i
729 3974 869 4028 Stltll,
908 3965 974 4017 de
1012 3965 1207 4021 chartis
1248 3966 1442 4022 inimici
1482 3969 1811 4031 convincitur
1841 3971 2089 4031 adversa-

529 4060 656 4108 rius.
701 4057 883 4107 Omnia
911 4055 1036 4124 ergo
1068 4057 1318 4111 Dominus
1354 4058 1641 4126 distribuit,
1673 4062 1848 4116 omnia
1879 4079 1973 4133 pro
2002 4081 2087 4120 sa-

532 4146 639 4199 lute
687 4154 863 4199 nostra
911 4147 1189 4201 ordinavit.
1232 4149 1481 4204 Prtedixit
1519 4160 1641 4207 ante
1688 4168 1818 4220 nos,
1852 4136 2088 4226 implevit

530 4237 629 4291 huc
662 4245 896 4303 tempore
917 4237 933 4266 ί
967 4245 1168 4303 nostro,
1197 4246 1252 4292 et.
1277 4254 1397 4308 qua:
1423 4241 1652 4296 nondum
1692 4244 1946 4314 implevit,
1984 4248 2083 4302 im-

529 4328 765 4393 pleturus
791 4335 890 4380 est.
938 4324 1115 4394 Itaque
1144 4335 1383 4383 tenemus
1412 4329 1734 4387 redditorem
1757 4375 1772 4400 ,
1814 4343 1870 4388 ut
1902 4337 2087 4391 creda-

526 4433 640 4470 titth
665 4417 956 4471 debitorem
988 4433 1002 4470 :
1032 4417 1151 4486 quia
1180 4426 1234 4472 et
1254 4418 1341 4472 illa
1369 4436 1486 4488 qua:
1514 4422 1749 4478 nondum
1778 4425 1948 4492 dedit,
1992 4428 2086 4482 da-

525 4510 632 4572 bit;
677 4509 807 4565 sicut
849 4523 911 4562 ea
947 4524 1065 4578 qua:
1104 4508 1334 4564 nondum
1377 4511 1628 4580 dederat,
1667 4515 1832 4577 dedit.
1875 4516 1929 4572 Si
1967 4519 2084 4588 quis

527 4600 748 4665 probare
777 4599 884 4653 vult
914 4599 999 4652 ubi
1038 4598 1144 4652 sint
1180 4600 1373 4668 scripta
1395 4639 1410 4665 ,
1439 4601 1577 4671 legat
1601 4603 1813 4676 Moysen
1854 4618 1909 4661 et
1950 4608 2081 4661 Pro-

524 4688 726 4757 phetas.
756 4691 809 4743 Si
848 4691 1037 4760 aliquis
1072 4692 1359 4761 perstrepit
1390 4692 1650 4759 inimicus,
1694 4705 1748 4751 et
1783 4697 1939 4764 dicit,
1978 4700 2083 4756 Vos

525 4778 672 4833 \‘niiis
713 4781 1013 4849 proplietias
1057 4780 1320 4848 ﬁnxistis;
1365 4784 1701 4852 proferantur
1735 4788 1945 4844 codices
1984 4791 2079 4846 Ju-

518 4870 750 4922 dn-orum
772 4911 787 4935 ,
833 4873 951 4940 quia
988 4874 1159 4941 major
1192 4874 1386 4929 serviet
1415 4875 1626 4930 minori.
1676 4876 1748 4933 lbi
1780 4879 1954 4949 legant
1982 4882 2077 4937 ista

520 4961 765 5030 przedicta
787 5002 801 5027 ,
845 4980 963 5033 quae
992 4965 1151 5024 modo
1179 4967 1419 5023 videmus
1462 4969 1674 5039 impleta
1699 5013 1712 5036 ,
1746 4980 1798 5026 et
1839 4972 2080 5029 dicamus

516 5067 700 5107 omnes
727 5068 740 5101 :
771 5051 1066 5108 Benedictus
1103 5055 1350 5111 Dominus
1389 5056 1527 5116 Deus
1550 5059 1734 5127 Israel,
1765 5079 1796 5115 a
1824 5064 2007 5118 steculo
2033 5076 2078 5119 et

513 5143 567 5198 in
590 5142 829 5196 sarculum
855 5158 874 5196 :
899 5155 944 5197 et
970 5146 1098 5201 dicet
1127 5149 1287 5202 cumis
1314 5151 1550 5219 papulas,
1582 5151 1720 5220 Fiat,
1752 5155 1862 5223 ﬁat.

566 5341 581 5372 ¹
609 5340 829 5412 Plerique
849 5346 981 5412 Mss:
1009 5338 1251 5412 gradiuit
1272 5350 1381 5394 ante
1402 5359 1577 5412 annos,
1617 5348 1825 5412 implevit
1846 5352 2074 5407 hocJem-

512 5413 654 5470 νοτε»
676 5408 722 5469 εξ
738 5414 866 5467 (Βίων
889 5411 991 5458 οισι
1009 5409 1138 5467 Unus
1156 5410 1259 5467 ω,
1283 5412 1391 5456 mue
1411 5408 1583 5459 multos
1604 5408 1774 5469 annos.

1742 298 1779 353 S
1842 298 2197 367 AUGUSTINI
2239 302 2538 359 EPISTZOPI
3618 316 3696 371 itii

2210 439 3349 462 -—-~—,———,—e—-—————————_——.

3352 444 3695 460 ς’...-

2643 494 2724 555 1N
2768 495 2904 555 PSA
2915 496 3142 559 LMUM
3186 498 3316 560 XLI

2761 595 3173 651 ENARRATIO.

2726 702 2892 742 SERMO
2924 705 2989 742 AD
3019 702 3239 747 ινιειιεκο

2274 776 2324 829 l.
2359 774 2505 848 [rers.
2532 776 2672 850 l-5.]
2698 776 2833 832 Olim
2857 786 2936 837 est
2958 780 3294 834 utdesiderat
3312 780 3642 846 animanostm
3663 785 3707 838 in

2200 867 2362 922 verbo
2391 868 2479 921 Dei
2509 868 3056 938 gauderevohiscum,
3087 879 3139 924 et
3178 871 3228 923 in
3264 871 3350 924 illo
3373 885 3461 939 vos
3495 872 3705 934 salutare.

2198 957 2287 1025 qui
2330 967 2409 1010 est
2452 969 2687 1011 nostrum
2732 958 3047 1027 adjutorium
3076 969 3129 1013 et
3167 960 3407 1013 salutare.
3449 960 3581 1026 Quod
3606 977 3711 1031 ergo

2203 1046 2450 1099 Dominus
2473 1046 2581 1109 dat,
2605 1048 2794 1116 ,audite
2823 1063 2915 1117 per
2942 1064 3059 1113 nos,
3097 1058 3151 1103 et
3180 1051 3230 1101 in
3263 1048 3348 1100 illo
3372 1049 3607 1118 exsultatc
3632 1067 3707 1101 no-

2202 1135 2396 1189 iiiSCtlm
2424 1137 2477 1191 in
2505 1154 2749 1192 sermone
2776 1139 2908 1208 ejus,
2935 1149 2988 1192 et
3012 1140 3062 1193 in
3091 1139 3307 1193 veritate
3331 1149 3383 1194 et
3413 1140 3461 1193 in
3497 1140 3713 1211 charitate

2194 1225 2331 1292 ejus.
2356 1226 2624 1286 Psalmum
2664 1230 2802 1282 enim
2833 1230 3177 1297 suscepimus,
3205 1229 3271 1283 de
3309 1245 3409 1299 quo
3434 1228 3711 1301 loquendum

2198 1327 2291 1376 est
2315 1319 2480 1383 vobis,
2517 1334 2806 1389 congruum
2835 1319 3096 1375 desiderio
3123 1331 3299 1373 vestro
3337 1321 3375 1372 ⁸.
3418 1318 3575 1388 Cmpit
3600 1322 3713 1374 enim

2199 1408 2308 1475 ipse
2334 1410 2562 1478 psalmus
2587 1420 2820 1473 asancto
2840 1412 3066 1481 quodam
3091 1410 3374 1476 desiderio,
3403 1418 3455 1465 et
3475 1412 3544 1464 ait
3561 1412 3636 1479 qui
3655 1412 3715 1463 sic

2197 1511 2373 1554 rutilat
2396 1519 2408 1553 :
2430 1502 2871 1575 Quemadmodum,
2886 1502 3129 1562 desiderat
3150 1518 3321 1557 cerrus
3340 1502 3405 1554 ad
3426 1506 3572 1572 {eules
3589 1519 3717 1571 aqua-

2197 1610 2305 1644 rnm
2326 1634 2340 1655 ,
2380 1595 2451 1646 ita
2477 1595 2725 1655 desiderat
2752 1594 2921 1653 anima
2959 1610 3066 1647 mea
3094 1594 3161 1647 ad
3189 1603 3253 1658 te,
3279 1593 3433 1650 Deus.
3473 1592 3588 1660 Quis
3613 1608 3717 1666 ergo

2198 1694 2277 1736 est
2304 1685 2389 1752 qui
2422 1685 2522 1739 hoc
2546 1685 2709 1739 dicit?
2738 1684 2792 1739 Si
2834 1687 3111 1749 volumus,
3158 1700 3256 1739 nos
3294 1699 3489 1757 sumus.
3528 1684 3583 1738 Et
3617 1684 3718 1753 quid

2196 1790 2400 1843 qumras
2434 1786 2580 1837 extra
2618 1778 2858 1846 quisnam
2886 1779 2982 1841 sit,
3021 1793 3141 1843 cum
3173 1779 3226 1857 in
3272 1786 3358 1832 tua
3402 1787 3636 1849 potestate
3667 1779 3721 1832 sit

2195 1879 2314 1919 esse
2350 1867 2501 1935 quod
2529 1867 2762 1936 quteris?
2797 1868 2993 1923 Tamen
3024 1883 3129 1923 non
3178 1884 3314 1922 unus
3342 1867 3497 1942 homo
3522 1877 3611 1932 est,
3645 1868 3723 1944 sed

2198 1969 2357 2008 inium
2394 1970 2586 2026 corpus
2611 1967 2693 2011 est
2727 1975 2739 2011 :
2772 1973 2964 2028 corpus
2991 1966 3167 2026 autem
3200 1958 3391 2014 Christi
3425 1958 3635 2013 Ecclesia
3659 1967 3723 2032 est

2140 2088 2151 2101 .
2185 2035 2408 2117 '(Coloss.
2436 2063 2475 2111 ι,
2495 2047 2609 2117 Ξιι).
2633 2048 2741 2105 Nec
2767 2049 2818 2102 in
2843 2049 3089 2117 omnibus
3114 2050 3205 2118 qui
3234 2050 3428 2103 intrant
3448 2035 3722 2109 Ecclesium.

2196 2142 2457 2196 invenitur
2505 2145 2622 2207 tale,
2651 2144 2973 2198 desiderium
3026 2162 3037 2196 :
3087 2140 3185 2213 sed
3232 2154 3417 2217 tamen
3451 2143 3725 2212 quicumque

2196 2220 2503 2292 Stttn'ilalcti]
2551 2237 2755 2304 Domini
2800 2246 3177 2305 gustaverunt,
3230 2244 3282 2290 et
3323 2235 3460 2304 quod
3502 2235 3574 2289 eis
3611 2234 3724 2303 sapit

2195 2335 2482 2393 agnoscunt
2512 2328 2563 2380 in
2593 2326 2832 2391 Cantica,
2865 2342 2968 2380 non
2998 2337 3189 2397 putent
3226 2341 3285 2381 se
3311 2327 3452 2380 solos
3487 2340 3625 2390 esse;
3651 2324 3726 2403 sed

2196 2416 2314 2466 talia
2357 2415 2557 2470 semina
2597 2431 2778 2484 sparsa
2817 2416 3038 2470 credant
3077 2417 3126 2469 in
3158 2431 3290 2484 agro
3317 2416 3601 2480 dominico,
3639 2422 3729 2468 toto

2195 2505 2320 2558 orbe
2352 2516 2607 2559 terrarum
2629 2546 2643 2568 ,
2673 2519 2723 2560 et
2758 2506 3031 2575 cujusdam
3064 2506 3285 2561 unitatis
3311 2507 3599 2581 christiana:
3633 2521 3730 2581 esse

2197 2610 2375 2649 vocem
2404 2594 2539 2649 Itane
2568 2613 2581 2649 :
2617 2596 3046 2664 Quemadmodum
3074 2598 3331 2651 desiderat
3366 2614 3532 2671 cerrus
3555 2598 3616 2650 ad
3638 2580 3729 2671 [oin

2195 2695 2264 2747 tes
2304 2702 2570 2754 aquarum,
2613 2688 2683 2739 sic
2710 2687 2957 2741 desiderat
2983 2688 3155 2741 anima
3188 2705 3300 2742 mea
3333 2690 3400 2742 ad
3425 2698 3488 2756 te,
3516 2688 3653 2741 Deus.
3678 2686 3731 2741 Et

2193 2774 2403 2843 quidem
2445 2789 2549 2829 non
2590 2777 2727 2829 male
2765 2776 3072 2846 intelligitur
3110 2793 3214 2832 vox
3256 2794 3374 2833 esse
3412 2794 3584 2834 eorum
3622 2777 3729 2861 qui,

2193 2881 2311 2918 cum
2333 2866 2437 2920 sint
2456 2866 2841 2929 catechumeni,
2864 2867 2930 2921 ad
2957 2868 3183 2942 gratiam
3211 2870 3378 2925 sancti
3405 2870 3586 2924 lavacri
3614 2867 3734 2953 festi;

2194 2968 2340 3012 nant.
2370 2958 2517 3021 Unde
2538 2971 2590 3022 et
2615 2960 2917 3027 solemniter
2944 2969 3190 3015 cantatur
3218 2962 3303 3016 hic
3329 2963 3571 3035 psalmus,
3603 2969 3652 3014 ut
3674 2962 3731 3022 ita

2191 3049 2493 3104 desiderent
2532 3051 2724 3115 fontem
2758 3050 3085 3105 remissionis
3112 3028 3457 3120 peccatorum
3477 3092 3491 3115 ,
3529 3050 3734 3122 quanimi-

2194 3141 2392 3199 modum
2418 3140 2665 3195 desiderat
2706 3157 2875 3194 cervus
2906 3142 2975 3195 ad
3013 3147 3178 3213 fontes
3215 3162 3482 3215 aquarum.
3512 3144 3587 3210 Sit
3618 3144 3732 3207 hoc,

2194 3231 2487 3302 habeatque
2523 3234 2695 3301 locum
2728 3235 3022 3290 intellectus
3051 3236 3150 3291 iste
3182 3238 3237 3291 in
3271 3238 3507 3293 Ecclesia
3535 3247 3587 3293 et
3608 3251 3735 3291 vera-

2192 3339 2306 3377 eem
2328 3334 2379 3378 et
2405 3324 2714 3391 solemnem.
2744 3325 3139 3392 Verumtamen,
3166 3330 3384 3397 fratres,
3411 3330 3609 3400 videtur
3625 3327 3735 3383 milii

2191 3416 2346 3468 etiam
2385 3416 2436 3469 in
2466 3416 2780 3485 Baptismate
2813 3417 3051 3472 ﬁdelibus
3090 3420 3332 3475 nondum
3369 3436 3487 3475 esse
3518 3420 3734 3474 satiatum

2194 3508 2294 3561 tale
2319 3506 2635 3562 desiderium
2665 3526 2679 3562 :
2708 3508 2799 3563 sed
2831 3508 3086 3583 fortassis,
3117 3492 3169 3581 si
3194 3520 3396 3566 norunt
3422 3511 3506 3566 ubi
3534 3507 3736 3580 peregri-

2191 3608 2400 3663 nentur,
2445 3607 2501 3653 et
2522 3596 2735 3669 quo‘cis.
2762 3599 3137 3676 transeundum
3168 3602 3240 3655 sit
3258 3641 3281 3668 ,
3307 3603 3470 3656 etiam
3498 3599 3736 3655 ardentius

2190 3690 2599 3751 inﬂammantur.
2620 3686 2625 3695 ’

2259 3782 2313 3834 2.
2357 3782 2589 3852 Denique
2627 3783 2808 3849 titulus
2840 3785 2953 3850 ejus
2986 3792 3069 3837 est
3105 3800 3117 3836 :
3150 3782 3218 3838 In
3247 3786 3402 3854 linem
3422 3828 3436 3849 ,
3465 3784 3517 3837 in
3565 3781 3737 3836 intelle-

2189 3882 2323 3927 ctum
2342 3874 2361 3904 ²
2385 3874 2502 3940 ﬁliis
2524 3871 2667 3938 Core,
2687 3872 2942 3944 Psalimts.
2966 3873 3126 3928 Filios
3149 3875 3293 3945 Core
3313 3876 3606 3931 invenimus
3631 3884 3678 3928 cl
3698 3873 3740 3925 in

2188 3966 2303 4018 aliis
2332 3965 2659 4029 Psalmorum
2702 3964 2863 4017 titulis
2905 3963 3093 4035 (Psul.
3143 3968 3531 4035 XLIII-XLVIII),
3570 3973 3620 4018 et
3650 3963 3740 4031 jam

2189 4065 2440 4111 tractasse
2469 4071 2566 4110 nos
2594 4058 2964 4119 meminimus,
3007 4066 3061 4112 et
3102 4056 3322 4113 locutos
3363 4074 3484 4113 esse
3521 4056 3637 4128 quid
3661 4052 3743 4108 sibi

2189 4148 2291 4202 hoc
2329 4161 2518 4201 nomen
2555 4148 2678 4201 velit
2715 4164 2727 4200 :
2764 4148 2833 4201 ita
2872 4157 3045 4202 tamen
3084 4163 3229 4203 nunc
3269 4146 3744 4216 commemorandus

2188 4251 2267 4294 est
2299 4242 2397 4295 iste
2434 4240 2648 4302 titulus,
2689 4250 2745 4292 ut
2784 4241 3070 4294 non‘nobis
3098 4243 3252 4309 quasi
3286 4241 3603 4312 pra-iudicet
3624 4236 3745 4311 quod

2183 4332 2290 4399 jam
2335 4330 2558 4384 diximus
2584 4371 2596 4392 ,
2639 4342 2695 4384 ut
2724 4331 2972 4400 deinceps
3001 4348 3104 4385 non
3146 4331 3400 4388 dicamus
3441 4352 3454 4387 :
3498 4349 3599 4386 non
3623 4330 3744 4385 enim

2191 4423 2506 4491 ubicumque
2546 4422 2793 4487 diximus,
2838 4437 3024 4476 omnes
3063 4422 3373 4478 adfuerunt.
3416 4424 3555 4481 Core
3581 4421 3748 4491 aliquis

2187 4512 2345 4564 homo
2375 4512 2562 4577 fuerit,
2590 4512 2725 4566 sicut
2752 4511 2878 4575 fuit,
2910 4511 3263 4582 habueritque
3296 4515 3439 4570 filios
3469 4517 3556 4585 qui
3586 4512 3746 4583 appel-

2187 4606 2420 4661 larentur
2444 4602 2535 4657 ﬁlii
2560 4603 2695 4658 Core
2717 4602 2899 4675 (Num.
2928 4619 3082 4671 xxvi,
3111 4606 3200 4674 II)
3232 4623 3246 4659 :
3277 4621 3383 4662 nos
3412 4615 3589 4662 tamen
3616 4619 3747 4659 arca-

2187 4711 2308 4747 num
2333 4695 2646 4748 sacramenti
2670 4704 2984 4758 scrutemur,
3008 4703 3069 4749 ut
3085 4710 3282 4751 nomen
3308 4699 3413 4753 hoc
3434 4698 3747 4769 mysterium,

2186 4802 2287 4854 quo
2310 4786 2581 4855 gravidum
2611 4795 2711 4850 est,
2740 4786 2922 4853 pariat.
2949 4785 3119 4855 Magni
3146 4789 3293 4842 enim
3325 4790 3645 4845 sacramenti
3676 4799 3750 4841 res

2184 4889 2283 4945 est,
2330 4888 2387 4933 ut
2428 4878 2710 4933 Christiani
2757 4877 3087 4947 appellentur
3132 4878 3222 4933 lilii
3273 4882 3441 4937 Core.
3495 4881 3645 4938 Unde
3673 4878 3749 4932 lilii

2183 4969 2357 5025 Core?
2380 4970 2501 5024 Filii
2527 4970 2730 5041 sponsi,
2757 4969 2847 5023 lilii
2876 4968 3092 5042 Christi.
3124 4971 3253 5025 Dieti
3286 4981 3418 5027 sunt
3447 4974 3591 5027 enim
3617 4970 3751 5026 Chri-

2182 5059 2362 5123 stiani,
2405 5059 2499 5113 lilii
2536 5059 2714 5128 sponsi
2753 5057 2960 5131 (Manli.
2998 5075 3070 5123 ix,
3113 5058 3222 5130 15).
3257 5060 3445 5127 Quare
3475 5077 3603 5130 ergo
3631 5061 3753 5113 Core

2181 5148 2464 5202 Christus?
2509 5149 2639 5213 Quia
2683 5148 2817 5202 Core
2864 5149 3239 5216 interpretatur
3285 5151 3559 5204 Calvaria.
3601 5149 3753 5204 Multo

2180 5234 2433 5292 rémotius
2462 5248 2541 5291 est
2572 5239 2687 5292 hoc.
2734 5238 3041 5303 Quaerebam
3082 5254 3244 5308 quare
3286 5238 3435 5297 Core
3475 5240 3752 5296 Christus:

2181 5330 2431 5383 intentius
2472 5345 2649 5396 qmrro
2679 5346 2840 5396 quate
2870 5329 3108 5395 Christus
3146 5330 3207 5381 ad
3247 5327 3563 5385 Calvariam
3598 5328 3751 5399 pet-ti;

2180 5438 2305 5476 rere
2330 5422 2584 5475 videatur.
2634 5421 2818 5475 Nonne
2856 5420 2965 5491 jam
3000 5422 3229 5476 occurrit
3256 5423 3316 5475 in
3349 5422 3476 5498 loco
3506 5420 3753 5477 Caivarim

2176 5513 2385 5566 crueitix
2397 5527 2455 5564 us
2467 5510 2845 5580 (Matt/LXXVII,
2862 5513 2977 5582 55)?
2989 5512 3495 5568 Occurritomnino.
3514 5514 3655 5582 Ergo
3669 5508 3750 5564 lilii

2239 5624 2257 5675 ὃ
2284 5629 2386 5679 vss.
2423 5621 2634 5684 aliquot,
2657 5622 2897 5685 desiderio
2909 5629 3083 5674 nostra.
3129 5620 3274 5672 Multo
3319 5623 3536 5686 plures,
3565 5623 3750 5683 deside-

2371 5698 2549 5731 )Sll'mli.

2213 5692 2217 5693 ⁷
2371 5698 2406 5728 l‘
2443 5698 2451 5707 '
2538 5720 2549 5731 .

2177 5692 2636 5807 νηίηξῖῖίῖιξέᾜιχω
2652 5751 2797 5801 Graec.
2824 5751 2950 5795 cxx.
2968 5753 3021 5813 ᾼι
3042 5746 3176 5812 Elida
3194 5744 3240 5796 in
3258 5741 3416 5806 ﬁnem
3433 5743 3718 5827 intellectus-
