4004 6200
300 278 400 329 £05

299 392 498 461 spottsi,
543 393 632 446 filii
675 395 932 463 passionis
973 396 1130 460 illius,
1184 396 1270 448 lihi
1305 397 1560 465 redempti
1608 397 1860 466 sanguine

300 484 458 547 illius,
494 483 582 536 ﬁlii
610 485 785 538 crucis
814 486 972 547 illius,
1008 495 1276 554 portantes
1315 486 1364 538 in
1395 485 1730 555 fronte-quod
1764 486 1865 540 ini-

297 576 409 628 inici
444 573 501 628 in
523 573 778 629 Calvarize
809 577 925 631 loco
955 579 1198 635 fixerunt.
1229 579 1562 646 appellantur
1585 579 1671 630 lilii
1695 579 1862 633 Core:

299 667 398 718 illis
431 675 674 720 cantatur
713 668 811 721 iste
842 669 1072 736 psalmus
1113 668 1162 721 111
1209 668 1553 722 intellectum.
1596 669 1866 723 lttlellectu

297 762 473 828 itaque
496 764 788 813 excitemur
813 762 860 823 ’ς
885 769 936 813 01
963 760 1004 812 si
1031 761 1180 814 nobis
1202 769 1463 824 cantatur,
1490 762 1862 831 intelligamus.

294 849 430 915 Quid
475 850 787 905 intellecturi
834 851 1054 903 sumus?
1098 851 1147 904 in
1187 867 1342 920 quem
1374 853 1693 905 intellectum
1723 852 1863 921 psal-

293 955 412 993 mus
442 940 543 994 iste
587 941 865 993 cantatur?
907 941 1088 993 Audeo
1126 941 1304 995 dicere
1347 959 1359 995 :
1405 942 1682 996 invisibilia
1725 943 1863 994 enim

291 1033 408 1099 ejus
432 1046 461 1084 a
487 1039 728 1086 creatura
752 1031 930 1085 tnuudi
957 1047 1047 1100 per
1072 1047 1132 1086 ea
1161 1048 1278 1099 quae
1305 1031 1436 1086 farta
1461 1045 1583 1087 sunt
1604 1033 1864 1088 intellecta

290 1124 691 1192 conspiciuntur
731 1122 901 1192 (Rom.
948 1141 984 1186 1,
1024 1125 1139 1195 9.0).
1179 1126 1293 1190 Eia,
1324 1125 1532 1188 fratres,
1561 1127 1862 1182 aviditatem

210 1266 212 1268 ,
290 1228 463 1267 meam
487 1213 680 1281 capite,
704 1213 1020 1267 desiderium
1049 1216 1146 1268 hoc
1170 1232 1374 1269 mecum
1397 1218 1417 1246 ³
1441 1217 1859 1272 communicato:

290 1306 443 1359 simul
474 1321 735 1371 amemus,
759 1307 913 1361 simul
940 1307 990 1360 in
1023 1307 1119 1361 hac
1143 1309 1227 1361 siti
1256 1308 1679 1372 exardescamus,
1708 1309 1863 1364 simul

291 1397 353 1450 ad
402 1396 602 1450 fetttem
645 1397 963 1468 intelligendi
995 1413 1290 1452 curramus.
1342 1397 1711 1454 Desideremus
1737 1415 1862 1470 ergo

287 1483 432 1542 velut
458 1503 650 1541 cervus
683 1489 898 1550 lentem,
927 1499 1148 1558 excepto
1176 1491 1262 1542 illo
1289 1488 1432 1544 fonte
1459 1506 1614 1559 quem
1646 1500 1862 1559 propter

292 1580 657 1632 remissionem
707 1589 1040 1646 peccatorum
1089 1579 1392 1635 desiderant
1435 1582 1767 1649 baptizandi,
1811 1593 1864 1636 et

288 1669 393 1737 jam
420 1671 667 1738 baptizati
693 1670 1057 1724 desideremus
1083 1671 1231 1724 illum
1260 1672 1478 1737 fontem,
1507 1672 1572 1726 de
1593 1690 1697 1742 quo
1719 1674 1861 1727 Seri-

293 1772 440 1831 ptura
471 1763 573 1816 alia
605 1762 731 1816 dicit
763 1780 776 1815 :
816 1761 1066 1828 Quoniam
1094 1763 1231 1831 apud
1259 1773 1305 1817 te
1332 1773 1401 1817 est
1431 1768 1543 1834 fons
1573 1751 1700 1818 vita'.
1747 1766 1861 1834 Ipse

292 1855 428 1907 enim
463 1853 581 1906 l'ons
605 1863 657 1906 et
687 1853 862 1906 lumen
892 1862 974 1907 est
1002 1871 1013 1904 :
1045 1856 1292 1922 quoniam
1323 1856 1374 1907 in
1400 1856 1585 1909 lumine
1611 1867 1694 1909 tuo
1721 1861 1858 1909 vide-

290 1943 446 1997 bimus
472 1944 637 1997 lumen
664 1941 830 2012 (Psal.
858 1959 1020 2008 xxxv,
1049 1938 1164 2013 10).⁴
1183 1942 1237 1998 Si
1264 1955 1316 1998 et
1341 1945 1457 2000 lous
1477 1957 1578 2010 est,
1602 1956 1658 2000 et
1685 1948 1858 2002 lumen

289 2043 404 2096 est;
439 2036 625 2088 merito
653 2044 706 2087 et
734 2035 1028 2088 intellectus
1053 2045 1166 2098 est,
1196 2036 1316 2105 quia
1346 2023 1408 2091 iet
1437 2039 1590 2092 satiat
1631 2040 1858 2093 animam

288 2126 493 2178 avidam
520 2126 758 2189 Sciendi;
793 2137 847 2178 11
873 2123 1161 2198 111111115⁸(ιηὶ
1192 2129 1455 2200 intelligit,
1491 2130 1608 2184 luce
1633 2132 1858 2200 quadam

289 2233 394 2270 non
419 2216 715 2286 corporali,
752 2232 853 2269 11011
887 2218 1106 2284 carnali,
1137 2234 1240 2272 non
1272 2198 1560 2278 exteriore.
1595 2223 1686 2274 Sed
1721 2223 1858 2276 inte-

289 2309 429 2362 riore
454 2308 766 2362 illustratur.
795 2309 890 2361 Est
914 2325 1060 2376 ergo,
1088 2308 1297 2376 fratres,
1323 2310 1562 2379 qua-dam
1588 2312 1670 2364 lux
1695 2312 1855 2378 intus,

285 2416 442 2468 quatit
475 2414 578 2452 non
611 2400 799 2452 habent
840 2400 927 2468 qui
959 2414 1061 2452 11011
1092 2401 1408 2470 intelligunt.
1455 2402 1604 2456 Unde
1629 2402 1735 2472 jam
1766 2419 1858 2456 eos

285 2491 373 2558 qui
396 2490 697 2543 desiderant
723 2484 1085 2545 10111οΪ011ιο01
1118 2493 1256 2557 vita},
1298 2503 1350 2547 et
1376 2493 1496 2548 lude
1515 2495 1708 2563 aliquid
1738 2511 1856 2548 car-

287 2595 416 2654 punl
437 2626 452 2650 ,
481 2585 767 2652 alloquitur
809 2585 1092 2653 Apostolus
1125 2586 1410 2640 obsecrans
1433 2627 1447 2650 ,
1494 2595 1547 2640 et
1579 2588 1707 2642 dicit
1738 2607 1749 2642 :
1790 2587 1858 2643 Ut

279 2677 390 2746 jam
420 2693 519 2728 non
545 2674 803 2727 ambuletis
833 2678 962 2730 sicut
1003 2687 1049 2730 et
1074 2675 1257 2730 Gentes
1283 2679 1540 2731 ambulant
1568 2681 1618 2732 in
1646 2680 1859 2734 vanitate

284 2767 463 2819 mentis
490 2782 628 2828 sate,
666 2766 920 2818 obscurati
947 2767 1276 2836 intelligentia
1297 2809 1311 2834 ,
1345 2765 1552 2821 alienati
1576 2787 1606 2821 a
1636 2771 1734 2822 vita
1768 2769 1857 2824 Dei

285 2877 375 2925 per
404 2859 734 2928 ignorantiam
766 2875 874 2927 qure
897 2868 967 2910 est
999 2861 1047 2911 in
1074 2859 1198 2921 illis,
1229 2870 1428 2929 propter
1450 2852 1720 2915 ta'citatcm
1747 2878 1860 2916 cor-
1915 2873 1918 2875 ’

284 2955 363 3004 dis
392 2954 614 3022 ipsorum
645 2954 853 3022 (Ep/tes.
887 2969 961 3019 tv,
992 2955 1078 3016 17,
1112 2951 1219 3024 18).
1249 2953 1302 3008 Si
1331 2971 1456 3023 ergo
1485 2955 1554 3007 illi
1587 2955 1855 3010 obscurati

283 3145 503 3199 rantur;
533 3151 660 3203 ergo
699 3136 785 3205 qui
832 3131 1128 3205 intelligunt
1161 3120 1553 3191 illuminanlur.
1583 3137 1749 3194 Curre
1789 3125 1856 3196 ad

284 3227 478 3292 inittes,
503 3227 746 3282 desidera
769 3243 1021 3298 aquarum
1045 3226 1238 3282 fontes.
1264 3229 1416 3298 Apud
1441 3229 1604 3283 Deum
1631 3240 1712 3284 est
1739 3231 1857 3287 fons

284 3322 404 3375 vita:
432 3331 485 3376 et
516 3320 831 3375 insiccabilis
870 3322 988 3372 fons
1027 3337 1039 3370 :
1078 3307 1134 3372 in.
1161 3318 1299 3374 illius
1335 3320 1451 3375 11100
1488 3321 1663 3376 lumen
1708 3323 1856 3378 inob-

283 3411 565 3466 scnrabile.
613 3410 812 3464 Lumen
840 3410 959 3464 hoc
997 3409 1273 3477 desidera,
1304 3411 1587 3476 quemdam
1621 3411 1852 3480 fontem,

283 3503 549 3574 quoddam
576 3504 753 3557 lumen
793 3503 949 3572 quale
989 3518 1090 3557 non
1118 3510 1315 3556 norunt
1345 3504 1484 3558 oculi
1520 3503 1628 3568 tui;
1660 3506 1742 3558 cui
1772 3505 1853 3559 lu-
1910 3513 1916 3519 ‘

284 3598 412 3651 utiui
459 3597 680 3652 videndo
724 3597 909 3650 oculus
953 3595 1171 3648 10101101
1211 3607 1562 3664 111100010101,
1595 3596 1676 3650 0111
1727 3597 1854 3650 fonti

285 3692 580 3746 hauriendo
609 3692 725 3744 sitis
756 3692 974 3743 interior
1005 3689 1308 3742 inardescit.
1341 3689 1510 3742 Curre
1540 3689 1603 3742 ad
1635 3689 1852 3754 fontem,
1913 3693 1915 3697 ’

284 3784 526 3837 desidera
572 3783 768 3836 fontem
813 3800 824 3834 :
867 3781 1093 3835 scduuli
1128 3791 1430 3849 utcumque,
1464 3780 1569 3832 11011
1599 3780 1857 3848 0111111110-

282 3888 510 3942 ctnnqne
539 3873 731 3925 animal
763 3887 1012 3934 currere;
1060 3879 1114 3923 01
1155 3886 1340 3923 cervus
1382 3867 1555 3922 curre.
1589 3870 1722 3937 Quid
1753 3879 1852 3934 est,

289 3977 336 4021 ut
383 3967 612 4022 cervus?
658 3966 770 4020 Non
821 3965 889 4018 sit
935 3963 1152 4017 tarditas
1197 3963 1245 4015 iu
1297 3963 1588 4024 currendo,
1638 3963 1856 4032 impigre

287 4077 462 4124 011110,
496 4059 717 4126 impigre
746 4056 986 4111 desidera
1021 4057 1236 4107 fontem.
1268 4051 1572 4106 Invenimus
1601 4053 1739 4107 enim
1773 4054 1854 4106 iu-

285 4152 430 4219 signe
457 4150 753 4203 velocitatis
786 4149 834 4200 in
859 4163 1040 4201 cervo.
1425 4136 1428 4139 ”

356 4243 408 4295 5.
447 4241 550 4295 Sed
582 4239 716 4294 forte
741 4254 845 4292 non
876 4237 977 4291 hoc
993 4236 1276 4305 Scriptura
1302 4235 1473 4290 solum
1503 4235 1675 4289 rtos‘in
1699 4251 1856 4290 cervo

283 4333 630 4389 considerare
655 4333 839 4398 voluit,
866 4331 956 4384 sed
981 4341 1032 4384 et
1055 4329 1216 4383 aliud.
1241 4329 1372 4383 Audi
1396 4329 1520 4400 quid
1544 4330 1680 4384 aliud
1703 4332 1852 4385 estin

280 4429 460 4480 corvo.
490 4424 777 4493 Serpentes
810 4431 982 4487 necat,
1012 4429 1212 4490 etpost
1239 4421 1565 4490 serpentium
1599 4421 1852 4474 interem-

284 4518 520 4586 ptionem
552 4515 735 4584 majori
763 4514 845 4567 siti
877 4512 1180 4574 inardescit,
1209 4511 1495 4582 peremptis
1521 4512 1856 4588 serpentibus

279 4608 349 4660 ari
373 4607 544 4661 [11011-5
569 4607 742 4659 acrius
769 4607 950 4660 currit.
974 4603 1262 4672 Serpentes
1286 4604 1406 4655 vitia
1433 4611 1514 4656 tua
1543 4613 1665 4656 sunt
1692 4621 1704 4656 :
1729 4620 1857 4658 eon-

281 4714 434 4753 sume
464 4707 739 4766 Serpentes
772 4697 1079 4764 iniquitatis,
1113 4708 1236 4747 tunc
1265 4694 1490 4762 amplius
1529 4694 1858 4749 desiderabis

281 4789 485 4844 lonteut
513 4788 768 4842 veritatis.
802 4787 1030 4840 Avaritia
1061 4791 1196 4838 forte
1227 4785 1276 4837 in
1309 4794 1357 4838 te
1389 4784 1725 4838 tenebrosum
1757 4785 1856 4838 ali—

277 4883 409 4953 quid
441 4883 650 4947 sibilat,
681 4890 733 4933 et
773 4880 945 4932 sibilat
974 4880 1228 4932 adversns
1272 4878 1491 4930 verbum
1522 4877 1651 4942 Dei,
1684 4877 1858 4930 sibilat

278 4972 541 5026 adversus
571 4982 886 5039 pra'eeptum
917 4971 1002 5022 Dei
1039 4987 1050 5022 :
1097 4977 1149 5023 et
1187 4967 1309 5036 quia
1352 4967 1443 5020 tibi
1471 4967 1682 5030 dicitur,
1717 4963 1857 5017 Con-

281 5075 466 5119 tcmne
495 5063 712 5133 aliquid,
743 5077 807 5116 ne
836 5062 995 5114 facias
1027 5061 1388 5130 iniquitatem;
1418 5059 1461 5111 si
1493 5060 1657 5112 mavis
1686 5057 1858 5112 facere

282 5156 655 5224 iniquitatem,
708 5169 866 5222 quam
917 5151 1126 5219 aliquod
1181 5149 1514 5203 emnmodum
1568 5151 1858 5218 temporale

281 5260 661 5311 contemnere,
703 5245 936 5301 morderi
971 5245 1118 5312 eligis
1165 5259 1190 5294 a
1220 5253 1498 5312 serpente,
1528 5258 1684 5310 quam
1717 5243 1856 5311 peri-

285 5357 433 5396 mere
468 5348 790 5410 serpentem.
832 5337 961 5389 Cum
999 5351 1124 5403 ergo
1153 5335 1323 5388 adhuc
1367 5335 1541 5387 faveas
1571 5334 1698 5387 vitio
1731 5343 1820 5387 tuo
1841 5375 1856 5399 ,

281 5431 557 5500 cupiditati
585 5441 709 5493 tum,
743 5426 975 5480 avaritia:
1005 5434 1124 5486 tua),
1149 5425 1382 5491 serpenti
1414 5432 1535 5486 tuo;
1566 5422 1778 5492 quando
1807 5423 1856 5476 itt

282 5535 336 5579 te
380 5524 593 5577 invenio
634 5525 738 5576 tale
777 5517 1129 5580 desiderium,
1170 5531 1275 5584 quo
1313 5530 1495 5568 curras
1538 5514 1603 5569 ad
1649 5514 1845 5568 fontem

350 5659 367 5689 ί
397 5655 582 5718 Aliquot
604 5661 728 5702 foss;
761 5648 1049 5700 Intellectum
1072 5647 1230 5708 itaque
1254 5652 1520 5696 scrutemur

351 5721 370 5750 ²
397 5719 617 5781 Plerique
636 5724 760 5776 5135.,
787 5727 959 5763 metuit.

1415 277 1803 334 L’KBRRATIO
1843 277 1904 330 IN
1948 277 2261 341 esttuun
2306 289 2428 344 xu.
3438 309 3530 344 ππ

3438 337 3458 356 Ἰ
3474 336 3533 360 ,σν

1976 404 2268 468 aquarum?
2295 403 2503 472 quando
2525 410 2853 475 concupiscis
2883 411 3078 466 louteut
3103 415 3391 483 sapientius,
3415 434 3532 473 eum

1970 492 2141 546 adhuc
2194 495 2400 550 labores
2449 498 2500 550 iu
2548 515 2752 554 veneno
2800 504 3048 558 malitize?
3099 507 3332 564 lnterliee
3382 489 3430 564 111
3487 523 3536 567 10

1971 585 2220 654 quidquid
2266 589 2585 642 contrarium
2619 600 2694 645 est
2735 594 2937 648 veritati
2981 615 2993 648 :
3027 607 3073 649 et
3107 613 3225 651 cum
3259 611 3308 654 te
3341 603 3537 658 videris

1973 682 2215 742 tanquam
2242 693 2429 741 vacare
2457 695 2484 732 a
2511 681 2882 748 cupiditatibus
2910 689 3194 754 perversis,
3231 692 3334 744 noli
3364 692 3562 745 rema.‘

1972 781 2096 817 nere
2125 770 2271 835 quasi
2306 787 2406 822 non
2441 771 2507 824 sit
2537 775 2675 842 quod
2705 775 2997 831 desideres.
3032 779 3125 832 Est
3152 783 3290 838 00101
3318 784 3532 852 aliquid,
3583 826 3590 834 .

1969 867 2145 923 quote
2176 859 2357 924 tollas;
2389 863 2430 914 si
2453 863 2562 930 jam
2589 866 2738 935 egisti
2771 870 2822 920 in
2849 878 2919 931 te,
2945 869 3129 927 11111011
3161 874 3229 927 sit
3258 876 3538 944 impeditur

1967 957 2148 1002 contra
2180 959 2248 1004 te.
2281 953 2520 1008 Dicturus
2544 958 2686 1010 enim
2714 975 2771 1012 es
2799 959 2934 1015 forte
2959 963 3066 1031 jam
3105 966 3252 1030 mihi,
3276 967 3321 1020 si
3346 985 3536 1025 cervus

1969 1055 2026 1093 es
2056 1057 2067 1091 :
2100 1041 2237 1096 Deus
2263 1045 2402 1097 110νί1
2435 1062 2536 1099 non
2566 1065 2648 1103 me
2669 1049 2776 1118 jam
2803 1067 3042 1117 avarum,
3074 1071 3178 1111 non
3209 1075 3292 1113 me
3313 1059 3420 1126 jam
3446 1078 3535 1116 cn-

1963 1130 2208 1200 jusquam
2239 1151 2350 1188 rem
2381 1141 2773 1208 concupiscere,
2820 1159 2920 1198 non
2963 1148 3204 1202 adulterii
3249 1152 3535 1221 cupiditate

1968 1224 2231 1294 tlagrare,’
2263 1244 2364 1281 non
2406 1231 2717 1301 cujusquam
2747 1234 2869 1288 odio
2902 1237 3197 1309 invidiaque
3219 1243 3493 1302 tabescere
3514 1287 3529 1310 ,

1967 1325 2019 1369 et
2043 1325 2230 1372 emtera
2263 1319 2595 1389 huiusmodi;
2625 1324 2860 1380 dicturus
2886 1344 2974 1392 es,
3004 1329 3115 1384 Non
3137 1331 3322 1388 “habeo
3362 1334 3474 1389 hare.
3515 1355 3528 1389 :

1966 1416 2020 1460 et
2044 1409 2240 1477 'qu:cris
2277 1410 2411 1466 forte
2439 1414 2575 1467 unde
2605 1414 2905 1478 delecteris.
2937 1420 3353 1478 Desidera‘uude
3381 1425 3529 1481 dele-

1966 1497 2157 1562 cteris;
2185 1499 2427 1555 desidcra
2455 1504 2521 1555 ad
2550 1509 2712 1574 fontes
2738 1524 2979 1577 aquarum
3005 1526 3022 1564 :
3047 1511 3204 1567 habet
3231 1515 3366 1570 Deus
3393 1518 3532 1572 unde

1969 1597 2018 1643 te
2049 1591 2247 1645 reficiat
2268 1633 2280 1648 .
2310 1601 2362 1646 et
2387 1594 2607 1662 impleat
2635 1599 2931 1654 venientem
2963 1602 3027 1654 ad
3057 1617 3144 1668 se,
3177 1607 3530 1664 et'sitientem

1947 1690 2083 1748 ,post
2125 1681 2582 1752 intercmpt’iouem
2621 1690 2979 1757 serpentium,
3011 1702 3256 1764 tanquam
3297 1699 3529 1756 velocem

1956 1784 2199 1824 00111110.
3167 1841 3171 1846 λ

2009 1864 2087 1916 -4.
2116 1864 2210 1918 Est
2228 1867 2368 1920 aliud
2389 1870 2527 1937 quod
2548 1871 2933 1928 animadvertas
2959 1877 3007 1929 iu
3036 1893 3212 1932 cervo.
3231 1881 3532 1939 Traduntur

1963 1956 2194 2020 cervi,et
2218 1972 2246 2008 a
2270 1959 2581 2025 quihusdam
2603 1963 2759 2017 etiam
2779 1966 2870 2019 visi
2890 1977 3038 2032 sunt;
3061 1986 3162 2024 non
3185 1973 3324 2026 enim
3343 1975 3408 2028 de
3432 1976 3538 2030 illis

1959 2045 2068 2098 tale
2087 2045 2282 2116 aliquid
2305 2048 2644 2120 scriberetur,
2668 2057 2766 2108 nisi
2793 2066 2943 2111 antea
2968 2060 3232 2115 videretur
3255 2081 3266 2115 :
3287 2064 3531 2120 dicuntur

1955 2131 2089 2206 ergo
2117 2140 2257 2192 cervi
2295 2141 2375 2195 vel
2401 2143 2612 2211 quando
2652 2145 2704 2198 in
2747 2147 2954 2216 agmine
2985 2166 3081 2203 suo
3121 2152 3413 2218 ambulant,
3446 2158 3528 2210 vel

1963 2229 2174 2295 quando
2204 2232 2432 2284 natando
2460 2234 2593 2290 alias
2625 2243 2882 2289 terrarum
2915 2249 3090 2307 partes
3119 2253 3333 2310 petunt,
3364 2262 3523 2298 onera

1962 2320 2188 2387 capitum
2212 2323 2424 2378 suorum
2451 2339 2607 2396 super
2627 2342 2685 2382 se
2709 2329 2935 2402 invicem
2967 2349 3195 2400 ponere,
3216 2337 3294 2390 ita
3316 2347 3374 2390 ut
3397 2355 3531 2392 ttnns

1933 2451 1936 2454 ι
1963 2410 2246 2479 praecedat,
2278 2423 2330 2468 et
2357 2419 2744 2488 sequanturqui
2774 2434 2928 2489 supra
2961 2437 3078 2476 eum
3109 2426 3280 2494 capita
3312 2438 3527 2495 ponant,

1963 2511 2016 2556 et
2043 2518 2200 2572 supra
2229 2505 2346 2560 illos
2375 2507 2460 2560 alii
2491 2520 2891 2578 consequentes,
2920 2521 2970 2565 et
3000 2513 3190 2581 deinde
3215 2515 3524 2580 alii,-donec

1916 2612 1918 2616 ·
1961 2609 2150 2664 agmen
2185 2595 2426 2652 ﬁniatur:
2449 2598 2536 2654 ille
2552 2607 2726 2654 autem
2758 2616 2891 2654 unus
2914 2604 3000 2672 qui
3025 2605 3230 2673 pondus
3252 2609 3438 2675 capitis
3469 2609 3520 2663 iu

1963 2688 2188 2756 primatu
2209 2690 2467 2769 portabat,
2488 2689 2729 2761 fatigatus
2748 2693 2882 2746 redit
2899 2694 2962 2746 ad
2991 2697 3296 2762 posteriora,
3317 2707 3373 2750 ut
3393 2699 3497 2752 alin
3513 2717 3529 2750 ς

1961 2781 2009 2835 ei
2031 2781 2296 2845 succedat,
2315 2782 2402 2851 qui
2424 2790 2597 2852 portet
2617 2783 2754 2853 quod
2780 2785 2866 2839 ille
2890 2787 3146 2854 portabat,
3169 2797 3323 2857 atque
3341 2789 3431 2842 ille
3454 2789 3529 2842 fa-

1964 2871 2265 2939 tigationem
2284 2886 2430 2925 suam
2463 2882 2666 2927 recreet
2690 2873 2861 2942 posito
2890 2876 3080 2943 capite,
3104 2877 3239 2929 sicut
3265 2886 3318 2931 et
3345 2883 3523 2933 CtUlCt'l

1367 2971 1456 3040 rgo
1485 2962 1554 3007 illi
1587 2962 1855 3010 obscurati
1915 2973 1922 2989 ί
1954 2963 2229 3031 “ponebant
2272 2962 2386 3016 :ita‘
2403 2962 2642 3016 vicissim
2666 2965 2930 3034 portando
2971 2965 3110 3035 quod
3135 2982 3294 3035 grave
3331 2978 3439 3034 est,
3477 2980 3530 3023 et

283 3053 406 3097 sunt
435 3043 801 3111 intelligentia,
833 3045 882 3096 id
912 3053 1012 3106 est,
1041 3044 1158 3113 quia
1190 3060 1292 3096 non
1325 3045 1638 3114 intelligunt,
1669 3047 1859 3102 obscu-
1917 3059 1920 3062 '

1962 3056 2098 3108 viam
2128 3065 2413 3125 peragunt,
2457 3067 2508 3109 et
2537 3054 2760 3110 invicem
2799 3071 2858 3111 se
2890 3073 2990 3110 non
3020 3056 3292 3111 deserunt.
3340 3060 3528 3114 Nonne

1928 3145 1929 3148 “
1961 3147 2214 3217 quosdam
2236 3161 2420 3203 cervos
2445 3148 2727 3217 alloquitur
2751 3148 3253 3228 Apostolus,-dicens
3273 3167 3285 3202 :
3308 3149 3529 3204 Invicem

1959 3256 2114 3295 onera
2153 3250 2314 3294 vestra
2343 3249 2536 3310 portate
2555 3282 2570 3307 ,
2600 3250 2644 3294 et
2673 3241 2745 3294 sic
2781 3241 3116 3311 adimplebia’s
3147 3239 3306 3310 legem
3342 3241 3528 3296 Christi

1962 3329 2120 3402 (Gal.
2153 3332 2363 3401 V1312)?
2737 3335 2740 3340 '
2838 3363 2843 3368 -
3555 3343 3557 3347 ·

2031 3423 2084 3478 5.
2129 3422 2272 3476 Talis
2317 3437 2442 3492 ergo
2483 3438 2670 3478 cervus
2697 3423 2748 3477 in
2780 3423 2882 3478 [ide
2926 3424 3260 3491 constitutus,
3296 3426 3527 3481 nondum

1959 3517 2145 3571 videns
2170 3516 2308 3586 quod
2341 3515 2529 3582 credit,
2579 3501 2796 3585 cupiens
2835 3516 3126 3586 intelligere
3171 3517 3308 3587 quod
3339 3518 3528 3587 diligit.

1952 3610 2158 3678 1110111111
2186 3617 2239 3664 01
2279 3609 2572 3662 contrarios
2603 3624 2707 3662 non
2737 3623 2925 3663 cervos
2955 3609 2994 3674 ¹,
3023 3609 3332 3662 obseuratos
3371 3609 3528 3662 intel-

1952 3701 2192 3769 ligentia,
2222 3701 2276 3754 in
2308 3700 2538 3755 tenebris
2561 3699 2900 3754 interioribus
2920 3699 3251 3774 constitutos,
3284 3699 3528 3754 vitiorum

1959 3792 2245 3860 cupiditate
2281 3797 2544 3854 cm’eatos;
2593 3790 2808 3859 insuper
2848 3789 3159 3842 insultantes
3195 3797 3250 3843 et
3295 3788 3532 3843 dicentes

1946 3879 2438 3943 -hominicredenti,
2472 3888 2526 3934 et
2549 3878 2692 3948 quod
2729 3878 2898 3933 credit
2926 3893 3031 3932 non
3061 3878 3358 3933 ostendenti
3386 3897 3400 3933 :
3433 3879 3531 3934 Ubi
3612 3913 3616 3924 ι

1951 3979 2040 4028 "est
2064 3972 2196 4026 Deus
2240 3972 2396 4026 tuus?
2421 3971 2556 4039 Quid
2594 3986 2722 4041 ergo
2771 3971 2869 4025 iste
2897 3985 3084 4025 cervus
3134 3970 3315 4027 fecerit
3347 3983 3544 4027 contra.

1960 4068 2072 4122 have
2102 4066 2280 4129 verba,
2308 4064 2602 4129 audiamus,
2635 4073 2692 4118 111
2734 4075 2786 4118 01
2814 4063 2932 4134 ipsi,
2963 4063 3005 4117 si
3043 4079 3338 4132 ptissumus,
3372 4063 3531 4118 facia-

1961 4165 2098 4212 mus.
2147 4157 2325 4211 Primo
2364 4156 2622 4222 expressit
2650 4155 2790 4209 sitim
2830 4169 2976 4208 suam
3012 4172 3024 4207 :
3057 4151 3527 4220 Quemadmodum,

1960 4252 2144 4318 inquit,
2177 4265 2346 4303 cervus
2367 4247 2611 4301 desiderat
2640 4249 2705 4300 ad
2727 4251 2886 4318 fontes
2903 4264 3165 4316 aquarum,
3194 4248 3261 4298 ita
3281 4248 3529 4300 desiderat

1959 4344 2125 4394 anima
2153 4359 2258 4393 mea
2285 4341 2351 4391 ad
2381 4348 2446 4403 te,
2478 4337 2626 4392 Deus.
2652 4338 2784 4406 Quid
2812 4339 2853 4391 si
2879 4353 3070 4392 cervus
3091 4337 3154 4389 ad
3177 4337 3345 4391 fontes
3371 4353 3530 4407 aqua-

1963 4453 2073 4488 rum
2106 4432 2308 4487 lavandi
2333 4445 2486 4485 causa
2531 4430 2836 4485 desiderat?
2871 4429 3051 4484 Utrum
3083 4443 3208 4497 ergo
3229 4428 3439 4482 bibendi
3463 4446 3529 4485 an

1955 4525 2167 4588 lavandi
2201 4539 2378 4588 causa,
2411 4523 2694 4577 nescimus.
2728 4522 2865 4575 Audi
2903 4521 3029 4590 quid
3062 4519 3321 4588 sequitur,
3346 4529 3398 4574 et
3421 4522 3528 4575 11011

1955 4593 2196 4688 1111011010
2229 4635 2242 4671 :
2277 4615 2443 4670 Sitivit
2491 4615 2657 4667 anima
2693 4629 2800 4667 mea
2849 4615 2914 4664 ad
2963 4611 3126 4682 Deum
3168 4612 3352 4666 vivum.
3380 4611 3531 4680 Quod

1961 4710 2098 4771 dico,
2127 4706 2563 4775 Quemadmodum
2603 4721 2773 4758 cervus
2811 4703 3057 4756 desiderat
3091 4702 3158 4755 ad
3184 4703 3344 4770 fontes
3371 4721 3528 4775 aqua-

1962 4817 2094 4861 rum,
2139 4800 2208 4852 ita
2227 4799 2474 4851 desiderat
2501 4798 2669 4849 anima
2691 4797 2756 4846 ad
2787 4804 2848 4856 te,
2880 4791 3037 4859 Deus,
3071 4795 3171 4848 hoc
3203 4793 3342 4860 dico,
3384 4796 3555 4852 Sitivit

1960 4892 2129 4941 anima
2167 4905 2275 4941 mea
2313 4888 2379 4940 ad
2429 4886 2594 4940 Deum
2632 4886 2813 4938 vivum.
2862 4883 2996 4950 Quid
3062 4885 3266 4940 sitivit?
3313 4887 3529 4954 Quando

1961 4982 2156 5034 veniam
2173 4990 2223 5051 _et
2251 4978 2503 5048 apparebo
2532 4987 2645 5029 ante
2671 4977 2848 5043 faciem
2871 4974 2989 5046 Dei.
3023 4977 3132 5032 Hoc
3172 4987 3250 5032 est
3279 4979 3418 5048 quod
3452 4981 3529 5032 si-

1964 5075 2054 5137 tio,
2081 5073 2261 5126 venire
2298 5079 2351 5124 et
2374 5083 2644 5138 apparere.
2678 5068 2810 5121 Sitio
2850 5067 2901 5121 in
2945 5069 3381 5136 peregrinatione,
3411 5070 3532 5122 sitio

1963 5167 2192 5220 incursu
2242 5160 2516 5216 :satiabor
2547 5160 2597 5213 in
2651 5159 2899 5212 adventu.
2947 5159 3050 5213 Sed
3076 5161 3277 5228 quando
3306 5163 3533 5214 veniam?

1964 5259 2028 5312 Et
2056 5255 2195 5326 quod
2217 5253 2372 5308 citius
2400 5263 2480 5305 est
2502 5252 2626 5316 Deo,
2661 5250 2862 5304 tardum
2887 5257 2969 5305 est
2994 5250 3279 5323 desiderio.
3313 5251 3529 5318 Quando

1961 5350 2151 5404 veniam
2191 5357 2235 5400 et
2264 5342 2513 5414 apparebo
2541 5352 2655 5394 ante
2679 5341 2857 5411 [aciem
2885 5340 2981 5394 Dei
2997 5342 3021 5395 Ρ
3047 5343 3122 5396 Ex
3154 5343 3242 5397 illo
3266 5342 3533 5396 desiderio

1962 5451 2041 5493 est
2067 5449 2119 5493 et
2150 5439 2268 5503 hoc,
2301 5453 2364 5492 ex
2392 5452 2495 5506 quo
2529 5437 2784 5489 clamatur
2810 5434 2930 5489 alibi
2957 5452 2969 5488 ε
3008 5432 3172 5487 Unam
3208 5432 3324 5500 petii
3367 5448 3398 5483 a
3425 5429 3532 5484 Do-

1964 5534 2118 5597 mino,
2149 5533 2277 5586 hanc
2296 5531 2562 5600 requiram,
2591 5540 2642 5583 ut
2668 5530 2936 5583 inhabilem
2957 5527 3005 5579 in
3031 5526 3179 5578 domo
3199 5523 3406 5579 Domini
3433 5539 3526 5597 per

2029 5649 2042 5678 ¹
2079 5648 2296 5706 5101155,
2325 5655 2374 5694 At
2400 5644 2528 5700 Edd.,
2557 5643 2815 5694 contrarios
2845 5653 3017 5699 cert-os,
3045 5651 3134 5687 non
3169 5637 3318 5688 sotmn
3365 5636 3538 5687 obscu-

1968 5718 2109 5770 ratos,
2130 5719 2222 5758 etc.
