4004 6200
316 291 414 346 ὅδε)

309 416 368 458 ut
395 404 569 458 videat
597 419 656 460 se
692 405 743 458 in
774 421 851 469 se,
895 415 951 459 ut
980 403 1185 459 noverit
1213 417 1268 456 sc
1308 401 1443 469 apud
1472 415 1553 454 se.
1581 397 1686 452 Sed
1718 412 1870 450 num-

314 498 434 566 quid
461 497 656 567 aliquid
695 498 794 551 tale
825 499 960 552 Deus
987 497 1150 566 ipsius
1178 504 1258 549 est
1279 535 1292 556 ,
1319 493 1491 564 qualis
1515 488 1877 545 estanimus?

315 591 422 645 Non
449 590 659 658 quidem
686 591 848 644 videri
881 591 1016 644 Deus
1041 589 1138 642 nisi
1159 589 1334 640 animo
1366 594 1554 655 potest.
1590 599 1684 638 nec
1703 593 1874 637 tamen

314 683 379 736 ita
411 692 466 736 ut
491 683 700 736 anintus
727 683 893 738 videri
922 691 1108 751 potest.
1141 679 1349 750 Aliquid
1379 679 1520 734 enim
1547 679 1732 749 qua:rit
1760 676 1876 730 ani-

315 789 431 827 mus
459 775 558 826 istc
584 773 722 842 quod
755 773 890 827 Dens
919 782 1018 836 (Μ,
1050 773 1113 825 de
1144 787 1248 840 quo
1272 770 1343 825 illi
1370 785 1476 823 non
1503 769 1761 822 insultent
1787 766 1875 835 qui

309 868 490 921 dicunt
529 886 542 920 :
586 865 680 921 Ubi
705 877 774 919 est
805 865 937 919 Deus
968 867 1124 918 tuus?
1170 865 1410 932 Aliquam
1437 863 1622 932 quaerit
1680 862 1878 914 ineom-

321 961 628 1014 mtztabiletu
695 960 1008 1023 veritatem,
1060 959 1176 1014 sine
1243 959 1450 1012 deiectu
1510 957 1875 1017 substantiam.

311 1053 424 1107 Nan
455 1064 538 1106 est
575 1054 694 1106 talis
743 1053 852 1121 ipse
896 1051 1101 1106 animus
1145 1051 1388 1114 :delicit,
1435 1051 1669 1119 prolicit;
1715 1049 1875 1109 novit,

313 1145 548 1212 ignorat;
571 1145 826 1205 meminit,
852 1144 1178 1198 obliviscitur
1202 1161 1214 1207 ;
1239 1143 1394 1195 modo
1421 1143 1544 1194 illud
1568 1143 1696 1205 vult,
1722 1141 1879 1194 modo

313 1251 414 1286 non
458 1235 590 1287 vult.
645 1235 744 1287 Ista
801 1234 1120 1288 mutabilitas
1162 1250 1262 1286 non
1305 1233 1446 1286 cadit
1491 1233 1540 1285 in
1582 1233 1766 1285 Deutn.
1822 1231 1876 1284 Si

313 1327 514 1390 dixero,
563 1327 820 1379 Mutahilis
840 1335 922 1380 est
950 1327 1107 1391 Deus,
1138 1327 1461 1379 iusultaltunt
1490 1325 1619 1378 mihi
1661 1325 1747 1393 qui
1795 1323 1878 1378 (li-

310 1429 434 1472 cunt
464 1437 476 1468 :
511 1418 610 1472 Ubi
634 1429 704 1472 est
730 1417 869 1471 Dens
899 1428 1009 1471 tuas
1031 1419 1056 1470 Ζ)

381 1509 432 1561 8.
465 1506 613 1579 [ιιργδ.
643 1505 718 1578 5.]
749 1508 1001 1572 Qttzereus
1043 1523 1169 1577 ergo
1224 1509 1385 1562 Deum
1435 1523 1607 1563 meum
1639 1507 1690 1561 in
1723 1507 1880 1561 rebus

311 1599 606 1652 visibilihus
635 1607 688 1652 et
711 1598 1108 1667 corporalibus,
1142 1609 1194 1652 et
1241 1614 1344 1653 non
1393 1597 1699 1663 inveniens;
1733 1614 1879 1666 quzc-

311 1701 433 1745 rens
447 1692 562 1756 eius
576 1691 919 1746 substantiam
941 1693 988 1745 in
1010 1692 1232 1760 mcipso,
1249 1693 1396 1760 quasi
1415 1693 1481 1745 sit
1501 1691 1695 1761 aliquid
1711 1692 1881 1760 qualis

311 1798 407 1851 ego
432 1798 572 1846 sunt,
607 1795 774 1850 neque
803 1784 900 1835 hnc
929 1783 1199 1837 inveniens
1219 1799 1233 1846 ;
1253 1776 1446 1852 aliquid
1473 1797 1630 1851 super
1652 1782 1882 1836 animam

312 1888 428 1926 esse
477 1874 649 1925 sentio
693 1874 854 1926 Deum
901 1890 1095 1926 ntetnn.
1133 1875 1289 1942 Ergo,
1317 1884 1371 1927 ut
1409 1875 1558 1928 cum‘
1590 1881 1878 1942 tangerem,

316 1964 436 2018 Ilwc
462 1965 725 2018 meditatus
762 1981 891 2028 sum,
919 1974 964 2018 ct
990 1963 1144 2029 e/futli
1166 1976 1313 2033 super
1337 1981 1414 2017 me
1442 1965 1660 2017 animam
1697 1979 1878 2016 meam.

310 2056 528 2123 Quando
560 2056 730 2108 anima
772 2071 884 2108 mea
925 2056 1250 2125 contingeret
1280 2056 1422 2125 quod
1447 2071 1609 2125 super
1651 2057 1880 2108 animam

311 2162 480 2198 meam
501 2148 771 2214 quzuritur,
792 2147 889 2200 nisi
908 2147 1080 2200 anima
1102 2162 1214 2200 mea
1236 2163 1395 2216 super
1410 2148 1482 2201 sei
1492 2161 1634 2215 psam
1649 2146 1882 2200 eﬂ'uude«

310 2239 490 2291 retur?
522 2237 576 2290 Si
604 2237 743 2290 enim
775 2238 824 2291 in
853 2239 1022 2306 seipsa
1055 2248 1368 2299 remaneret,
1401 2238 1526 2292 nihil
1556 2239 1695 2291 aliud
1725 2253 1880 2308 quam

310 2346 368 2383 se
392 2330 593 2384 videt-et
621 2349 632 2382 :
655 2339 707 2382 et
739 2345 856 2382 cum
879 2345 938 2384 se
963 2329 1181 2394 videret,
1215 2345 1316 2382 non
1339 2331 1515 2398 utique
1546 2331 1706 2384 Deum
1728 2347 1879 2384 suum

313 2423 412 2474 vith
436 2433 506 2473 ret
521 2460 534 2473 .
552 2421 732 2475 Dieant
750 2420 857 2489 jam
877 2421 1210 2474 insultatores
1226 2421 1322 2474 mei
1334 2464 1346 2485 ,
1367 2419 1466 2474 Ubi
1485 2431 1554 2473 est
1577 2419 1716 2472 Deus
1734 2422 1884 2474 tuus?

311 2515 523 2565 dicant:
557 2529 654 2582 ego
679 2513 931 2582 quamdiu
984 2523 1086 2565 nan
1119 2512 1292 2573 video,
1344 2513 1594 2580 quamdiu
1641 2511 1877 2576 differor,

313 2605 577 2658 manduco
612 2604 696 2657 die
724 2613 816 2658 .ac'
867 2603 1313 2674 noctelacrymas
1365 2619 1530 2657 meas.
1575 2603 1760 2657 Dicant
1804 2602 1880 2656 illi

310 2696 501 2759 adhuc,
537 2693 634 2749 Ubi
649 2703 722 2747 est
744 2693 882 2747 Deus
909 2693 1066 2747 tuus?
1103 2709 1282 2762 (μιαιιο
1306 2709 1403 2762 ego
1434 2694 1598 2747 Deum
1626 2709 1802 2748 meum
1829 2695 1880 2748 in

310 2787 453 2839 omni
485 2802 729 2855 corpore,
760 2785 870 2838 s‘ive
901 2785 1156 2848 terrestri,
1184 2783 1298 2838 sive
1323 2783 1548 2848 cazlesti,
1571 2794 1627 2839 et
1665 2801 1769 2840 non
1799 2785 1880 2837 in-

311 2876 465 2928 venio
492 2893 506 2929 :
537 2875 1092 2945 qna'rosubstantiatn
1124 2872 1238 2943 ejus
1265 2874 1314 2927 in
1334 2874 1507 2928 anima
1535 2889 1672 2939 mea,
1703 2883 1880 2930 etnon

313 2967 568 3023 invenio:
603 2966 880 3021 meditatus
938 2981 1054 3019 sum
1105 2975 1276 3018 tamen
1338 2965 1730 3035 inquisitionem
1787 2967 1882 3020 Dei

313 3061 456 3126 mei,
489 3067 542 3115 et
567 3075 659 3128 per
683 3073 743 3112 ea
789 3073 915 3125 quar
937 3057 1068 3110 facta
1116 3065 1271 3134 sunt,
1319 3057 1602 3112 invisibilia
1632 3057 1725 3112 Dei
1779 3059 1882 3111 mei

311 3159 532 3220 enpiens
580 3149 845 3202 intellecta
896 3147 1206 3216 conspicere
1258 3139 1430 3218 (Rom.
1464 3163 1500 3212 ι,
1540 3141 1680 3218 20),
1723 3146 1880 3214 e/fao’i

311 3258 459 3311 super
488 3258 564 3292 me
592 3239 811 3292 animam
837 3255 1030 3302 meam;
1061 3246 1114 3292 et
1141 3255 1242 3291 non
1266 3238 1372 3307 jam
1400 3247 1559 3292 restat
1579 3250 1734 3308 quem
1764 3250 1882 3292 tan-

312 3350 449 3403 gam.
475 3333 572 3386 nisi
601 3332 760 3384 Deum
799 3346 992 3382 meum.
1027 3329 1096 3382 lbi
1127 3330 1267 3382 enim
1295 3329 1481 3382 domus
1517 3329 1606 3384 Dei
1641 3331 1762 3392 mei,
1796 3345 1882 3383 Stt-

315 3443 403 3488 ιτειιο
429 3424 654 3475 animam
690 3436 856 3474 ineant
889 3441 900 3472 :
946 3420 1012 3473 ibi
1055 3419 1271 3483 habitat,
1317 3420 1437 3474 inde
1487 3436 1571 3474 me
1608 3421 1878 3489 prnSpicit,

315 3517 432 3568 inde
463 3530 546 3568 me
574 3513 791 3574 creavit,
819 3512 938 3564 inde
967 3528 1048 3564 nte
1069 3511 1347 3579 gubernat,
1379 3510 1500 3563 inde
1529 3511 1656 3589 mihi
1692 3525 1887 3564 consu-

313 3608 388 3667 lit,
419 3605 538 3658 inde
567 3620 649 3655 tne
678 3602 897 3664 excitat,
929 3601 1048 3653 inde
1089 3617 1171 3653 me
1201 3611 1368 3665 vocat,
1403 3601 1524 3655 inde
1570 3616 1654 3655 tne
1680 3601 1881 3672 dirigit,

314 3699 433 3752 inde
463 3714 546 3750 me
574 3697 736 3756 dtu-it,
769 3695 888 3747 inde
914 3710 996 3745 tne
1027 3693 1282 3761 perducit.

382 3788 432 3843 θ.
468 3789 555 3842 Ille
581 3787 721 3841 enim
762 3784 850 3854 qui
894 3786 1051 3837 habet
1088 3784 1394 3836 altissimam
1443 3783 1492 3835 in
1521 3793 1728 3837 secreto
1782 3783 1880 3836 do-

315 3901 476 3947 mum,
502 3880 833 3935 habetetiam
871 3879 919 3931 in
951 3890 1087 3931 terra
1118 3877 1532 3930 tabernaculum.
1553 3878 1882 3930 'l‘abernacu-

316 3975 417 4027 lntn
447 3976 570 4040 ejus
592 3972 642 4024 in
667 3980 822 4033 terra,
851 3969 1086 4021 Ecclesia
1114 3967 1227 4035 ejus
1255 3977 1336 4019 est
1375 3967 1545 4020 adhuc
1588 3969 1880 4036 peregrina.

314 4065 416 4119 Sed
446 4065 530 4118 hic
556 4061 870 4132 quarrendus
898 4070 996 4120 est.
1021 4060 1139 4127 quia
1175 4060 1224 4111 in
1255 4059 1592 4111 tabernaculo
1623 4059 1886 4113 invenitur

314 4159 411 4211 via.
440 4170 712 4226 perquam
741 4153 946 4206 venitur
973 4150 1038 4204 ad
1065 4150 1300 4203 domum.
1334 4150 1538 4203 Etenim
1563 4165 1681 4204 cum
1711 4151 1884 4205 cll'un-

313 4249 486 4301 derem
529 4262 690 4315 super
745 4261 828 4298 me
877 4245 1104 4296 animam
1158 4257 1363 4305 meam,
1410 4241 1473 4294 ad
1525 4242 1882 4311 attingendum

317 4340 473 4394 Deum
504 4353 702 4398 meum,
749 4351 912 4405 quare
955 4335 1052 4386 ltoc
1092 4334 1226 4386 feci?
1257 4334 1503 4400 Quoniam
1543 4335 1795 4405 ingrediar
1834 4337 1884 4387 in

315 4432 474 4482 locum
499 4429 822 4481 tabernaculi.
858 4426 984 4479 Nam
1013 4436 1158 4477 extra
1190 4427 1359 4477 locum
1394 4421 1886 4500 tabernaculi'erra-

316 4524 378 4576 bo
430 4538 676 4592 quzcrens
748 4521 908 4572 Deum
977 4534 1171 4570 meum.

317 4615 475 4667 locum
521 4611 832 4666 tabernaculi
870 4609 1199 4670 admirabilis,
1252 4625 1406 4676 usque
1430 4609 1723 4661 adclamant
1767 4608 1882 4662 Dei.

319 4706 369 4759 ltt
403 4706 574 4759 locum
610 4703 931 4757 tabernaculi
971 4701 1254 4768 ingrediar,
1285 4699 1610 4753 admirabilis
1641 4700 1884 4754 taberna-

317 4799 439 4860 culi,
473 4795 726 4866 usquead
755 4795 971 4847 domum
1015 4793 1124 4844 Dri.
1152 4791 1266 4844 lam
1291 4792 1430 4844 enim
1465 4791 1624 4843 multa
1655 4792 1888 4846 admiror

319 4891 366 4941 in
400 4887 756 4943 tabernaculo.
790 4886 926 4939 Ecce
951 4895 1142 4951 quanta
1176 4882 1408 4934 admiror
1434 4881 1484 4934 itt
1516 4883 1882 4937 tabernaculo!

319 4981 736 5035 Tabernaculum
766 4979 906 5031 cuitu
944 4978 1031 5028 llci
1067 4977 1116 5028 in
1151 4986 1309 5037 terra,
1342 4974 1582 5027 homines
1617 4983 1738 5027 sunt
1763 4975 1889 5028 tide-

322 5074 430 5126 les:
461 5071 696 5124 admiror
726 5070 773 5121 in
799 5069 876 5120 eis
908 5068 1137 5135 ipsorum
1162 5066 1518 5120 membrorum
1544 5065 1884 5134 obsequium;

319 5167 436 5232 quia
462 5180 564 5216 non
593 5163 644 5214 in
676 5163 752 5214 eis
775 5168 958 5226 regnat
981 5168 1249 5224 peccatum
1277 5157 1340 5209 ad
1373 5156 1724 5211 obediendum
1750 5157 1890 5212 desi-

321 5255 478 5309 deriis
508 5258 644 5321 eius,
680 5268 777 5306 nec
808 5249 1058 5303 exhibent
1088 5249 1322 5302 membra
1347 5263 1439 5301 sua
1467 5263 1610 5302 arma
1641 5248 1888 5318 iniquita-

324 5359 386 5399 llS
415 5357 652 5415 peccato,
681 5343 773 5396 sed
804 5341 1054 5395 exhibent
1079 5340 1187 5393 Deo
1210 5341 1324 5391 vivo
1355 5339 1406 5392 in
1433 5341 1582 5393 bonis
1610 5341 1886 5409 Operibus:

324 5453 509 5490 annua:
561 5435 811 5488 servienti
870 5433 976 5485 Deo
1026 5430 1261 5489 membra
1310 5430 1606 5499 corporalia
1665 5431 1890 5485 militare

324 5529 556 5582 admiror
585 5523 693 5596 (Id.
723 5539 797 5589 Vl,
824 5522 910 5586 1‘2,
935 5521 1045 5591 15).
1091 5521 1334 5590 Respicio
1370 5530 1422 5574 et
1451 5522 1613 5590 ipsam
1664 5523 1889 5576 animam

1243 4517 1491 4580 Quoniam
1535 4517 1788 4588 ingrediar
1835 4519 1884 4570 in

387 5664 403 5693 ι
440 5665 569 5721 Aputi
594 5665 698 5705 Lov.
729 5656 1051 5719 interponitur
1088 5653 1183 5714 hic,
1207 5649 1354 5702 amnti
1391 5649 1671 5704 intellectu:
1708 5653 1797 5704 hoc
1832 5653 1892 5704 ab

329 5718 399 5769 [ιν.
426 5718 597 5774 ρῐιιεδ.
622 5722 775 5769 abest.

1424 281 1810 340 ENARRATIO
1849 280 1910 334 {IN
1953 281 2264 340 l’SAlJiUll
2309 288 2436 342 XLI.
3451 308 3546 362 ,πο

1985 397 2315 453 obedientem
2346 401 2474 469 Deo,
2501 404 2897 464 distribuentem
2935 430 3090 482 opera
3133 429 3278 472 actus
3302 421 3405 490 sui,
3441 422 3546 477 frc-

1985 498 2198 542 nantem
2225 493 2573 563 cupiditates,
2608 500 2887 568 pellentem
2930 506 3272 574 ignorantiam
3301 553 3315 573 ,
3363 527 3546 570 exten-

1985 577 2195 633 dentem
2255 597 2312 636 se
2370 585 2434 638 ad
2485 589 2660 644 omnia
2710 607 2892 660 aSpcra
2951 608 3003 650 et
3054 599 3183 653 dura
3236 605 3542 673 toleranda,

1981 669 2236 735 justitiam
2264 676 2648 738 etcharitatem
2675 683 2689 714 ¹
2723 684 3108 752 impendentem
3133 697 3355 751 ca-teris.
3390 699 3547 754 aliror

1986 767 2040 810 ct
2071 760 2441 822 istas'virttttcs
2473 772 2521 823 in
2553 775 2724 828 anima
2751 795 2764 830 :
2797 780 2887 832 sed
2916 781 3089 837 adhuc
3129 786 3177 838 in
3221 787 3334 841 loco
3377 792 3525 845 taber

1989 852 2159 904 naculi
2182 855 2411 911 ambulo.
2448 860 2683 918 Transeo
2710 875 2760 920 et
2787 867 2898 922 lucc
2932 888 2943 924 :
2974 882 3026 926 et
3050 877 3288 942 quamvis
3317 878 3544 934 adrnira-

1988 939 2091 995 bile
2116 944 2183 996 sit
2207 948 2621 1018 tabernaculum,
2655 967 2840 1027 stupeo
2863 977 2982 1016 cum
3014 967 3258 1033 pervenio
3296 985 3458 1038 usque
3484 973 3547 1025 ad

1986 1031 2201 1088 domum
2232 1038 2340 1092 Dei.
2377 1041 2448 1095 De
2475 1058 2574 1112 qua
2607 1047 2766 1101 domo
2810 1052 2937 1106 dicit
2961 1055 3011 1107 in
3039 1056 3140 1111 alio
3182 1062 3547 1127 psaltno,'ctnn

1987 1126 2350 1192 proposuisset
2419 1133 2518 1187 sibi
2588 1141 2867 1204 quamdam
2935 1144 3118 1200 durant
3183 1126 3236 1202 et
3282 1152 3546 1206 difficilem

1985 1217 2354 1283 (ιιιτνδιῐοιιυίη,
2382 1238 2542 1289 quare
2569 1225 2617 1278 ia
2664 1230 2758 1282 lzac
2804 1240 2938 1286 terra
2970 1237 3276 1308 plerumque
3311 1243 3442 1295 ltt'tte.
3471 1258 3549 1298 est

1975 1306 2184 1368 '"lIliiS,l
2207 1311 2373 1366 tmale
2389 1316 2656 1381 est-bonis,
2677 1331 2722 1371 et
2758 1322 2827 1374 ait
2853 1341 2864 1374 :
2886 1324 3095 1396 Suscepi
3127 1338 3550 1398 roguoscrchtoc

1987 1395 2126 1449 labor
2140 1409 2207 1450 est
2237 1412 2461 1469 anteme,
2494 1407 2646 1461 doma
2676 1413 2914 1468 introeant
2939 1418 2988 1470 in
3011 1425 3345 1476 sancttmrium
3361 1424 3475 1488 Dei,
3508 1440 3552 1486 et

1987 1487 2260 1558 intelligam
2282 1495 2333 1546 in
2361 1498 2981 1573 nut'issinta(Psal.Lxxu,
3001 1511 3096 1573 -16,
3125 1513 3204 1582 IT)
3236 1512 3550 1571 lbicstcnitn

1989 1579 2101 1630 fons
2119 1581 2486 1650 intellectus,in
2501 1595 2799 1647 sanctuario
2828 1597 2938 1663 Dei,
2957 1600 3006 1652 in
3021 1579 3298 1659 doutollei.
3314 1606 3381 1660 lbi
3402 1609 3552 1664 intel-

1988 1670 2113 1725 lexit
2131 1673 2226 1728 istc
2245 1675 2293 1728 in
2309 1679 2611 1747 novissima,
2634 1693 2686 1738 et
2701 1688 2852 1740 solvit
2871 1694 3212 1758 qua'slionent
3230 1695 3292 1750 de
3309 1697 3554 1753 felici!an

1990 1763 2306 1836 iniquorum,
2361 1781 2413 1826 ct
2460 1774 2639 1830 labore
2685 1779 2968 1846 justorutn.
3025 1787 3300 1854 Quomodo
3352 1793 3554 1846 solvit?

1987 1858 2117 1924 Quia
2149 1863 2268 1916 mali
2298 1877 2416 1918 cum
2449 1867 2532 1921 ltic
2575 1869 2915 1936 differuntur,
2961 1877 3024 1930 ad
3067 1893 3248 1946 manus
3292 1883 3405 1937 sine
3452 1885 3554 1939 lino

1987 1965 2296 2021 servantur;
2343 1970 2395 2012 et
2426 1960 2546 2015 boni
2571 1981 2690 2018 cum
2723 1966 2807 2021 hic
2844 1969 3100 2036 laborant,
3131 1987 3555 2041 esrreentur,~'ut

1990 2047 2039 2099 itt
2069 2049 2172 2102 line
2201 2051 2557 2108 ha-rcditateut
2590 2074 2994 2128 consequantur.
3018 2065 3094 2118 'I'It
3123 2067 3220 2121 hoc
3249 2070 3333 2124 ille
3362 2071 3409 2123 in
3433 2090 3554 2125 san-

1962 2143 2190 2192 ctuario
2225 2143 2308 2195 iiut
2340 2150 2603 2214 (agnovit,
2636 2151 2891 2205 intellexit
2923 2156 2971 2206 in
3003 2158 3302 2213 lttitisziiltlii.
3353 2164 3555 2216 Ascen-

1989 2229 2118 2283 dens
2147 2233 2560 2295 tabernaculum.
2594 2245 2830 2307 pervenit
2858 2246 2921 2298 ad
2953 2246 3163 2302 dottttnu
3206 2251 3316 2306 Dei.
3357 2253 3554 2307 Tamen

1988 2323 2111 2376 dum
2158 2328 2376 2381 miratur
2417 2333 2648 2386 membra
2681 2336 3032 2403 tabernaculi,
3069 2342 3137 2396 ita
3169 2344 3449 2412 perduellis
3479 2360 3558 2400 est

1987 2417 2051 2468 ad
2101 2417 2312 2473 domum
2358 2422 2511 2487 Dei’,
2555 2427 2834 2494 quamdam
2880 2431 3208 2488 dulcedinem
3249 2439 3555 2506 sequendo,

1991 2506 2290 2563 interiartnu
2337 2514 2515 2567 nescio
2574 2533 2730 2585 quam
2785 2529 2838 2573 et
2885 2525 3142 2578 occultam
3199 2529 3554 2595 voluptatem,

1991 2608 2233 2668 tanquam
2256 2602 2322 2656 tle
2352 2603 2509 2660 domo
2551 2607 2640 2662 Dei
2672 2620 2885 2664 sonaret
2913 2615 3142 2669 suaviter
3165 2617 3372 2686 aliquod
3401 2636 3555 2689 orga-

1991 2707 2112 2744 num
2147 2711 2158 2744 :
2188 2704 2242 2748 et
2281 2710 2400 2748 cum
2442 2696 2846 2756 ille'amhularet
2885 2706 2932 2756 in
2973 2707 3334 2775 tabernaculo,
3381 2712 3558 2764 audito

1987 2783 2212 2850 quodam
2254 2785 2502 2842 interiore
2551 2804 2703 2852 sono,
2751 2792 2939 2847 ductus
2986 2796 3289 2862 dulcedine,
3333 2818 3558 2870 sequens

1987 2875 2126 2942 quod
2153 2877 2393 2942 sonabat,
2434 2880 2748 2936 abstrahi-ns
2784 2901 2841 2938 se
2871 2886 2937 2940 ab
2965 2888 3109 2941 omni
3139 2892 3356 2959 strepitu
3384 2895 3559 2947 carnis
3619 2927 3624 2932 -

1987 2975 2041 3019 et
2080 2967 2370 3044 sanguinis,
2429 2975 2668 3039 pervenit
2714 2989 2876 3044 usth
2917 2979 2980 3032 ad
3025 2979 3381 3036 dontumDei.
3428 2985 3556 3038 Nam

1989 3060 2122 3112 viam
2167 3075 2317 3114 suam
2351 3053 2404 3116 e't
2443 3063 2654 3119 ductum
2692 3082 2842 3120 suum
2884 3062 2960 3123 sic
3003 3072 3115 3140 ipse
3156 3089 3556 3144 commemorat,

1988 3153 2134 3220 quasi
2179 3153 2474 3207 diceremus
2520 3157 2603 3215 ei,
2660 3158 2864 3214 Miraris
2917 3161 3311 3220 tabernaculum
3355 3168 3404 3221 in
3462 3172 3558 3222 hac

1991 3252 2165 3306 terra;
2198 3246 2462 3313 quomodo
2486 3249 2764 3314 pervenisti
2792 3251 2856 3304 ad
2897 3265 3157 3308 secretum
3197 3257 3384 3313 domus
3424 3262 3558 3315 Dei?

1988 3331 2054 3386 In
2084 3349 2217 3399 voce,
2254 3335 2437 3402 inquit,
2469 3341 2814 3395 exsultationis
2840 3352 2885 3395 et
2905 3348 3252 3415 confessionis,
3285 3353 3394 3402 sani
3423 3353 3559 3420 festi—

1986 3430 2186 3482 vitatem
2216 3431 2527 3484 celebritatis.
2564 3433 2716 3488 Festa
2745 3450 2862 3489 cum
2906 3437 2990 3490 hic
3017 3439 3254 3494 homines
3291 3445 3560 3499 celebrant

1985 3534 2098 3574 sua:
2125 3537 2332 3590 quoque
2363 3523 2600 3579 luxuriat,
2652 3528 3084 3582 consuetudinem
3129 3530 3320 3585 habent
3361 3534 3558 3586 consti-

1991 3621 2138 3665 tuere
2167 3627 2362 3682 organa
2408 3624 2528 3668 ante
2555 3613 2739 3668 dumos
2768 3631 2910 3678 suas,
2947 3628 3034 3670 aut
3080 3636 3274 3686 ponere
3311 3623 3559 3690 sympho-

1992 3704 2166 3756 niacos
2185 3704 2222 3767 ³,
2258 3706 2335 3757 vel
2365 3721 2582 3774 qumque
2605 3707 2797 3761 musica
2826 3709 2888 3761 ad
2918 3710 3174 3764 luxuriam
3201 3715 3478 3767 servientia
3505 3727 3558 3770 et

1991 3795 2275 3846 illicicntia.
2319 3798 2382 3848 Et
2428 3797 2513 3849 ubi
2559 3798 2733 3850 audita
2773 3800 2965 3852 fuerint
2997 3802 3124 3863 lucc,
3178 3803 3300 3871 quid
3329 3804 3556 3860 dicimus

1990 3885 2077 3953 qui
2110 3886 2432 3939 U'lllhillllIS?
2455 3889 2587 3952 Quid
2629 3889 2711 3943 hic
2739 3891 2952 3957 agitur?
2980 3893 3038 3944 lit
3073 3894 3418 3962 respondetur
3461 3914 3558 3948 no.

1993 3975 2090 4038 bis,
2136 3974 2306 4041 aliqua
2351 3993 2468 4030 esse
2507 3977 2655 4032 festa.
2707 3979 2972 4046 Natalitia,
3021 3983 3208 4052 inquit,
3257 3987 3548 4049 celebrant,

1992 4069 2186 4136 ltltplitl!
2210 4067 2294 4122 hic
2314 4079 2471 4125 sunt:
2505 4079 2559 4123 ut
2589 4087 2696 4124 non"
2723 4072 2998 4128 videantur
3021 4075 3192 4144 inepta
3225 4079 3308 4130 illa
3332 4080 3555 4162 qantica,

1991 4159 2081 4210 sed
2107 4170 2386 4213 excusetur
2411 4159 2688 4215 festivitate
2711 4162 2914 4217 luxuria
2937 4164 2975 4217 ".
3013 4166 3065 4219 In
3097 4167 3254 4222 domo
3289 4159 3380 4223 Dei
3414 4169 3558 4225 festi-

1992 4251 2124 4303 vitas
2151 4251 2466 4319 sempitcrna
2497 4261 2597 4306 est.
2630 4252 2740 4307 Non
2769 4255 2908 4309 enim
2949 4257 3142 4326 aliquid
3170 4259 3245 4312 ibi
3264 4260 3561 4314 eclcbratur

1991 4346 2044 4395 et
2075 4343 2275 4395 transit.
2310 4343 2519 4396 Festum
2549 4346 2950 4414 sempiternum,
2983 4348 3175 4402 chorus
3199 4350 3516 4418 Augelorum
3543 4368 3557 4407 :

1996 4437 2164 4486 vultus
2224 4449 2452 4502 prazsens
2501 4435 2612 4500 Dei,
2646 4436 2822 4490 lzctitia
2869 4441 2982 4491 sine
3019 4438 3246 4493 defectu.
3307 4441 3426 4493 Dies
3477 4441 3561 4494 hic

1994 4526 2157 4578 ἶέιςιιιδ
2179 4526 2248 4579 ita
2274 4536 2373 4591 est,
2399 4536 2454 4580 ut
2482 4543 2578 4581 nec
2604 4530 2868 4596 aperiatur
2889 4530 3055 4592 initio,
3080 4546 3177 4584 nec
3208 4531 3310 4584 fine
3349 4532 3560 4585 clauda-

1995 4629 2094 4672 tur.
2127 4619 2198 4672 Dc
2224 4618 2307 4671 illa
2336 4629 2531 4673 aeterna
2556 4630 2608 4674 et
2632 4632 2878 4690 perpetua
2907 4621 3185 4678 festivitate
3214 4626 3561 4679 sonatueseio

1991 4710 2112 4778 quid
2142 4724 2390 4763 canorum
2440 4722 2494 4764 et
2537 4710 2688 4764 dulce
2729 4712 2944 4764 auribus
2981 4712 3155 4766 cordis
3187 4729 3202 4767 :
3233 4714 3324 4767 sed
3367 4715 3412 4768 si
3456 4732 3558 4770 non

1994 4811 2288 4869 perstrepat
2318 4801 2565 4854 mundus.
2601 4801 2898 4854 Antbulanti
2952 4803 3000 4854 in
3044 4803 3142 4857 hoc
3184 4805 3562 4862 tabernaeulo‘

1993 4905 2044 4944 et
2076 4893 2323 4945 miracula
2373 4894 2460 4945 Dei
2507 4894 2554 4944 itt
2588 4893 2999 4960 redemptionem
3032 4896 3261 4951 fidelium
3313 4899 3559 4954 conside-

1995 4983 2148 5043 ranti,
2181 4983 2374 5035 mulcet
2411 4999 2592 5035 aurettt
2621 4998 2783 5037 snuus
2808 4984 3100 5039 festivttatis
3133 4988 3290 5055 illius,
3325 4999 3380 5043 ct
3426 4991 3562 5059 rapit

1993 5089 2202 5127 cervum
2233 5073 2296 5125 :td
2331 5071 2499 5125 fontes
2529 5089 2802 5141 aquarum.

2068 5163 2150 5216 10.
2183 5161 2329 5233 [rem
2365 5162 2419 5228 6,
2453 5161 2530 5234 7.]
2561 5163 2663 5218 Sed
2693 5165 2832 5234 quia,
2865 5165 3072 5233 fratres,
3105 5169 3351 5238 quamdiu
3379 5185 3558 5225 sumus

2061 5348 2078 5417 ξ
2112 5350 2210 5417 ouo
2234 5350 2360 5398 Mss,
2373 5342 2608 5417 justitiam
2626 5351 2674 5417 et_
2694 5344 2934 5417 veritatem
2956 5348 3311 5417 impendentem.

2061 5407 2079 5435 ²
2113 5406 2241 5462 F.dd.,
2267 5405 2475 5469 percepit
2498 5407 2770 5468 qttmtzdam.
2807 5405 3067 5471 ltedunda't,
3093 5409 3319 5473 percepit,
3351 5423 3444 5459 nec
3487 5417 3557 5461 est

1998 5467 2041 5508 in
2082 5474 2163 5508 tias

1995 5481 2079 5594 In?
2269 5527 2613 5594 snam/tonanti.
2641 5539 2763 5590 3:53.,
2789 5531 3165 5594 symphoniacos.

2059 5590 2079 5654 ξ
2115 5597 2238 5654 Mssa,
2265 5586 2395 5654 nullo
2419 5593 2523 5654 fere
2550 5586 2774 5654 excepto,
2802 5586 2982 5643 ﬁctilia.

2059 5652 2080 5683 ⁸
2114 5652 2192 5700 llic
2214 5652 2264 5700 ia
2299 5652 2406 5700 add.
2434 5653 2636 5716 additur,
2661 5652 2938 5706 adnixabili
2965 5653 3048 5705 Dei
3076 5667 3092 5703 :
3125 5654 3251 5716 quod
3291 5668 3316 5703 a
3349 5661 3458 5706 Mss.
3477 5657 3555 5708 ab-

2005 5720 2095 5764 05!.
