4004 6200
273 316 369 370 573

339 432 416 484 15.
445 432 596 504 [vers
627 427 704 503 8.]
734 429 948 500 Abyssus
990 429 1219 498 abyssum
1249 429 1461 490 invocat,
1489 430 1541 480 in
1591 443 1706 480 voce
1737 443 1823 478 m-

262 531 567 573 taructnrnm
598 531 814 572 tuorum.
847 519 1100 588 Pcragere
1144 520 1406 572 Psalmum
1451 533 1662 586 possunt
1712 516 1820 568 fur-

259 626 420 674 tasse,
455 613 663 678 adpuns
718 613 890 666 studio
923 622 1130 669 vestro,
1177 611 1328 678 cujus
1359 609 1616 688 fervorem
1635 608 1818 674 video.

260 707 334 758 De
374 706 754 776 labat-epinicia
793 712 964 756 vestro
1000 720 1102 756 non
1135 703 1264 756 satis
1290 718 1436 764 curo,
1479 711 1536 754 ut
1561 699 1817 778 audiatis;

252 799 428 867 quand
456 823 466 844 ι
497 811 540 849 ι·ι
568 789 660 854 tne
682 799 765 864 qui
800 797 1000 864 loquor,
1039 797 1106 848 ita
1137 797 1186 848 in
1221 795 1301 848 his
1332 794 1602 848 laboribus
1632 792 1822 847 sudare

251 892 503 942 cernatis.
530 891 856 962 Aspiciettlcs
887 905 968 942 me
1005 890 1326 942 laborantem
1355 927 1367 950 ,
1402 889 1633 955 profecto
1662 887 1824 942 colla-

254 983 456 1035 boratis
487 1000 496 1032 :
535 965 636 1044 non
664 983 801 1035 enim
830 983 958 1049 mihi
993 981 1194 1046 laboro,
1226 980 1316 1034 sed
1360 979 1526 1033 vobis.
1551 979 1820 1054 Engoau-

251 1074 395 1139 dite;
424 1077 542 1144 quia
576 1076 706 1137 veile
726 1074 1006 1142 vosvideo.
1040 1073 1258 1142 Abyssns
1283 1073 1514 1142 abyssum
1538 1073 1749 1133 invocat,
1770 1073 1820 1124 in

251 1151 368 1216 ecce
397 1175 767 1216 cattn'nctarwn
815 1174 1011 1218 tuarum
1051 1179 1068 1215 :
1102 1166 1206 1214 ltro
1261 1164 1394 1216 dixit
1442 1164 1528 1215 ille
1579 1163 1667 1231 qtti
1708 1162 1821 1232 eius

251 1268 698 1311 connuemoratus
727 1266 808 1308 est
832 1257 1062 1332 denterra
1093 1257 1338 1327 Jordanis
1364 1265 1417 1310 et
1445 1255 1768 1309 llertnoniim
1804 1271 1816 1305 :

253 1351 354 1400 hoc
377 1348 687 1401 :nlmiratulo
710 1347 858 1411 dixit,
889 1347 1108 1415 Abyssus
1127 1347 1370 1416 Abyssum
1398 1347 1611 1407 invocat,
1637 1347 1686 1398 in
1705 1361 1821 1398 voce

251 1451 620 1493 ratm'nctm'unt
670 1449 889 1491 tuarum.
935 1440 1077 1510 Qua;
1097 1440 1320 1510 abyssus
1340 1479 1353 1497 ,
1385 1453 1540 1506 quam
1571 1437 1817 1506 abyssum

253 1535 505 1587 invocat?
535 1531 671 1586 Vere
692 1533 808 1600 quia
840 1533 933 1585 iste
959 1520 1488 1600 intellectusabyssns
1519 1539 1618 1581 est.
1653 1529 1820 1597 Ahys-

251 1641 342 1680 sus
373 1627 516 1680 enim
543 1634 624 1678 est
661 1611 984 1693 profunditas
1012 1624 1249 1693 qumdtutt
1282 1622 1712 1690 impenetrabilis,
1745 1622 1823 1672 in-

252 1717 745 1785 conmrehcnsibilis
774 1733 786 1768 :
821 1725 872 1770 ct
903 1716 1128 1769 maxime
1168 1716 1304 1769 solet
1330 1714 1430 1768 dici
1465 1714 1514 1780 in
1559 1729 1812 1781 aquarum

256 1811 604 1868 nmltitndinc.
651 1809 720 1863 lbi
751 1811 890 1862 enim
919 1809 1158 1874 altitudo,
1194 1808 1262 1860 ibi
1289 1806 1632 1878 profunditas
1658 1824 1670 1859 :
1703 1821 1819 1872 qua:

257 1903 515 1971 ponet-rari
550 1918 713 1974 usque
739 1901 803 1955 ad
835 1901 1048 1953 fumium
1079 1916 1179 1952 non
1214 1908 1404 1968 potest.
1437 1899 1670 1967 Denique
1693 1913 1822 1966 quo-

252 1999 368 2047 dam
398 1996 517 2048 loco
545 1994 743 2047 dictum
769 2004 868 2052 est,
897 1992 1102 2044 Indicia
1126 2001 1211 2043 tuo
1242 1991 1447 2060 nbyssns
1467 1991 1622 2041 multa
1649 1989 1818 2056 (1)δαί.

254 2102 414 2150 xxxv,
445 2087 502 2152 7)
533 2103 546 2137 :
581 2084 680 2138 hoc
730 2084 937 2137 volente
972 2083 1239 2150 Scriptura
1271 2081 1666 2144 commendare,
1699 2081 1820 2150 quia

247 2175 440 2243 judicia
471 2176 558 2229 Dei
587 2192 689 2228 non
719 2173 1257 2242 comprehenduntur.
1287 2159 1413 2239 Quze
1432 2188 1557 2241 ergo
1579 2173 1818 2242 abyssns,

249 2284 406 2336 quam
447 2266 660 2319 invocat
700 2265 986 2334 abyssum?
1013 2265 1067 2318 Si
1102 2264 1426 2332 profunditas
1455 2274 1536 2316 est
1562 2262 1783 2332 abyssns
1802 2305 1816 2328 ,

251 2366 499 2423 putamus
528 2371 630 2415 tum
659 2370 750 2408 eor
780 2354 1005 2421 hominis
1030 2355 1249 2424 abyssus
1287 2353 1400 2407 est?
1425 2354 1556 2420 Quid
1581 2353 1718 2406 enim
1741 2363 1823 2408 est

250 2448 566 2514 profundius
594 2447 688 2498 hac
723 2447 948 2515 abysso?
977 2446 1140 2514 Loqui
1187 2446 1428 2498 homines
1459 2455 1672 2515 possunt
1699 2487 1711 2507 ,
1743 2447 1818 2496 vi-

247 2541 358 2592 deri
393 2551 612 2607 possunt
652 2555 742 2606 per
766 2539 1126 2606 operationem
1160 2539 1538 2610 membrortuu,
1572 2538 1737 2590 audiri
1769 2539 1817 2591 in

595 2630 684 2683 sed
713 2631 862 2699 cujus
902 2631 1149 2698 cogitatio
1197 2614 1516 2697 penetratur,
1549 2631 1697 2696 cujus
1730 2647 1822 2682 eor

215 2723 567 2790 .inspicitur?
595 2722 726 2788 Quid
761 2722 911 2774 intus
941 2730 1086 2787 gerat
1110 2762 1123 2783 ,
1152 2721 1285 2788 quid.
1308 2721 1446 2772 intus
1484 2721 1668 2788 possit.
1693 2722 1816 2788 quid

245 2815 390 2868 intus
432 2822 586 2882 agat,
638 2813 759 2882 quid
807 2813 945 2865 intus
975 2811 1258 2880 disponat,
1307 2811 1430 2879 quid
1477 2813 1614 2885 intus
1661 2813 1813 2869 velit,

242 2907 366 2976 quid
403 2906 546 2958 intus
586 2906 748 2967 nolit,
779 2905 896 2972 quis
925 2904 1374 2972 comprehendet?
1405 2903 1533 2957 Puto
1573 2921 1673 2956 non
1720 2904 1814 2955 ab-

243 2998 405 3052 surde
438 2998 651 3064 intelligi
684 2998 929 3068 abyssum
959 2997 1223 3050 hominem
1251 2995 1315 3050 de
1349 3012 1454 3065 quo
1476 2997 1597 3050 alibi
1619 2999 1813 3049 dictum

243 3100 364 3145 est:
396 3090 605 3143 Accedet
641 3092 786 3143 homo
830 3091 896 3142 ad
925 3107 1011 3143 cor
1053 3089 1240 3153 altum,
1283 3100 1329 3143 et
1356 3090 1656 3143 excitabitur
1687 3089 1817 3143 Deus

244 3180 418 3250 (Psal.
453 3197 598 3246 Lxut,
626 3182 678 3242 7,
699 3181 775 3248 8).
803 3180 856 3235 Si
878 3195 1003 3252 ergo
1031 3180 1190 3234 homo
1215 3181 1435 3250 abyssus
1463 3191 1564 3244 est,
1595 3196 1806 3249 quomo

243 3272 314 3327 do
337 3271 562 3336 abyssus
612 3272 818 3324 invocat
859 3271 1148 3340 abyssum?
1181 3270 1346 3323 lionno
1379 3269 1591 3324 invocat
1643 3269 1814 3324 homi-

244 3363 409 3416 ncm?
440 3363 651 3434 invocat
685 3363 831 3430 Quasi
863 3361 1127 3431 quomodo
1171 3362 1305 3415 Deus
1336 3359 1646 3414 invocatur?
1678 3361 1813 3415 Non.

244 3453 348 3507 Sed
379 3455 620 3516 invocat,
651 3452 842 3506 dicitur
867 3451 931 3505 ad
969 3466 1026 3506 se
1057 3459 1225 3505 vocat.
1257 3451 1388 3505 Nam
1418 3450 1615 3504 dictum
1646 3461 1726 3505 est
1751 3451 1815 3505 de

242 3545 498 3613 quodam,
527 3545 743 3600 Mortem
767 3546 972 3599 invocat
993 3545 1070 3618 (ιι)
1098 3565 1110 3599 ;
1132 3545 1181 3599 id
1206 3554 1304 3610 est,
1329 3545 1406 3599 sic
1419 3545 1565 3609 vivit,
1586 3553 1642 3598 ut
1671 3561 1815 3598 mor-

245 3645 350 3690 tem
380 3636 447 3689 ad
472 3652 530 3690 se
551 3645 718 3690 vocet.
748 3637 874 3690 Nam
899 3653 1053 3691 nemo
1081 3637 1351 3690 hominum
1387 3648 1469 3691 est
1510 3638 1596 3705 qui
1624 3639 1816 3708 oratio-

246 3743 368 3779 nem
397 3726 574 3790 faciat,
608 3736 660 3780 et
683 3726 892 3780 invocet
913 3737 1134 3788 mortem
1170 3744 1182 3779 :
1211 3726 1699 3800 sedmalevivendo
1723 3726 1817 3780 ho-

188 3839 196 3846 -
245 3817 418 3869 mines
449 3826 672 3870 mortem
704 3816 966 3888 invocant.
987 3817 1208 3886 Abyssns
1229 3817 1694 3892 abysstupinvocat,
1725 3817 1817 3870 ba-

244 3922 334 3958 mo
395 3907 696 3977 hominem.
742 3906 828 3960 Sic
872 3907 1091 3960 discitur
1133 3907 1427 3974 sapientia,
1479 3909 1555 3960 sic
1599 3909 1819 3983 discitur

247 3997 400 4060 fides,
444 4013 562 4050 cum
582 3982 814 4068 abyssus
839 3997 1086 4066 abyssum
1117 3998 1339 4050 invocat.
1373 3982 1640 4067 Abyssnni
1672 3998 1818 4050 invo-

242 4098 370 4140 cant
401 4083 564 4140 saneti
608 4089 978 4156 pnedicatores
1005 4089 1147 4141 verbi
1193 4089 1302 4142 Dei.
1336 4089 1593 4158 Numquid
1637 4100 1688 4142 et
1720 4091 1816 4155 ipsi

243 4196 352 4230 non
382 4178 648 4248 abyssus?
675 4177 740 4231 Ut
768 4179 998 4242 noveris,
1028 4180 1148 4248 quia
1178 4180 1400 4249 abyssus
1429 4189 1482 4238 et
1526 4180 1645 4248 ipsi,
1677 4173 1819 4250 Apo-

241 4269 416 4322 stolus
457 4253 532 4320 ait
577 4286 587 4319 :
637 4255 905 4333 Mininunn
935 4279 1006 4325 est
1037 4277 1089 4320 ut
1119 4285 1150 4321 α
1187 4269 1612 4340 υοὺίενάῇιιιίὶσεισ,
1644 4281 1730 4323 aut
1759 4273 1819 4324 ab

240 4361 471 4412 lmmtmo
487 4360 585 4411 die.
600 4359 798 4426 Quanta
818 4369 990 4432 autem
1012 4360 1232 4429 abyssns
1253 4361 1339 4425 sit,
1359 4360 1533 4416 audite
1555 4362 1779 4432 amplius
1804 4383 1815 4416 :

244 4448 427 4518 Neque
457 4449 586 4500 enim
615 4465 704 4516 ego
729 4449 1216 4518 ineipsumdijudico
1251 4450 1290 4520 (l
1319 4449 1434 4520 Cor.
1463 4467 1535 4516 tv,
1569 4452 1644 4518 5).
1679 4452 1817 4506 Τιιιι-

241 4552 426 4593 Lamoe
469 4539 875 4606 profunditatem
925 4541 1306 4616 creditisﬂesse
1351 4542 1660 4619 inhomine,
1703 4561 1818 4612 qum

243 4631 409 4684 lateat
447 4621 615 4699 ipsimi
649 4624 912 4700 hominem
946 4632 997 4685 in
1025 4647 1134 4701 quo
1161 4620 1290 4686 est?
1319 4634 1521 4698 Quanta
1552 4620 1816 4707 profundi.

239 4735 325 4776 Ias
369 4723 684 4776 infirmitatis
717 4724 914 4777 latebat
954 4726 1000 4777 in
1032 4706 1202 4779 'Pelro
1229 4767 1242 4790 ,
1293 4727 1500 4794 quando
1530 4729 1652 4794 quid
1683 4730 1731 4804 in
1765 4747 1819 4779 so

233 4829 494 4885 ageretur
539 4817 675 4869 intus
707 4817 1004 4878 nesciebat,
1049 4827 1102 4871 et
1143 4833 1199 4872 se
1227 4820 1536 4871 moriturum
1571 4837 1688 4873 cmn
1722 4823 1820 4874 lto-

232 4907 396 4959 mino
426 4907 503 4958 vel
531 4922 621 4974 pro
655 4907 873 4959 Dmnino
899 4889 1477 4977 tenuerepromittebat
1500 4909 1815 4976 (.Ionn.,.xm,

230 4999 334 5064 57)
358 4998 374 5051 ι
407 4988 597 5070 quanta
641 5001 873 5072 aliyssus_
898 5009 1007 5050 erat
1033 5001 1045 5052 l
1069 4997 1203 5066 Qua:
1231 5009 1404 5054 tamen
1433 5003 1654 5072 abyssns
1682 4995 1816 5057 nuda

229 5097 364 5143 erat
393 5086 560 5141 oculis
593 5087 703 5141 Dei.
736 5089 863 5140 Nam
893 5089 990 5141 hoc.
1026 5090 1095 5142 illi
1131 5091 1365 5144 Christus
1395 5095 1774 5160 prumnnliihat
1797 5138 1809 5155 ,

227 5179 392 5249 quod
423 5179 471 5232 in
504 5195 562 5233 se
588 5180 699 5246 ipse
751 5180 1044 5246 ignorabat.
1097 5180 1236 5249 Ergo
1280 5184 1452 5235 omnis
1507 5183 1664 5235 homo
1700 5187 1811 5240 licet

227 5279 484 5344 sanctus,
508 5268 632 5323 licet
650 5270 841 5335 justus,
865 5271 984 5322 licet
1006 5270 1054 5321 in
1076 5271 1248 5323 n'iultis
1267 5274 1566 5340 proﬁciens,
1595 5275 1816 5344 abyssns

225 5370 348 5421 est,
382 5345 698 5429 etahyssum
730 5360 959 5423 invocat,
987 5360 1194 5427 quando
1226 5360 1419 5443 homini
1442 5365 1634 5432 aliquid
1672 5367 1813 5429 fidei,

223 5452 442 5520 aliquid
471 5453 703 5504 veritatis
727 5459 941 5519 propter
964 5451 1119 5503 vitam
1147 5462 1392 5505 :eternam
1425 5457 1692 5523 praedicat.
1712 5458 1813 5513 Sed

225 5555 376 5599 tum.
415 5553 497 5598 est
527 5544 667 5596 utilis
693 5543 915 5613 abyssus
943 5543 1133 5612 abysso
1178 5544 1459 5610 invocata),
1513 5551 1719 5617 quando
1759 5552 1814 5605 fit

223 5639 285 5693 in
329 5650 461 5688 voce
504 5617 884 5687 cataractarnm
916 5643 1142 5687 tuarum.
1175 5635 1389 5704 Abyssus
1415 5636 1644 5707 ίιὺῃειςιιιιι
1668 5641 1810 5694 invo-

299 5738 383 5797 (ιι)
417 5711 537 5798 apud
565 5711 910 5797 .ι.ζυ;».,ι;ιι›.6.

245 2648 498 2683 St‘flllﬂllc
537 2650 548 2683 Σ

1379 304 1770 369 eumnam
1811 275 1877 364 in
1915 294 2231 382 Ρεοιιίιιυιι
2271 316 2402 371 xu.

1928 437 2024 489 cat,
2049 427 2205 482 homo
2226 428 2493 485 hominem
2527 425 2789 488 lucramr:
2825 441 2925 489 ιιοη
2948 445 3119 490 tamen
3146 437 3196 490 in
3227 455 3350 493 \oce
3375 460 3490 506 sua,

1927 520 2019 574 sed
2046 522 2096 574 in
2125 538 2240 574 voce
2259 534 2625 579 cataroctarunt
2642 536 2856 579 tuarum.

1999 618 2084 670 14.
2137 619 2310 672 Alium
2359 622 2578 690 accipite
2609 623 2929 678 intellectum
2963 643 2977 681 :
3013 627 3230 698 Abyssus
3258 608 3490 698 abyssum

1927 706 2145 780 inrocat,
2177 709 2228 762 in
2254 725 2369 762 voce
2396 722 2758 766 cataractarnm
2787 726 3006 768 tuarum.
3042 719 3148 787 ligo
3167 718 3256 787 qui
3281 732 3491 772 centro-

1928 798 2123 861 tnisco,
2165 816 2283 854 cum
2312 803 2374 856 ad
2407 819 2491 857 me
2528 807 2830 873 perturbata
2863 818 2942 864 est
2973 811 3147 864 anima
3175 829 3288 883 mea
3316 854 3330 877 ,
3357 831 3383 879 a
3403 815 3489 880 ju-

1923 891 2077 944 diciis
2109 887 2212 953 tuis
2241 895 2386 946 timui
2417 897 2761 951 vehementer
2795 901 3023 967 :judiciu
3052 903 3191 956 enim
3219 916 3304 957 tua
3342 909 3492 976 abys-

1925 998 2012 1034 sus
2034 985 2188 1035 multa
2211 983 2377 1055 (Psnl.
2405 1003 2504 1040 xxx
2520 1003 2567 1050 v,
2596 989 2672 1058 7),
2699 1001 2769 1051 et,
2792 992 2996 1060 abyssus
3016 997 3258 1064 abyssum
3275 999 3490 1062 incocnt.

1924 1070 2054 1124 Nam
2087 1073 2326 1154 subitae
2353 1090 2510 1129 carne
2559 1080 2799 1142 mortali,
2840 1081 3118 1147 laboriosa,
3161 1088 3450 1154 peccatrice
3476 1131 3490 1148 .

1921 1163 2184 1218 molestiis
2205 1148 2265 1217 tet
2291 1167 2552 1219 scandalis
2576 1170 2746 1235 plena.
2777 1175 3217 1240 concupiscentiis
3243 1179 3489 1240 obnoxia,

1924 1252 2189 1326 damnatio
2216 1257 2453 1324 (ιιιιιξιΙίιιιι
2480 1272 2559 1313 est
2586 1261 2651 1314 de
2675 1262 2874 1329 judicio
2911 1274 2998 1317 tuo
3036 1284 3046 1317 :
3078 1269 3194 1336 quia
3235 1281 3286 1321 ιιι
3315 1271 3490 1323 dixisti

1925 1347 2208 1412 peccaturi,
2241 1347 2402 1401 Morte
2427 1351 2672 1414 morieris,
2701 1363 2771 1417 et,
2799 1352 2863 1406 In
2894 1355 3074 1409 sudore
3093 1359 3257 1411 cultus
3286 1362 3356 1410 tui
3378 1361 3489 1411 edes

1925 1453 2102 1508 panem
2127 1447 2265 1489 tuum
2297 1437 2442 1508 (Gen.
2471 1456 2524 1503 ιι,
2559 1443 2641 1506 17,
2670 1454 2715 1496 et
2745 1460 2818 1508 ιιι,
2851 1446 2959 1512 19).
2997 1447 3116 1500 [hcc
3141 1450 3360 1518 ahyssus
3383 1452 3490 1516 pri-

1927 1540 2008 1578 nua
2027 1526 2205 1592 judicii
2241 1529 2332 1580 tui.
2358 1529 2458 1584 Sed
2482 1531 2523 1583 si
2554 1533 2689 1586 male
2717 1535 2800 1588 hic
2818 1537 3041 1588 vixerint
3064 1537 3322 1603 homines,
3346 1541 3492 1608 nbys«

1924 1632 2007 1668 sus
2036 1617 2264 1686 «byssina
2288 1619 2478 1672 invocat
2511 1637 2528 1674 :
2555 1623 2672 1690 quia
2713 1624 2777 1677 de
2811 1640 2959 1692 pmua
2991 1627 3039 1678 in
3074 1643 3279 1694 paruam
3325 1640 3494 1684 trans-

1924 1719 2081 1774 eunt,
2111 1719 2164 1764 et
2193 1711 2256 1765 de
2287 1714 2514 1767 tenebris
2545 1716 2606 1766 ad
2655 1717 2931 1778 tenebras,
2963 1729 3013 1771 et
3041 1721 3106 1773 de
3138 1722 3491 1788 profunditale

1917 1801 1989 1868 ad
2020 1802 2420 1870 lrofmtditatem
2443 1848 2458 1868 ,
2497 1818 2549 1859 et
2575 1809 2639 1859 de
2664 1810 2924 1876 supplicio
2965 1811 3026 1862 ad
3077 1813 3409 1880 supplicium,
3441 1827 3493 1868 et

1925 1894 1990 1948 de
2036 1895 2225 1950 ardore
2251 1898 2549 1966 cupiditatis
2589 1900 2638 1952 in
2679 1899 2915 1954 ﬂainmas
2943 1901 3324 1970 gehenuarum.
3358 1905 3494 1973 Ergo

1926 1985 2024 2039 hoc
2049 1988 2221 2040 timuit
2249 1988 2484 2042 fortassis
2512 1991 2669 2043 homo
2700 1991 2817 2055 iste,
2851 2009 2968 2045 cum
2997 1995 3068 2046 ait
3101 2012 3115 2047 :
3147 1995 3225 2046 Ad
3253 1997 3492 2062 nteipsnnt

1925 2078 2092 2129 (mima
2123 2095 2230 2130 mea
2256 2081 2451 2131 turbata
2481 2090 2548 2132 est
2577 2099 2589 2132 :
2625 2091 2886 2152 propterea
2919 2097 3218 2137 memoratus
3259 2102 3366 2137 smn
3398 2090 3490 2144 tui,

1929 2167 2156 2240 Domine,
2189 2170 2250 2222 de
2269 2181 2399 2222 terra
2427 2171 2668 2244 Jordanis
2689 2182 2733 2224 et
2769 2171 3098 2226 Hermoniim.
3128 2175 3344 2227 llumilis
3367 2194 3487 2230 esse

1926 2259 2112 2313 debeo.
2154 2261 2413 2314 Exhorrui
2444 2263 2582 2317 enim
2614 2263 2810 2332 judicia
2844 2271 2949 2327 tua,
2980 2265 3316 2318 vehementer
3342 2268 3489 2335 timui

1919 2351 2112 2419 judicia
2144 2362 2226 2404 tua
2247 2370 2274 2408 .:
2302 2353 2420 2406 ideo
2442 2355 2506 2406 ad
2536 2371 2612 2407 me
2630 2356 2799 2407 anima
2822 2372 2929 2408 mea
2953 2356 3149 2408 turbata
3172 2368 3260 2426 est.
3294 2358 3358 2410 Et
3377 2375 3492 2426 qna:

1921 2442 2114 2510 judicia
2149 2445 2253 2512 ‘ptna
2291 2443 2476 2502 tiinni?
2520 2447 2757 2504 Parvane
2805 2446 3000 2515 judicia
3051 2457 3174 2500 sunt
3226 2458 3310 2500 tua
3351 2449 3494 2500 ista?

1905 2531 2122 2605 Magna~
2157 2544 2310 2602 sunt,
2366 2535 2682 2598 durasnnt,
2717 2537 2938 2590 molesta
2970 2549 3092 2590 sunt
3125 2555 3139 2590 :
3173 2538 3264 2590 sed
3297 2539 3491 2590 utinam

1925 2624 2032 2690 sola
2060 2626 2262 2692 essent!
2294 2611 2514 2695 Abyssns
2541 2626 2776 2700 abyssum
2805 2627 3020 2690 invocat,
3051 2629 3100 2679 in
3150 2643 3267 2680 voce
3292 2638 3493 2679 catara-

1901 2724 2117 2770 ,ctat‘um
2143 2724 2361 2768 tinuum.
2391 2705 2521 2781 Quia
2554 2726 2604 2767 tu
2636 2715 2870 2780 minaris,
2893 2726 2944 2769 tu
2975 2717 3106 2771 dicis
3146 2730 3196 2770 et
3233 2727 3346 2784 post
3376 2719 3495 2773 illos

1924 2805 2130 2860 labores
2159 2815 2361 2861 restare
2400 2807 2621 2861 alteram
2649 2809 3041 2863 damnationem
3073 2828 3084 2863 :
3117 2809 3182 2862 In
3215 2828 3330 2864 voce
3353 2822 3492 2864 cata-

1922 2907 2169 2948 ractnrunt
2215 2906 2436 2962 tuarum,
2481 2901 2689 2969 nbyssns
2713 2895 2946 2971 abyssum
2985 2903 3198 2955 invocat.
3228 2906 3341 2968 Quo
3367 2921 3494 2973 ergo

1922 2986 2078 3040 abibo
2098 3003 2124 3038 a
2158 2986 2288 3042 facie
2319 2998 2402 3040 tua
2424 3030 2437 3049 ,
2469 3003 2522 3041 et
2546 3007 2573 3042 a
2615 2992 2800 3058 spiritu
2832 3002 2921 3044 tuo
2959 3009 3063 3060 quo
3087 2993 3277 3060 fugiam
3323 2993 3492 3063 (Paul.

1921 3092 2176 3141 cxxxvm,
2198 3079 2273 3148 7);
2304 3080 2346 3132 si
2370 3080 2592 3156 abyssns
2612 3085 2858 3153 abyssmn
2891 3084 3124 3147 invocat,
3151 3085 3192 3138 si
3227 3096 3343 3153 post
3369 3087 3497 3140 istos

1924 3171 2135 3224 labores
2167 3172 2417 3224 timentur
2443 3173 2754 3240 graviores?
2826 3227 2834 3240 ,

1994 3262 2081 3316 15.
2118 3261 2299 3315 Omnes
2325 3265 2674 3332 suspensiones
2715 3277 2811 3318 tua:
2841 3279 2884 3319 et
2923 3267 3108 3335 ﬂuctus
3135 3268 3206 3320 tui
3245 3285 3392 3338 super
3420 3286 3496 3321 me

1928 3349 2130 3422 ingressi
2162 3362 2297 3406 sunt.
2334 3353 2551 3408 FluctUs
2582 3355 2632 3407 in
2667 3354 2747 3409 his
2776 3372 2894 3424 qua:
2932 3359 3121 3420 sentio,
3163 3373 3498 3426 suspensum

1924 3442 1972 3496 in
2007 3445 2085 3497 his
2115 3461 2230 3513 qum
2255 3445 2488 3500 minaris.
2517 3447 2698 3500 Omnis
2729 3448 2999 3516 perpessio
3026 3464 3166 3512 mea,
3195 3448 3382 3502 ﬂuctus
3417 3459 3499 3502 est

1923 3548 2040 3589 tuus
2067 3557 2083 3615 :~
2111 3540 2281 3614 omnis
2325 3542 2666 3594 comminatio
2698 3549 2784 3594 tua
2811 3582 2825 3607 ,
2855 3557 3175 3610 suspensnra
3208 3552 3291 3594 tua
3313 3553 3410 3597 est.
3444 3545 3495 3595 lu
3573 3576 3578 3580 -

1923 3628 2663 3700 [luctibusjnvocat‘abyssns
2694 3633 2812 3695 ista,
2845 3632 2897 3684 in
2925 3634 3260 3700 suspensuris
3288 3636 3498 3686 invocat

1922 3723 2137 3773 alteram
2179 3721 2445 3790 abyssum.
2490 3722 2556 3785 in
2612 3738 2676 3776 eo
2728 3723 2868 3790 quod
2913 3723 3122 3788 laboro,
3177 3739 3362 3777 omnes
3401 3723 3496 3777 llu-

1893 3818 2036 3879 gcms
2066 3812 2136 3865 tui
2165 3831 2191 3866 ~:
2237 3817 2394 3877 ineo
2436 3814 2574 3882 quod
2615 3815 2832 3867 minaris
2857 3802 3124 3882 gravius,
3150 3829 3336 3869 omnes
3375 3831 3496 3869 sus-

1927 3904 2205 3972 pensioncs
2255 3915 2355 3956 tua:
2405 3919 2564 3974 super
2598 3921 2681 3960 me
2707 3908 2997 3974 ingressm
3026 3918 3165 3959 sunt.
3207 3908 3304 3973 Qui
3355 3910 3494 3962 enim

1893 4056 1904 4067 .
1926 3994 2170 4055 minatur,
2201 4011 2302 4046 non
2332 3996 2544 4063 premit,
2573 3996 2663 4050 sed
2684 3996 2978 4062 suspendit.
3004 3997 3106 4050 Sed
3130 4000 3248 4067 quia
3279 3999 3494 4066 liberas,

1892 4085 2026 4152 .‘ho‘c
2051 4085 2157 4154 di\i
2198 4087 2387 4152 animae
2418 4104 2548 4139 tnc:e
2575 4105 2587 4140 :
2624 4087 2785 4154 Spero
2811 4089 2860 4146 in
2888 4088 3070 4153 Deum,
3114 4093 3346 4158 quoniam
3371 4110 3495 4144 con-

1892 4175 2099 4245 ,vﬁtcbor
2129 4175 2204 4227 illi
2226 4191 2244 4238 ;
2271 4177 2490 4229 salutare
2515 4179 2673 4228 vultus
2712 4179 2824 4237 mei,
2870 4177 3004 4231 Deus
3040 4197 3193 4237 mens.
3224 4181 3352 4247 Quia
3386 4199 3496 4234 ma-

1925 4260 2205 4336 gis'crchra
2235 4281 2354 4322 sunt
2382 4270 2535 4334 mala,
2573 4271 2775 4322 dulcior
2801 4271 2896 4323 erit
2926 4273 3282 4324 misericordia
3315 4283 3418 4324 tua.

1889 4403 1910 4426 ,,
1997 4359 2083 4427 16.
2150 4359 2295 4431 [carm
2328 4359 2431 4430 ιι]
2463 4361 2582 4414 ideo
2634 4362 2869 4428 sequitur
2925 4380 2937 4414 :
2997 4361 3061 4414 Ιιι
3109 4364 3188 4414 die
3237 4364 3493 4416 mandarit

1929 4449 2170 4505 Dominus
2192 4451 2579 4504 misericordium
2601 4465 2838 4518 suum,“
2866 4464 3006 4506 nocte
3031 4453 3322 4506 declinabit.
3357 4453 3491 4508 Nulli

1928 4539 2274 4594 vaeatandire
2303 4542 2352 4593 in
2379 4542 2734 4598 lt'ibulz‘uione.
2765 4545 3030 4596 Attendite
3049 4561 3164 4595 cum
3191 4544 3339 4596 VUbi.‘
3363 4545 3493 4600 bene

1893 4615 2037 4688 est;
2086 4631 2258 4683 audite
2285 4645 2402 4684 cum
2435 4633 2580 4686 Vobis
2613 4634 2744 4687 bene
2772 4643 2852 4687 est
2880 4651 2903 4688 i:
2941 4634 3128 4687 discite
3149 4673 3163 4696 ,
3195 4650 3312 4687 cum
3346 4645 3491 4688 tran-

1890 4775 1897 4794 ί
1927 4722 2069 4786 quilli
2114 4723 2283 4788 estis,
2321 4725 2593 4790 sapientia:
2625 4725 2986 4792 disciplinam,
3020 4733 3073 4776 et
3107 4723 3322 4787 verbum
3356 4727 3378 4798 ξ
3402 4725 3508 4786 Dei

1898 4882 1901 4883 ν
1929 4825 1979 4864 ιιι
2006 4814 2176 4865 cibum
2207 4815 2458 4882 colligite.
2491 4815 2711 4881 Quando
2738 4817 2878 4868 enim
2910 4817 3133 4884 quisque
3178 4818 3228 4890 in
3273 4819 3494 4872 tribula-

1928 4906 2066 4957 tione
2096 4916 2174 4956 est
2200 4946 2212 4967 ,
2247 4907 2496 4972 prodesse
2529 4907 2600 4958 illi
2629 4907 2783 4960 debet
2829 4908 2967 4975 quod
3011 4923 3228 4963 securus
3274 4913 3491 4978 audivit.

1890 5065 1892 5068 ν
1929 4997 1986 5048 ΙἸι
2015 4998 2152 5050 enim
2201 4998 2250 5048 in
2288 4998 2445 5050 rebus
2488 4999 2751 5064 prosperis
2797 5000 3012 5052 mandat
3053 5001 3141 5076 tibi
3175 5003 3311 5056 Deus
3338 5005 3497 5057 tuise»

1926 5089 2200 5141 ricordiam
2227 5106 2374 5142 suam
2399 5132 2412 5152 ,
2442 5090 2554 5141 sici
2588 5089 2810 5142 lideliter
2839 5093 3122 5157 servieris;
3156 5096 3275 5161 quia
3306 5095 3496 5150 liberat

1927 5193 1974 5234 te
2000 5183 2064 5236 de
2096 5181 2428 5234 lrilmlatione
2460 5198 2473 5243 ;
2522 5180 2614 5234 sed
2649 5199 2750 5235 non
2804 5184 2893 5236 tibi
2924 5184 3155 5239 declarat
3204 5189 3367 5256 ip~am
3397 5189 3494 5240 mi-

1923 5272 2284 5334 scricprdiam,
2317 5287 2471 5338 quam
2516 5273 2604 5325 tibi
2628 5288 2719 5340 per
2745 5273 2884 5327 diem
2917 5276 3180 5330 mandavit
3205 5319 3218 5340 ,
3269 5279 3377 5339 nisi
3398 5295 3491 5346 per

1925 5374 2154 5416 noctmn.
2197 5365 2323 5416 Cum
2356 5365 2557 5417 venerit
2585 5367 2692 5435 ipsa
2724 5367 2989 5420 tribulatio
3010 5411 3021 5430 ,
3072 5382 3191 5422 tunc
3224 5371 3484 5438 adiutorio

1925 5467 1973 5508 te
2002 5471 2101 5507 non
2134 5455 2330 5508 deserit
2375 5474 2388 5508 :
2431 5459 2659 5509 ostendit
2691 5457 2780 5510 tibi
2815 5476 2991 5512 verum
3036 5462 3194 5515 fuisse
3226 5461 3363 5530 quod
3397 5462 3488 5513 tibi

1922 5563 2013 5616 per
2052 5547 2187 5599 diem
2237 5547 2522 5601 mandavit.
2573 5549 2771 5603 Etenim
2824 5553 3077 5620 scriptum
3125 5563 3204 5604 est
3260 5552 3488 5619 quodam

1981 5686 1996 5713 ί
2015 5692 2237 5770 ἰιιιιιιιιιιν
2269 5694 2388 5742 Vss,
2415 5691 2456 5732 tt
2483 5681 2614 5732 verbi
2640 5683 2719 5733 l‘ct'
2741 5683 2911 5733 cibum.
2941 5693 3055 5734 'l‘rcs
3079 5684 3173 5735 alii.
3208 5691 3265 5732 ’ξι
3307 5685 3490 5734 vetitum

1931 5755 2012 5796 Ι,ἰί
2034 5771 2051 5792 ι.
2062 5780 2070 5793 ι
2083 5755 2203 5794 ειιιιιι.
