4004 6200
494 319 610 384 ᾋἹΒ

1730 286 1787 374 s.
1829 282 2185 402 mensum
2226 289 2523 375 episcopi

3644 322 3753 377 οἳτῦ

502 410 628 498 ‘loco
657 462 669 497 :
704 440 941 511 Speciem
970 435 1309 492 misericordia
1337 436 1539 490 Domini
1571 437 1621 489 in
1663 446 1881 505 tempore
1917 436 2071 488 tribu-
2174 432 2410 505 frigescit
2445 433 2671 491 Charitas
2692 436 2991 501 multorum
3017 436 3227 508 (Matth.
3269 453 3416 503 μιν,
3460 436 3588 509 1-2)?
3613 438 3753 493 Cum

509 535 725 595 Iulianis,
758 532 883 585 sicut
914 530 1066 584 nubes
1087 528 1270 600 pluvia:
1294 529 1345 582 in
1371 537 1589 598 tempore
1615 527 1854 580 siccitatis
1885 525 2068 595 (Eccli.

502 620 677 689 ‘xxxv,
707 623 819 692 ‘26).
869 622 932 675 lu
976 622 1056 675 die
1092 622 1346 674 mandarit
1392 619 1636 673 Dominus
1681 617 2074 672 misericordiam

507 733 673 778 lftttm,
702 728 748 768 ct
774 724 914 767 nocte
941 713 1233 766 declarabit.
1264 710 1377 765 Non
1410 710 1501 764 tibi
1527 708 1757 764 ostendit
1797 709 1918 778 quia
1946 707 2073 761 sub-

508 805 650 860 venit
678 804 790 869 libi,
823 804 918 857 nisi
944 803 1145 857 venerit
1172 801 1264 856 tibi
1293 800 1577 866 tribulatio,
1614 798 1751 854 unde
1780 797 1982 867 eruaris
2008 796 2077 851 ab

509 896 597 950 illo
627 896 716 964 qui
740 896 830 948 libi
864 910 958 964 per
984 894 1121 948 diem
1151 891 1410 962 promisit.
1442 891 1565 945 Ideo
1585 889 1932 943 admonemur
1968 888 2078 942 imi-

508 988 606 1041 tari
639 986 908 1040 formicam
944 984 1121 1056 (Prov.
1156 1000 1237 1052 vt,
1282 984 1360 1053 6).
1407 983 1555 1038 Sicut
1583 983 1723 1036 enim
1755 980 2078 1052 prosperitas

412 1100 421 1115 ι
473 1074 477 1079 ’
510 1080 690 1135 smculi
730 1078 1052 1148 significatur
1079 1077 1204 1144 die,"
1225 1076 1517 1132 adversitas
1542 1064 1718 1130 smculi
1754 1066 2079 1145 significatur

514 1179 664 1227 nocte
700 1187 714 1225 :
745 1171 813 1223 ita
851 1170 956 1223 alio
985 1167 1144 1223 modo
1184 1167 1507 1237 prOSperitas
1535 1166 1712 1220 sznculi
1753 1163 2079 1235 significatur

511 1271 715 1326 testate,
748 1260 1038 1314 adversitas
1067 1258 1245 1314 saeculi
1277 1255 1601 1328 significatur
1628 1250 1833 1328 hieme.
1863 1255 1932 1310 Et
1952 1254 2078 1324 quid

505 1350 635 1405 facit
666 1348 917 1403 formica?
958 1349 1058 1403 Per
1079 1357 1313 1402 :rstatem
1361 1347 1581 1417 colligit,
1613 1338 1751 1417 quod
1773 1345 1820 1401 ei
1849 1361 1942 1416 per
1969 1344 2081 1399 hie—

514 1458 654 1497 mem
693 1442 879 1511 prosit.
911 1440 1049 1510 Ergo
1079 1454 1198 1494 cum
1235 1447 1317 1494 est
1345 1446 1501 1492 aestas
1521 1480 1533 1501 ,
1564 1452 1685 1492 cum
1714 1436 1850 1491 bene
1877 1443 1961 1489 est
1986 1449 2081 1513 vo-

516 1532 617 1596 bis,
641 1546 759 1585 cum
784 1530 1049 1598 tranquilli
1070 1530 1218 1594 estis,
1236 1529 1411 1584 audite
1431 1528 1649 1583 verbum
1672 1526 1901 1582 Domini.
1931 1523 2081 1581 Unde

513 1622 659 1676 erum
704 1621 815 1675 ﬁeri
859 1629 1031 1690 potest
1057 1628 1113 1674 ut
1152 1621 1205 1674 in
1236 1619 1334 1673 hac
1378 1627 1689 1689 tempestate
1714 1617 1894 1673 smculi
1928 1616 2083 1685 hujus

515 1712 630 1765 sine
677 1711 1013 1765 tribulatione
1062 1718 1225 1764 totmn
1266 1710 1366 1764 hoc
1412 1724 1558 1773 mare
1604 1707 1916 1763 transeatis?
1945 1705 2083 1762 unde

518 1801 628 1856 tivri
674 1803 888 1872 potest?
913 1803 997 1856 cui
1039 1802 1140 1857 hoc
1190 1802 1463 1857 hominum
1507 1801 1759 1871 contigit?
1785 1800 1839 1856 Si
1867 1799 2084 1868 contigit

516 1894 693 1956 alieni,
740 1899 858 1963 plus
888 1894 1168 1949 metuenda
1212 1903 1295 1949 est
1334 1896 1443 1964 ipsa
1494 1893 1867 1963 tranquillitas.
1910 1892 1975 1947 In
2004 1893 2084 1946 die

518 1987 775 2040 mandavit
801 1987 1048 2041 Dominus
1078 1986 1471 2041 misericordiam
1491 2002 1652 2052 suam,
1672 1995 1719 2040 et
1743 1994 1887 2039 nocte
1910 1985 2085 2039 decla-

497 2076 664 2130 3rubii.

596 2172 678 2224 ΓΙ.
711 2168 856 2242 [om
894 2168 1101 2242 10-12.]
1145 2169 1280 2237 Quid
1312 2184 1438 2240 ergo
1462 2183 1586 2240 agas
1627 2169 1679 2224 in
1722 2167 1819 2224 hac
1854 2156 2085 2239 peregri-

521 2260 770 2314 natione?
798 2260 922 2329 quid
952 2260 1120 2330 agas?
1152 2260 1299 2330 Apud
1345 2276 1424 2314 me
1463 2259 1622 2313 oratio
1652 2256 1761 2312 Deo
1787 2259 1901 2335 vitae
1942 2273 2081 2311 metu.

524 2352 631 2404 Iloc
659 2351 885 2421 hie.ago
926 2364 1114 2404 cervus
1160 2350 1345 2403 sitiens
1373 2359 1426 2403 et
1465 2348 1773 2404 desiderans
1818 2347 1884 2402 ad
1915 2346 2086 2403 fontes

478 2514 483 2521 ι
520 2456 807 2512 aquarum,
858 2442 1140 2496 recordans
1191 2441 1519 2496 dulcedinem
1560 2443 1702 2496 vocis
1743 2442 1759 2472 ¹
1798 2438 1936 2495 illius
1983 2457 2085 2511 qua

486 2521 503 2549 "
518 2534 705 2588 ductus
732 2548 851 2587 sum
876 2548 970 2602 per
1001 2531 1391 2587 tabernaculum
1422 2546 1585 2602 usque
1610 2531 1676 2585 ad
1705 2531 1922 2586 domum
1952 2531 2042 2585 Dei
2068 2549 2082 2585 :

519 2623 884 2694 qnanuhnhoc
904 2638 1097 2694 corpus
1136 2622 1276 2694 quod
1292 2623 1647 2691 corrumpitur
1684 2631 1930 2693 aggravat
1968 2621 2085 2675 ani-

484 2712 489 2717 ’
521 2731 660 2769 mam
683 2714 834 2786 (Sep.
861 2730 933 2780 rx,
956 2715 1065 2784 15),
1090 2715 1240 2784 Apud
1268 2730 1345 2767 me
1372 2714 1532 2767 oratio
1559 2713 1662 2767 Deo
1682 2715 1952 2768 uiuentem.
1970 2711 2087 2767 Non

519 2808 660 2861 enim
692 2816 748 2861 ut
789 2806 1075 2875 supplicem
1109 2802 1249 2870 Deo,
1278 2815 1551 2875 empturus
1578 2808 1695 2861 sum
1719 2807 1786 2860 de
1826 2800 2087 2859 transma-

490 2878 649 2953 (‘rinis
680 2899 846 2964 locis;
874 2906 965 2952 aut
989 2907 1044 2952 ut
1066 2897 1316 2953 exaudiat
1343 2913 1426 2952 me
1456 2897 1597 2952 Deus
1636 2911 1784 2952 meus
1808 2897 2084 2967 navigabo,

502 2992 575 3044 ἰιι
616 2992 679 3046 de
718 2989 1006 3060 longinquo
1034 2989 1249 3043 afferam
1298 2988 1448 3043 thura
1484 2999 1537 3043 et
1564 2998 1833 3055 aromata,
1885 2998 1975 3043 aut
2022 2988 2089 3043 de

519 3098 676 3152 grege
699 3083 954 3137 adducam
984 3083 1199 3137 vitulum
1229 3081 1309 3136 vel
1338 3068 1559 3136 arietem
1588 3097 1601 3134 :
1626 3078 1782 3152 'Apud
1814 3098 1893 3136 me
1924 3082 2088 3135 oratio

528 3173 767 3225 Deom’ta:
790 3186 931 3225 meat.
962 3170 1103 3224 Intus
1133 3170 1301 3225 habeo
1324 3171 1586 3225 victimam
1610 3187 1766 3240 quam
1794 3171 2085 3237 immolem,

523 3265 663 3319 intus
703 3264 873 3318 habeo
915 3263 1035 3317 thus
1063 3262 1203 3334 quod
1231 3263 1517 3333 imponam,
1555 3253 1694 3318 intus
1722 3263 1891 3318 habeo
1919 3264 2086 3319 sacri-

500 3354 696 3408 ‘fit-ium
742 3369 846 3424 quo
877 3352 1082 3408 flectant
1135 3354 1299 3408 Deum
1342 3368 1516 3408 mourn
1565 3370 1579 3407 :
1625 3353 1947 3423 Sacriﬁcium
1978 3354 2087 3410 Deo

520 3446 726 3514 spiritus
754 3444 1114 3498 contribulatus
1152 3441 1324 3513 (Psal.
1357 3460 1407 3509 ι,
1454 3443 1560 3517 i9).
1592 3444 1742 3511 Quod
1772 3444 2086 3500 sacrificium

520 3536 859 3591 contribulati
886 3537 1103 3607 spiritus
1124 3530 1269 3591 intus
1288 3536 1531 3601 habeam,
1561 3537 1681 3591 audi
1708 3555 1720 3590 :
1749 3536 1925 3591 Dicam
1952 3538 2083 3605 Deo,

522 3622 795 3693 Susct'ptor
823 3638 960 3676 meus
983 3638 1035 3695 es
1052 3662 1067 3687 ,
1099 3638 1253 3691 quare
1277 3621 1374 3675 mei
1397 3616 1585 3675 oblitus”
1603 3638 1654 3676 es
1675 3622 1699 3675 7
1723 3621 1811 3677 Sic
1839 3623 1978 3678 enim
2005 3622 2087 3678 hic

524 3715 708 3769 laboro
730 3755 745 3778 ,
776 3715 924 3784 quasi
971 3721 1023 3767 tu
1054 3712 1250 3768 oblitus
1290 3713 1363 3765 sis
1394 3712 1516 3766 mei.
1545 3711 1624 3767 Tu
1654 3722 1827 3768 autem
1869 3720 2089 3770 exerces
2170 3726 2181 3730 ·

522 3825 609 3863 me
642 3826 654 3861 :
687 3817 740 3862 et
765 3807 886 3861 novi
917 3805 1035 3876 quia
1058 3805 1238 3860 differs
1264 3803 1415 3871 mihi,
1444 3819 1547 3860 non
1576 3805 1703 3859 mihi
1723 3804 1918 3871 aufers,
1948 3806 2089 3876 quod

525 3898 807 3967 promisisti
837 3915 851 3951 :
882 3896 975 3950 sed
998 3905 1191 3959 tamen,
1214 3912 1369 3967 quare
1385 3896 1477 3949 mei
1504 3896 1686 3949 oblitus
1706 3888 1801 3951 es?
1819 3897 2090 3967 Tanquam

522 3989 589 4041 de
639 4002 767 4041 voce
816 3996 994 4041 nostra
1039 3987 1288 4042 clamavit
1330 3995 1383 4041 et
1411 3995 1565 4056 caput
1616 3996 1889 4059 nostrum,
1920 3988 2086 4057 Deus,

506 4079 663 4134 'Deus
714 4097 850 4132 meus
873 4120 888 4146 ,
943 4095 1096 4149 quare
1147 4095 1225 4132 me
1270 4078 1575 4147 dereliquiin
1604 4077 1774 4149 (I’sal.
1809 4095 1928 4147 xm,
1958 4079 2014 4146 Ξ,
2046 4090 2092 4133 et

525 4171 709 4225 Matth.
732 4185 896 4231 xxvu.
919 4169 1043 4241 46)?
1058 4167 1238 4223 Dicam
1257 4167 1386 4234 Deo,
1410 4170 1681 4240 Susceptor
1700 4185 1921 4239 menses,
1939 4175 2093 4244 q’uore

524 4264 622 4318 mei
645 4263 826 4318 oblitus
851 4278 902 4316 es
928 4261 954 4315 ?
1715 4255 1726 4267 ’

598 4357 679 4411 18.
725 4354 912 4425 thuid
939 4369 1017 4407 me
1048 4354 1273 4421 repulisti
1298 4354 1368 4407 ’7
1408 4369 1470 4408 ex
1514 4354 1595 4407 illa
1626 4354 1898 4411 altitudine
1932 4348 2092 4415 fontis

525 4448 881 4519 intelligentia:
923 4445 1365 4501 iucounuutabilis
1389 4447 1621 4500 veritatis
1642 4490 1654 4509 ,
1687 4445 1876 4517 thuid
1903 4466 1981 4503 me
2006 4468 2090 4504 re-

525 4545 737 4613 pulisti?
765 4541 937 4610 Quare
960 4538 1239 4610 gravedine
1269 4547 1319 4591 et
1345 4538 1572 4607 pondere
1600 4540 1887 4610 iniquitatis
1918 4558 2047 4596 mem
2070 4584 2086 4609 ,

520 4637 626 4706 jam
650 4637 768 4689 illnc
792 4634 1019 4693 inhians,
1045 4630 1109 4684 ad
1139 4630 1235 4683 ista
1262 4629 1494 4699 dejeetus
1518 4635 1671 4684 sum?
1696 4633 1827 4705 Dicit
1851 4633 1954 4686 alio
1976 4635 2090 4688 loco

526 4726 621 4779 ista
663 4740 798 4779 vox:
828 4722 941 4794 Ego
983 4722 1091 4776 dixi
1133 4721 1183 4774 in
1225 4721 1400 4774 οεδιαεὶ
1447 4737 1575 4784 mea,
1616 4721 1703 4775 ubi
1746 4723 1873 4777 vidit
1912 4726 2089 4786 nescio

522 4814 648 4884 quid
692 4830 957 4884 magnum,
998 4827 1216 4867 excessu
1244 4810 1264 4842 ³
1297 4812 1509 4876 mentis,
1559 4810 1666 4880 Ego
1694 4812 1801 4866 dixi
1826 4814 1878 4867 in
1914 4817 2090 4869 ecstasi

523 4924 652 4970 mea,
707 4905 964 4976 l’rojectus
1009 4921 1120 4959 sum
1155 4920 1186 4956 a
1226 4903 1353 4974 facie
1393 4903 1649 4956 oculorum
1679 4915 1875 4958 tuorum
1918 4904 2085 4978 (Paul.

524 5014 627 5055 xxx
646 5038 662 5064 ,
692 4997 805 5067 ‘23).
838 4995 1170 5064 (Intnpat'avit
1198 4995 1336 5049 enim
1368 4993 1480 5049 lucc
1506 4995 1555 5048 in
1586 4995 1774 5064 quibus
1797 5008 1955 5061 esset,
1989 4998 2089 5053 illis

519 5089 572 5140 in
600 5105 715 5158 qua:
740 5095 948 5143 erectus
976 5085 999 5119 ⁸
1028 5095 1170 5147 emt.
1203 5096 1256 5140 et
1295 5087 1421 5142 vidit
1445 5104 1502 5143 se
1536 5088 1687 5159 longe
1726 5091 2013 5160 projectum
2058 5108 2087 5146 a

524 5181 653 5237 facie
681 5179 949 5232 oculorum
982 5177 1094 5241 Dei,
1122 5178 1257 5231 sicut
1284 5187 1337 5232 et
1366 5179 1448 5233 hic
1473 5196 1485 5230 :
1520 5177 1708 5247 thuid
1735 5196 1810 5233 me
1838 5181 2084 5251 repulisti,

522 5282 566 5324 et
594 5268 766 5340 utquid
793 5267 1110 5321 contristatus
1137 5267 1309 5321 incedo
1328 5309 1342 5330 ,
1369 5268 1486 5320 dum
1512 5271 1695 5340 afﬂigit
1720 5287 1796 5323 me
1820 5271 2069 5332 inimicus.

520 5363 641 5416 dum
669 5359 938 5431 confringit
966 5375 1080 5412 ossa
1104 5374 1244 5422 mea,
1275 5367 1502 5413 tentatur
1528 5360 1613 5414 ille
1637 5361 1875 5415 diabolus
1893 5404 1905 5425 ,
1932 5377 2086 5416 scan-

520 5457 654 5512 dalis
683 5455 876 5524 ubique
902 5449 1378 5515 crebrescentibus,
1409 5467 1630 5519 quorum
1654 5453 1968 5507 abundantia
1998 5469 2086 5509 re-

585 5593 599 5622 ¹
639 5590 712 5638 sic
750 5595 851 5637 Mss.
881 5584 1087 5642 ωειλ,
1112 5581 1252 5646 fontis

584 5656 601 5683 ι
634 5661 769 5700 ευριπ.
792 5648 935 5697 hiblia
960 5641 1129 5709 verbis
1139 5645 1242 5709 istis
1263 5651 1446 5700 carent.
1472 5641 1638 5708 utquid
1654 5657 1729 5696 me
1750 5644 1982 5708 rcpulisli.

582 5715 619 5745 ³¹
636 5721 697 5762 Ita
723 5713 768 5765 in
799 5724 897 5759 vss.
923 5718 977 5757 At
1000 5706 1047 5755 tu
1073 5706 1202 5762 Fdd.,
1226 5718 1490 5756 excessum.

581 5779 599 5805 ⁸
634 5789 703 5825 anc
726 5781 799 5823 Er.
827 5781 876 5824 et
901 5781 1002 5822 Mss.
1029 5778 1082 5821 Αι
1104 5775 1230 5828 Lov,
1256 5773 1429 5818 rectus.

2178 525 2444 580 videamus
2466 526 2625 582 fortes
2650 527 2901 584 Ecclesia:
2926 528 3233 598 plerumque
3252 527 3512 583 seandalis
3531 528 3748 600 cedere,

2175 631 2353 672 nonne
2380 616 2504 673 dicit
2531 632 2720 688 corpus
2758 617 2950 673 Christi
2982 637 2994 671 :
3027 609 3309 689 Confringit
3349 617 3590 672 inimicus
3632 635 3757 671 ossa

2178 726 2288 762 mea
2308 711 2332 763 ?
2356 708 2485 765 Ossa
2512 709 2651 765 enim
2692 709 2855 766 fortes
2883 720 3006 766 sunt
3028 752 3042 775 ,
3070 720 3123 766 et
3146 711 3427 781 aliquando
3457 712 3553 779 ipsi
3585 710 3756 765 forte:

2180 803 2557 857 tentationibus
2585 802 2795 858 cedunt.
2826 803 2949 859 "me
2973 819 3090 860 cum
3120 803 3341 874 quisque
3364 803 3658 858 eousiderat
3680 819 3755 856 ex

2178 906 2400 961 oorpore
2420 893 2646 961 Christi,
2674 909 2740 949 ex
2767 909 2893 948 voce
2920 892 3372 964 corporis‘Christi
3394 935 3408 958 ,
3443 909 3616 947 nonne
3641 895 3758 950 cla—

2181 992 2325 1037 mat:
2356 982 2544 1052 thuid
2570 1001 2647 1038 me
2666 984 2912 1055 repulisti,
2944 996 2988 1039 et
3016 982 3194 1053 utquid
3222 983 3377 1039 tristis
3406 985 3600 1047 incedo,
3629 988 3763 1039 dum

2180 1074 2359 1145 afﬂigit.
2392 1092 2471 1129 me
2508 1076 2767 1140 inimicus,
2813 1068 2932 1129 dum
2981 1074 3250 1147 confringit
3293 1093 3406 1129 ossa
3453 1077 3599 1131 mea?
3629 1068 3765 1130 Non

2182 1178 2371 1219 carnes
2390 1161 2533 1220 meas
2555 1175 2776 1231 tantum,
2800 1167 2892 1220 sed
2917 1167 3073 1220 etiam
3095 1182 3213 1220 ossa
3238 1182 3350 1221 mea
3377 1184 3388 1218 :
3414 1168 3541 1219 utin
3563 1168 3770 1236 quibus

2185 1255 2462 1324 putabatur
2490 1272 2609 1311 esse
2630 1258 2801 1326 aliqua
2835 1256 3105 1325 fortitudo,
3134 1258 3311 1313 videas
3340 1256 3532 1313 cedere
3560 1260 3611 1311 in
3641 1269 3767 1312 teu-

2185 1336 2487 1411 Iationihus,
2516 1355 2571 1399 ut
2594 1347 2773 1401 caeteri
2804 1347 2994 1402 infirmi
3027 1348 3327 1417 deSperent,
3354 1348 3569 1418 quando
3595 1348 3762 1401 fortes

2183 1436 2363 1491 vident
2382 1438 2745 1492 succumbere.
2767 1431 2975 1506 Quanta
2991 1438 3090 1492 ista
3118 1426 3368 1508 pericula,
3397 1438 3587 1492 fratres
3616 1436 3759 1492 uici!

2254 1526 2341 1582 {9.
2383 1526 2822 1599 Exprobraverunt
2863 1529 2987 1583 mihi
3012 1530 3096 1597 qui
3142 1531 3379 1582 tribulam
3412 1546 3509 1583 me.
3563 1529 3762 1583 lterum

2182 1617 2270 1672 illa
2308 1633 2407 1672 vox
2433 1636 2447 1673 :
2491 1617 2620 1672 Dum
2646 1619 2817 1673 dicunt
2845 1620 2968 1673 mihi
3009 1628 3097 1691 ’per
3122 1621 3346 1691 singulos
3368 1616 3478 1676 dies
3500 1662 3516 1687 ,
3548 1620 3648 1675 Ubi
3686 1635 3760 1675 est

2189 1705 2324 1761 Deus
2348 1718 2461 1771 tuus
2478 1709 2503 1763 ?
2522 1710 2588 1764 Et
2614 1710 2845 1765 maxime
2873 1712 2967 1765 ista
2989 1711 3167 1766 dicunt
3186 1712 3236 1765 in
3262 1714 3635 1768 tentatiouibus
3660 1714 3767 1768 Ec-

2185 1798 2380 1867 clesim,
2428 1800 2527 1858 Ubi
2568 1812 2641 1857 est
2668 1800 2810 1857 Deus
2853 1788 3008 1859 tnui?
3049 1805 3309 1872 Quantum
3337 1805 3452 1861 hare
3497 1808 3766 1878 martyres

2184 1893 2501 1961 audierunt,
2531 1886 2630 1964 pro
2671 1896 2884 1950 nomine
2930 1896 3124 1951 Christi
3173 1898 3334 1952 fortes
3372 1908 3426 1953 et
3474 1899 3763 1967 patientes,

2150 2036 2165 2075 ,ι
2187 1992 2437 2052 quantum
2469 1984 2573 2039 illis
2600 1985 2798 2040 dictum
2826 1996 2925 2050 est,
2955 1986 3052 2043 Ubi
3082 1995 3164 2042 est
3187 1987 3331 2044 Deus
3357 1989 3575 2044 vester?
3594 1980 3771 2045 Libe~

2186 2085 2270 2130 ret
2296 2090 2388 2130 vos
2411 2118 2425 2140 ,
2454 2076 2497 2131 si
2525 2084 2714 2146 potest.
2743 2078 3025 2135 Tormenta
3055 2081 3196 2135 enim
3228 2082 3460 2149 ipsorum
3487 2085 3764 2138 extrinse-

2124 2156 2281 2239 fcns
2321 2160 2561 2220 homines
2601 2166 2882 2231 videbant,
2921 2184 3146 2225 coronas
3174 2170 3489 2227 intrinsecus
3526 2187 3635 2226 non
3678 2169 3763 2227 vi-

2186 2256 2401 2311 debant.
2445 2257 2883 2327 Exprobraverunt
2927 2262 3051 2314 mihi
3089 2262 3176 2331 qui
3222 2262 3459 2317 tribulam
3494 2280 3589 2329 me,
3637 2264 3779 2318 dum

2187 2349 2357 2403 dicunt
2399 2350 2521 2404 mihi
2560 2367 2647 2417 per
2683 2352 2907 2422 singulos
2934 2352 3060 2415 dies,
3096 2351 3195 2408 Ubi
3223 2362 3296 2408 est
3331 2353 3467 2409 Deus
3510 2356 3669 2408 ινιτιεῖ
3699 2355 3779 2411 Et

2187 2454 2285 2509 ego
2315 2449 2528 2509 propter
2552 2440 2687 2506 hmc,
2721 2442 2967 2510 quoniam
3008 2444 3073 2496 ad
3107 2459 3191 2498 me
3222 2442 3426 2499 turbata
3467 2453 3550 2499 est
3584 2446 3781 2499 anim:

2188 2545 2324 2594 mea,
2351 2531 2473 2602 quid
2498 2532 2546 2587 ei
2570 2532 2711 2587 aliud
2739 2549 2895 2603 quam
2927 2534 3054 2589 illud
3080 2534 3248 2589 dicam
3269 2578 3283 2601 ,
3318 2530 3486 2604 Quare
3502 2513 3661 2590 tristis
3685 2555 3769 2602 es,

2187 2621 2355 2702 anima
2379 2638 2488 2675 mea
2512 2664 2526 2689 ,
2554 2631 2602 2676 et
2638 2639 2793 2693 quare
2817 2625 3084 2678 conturbas
3107 2642 3184 2678 me
3203 2626 3229 2679 .9
3252 2627 3320 2680 Et
3359 2627 3507 2696 quasi
3534 2643 3778 2697 ret-90'2-

2187 2710 2364 2775 denti,
2408 2711 2523 2767 Non
2556 2715 2633 2767 vis
2669 2723 2725 2783 ut
2763 2715 3071 2770 eouturbem
3105 2715 3290 2782 te,'bic
3325 2717 3491 2786 posita
3519 2719 3569 2771 in
3600 2727 3786 2775 tantis

2188 2804 2382 2859 malis?
2404 2804 2677 2875 suspirans
2699 2804 2766 2860 ad
2795 2805 3159 2872 bona,'sitieus
3179 2817 3231 2862 et
3260 2807 3524 2873 laborans,
3550 2824 3657 2862 non
3689 2811 3786 2867 vis

2189 2904 2245 2947 ut
2266 2896 2572 2950 contnrbcm
2599 2895 2695 2950 te?
2723 2896 2887 2966 Spera
2899 2892 2959 2951 in
2985 2897 3163 2963 Deum,
3186 2900 3423 2970 quoniam
3447 2899 3611 2952 adhuc
3639 2917 3787 2955 cou-

2188 2984 2363 3052 ﬁtebor
2398 2985 2493 3039 illi.
2543 2985 2677 3039 Dicit
2718 2987 2884 3054 ipsam
2934 2986 3319 3043 confessionem
3346 3029 3359 3049 .
3407 2990 3596 3059 repetit
3652 2994 3789 3061 spei

2188 3074 2637 3131 confirmationem
2662 3094 2677 3130 :
2708 3077 2865 3132 Salus
2896 3079 2913 3110 ί
2949 3079 3116 3133 vultus
3144 3080 3239 3133 mei
3259 3089 3307 3134 et
3328 3081 3464 3135 Deus
3487 3096 3651 3136 mas.

2565 3260 2675 3326 "IN
2718 3255 3098 3328 PSALMUM
3139 3267 3313 3329 XLII

2758 3365 3174 3421 ENARRATIO.
3272 3351 3288 3362 °

2692 3470 2863 3511 SEBIO
2889 3474 2956 3512 AD
2986 3472 3241 3513 POPULUI.

2232 3617 2239 3623 ‘
2444 3546 2510 3602 In
2533 3548 2614 3602 die
2629 3549 2816 3619 jejunii
2831 3591 2844 3612 ,
2873 3559 2983 3619 post
3008 3549 3261 3603 meridiem
3287 3550 3503 3606 habitus.

2262 3638 2313 3692 Ι.
2353 3638 2592 3693 Psalmus
2621 3640 2718 3694 iste
2744 3638 3023 3695 brevis'est
3053 3641 3182 3713 :.sie
3218 3641 3473 3697 satisfacit
3502 3644 3785 3703 mentibus

2189 3728 2486 3783 auditorum
2506 3770 2522 3794 ,
2549 3738 2605 3783 ut
2631 3731 2884 3786 molestus
2909 3746 3012 3786 non
3049 3732 3118 3786 sit
3141 3734 3413 3788 ventribus
3439 3734 3781 3802 jejunorum.

2191 3819 2443 3874 Pascatur
2483 3832 2551 3875 ex
2586 3819 2685 3874 hoc
2724 3821 2896 3875 anima
2946 3831 3143 3886 nostra,
3193 3836 3350 3893 quam
3396 3824 3597 3879 tristem
3649 3841 3785 3885 esse

2192 3909 2354 3973 dicit,
2381 3911 2467 3979 qui
2510 3920 2683 3965 eantat
2715 3912 2765 3965 in
2796 3912 2894 3966 hoc
2921 3913 3125 3981 psalmo
3153 3931 3165 3967 :
3195 3914 3396 3968 tristem
3422 3956 3436 3977 ,
3466 3916 3630 3970 credo
3653 3960 3669 3981 ,
3699 3933 3782 3974 cx

2192 4001 2365 4070 aliquo
2381 4001 2581 4071 jejunio
2605 4017 2720 4066 suo,
2744 4003 2826 4057 vel
2850 4004 3022 4070 potius
3042 4019 3104 4057 ex
3132 4003 3305 4073 aliqua
3335 4005 3471 4059 fame
3493 4019 3611 4060 sua.
3636 4007 3781 4064 Nam

2187 4091 2442 4161 jejunium
2496 4094 2776 4147 voluntatis
2822 4104 2923 4159 est,
2972 4094 3134 4148 fames
3187 4098 3538 4151 necessitatis.
3591 4098 3785 4156 Esurit

2192 4185 2425 4240 Ecclesia
2451 4226 2464 4249 ,
2490 4186 2657 4240 esurit
2682 4200 2873 4255 corpus
2899 4186 3089 4241 Christi
3114 4230 3129 4253 ,
3158 4196 3212 4242 et
3241 4187 3399 4242 homo
3440 4190 3529 4245 ille
3574 4191 3783 4263 ubique

2149 4275 2153 4279 ’
2192 4275 2412 4330 diffusus
2439 4278 2481 4340 ²,
2504 4275 2653 4345 cujus
2678 4287 2827 4347 caput
2855 4283 3060 4331 sursum
3089 4287 3189 4345 est,
3213 4279 3449 4333 membra
3476 4281 3732 4335 deorsum
3770 4305 3789 4340 :

2166 4368 2305 4436 'ejus
2343 4350 2523 4421 vocem
2573 4368 2621 4420 in
2648 4370 2890 4423 omnibus
2937 4369 3157 4424 Psalmis
3201 4370 3283 4424 vel
3331 4373 3644 4440 psallentem
3682 4380 3783 4433 vel

2150 4494 2153 4499 -
2191 4469 2524 4528 gementem,
2554 4461 2632 4514 vel
2664 4460 2924 4514 laetantem
2968 4460 3018 4514 in
3047 4475 3140 4530 spe
3161 4504 3176 4524 ,
3209 4460 3293 4516 vel
3327 4466 3681 4531 ειιχμῐιτιιιῐοιη
3721 4469 3780 4522 iu

2192 4565 2269 4617 re,
2303 4552 2625 4605 notissimam
2653 4552 2758 4620 jam
2804 4561 2857 4607 et
2885 4552 3346 4607 familiarissimam
3379 4555 3575 4611 habere
3601 4559 3785 4614 debe-

2192 4658 2329 4707 mus,
2363 4650 2607 4711 tauqnam
2638 4652 2892 4695 nostram.
2925 4642 3035 4697 Non
3068 4660 3193 4712 ergo
3219 4645 3305 4697 ditt
3355 4658 3436 4699 est
3475 4650 3781 4703 immoran-

2190 4730 2338 4795 dum,
2365 4742 2420 4785 ut
2446 4732 2769 4786 iusiuuemus
2796 4732 2940 4786 vobis
2961 4734 3077 4801 quis
3103 4733 3380 4804 loquatur:
3404 4738 3469 4790 sit
3489 4742 3784 4807 unusquis~

2190 4840 2291 4894 que
2319 4825 2368 4878 in
2394 4823 2588 4879 Christi
2612 4840 2855 4897 cprpore,
2883 4835 2936 4879 et
2961 4825 3203 4895 loluetur
3233 4828 3334 4882 hic.

2260 4925 2313 4978 2.
2357 4924 2515 4997 [verm
2550 4922 2635 4995 1.]
2676 4923 2851 4977 Nostis
2875 4934 3047 4977 autem
3073 4940 3257 4979 omnes
3278 4927 3364 4995 qui
3392 4927 3697 4995 proficiunt,
3723 4941 3788 4986 el,

2192 5016 2277 5084 qui
2320 5014 2522 5069 cmlesti
2564 5014 2636 5067 illi
2682 5012 2875 5067 civitati
2905 5014 3290 5083 ingemiscant,
3335 5016 3423 5083 qui
3465 5019 3787 5085 peregrina-

2194 5107 2386 5161 tionem
2417 5122 2564 5160 suam
2594 5115 2782 5159 norunt
2804 5147 2816 5167 ,
2845 5106 2932 5174 qui
2961 5106 3093 5159 viam
3127 5115 3333 5170 tenent,
3360 5108 3447 5176 qui
3473 5109 3522 5161 in
3553 5108 3787 5165 deside—

2172 5199 2270 5252 'rio
2296 5206 2449 5252 terra}
2485 5197 2620 5250 illius
2658 5183 3004 5250 stabilissima:
3036 5212 3180 5266 spem
3221 5209 3468 5267 tanquam
3516 5215 3783 5257 ancoram

2195 5288 2564 5355 pra‘fixerunt:
2611 5286 2774 5339 nostis
2818 5301 2944 5356 ergo
2977 5287 3095 5356 quia
3127 5287 3227 5341 hoc
3252 5303 3415 5355 genus
3449 5288 3730 5346 hominum
3760 5338 3783 5363 ,

2174 5376 2294 5430 hoc
2344 5391 2522 5430 semen
2576 5372 2807 5439 bonum,
2868 5375 2965 5429 hoc
3017 5378 3333 5431 frumentum
3376 5378 3573 5433 Christi
3628 5382 3771 5438 inter

2191 5467 2389 5520 zuzania
2441 5467 2638 5537 gemit;
2682 5477 2733 5520 et
2785 5465 2886 5520 hoc
2935 5466 3101 5521 donec
3144 5467 3315 5520 veniat
3368 5477 3577 5538 tempus
3622 5487 3783 5524 mes-

2192 5560 2284 5622 sis,
2316 5558 2368 5612 id
2402 5569 2480 5611 est
2512 5573 2674 5629 usque
2712 5558 2762 5612 in
2797 5558 2952 5611 finem
2981 5559 3157 5612 sarculi
3181 5601 3197 5622 ,
3228 5560 3363 5614 sient
3399 5565 3619 5630 exponit
3647 5582 3781 5627 qua:

2258 5652 2274 5680 ι
2302 5647 2533 5711 Plerique
2557 5654 2681 5705 uss,
2698 5646 2908 5696 salutare
2928 5659 2946 5696 :
2970 5654 3021 5697 et
3042 5648 3234 5711 quidam
3256 5651 3306 5699 in
3330 5649 3505 5700 eodem
3528 5665 3633 5702 Ver:
3648 5653 3787 5707 ξαιὶο

2193 5708 2469 5781 particulam
2491 5715 2571 5781 et)
2589 5711 2945 5781 mtermittunt.

2257 5756 2275 5802 ἰ
2293 5756 2672 5833 ’ἑααζζᾱίῃέιςιιέ
2690 5756 2773 5821 εει.
2787 5756 2861 5817 ἐχ
2868 5756 3113 5834 pangitur,
3130 5756 3217 5832 est,
3243 5776 3522 5824 auctoritate
3545 5782 3652 5824 uss.
