4004 6200
539 325 639 384 479

536 418 658 495 inus
688 454 701 491 :
737 434 916 491 Emitte
946 420 1106 484 lucem
1142 433 1280 478 tuam
1327 427 1373 473 et
1414 413 1664 471 veritatem
1698 417 1856 461 tuam.
1892 402 1984 457 Illa
2016 400 2107 455 lux

542 532 750 587 Oculum
779 523 953 580 cordis
996 515 1251 587 inquirit:
1290 509 1433 565 Beati
1481 506 1647 566 enim,
1699 499 1905 568 inquit,
1936 491 2112 547 mundi

733 616 964 692 quoniam
984 583 1081 681 ipsi
1103 609 1262 662 Deum
1279 604 1507 657 videbunt
1529 593 1733 667 (Matth.
1751 606 1806 655 γ,
1834 588 1867 644 8
1890 588 1931 657 ).
1960 583 2113 639 Modo

462 731 482 785 ρ
547 718 599 771 in
625 720 803 769 monte
829 708 945 774 ejus
973 716 1176 760 sumus,
1201 697 1250 752 id
1272 705 1353 749 est
1378 694 1428 746 in
1452 687 1686 744 Ecclesia
1713 683 1847 752 ejus,
1879 688 1930 733 et
1957 677 2007 729 in
2034 683 2112 727 ta-

548 805 835 864 bernaCulo
863 799 996 867 ejus.
1027 787 1444 849 Tabernaeulum
1499 773 1941 852 peregrinantium
1994 777 2075 820 cst
2099 806 2112 830 ,

550 903 741 956 domus
784 888 1194 949 cohabitantium
1231 900 1243 935 :
1274 889 1354 934 est
1382 884 1434 932 et
1463 868 1854 929 tabernaculum
1887 859 2117 931 pcregri-

554 990 789 1046 nautium
842 976 1280 1039 et'militantium.
1310 971 1439 1025 Cum
1485 963 1635 1018 audis
1683 951 2073 1010 tabernaculum
2100 986 2115 1009 ,

553 1083 750 1140 bellum
802 1075 1070 1143 intelligo,
1119 1069 1322 1123 hostem
1367 1075 1514 1114 cave.
1564 1056 1759 1111 Domus
1801 1054 1974 1101 autem
2002 1053 2121 1110 qua:

556 1175 659 1232 erit
683 1173 698 1203 ¹
722 1173 745 1225 ?
774 1167 917 1224 Beati
944 1165 1027 1234 qui
1065 1160 1287 1215 habitant
1314 1156 1367 1207 in
1397 1152 1543 1204 domo
1573 1157 1657 1200 tua
1683 1186 1695 1203 .
1736 1142 1789 1194 in
1818 1136 2002 1193 siccata
2027 1148 2123 1187 sa!-

560 1266 784 1320 culorum
809 1233 1083 1315 laudabunt
1112 1262 1157 1304 te
1180 1251 1198 1320 (
1232 1245 1371 1301 Psat.
1395 1254 1622 1301 Lxsxm,
1650 1236 1681 1290 5
1704 1233 1744 1305 ).

631 1357 682 1409 5.
712 1351 858 1424 [vers.
884 1345 961 1419 4.]
987 1344 1101 1400 Jam
1131 1308 1258 1409 ergo
1282 1332 1514 1408 perducti
1535 1329 1597 1383 ad
1627 1312 2044 1381 tabernaculum,
2069 1308 2125 1369 et

564 1446 718 1516 positi
767 1443 818 1495 in
863 1446 1043 1492 monte
1073 1440 1256 1488 sancto
1285 1426 1431 1495 ejus,
1462 1435 1618 1492 quam
1658 1412 1806 1485 spem
1848 1406 2127 1481 gerimus?

569 1499 868 1591 'l‘Itintroibo
890 1529 955 1582 ad
993 1527 1150 1578 altare
1178 1520 1292 1573 Dei.
1321 1516 1417 1571 Est
1444 1513 1583 1568 enim
1613 1504 1875 1577 quoddam
1903 1499 2128 1555 sublime

564 1631 731 1689 altare
757 1620 1018 1678 invisibile
1040 1660 1053 1680 ,
1081 1628 1187 1685 quo
1213 1625 1316 1665 non
1360 1604 1565 1660 accedit
1606 1599 1853 1667 iujustus.
1893 1590 1972 1646 Ad
2003 1587 2128 1642 illud

565 1720 729 1774 altare
753 1715 840 1769 ille
868 1711 1013 1765 solus
1042 1680 1264 1766 accedit,
1290 1697 1376 1769 qui
1404 1695 1470 1749 ad
1496 1691 1632 1746 istud
1654 1699 1871 1743 securus
1889 1680 2126 1736 accedit:

568 1804 931 1865 illiciinveniet
956 1801 1116 1855 vitam
1144 1807 1314 1856 suam,
1343 1788 1431 1859 qui
1450 1786 1500 1839 in
1528 1785 1628 1837 isto
1647 1776 1897 1834 discernit
1921 1785 2130 1827 causam

569 1916 739 1957 suam.
783 1898 845 1950 Et
890 1891 1101 1947 intraibo
1148 1885 1215 1939 ad
1254 1883 1411 1936 altare
1453 1875 1592 1929 Dei:
1631 1872 1699 1927 de
1716 1858 1911 1943 'monte
1953 1866 2134 1916 sancto

570 1994 704 2062 ejus.
730 1999 783 2044 et
811 1987 876 2041 de
898 1977 1234 2038 tabernaculo
1256 1970 1392 2042 ejus,
1420 1968 1488 2022 de
1512 1972 1690 2020 sancta
1716 1956 1951 2014 Ecclesia
1981 1953 2096 2017 eius
2119 1991 2135 2016 ,

573 2081 802 2139 intrniho
836 2077 903 2131 ad
942 2076 1106 2128 altare
1140 2067 1234 2122 Dei
1261 2054 1699 2124 sublime.‘Quale
1726 2051 1795 2105 ibi
1824 2043 2137 2101 sacrificium

575 2175 690 2228 est?
735 2172 849 2241 Ipse
878 2168 964 2237 qui
991 2166 1187 2224 intrat,
1218 2154 1504 2210 assumitur
1548 2149 1602 2202 in
1629 2145 2012 2199 holocaustum.
2049 2132 2143 2185 ln-

577 2225 736 2321 troibo
759 2225 844 2314 'ad
893 2225 1052 2312 altare
1094 2251 1207 2305 Dei.
1228 2245 1372 2315 Quid
1402 2252 1483 2297 est
1525 2236 1662 2309 quod
1693 2234 1851 2294 dicit,
1877 2228 1945 2284 ad
1983 2225 2144 2279 altare

583 2355 715 2410 Dei?
740 2351 817 2407 Ad
846 2349 1008 2402 Deum
1034 2344 1118 2414 qui
1159 2324 1379 2406 (teli/icat
1410 2331 1714 2401 iuventutem
1744 2339 1921 2376 meum.
1951 2318 2144 2391 Juven-

582 2462 665 2504 tus
693 2446 975 2501 ueritatem
998 2410 1255 2508 signiﬁcat
1287 2448 1298 2482 :
1331 2438 1574 2494 tanquam
1605 2420 1806 2474 diceret
1828 2457 1842 2480 ,
1872 2411 1951 2467 Ad
1981 2410 2143 2462 Deum

580 2539 670 2611 qui
722 2535 952 2590 lmtitieat
996 2503 1281 2583 novitatem
1325 2532 1517 2573 meam.
1558 2509 1820 2567 ‘Ltctilicat
1861 2503 2146 2572 novitatem

600 2591 668 2611 Is,

583 2647 782 2691 meam,
828 2625 919 2696 qui
968 2609 1301 2676 contristavit
1343 2615 1657 2665 vetustatem
1709 2614 1902 2654 meam.
1959 2591 2150 2647 lncedo

583 2725 723 2780 enim
744 2718 901 2775 modo
926 2714 1089 2769 tristis
1110 2711 1162 2763 in
1185 2711 1465 2763 Vetustate,
1498 2708 1620 2752 tunc
1641 2703 1815 2747 autem
1843 2687 1994 2743 stabo
2019 2700 2150 2754 gau-

584 2819 715 2872 dens
740 2815 791 2867 iu
818 2809 1067 2864 novitate.
1090 2790 1375 2865 Conﬁtebor
1412 2791 1497 2845 tibi
1518 2790 1569 2843 in
1591 2787 1810 2847 cithara,
1835 2780 1987 2840 Deus,
2018 2776 2153 2829 Deus

586 2923 744 2962 meus.
776 2899 911 2970 Quid
944 2906 1023 2952 est
1054 2895 1105 2947 in
1147 2890 1346 2945 cithara
1396 2878 1635 2937 conliteri
1660 2918 1675 2955 η,
1722 2882 1776 2929 et
1821 2872 1873 2926 in
1906 2866 2154 2939 psalterio

586 2990 872 3051 conliteri?
901 2985 1017 3041 Non
1047 2982 1188 3036 enim
1233 2988 1445 3043 semper
1466 2971 1522 3024 in
1547 2952 1745 3022 cithara
1772 3003 1786 3024 .
1825 2975 1923 3015 nec
1946 2968 2157 3024 semper

589 3091 642 3145 in
670 3082 936 3155 psalterio.
984 3079 1097 3130 Duo
1140 3073 1253 3125 hmc
1272 3080 1467 3135 organa
1508 3052 2051 3115 mu'sicorum‘habent
2079 3047 2159 3101 in-

591 3189 672 3233 ter
715 3190 772 3228 se
815 3171 1113 3225 distinctam
1157 3154 1543 3223 discretam'que
1591 3149 1891 3210 rationem,
1945 3141 2157 3209 dignam

577 3263 1016 3326 consideratione
1057 3266 1111 3311 et
1146 3235 1602 3309 commendatione
1631 3236 1919 3294 memorias.
1943 3233 2161 3295 Utrum-

593 3377 697 3433 que
738 3358 839 3411 hoc
880 3348 1121 3407 manibus
1148 3353 1388 3415 portatur
1413 3348 1467 3392 et
1496 3334 1724 3402 tangitur
1748 3371 1763 3395 ,
1809 3336 1864 3383 et
1905 3323 2162 3395 signiﬁcat
2246 3348 2253 3356 -

549 3464 557 3471 ’
595 3466 757 3521 cpt-ra
777 3444 1017 3517 quaedam
1032 3445 1225 3492 nostra
1253 3427 1570 3501 corporalia.
1593 3421 1896 3487 'Utrumque
1924 3414 2120 3469 bonum
2145 3452 2160 3477 ,
2248 3423 2259 3445 ι

597 3546 642 3600 si
673 3504 959 3611 quis'norit
983 3526 1253 3604 psallere,
1274 3525 1319 3578 si
1345 3522 1462 3591 quis
1497 3518 1637 3572 norit
1679 3512 2014 3571 citharizare.
2059 3504 2164 3561 Sed

600 3600 723 3707 quia
763 3600 1069 3703 psalterium
1099 3620 1237 3677 istud
1278 3628 1531 3686 organum
1559 3609 1751 3664 dicitur
1770 3648 1785 3670 ,
1811 3602 1951 3673 quod
1977 3600 2043 3654 de
2073 3614 2166 3671 su-

601 3696 812 3800 periore
838 3731 985 3798 parte
1023 3715 1181 3769 habet
1204 3706 1554 3765 testudinem:
1584 3698 1712 3755 illud
1738 3696 1941 3751 scilicet
1976 3702 2172 3763 tympa-

604 3918 733 3965 nant
763 3924 776 3960 :
803 3904 1000 3959 cithara
1024 3913 1152 3952 vero
1178 3893 1400 3961 idipsum
1425 3887 1618 3955 lignum
1642 3894 1830 3935 cavum
1851 3884 1902 3930 et
1923 3887 2170 3947 sonorum

608 4014 672 4053 es
704 3994 948 4050 inferiore
975 3999 1121 4059 parte
1153 3984 1309 4037 habet
1337 3999 1350 4034 :
1383 3972 1728 4032 discernenda
1753 3977 1873 4022 sunt
1896 3979 2055 4033 Opera
2078 3979 2175 4016 no-

611 4100 741 4151 stra,
764 4082 971 4151 quando
993 4080 1043 4132 in
1073 4073 1319 4145 psalterio
1339 4070 1466 4133 siut,
1489 4062 1697 4135 quando
1718 4061 1768 4114 in
1785 4058 2006 4119 cithara,
2031 4062 2176 4124 utra-

612 4195 715 4250 que
741 4186 911 4229 tamen
943 4170 1127 4240 placita
1158 4167 1264 4218 Deo
1294 4173 1345 4216 et
1369 4160 1547 4213 suavia
1574 4155 1687 4223 ejus
1711 4148 1930 4205 auditui.
1960 4144 2180 4213 Quando
2246 4158 2263 4185 ‘-

614 4286 741 4341 ergo
765 4281 829 4321 ex
852 4258 1127 4335 przeceptis
1146 4254 1247 4309 'Dei
1276 4249 1468 4320 aliquid
1491 4248 1695 4316 agimus
1713 4285 1733 4319 ,ν
1755 4233 1918 4310 jussis~
1938 4238 2053 4307 ejus
2080 4235 2181 4288 ob-
2251 4264 2262 4272 -

616 4315 738 4341 V'o"
770 4315 828 4321 ν-
854 4315 898 4335 ,η
1027 4315 1040 4328 .
1366 4315 1377 4320 -
1537 4315 1545 4316 ,

616 4363 973 4430 temperantes
1018 4360 1071 4404 et
1115 4344 1455 4399 obaudieutes
1505 4338 1571 4392 ad
1615 4315 1879 4413 implenda
1926 4335 2183 4397 prtecepta
2252 4342 2266 4355 ·’

617 4456 753 4524 ejus;
779 4449 867 4505 ubi
895 4443 1112 4499 faciams
1139 4450 1192 4491 et
1218 4452 1321 4489 non
1353 4433 1594 4501 patimur,
1626 4425 1928 4496 psalterium
1955 4428 2053 4473 est.
2089 4416 2187 4472 Fa-

620 4549 767 4601 ciunt
793 4540 931 4595 enim
963 4535 1036 4589 ita
1062 4541 1114 4583 ct
1143 4525 1323 4595 Angeli
1352 4542 1364 4576 :
1393 4538 1497 4575 non
1516 4520 1656 4573 enim
1681 4514 1876 4584 aliquid
1902 4511 2185 4580 patiuntur.

542 4708 549 4715 ι
622 4638 755 4692 Cum
784 4641 957 4686 autem
985 4620 1178 4691 aliquid
1211 4617 1434 4688 patimur
1465 4609 1857 4664 tribulationum
1878 4644 1892 4667 ,
1945 4600 2191 4655 tentatio-
2224 4628 2271 4651 ,ν

628 4743 751 4783 num
775 4766 789 4789 ,
829 4716 1194 4778 scandalorum
1241 4710 1291 4762 in
1335 4706 1431 4758 hac
1474 4711 1647 4763 terra;
1685 4701 1808 4766 quia
1837 4709 1939 4746 non
1968 4690 2193 4760 patimur
2224 4750 2227 4757 Γ

629 4818 726 4873 nisi
767 4830 834 4870 ex
874 4810 1121 4866 inferiore
1162 4808 1343 4872 parte,
1385 4795 1436 4850 id
1464 4801 1545 4848 est
1586 4806 1649 4844 ex
1688 4802 1751 4842 eo
1779 4783 1918 4854 quod
1948 4782 2195 4836 mortales

631 4921 846 4970 smnus,
876 4919 941 4957 ex
972 4916 1036 4954 eo
1078 4894 1220 4967 quod
1267 4890 1450 4962 primae
1495 4892 1689 4939 nostra:
1732 4891 1905 4932 causa:
1949 4873 2194 4944 quiddam

634 5003 1024 5062 trilmlatiouum
1051 4994 1304 5049 debemus
1332 4988 1353 5017 '
1373 5025 1389 5051 ,
1418 4993 1472 5039 et
1501 4980 1625 5050 quia
1664 4974 1891 5047 patimur
1920 4971 2083 5023 multa
2133 4966 2199 5018 ab
2264 4988 2269 4995 ο

633 5101 709 5152 eis
726 5095 811 5163 qui
836 5106 939 5144 non
959 5095 1078 5142 sunt
1099 5085 1349 5151 desuper,
1367 5075 1562 5130 cithara
1587 5078 1686 5124 est.
1708 5066 1862 5119 Vettii.
1877 5062 2016 5115 enim
2040 5049 2201 5112 sonus

636 5188 812 5244 suavis
846 5199 909 5237 ex
954 5179 1199 5232 inferiore
1227 5182 1373 5241 parte
1404 5185 1417 5221 :
1453 5166 1683 5235 patimur.
1707 5170 1757 5213 et
1787 5156 2087 5227 psallimus,
2121 5150 2202 5203 Vel
2258 5172 2263 5182 ι

630 5276 810 5351 potius
855 5282 1128 5328 cantamus
1176 5273 1232 5319 et
1278 5260 1667 5315 citharizamus.
1728 5244 1945 5317 Quando
1997 5244 2207 5299 dicebat

644 5364 924 5437 Apostolus
947 5355 1308 5427 evangelizare
1334 5367 1392 5405 se
1413 5391 1426 5412 ,
1454 5359 1507 5402 et
1544 5345 1830 5415 prmdicare
1866 5337 2203 5406 Evangehum

644 5470 754 5517 toto
772 5457 899 5512 orbe
924 5462 1182 5506 terrarum
1208 5460 1271 5499 ex
1304 5447 1565 5512 praecepto
1598 5435 1714 5498 Dei;
1745 5432 1867 5503 quia
1888 5428 2014 5485 illud
2038 5429 2209 5483 Evan-

707 5638 724 5667 ί
760 5632 888 5690 tidd.,
905 5630 1081 5696 _don_tus
1095 5629 1253 5696 autem
1275 5618 1335 5667 de
1359 5629 1452 5696 qua
1476 5610 1619 5667 dixit,
1638 5608 1784 5696 Beati,
1804 5616 1897 5658 etc.
1927 5614 1977 5656 At
1996 5605 2212 5668 plerique

648 5678 913 5757 assium}!
938 5688 1045 5740 crit.
1072 5688 1249 5757 (tati‘au.
1285 5680 1457 5737 codex,
1485 5686 1591 5739 qutt’
1614 5678 1720 5723 cm.

710 5763 728 5790 ²
762 5747 974 5818 lautaque
998 5759 1123 5812 διεδ,
1148 5747 1357 5797 debetur.

1742 282 1813 351 .S.
1853 280 2217 347 AUGUSTINI
2256 279 2551 338 EI’ISCOPI

3636 286 3716 340 t‘ta

2212 394 2406 463 gelium
2429 410 2488 451 se
2511 410 2613 450 non
2640 393 2706 449 ab
2735 393 3031 450 hominibus
3058 409 3223 464 neque
3245 410 3334 464 per
3359 396 3620 457 hotuiucut.
3642 407 3720 456 sed

2216 501 2309 555 per
2334 485 2512 540 Jesum
2540 483 2804 543 Christum
2838 487 3107 556 accepisse
3139 486 3338 540 dicebat
3365 488 3497 556 (Gal.
3534 506 3579 551 ι.
3616 494 3692 558 l2)
3712 532 3725 553 ,

2214 578 2441 661 desuper
2467 580 2722 639 sonabant
2741 581 2989 636 chordre:
3019 595 3138 634 cum
3152 596 3280 633 vero
3304 580 3502 636 dicebat
3517 623 3530 644 ,
3554 582 3728 637 Gloria-

2216 687 2329 774 ruur
2354 672 2407 725 in
2433 672 2870 737 tribulationibus;
2905 674 3112 727 scientes
3150 673 3266 742 quia
3301 673 3540 727 tribulatio
3567 677 3727 744 patien-

2221 766 2341 816 tiam
2382 773 2622 831 operatur
2643 806 2658 830 ,
2702 765 2939 835 patientia
2966 764 3337 835 probationem.
3384 766 3592 822 probatio
3619 782 3734 834 spem

2223 851 2461 924 (Rom.v,
2482 854 2515 909 ὅ
2539 864 2585 910 et
2606 855 2683 926 4);
2714 856 2913 911 cithara
2938 845 3704 927 sonabatex’inl'eriore‘quidem
3726 902 3738 922 ,

2203 947 2315 1027 ,sed
2344 956 2514 1003 tamen
2536 948 2779 1003 dulciter.
2818 948 3004 1003 Omnis
3045 950 3185 1003 enim
3224 950 3461 1017 patientia
3493 950 3644 1004 dulcis
3675 962 3739 1005 est

2226 1040 2352 1095 Deo.
2385 1040 2439 1096 Si
2467 1050 2642 1096 autem
2672 1042 2722 1095 in
2754 1041 2882 1110 ipsis
2922 1040 3636 1108 tribulatitinibns'do-l'cceris,
3679 1046 3741 1097 ei-

2454 1132 2693 1234 .fregisti.
2738 1133 2912 1201 Quare
2952 1146 3078 1201 ergo
3119 1133 3276 1187 modo
3301 1133 3428 1187 dixit
3458 1150 3473 1187 :
3502 1132 3742 1199 Conﬁtrbot

2225 1223 2313 1275 tibi
2341 1224 2391 1277 iu
2419 1224 2657 1278 cithara?
2693 1224 2917 1292 PrOpter
2957 1223 3080 1277 illud
3122 1227 3260 1293 quod
3290 1225 3489 1279 dixerat
3533 1241 3545 1275 :
3591 1225 3745 1293 Ulquid

2226 1317 2381 1370 tristis
2404 1317 2597 1381 incedo,
2618 1316 2740 1370 dum
2758 1318 2931 1389 aﬂiigit
2952 1334 3028 1372 me
3048 1312 3305 1372 inimicus?
3325 1308 3609 1371 Patiebatur
3633 1321 3747 1369 enim

2229 1408 2472 1501 quiddam
2502 1423 2566 1462 ex
2599 1404 2847 1463 inferiore
2875 1408 3159 1463 afﬂictione
3179 1422 3205 1473 ,‘
3222 1418 3277 1462 et
3303 1411 3353 1462 in
3382 1425 3445 1463 eo
3482 1410 3587 1477 ipso
3607 1420 3749 1462 tamen

2230 1500 2440 1557 valebat
2466 1500 2673 1578 pl'acpre
2702 1502 2810 1556 Deo
2829 1544 2843 1569 ,
2873 1511 2926 1557 et
2951 1503 3144 1571 gratias
3179 1503 3437 1573 gestiebat
3460 1518 3606 1571 agere
3630 1502 3751 1563 Deo»,

2233 1594 2382 1647 fortis
2420 1593 2934 1661 iutribulatiouilms
2981 1611 2995 1647 :
3033 1606 3087 1648 et
3136 1594 3258 1662 quia
3303 1595 3420 1662 sine
3461 1594 3756 1647 tribulatione

2235 1700 2351 1741 esse
2378 1701 2480 1739 non
2509 1694 2745 1753 poterat,
2776 1687 3071 1755 patientiam
3100 1661 3210 1742 Deo
3238 1661 3488 1751 debebat,
3515 1685 3759 1753 Con/iteitor

2237 1772 2324 1831 tibi
2346 1778 2396 1831 in
2423 1778 2636 1842 cit/mra,
2667 1776 2828 1845 Deus,
2853 1777 2987 1832 Deus
3010 1784 3166 1833 meus.

2308 1868 2358 1923 6.
2387 1866 2533 1945 [vers
2566 1865 2643 1939 5.]
2676 1867 2740 1922 Et
2766 1882 2947 1922 rursus
2971 1864 3035 1922 ad
3061 1834 3290 1922 animam
3318 1856 3496 1929 suam,
3525 1875 3578 1922 ut
3614 1882 3669 1922 ex
3695 1868 3760 1918 iu-

2240 1959 2431 2061 fcriore
2458 1960 2547 2015 illo
2571 1973 2765 2013 sonoro
2788 1950 2933 2029 ligno
2959 1962 3129 2030 capiat
3152 1975 3340 2014 sonum
3386 1978 3400 2013 :
3427 1949 3765 2026 'thuidftristis

2241 2068 2319 2109 es.
2353 2052 2518 2120 inquit
2542 2093 2555 2113 ,
2582 2053 2752 2105 anima
2776 2069 2903 2114 mea,
2928 2063 2974 2105 et
2994 2040 3171 2120 aliquid
3194 2054 3462 2107 conturbas
3488 2050 3669 2105 me?'|n
3690 2052 3768 2103 tri-

2239 2142 2595 2196 bulationibus
2624 2158 2759 2205 sum,
2780 2142 2833 2197 i‘n
2862 2143 3195 2212 languoribus
3224 2148 3264 2208 ³,
3285 2143 3337 2197 in
3365 2143 3681 2207 niteroribus,
3703 2150 3769 2193 ot-

2244 2235 2366 2323 quid
2396 2252 2481 2291 me
2508 2236 2789 2290 conturbas
2813 2278 2827 2299 ,
2859 2251 2890 2289 o
2920 2236 3128 2289 anima?
3157 2236 3289 2302 Quis
3326 2236 3492 2290 dicit?
3518 2235 3594 2289 cui
3632 2233 3770 2286 dii-it?

2244 2329 2449 2384 Anima:
2472 2327 2631 2392 dicit,
2659 2342 2843 2382 omnes
2875 2328 3143 2393 novimus;
3175 2328 3392 2397 planum
3428 2336 3506 2381 est
3528 2327 3686 2388 enim,
3721 2324 3772 2376 ad

2250 2423 2389 2476 illam
2410 2421 2640 2478 directus
2666 2433 2746 2507 est
2770 2439 2965 2478 sermo.
2994 2423 3182 2494 thuid
3207 2426 3369 2479 tristis
3392 2441 3459 2489 es,
3478 2424 3635 2476 anima
3657 2437 3774 2482 mea,

2246 2526 2295 2569 et
2336 2514 2511 2584 utquid
2555 2513 2822 2568 conturbas
2866 2510 3276 2581 me?Qu:eritur
3322 2530 3537 2585 persona
3570 2514 3777 2582 loquens.

2244 2604 2510 2695 Numquid
2537 2609 2661 2660 caro
2688 2606 2876 2659 anima:
2904 2606 3133 2675 loquitur
3154 2647 3168 2670 ,
3204 2620 3327 2661 cum
3355 2606 3611 2660 carosine
3632 2604 3776 2655 anima

2246 2712 2357 2754 non
2400 2698 2673 2789 loquatur?
2716 2698 2988 2768 Proprium
3022 2699 3161 2753 enim
3204 2700 3372 2768 magis
3405 2710 3519 2765 est,
3564 2707 3615 2752 ut
3637 2695 3781 2749 anima

2247 2806 2465 2846 carnem
2486 2789 2800 2861 alloquatur,
2829 2805 2984 2860 quam
3017 2798 3072 2844 ut
3091 2806 3219 2844 caro
3234 2788 3541 2861 “alloquatur
3566 2788 3780 2842 animam.

2246 2878 2363 2939 'Setl
2409 2881 2529 2951 quia
2557 2898 2661 2936 non
2696 2881 2859 2944 dixit,
2889 2880 3062 2947 Quare
3106 2883 3274 2936 triSIis
3301 2899 3379 2942 es.
3408 2899 3528 2937 caro
3550 2896 3684 2941 mea,
3710 2877 3783 2932 St‘tl

2210 3038 2213 3041 λ
2257 2976 2539 3043 ait:Quare
2565 2975 2718 3029 tristis
2738 2991 2810 3039 es,
2840 2964 3010 3028 anima
3026 2976 3170 3030 mea?
3191 2968 3274 3046 (Si
3298 2975 3435 3030 rttitu
3459 2988 3656 3028 carnem
3681 2970 3786 3023 allo-

2242 3075 2539 3165 qiteretur,
2576 3066 2797 3122 fortasse
2826 3082 2928 3120 non
2953 3066 3184 3123 diceret:
3212 3069 3383 3133 Quare
3406 3068 3557 3122 tristis
3582 3061 3755 3127 estsed
3773 3103 3787 3126 ς

2248 3162 2433 3229 'Quare
2455 3161 2644 3217 doles?
2664 3161 2824 3216 Dolor
2847 3162 2985 3218 enim
3008 3162 3199 3216 anima:
3228 3163 3437 3218 tristitia
3459 3162 3668 3214 dicilur:
3697 3170 3790 3209 mo-

2249 3253 2414 3355 destia
2444 3268 2570 3308 vero
2596 3269 2711 3322 qure
2751 3254 2889 3341 litin
2929 3269 3150 3325 corpore
3175 3254 3333 3310 dolor
3360 3254 3462 3309 dici
3504 3259 3665 3324 potest
3684 3291 3696 3309 ,
3721 3246 3787 3300 tri-

2264 3345 2405 3445 βῑίξίθ
2432 3358 2533 3397 "0"
2576 3354 2764 3445 Ροξεξι,
2804 3337 2908 3399 Sed
2946 3360 3010 3400 ex
3045 3344 3235 3400 dolore
3261 3346 3500 3415 corporis
3532 3343 3795 3411 plerumque

2265 3432 2439 3538 anima
2484 3428 2843 3536 contristatur.
2893 3430 3117 3490 Interest
3168 3446 3348 3491 tamen
3392 3434 3514 3505 quid
3539 3432 3799 3492 doleat,cl

2249 3523 2774 3594 'quid.contristetur.
2806 3525 2956 3580 Dolet
2975 3525 3117 3580 enim
3142 3541 3300 3589 caro,
3335 3525 3497 3581 tristis
3524 3532 3602 3579 est
3624 3522 3798 3580 auium

2270 3626 2323 3672 et
2347 3627 2525 3687 aperta
2571 3616 2667 3672 ista
2694 3632 2791 3671 vox
2813 3628 2895 3673 est
2913 3658 2929 3683 ,
2965 3617 3154 3688 thuid
3177 3619 3338 3673 tristis
3360 3625 3438 3684 ts,
3463 3616 3627 3670 anima
3647 3610 3801 3675 nica?)

602 3728 812 3800 periure
838 3731 985 3798 parte
1023 3715 1181 3769 habet
1204 3706 1554 3765 testudinem:
1584 3704 1712 3755 illud
1738 3704 1941 3751 scilicet
1976 3704 2172 3763 tympa-
2226 3704 2393 3771 ’Non
2424 3725 2549 3781 ergo
2588 3710 2761 3762 anima
2790 3710 3075 3780 auoquiwr
3102 3725 3263 3765 came
3346 3729 3359 3741 _
3466 3711 3476 3722 .
3665 3706 3705 3758 ἀ.
3742 3704 3767 3749 ,ι

602 3835 728 3875 num
750 3826 801 3870 et
829 3823 1117 3869 concavum
1144 3805 1341 3873 lignum
1366 3796 1448 3851 cui
1475 3790 1687 3849 chorda:
1706 3787 1992 3841 innitentes
2009 3796 2171 3862 'reso-
2243 3795 2467 3873 'U‘quid
2499 3803 2661 3858 "istis
2690 3818 2768 3866 es,
2797 3817 2922 3856 eam
2951 3817 3067 3857 mea
3086 3803 3109 3839 9
3137 3818 3237 3857 nec
3262 3724 3655 3859 (123ιῖἳίὲέἒέ
3672 3719 3801 3863 i;

3091 3845 3103 3856 °
3393 3845 3409 3869 s
3436 3840 3449 3856 ⁸
3674 3840 3685 3861 τ

2276 3803 2467 3873 thuid
2499 3803 2661 3858 tristis
2690 3818 2768 3866 es,
2797 3817 2922 3856 caro
2951 3803 3109 3857 mea?
3137 3818 3237 3857 nec
3262 3819 3409 3869 e'iro,
3436 3802 3685 3861 animam;
3712 3793 3807 3863 qui:l

2252 3896 2561 3952 ’absnrdum
2582 3907 2659 3951 est
2691 3907 2749 3950 ut
2776 3895 2993 3950 inferior
3016 3895 3318 3966 alloquatur
3334 3886 3674 3965 superiorem‘.
3700 3887 3811 3955 Ergo

2279 3991 2617 4062 intelligimus
2646 3990 2838 4045 habere
2869 4006 2965 4045 nos
3010 3991 3209 4061 aliquid
3255 3992 3346 4045 ubi
3392 3992 3563 4059 imago
3602 3985 3684 4039 Dei
3708 3988 3810 4041 ‘esl.

2280 4092 2508 4137 mentem
2540 4082 2739 4137 scilicet
2762 4090 2919 4151 atque
2947 4082 3227 4136 rationem.
3260 4082 3378 4152 Ipsa
3403 4095 3554 4135 mens
3581 4071 3816 4132 invocabat

2284 4174 2452 4229 lucem
2486 4175 2573 4230 Dei
2605 4182 2659 4228 et
2688 4174 2956 4228 veritatem
2981 4173 3093 4229 Dei.
3123 4174 3238 4245 lpsa
3270 4184 3354 4229 est
3381 4188 3480 4242 qua
3511 4170 3728 4239 copim"s
3752 4163 3816 4230 1⁸⁸⁸

2285 4276 2424 4321 5mm
2461 4276 2513 4320 θί
2555 4265 2800 4335 ίηὶηεῑυιη
2827 4282 2840 4330 ;
2872 4267 2981 4335 ipsa
3009 4277 3090 4321 est
3113 4281 3215 4337 qua
3241 4266 3597 4321 discernimus
3623 4270 3779 4313 verum
3799 4268 3819 4302 η

2287 4357 2440 4417 falso;
2466 4357 2575 4427 ipsa
2603 4365 2683 4411 est
2709 4372 2824 4426 qu;c
2857 4368 3071 4411 vocatur
3100 4358 3403 4412 intellectus
3421 4399 3435 4421 ,
3463 4369 3568 4424 quo
3596 4348 3821 4407 intellectu

2290 4461 2462 4504 carent
2499 4449 2675 4529 bestia:
2700 4466 2713 4514 ;
2745 4465 2901 4520 quem
2930 4450 3253 4503 intellectum
3276 4449 3519 4519 quisquis
3542 4449 3592 4501 in
3616 4460 3669 4498 se
3694 4435 3821 4505 negli-

2293 4544 2393 4609 git,
2423 4552 2474 4598 et
2501 4543 2765 4617 postponit
2803 4541 3010 4597 celeris
3030 4584 3044 4606 ,
3073 4551 3127 4597 et
3160 4543 3230 4596 ita
3255 4541 3444 4611 abjicit
3468 4539 3613 4609 quasi
3641 4548 3732 4589 non
3755 4532 3827 4581 ha-

2294 4634 2433 4696 beat,
2456 4634 2597 4688 audit
2618 4650 2682 4688 ex
2708 4635 2907 4704 psalmo
2932 4653 2944 4686 :
2971 4633 3141 4687 Nolite
3163 4650 3272 4688 esse
3294 4635 3425 4687 sicut
3441 4644 3593 4703 equus
3618 4637 3660 4683 et
3678 4621 3831 4680 mutat.

2292 4726 2471 4823 quibus
2496 4744 2594 4780 non
2626 4730 2695 4781 est
2736 4727 3013 4811 intellectus
3040 4726 3207 4796 (Psat.
3255 4742 3392 4780 xxx:
3416 4766 3431 4791 ,
3465 4725 3544 4789 9).
3575 4718 3834 4775 Intellectus

2686 4819 2696 4823 _
2812 4818 2821 4823 _
2940 4817 3011 4823 ,.
3461 4815 3481 4823 -

2298 4816 2423 4888 ergo
2442 4828 2617 4875 "USlt‘r
2633 4806 2913 4887 alloquitur
2929 4817 3155 4871 animam
3179 4826 3438 4871 nostram.
3461 4815 3563 4870 Ista
3589 4813 3638 4865 in
3656 4801 3839 4863 tribula-

2300 4909 2532 4963 tionibus
2557 4909 2783 4963 ma‘rcida
2828 4917 2940 4969 est,
2969 4908 3105 4963 fessa
3137 4909 3187 4962 in
3223 4908 3515 4977 angoribus
3542 4907 3580 4969 ’,
3609 4904 3839 4955 contracta

2262 5068 2265 5071 _
2304 5001 2355 5053 in
2386 4999 2785 5062 mutationibus,
2819 5015 2955 5067 a'gra
2984 5000 3034 5052 in
3065 4998 3354 5053 laboribus.
3389 4996 3558 5066 Erigit
3586 5006 3695 5047 eam
3720 4995 3843 5042 meus

2305 5091 2534 5195 defltpcr
2560 5090 2772 5159 capiens
2799 5090 3072 5143 veritatem
3090 5131 3103 5153 ,
3133 5098 3187 5143 et
3222 5088 3352 5143 dicit
3384 5087 3576 5157 thuitl
3614 5079 3752 5137 tristis
3772 5090 3813 5127 es
3832 5109 3846 5135 ,

2306 5185 2475 5237 anima
2517 5199 2625 5236 mea
2646 5225 2659 5246 ,
2692 5191 2737 5235 et
2766 5182 2939 5250 utquid
2967 5182 3233 5236 conturbas
3269 5180 3389 5235 me?

2338 5348 2353 5362 ἰ
2382 5281 2439 5346 7._
2469 5272 2650 5333 Videte
2688 5264 2741 5331 si
2761 5292 2864 5331 non
2892 5286 2973 5331 est
3001 5277 3095 5331 ista
3145 5274 3398 5331 allocutio
3429 5274 3481 5327 in
3516 5272 3604 5326 illo
3643 5260 3850 5321 conﬂictu

2314 5371 2549 5443 Apostoli
2572 5413 2586 5434 ,
2616 5370 2665 5424 in
2692 5383 2749 5423 se
2780 5367 3165 5438 przetigurantis
3196 5365 3455 5436 quosdam
3478 5406 3494 5430 ,
3526 5371 3580 5416 et
3607 5354 3735 5414 forte
3759 5361 3854 5407 nos.

2316 5476 2367 5520 et
2392 5463 2615 5518 dicentis
2639 5459 3004 5540 ,uCondelcctor
3033 5460 3128 5530 legi
3168 5458 3259 5511 Dei
3297 5455 3577 5509 secundum
3610 5446 3857 5505 interiorem

2324 5558 2566 5616 lto-'m'tlem
2590 5596 2604 5618 ς
2649 5555 2789 5608 video
2814 5562 2977 5606 autem
3006 5554 3160 5605 aliam
3195 5549 3358 5623 legem
3399 5548 3451 5602 in
3479 5542 3704 5600 membris
3729 5532 3830 5590 meis
3849 5565 3861 5589 ν

2385 5661 2401 5683 ι
2438 5636 2623 5709 Aliquot
2636 5654 2773 5709 Mss,
2785 5641 3054 5709 angoribus.

2385 5720 2403 5744 ³
2435 5704 2538 5761 uss:
2565 5708 2795 5767 nonnulli,
2824 5704 3138 5764 (animat-ibus.
