4004 6200
299 334 388 399 «ibi

297 448 345 504 id
369 455 452 503 est
474 454 652 521 motus
688 444 941 517 quosdam
972 441 1208 503 carnales
1239 455 1251 490 :
1282 446 1334 491 et
1364 438 1416 490 in
1451 434 1674 505 quadam
1716 433 1853 485 lucta

296 549 345 593 et
369 536 521 607 quasi
548 537 935 606 desperatione,
964 533 1167 588 invocat
1191 524 1411 599 gratiam
1446 526 1554 585 Itei,
1588 522 1747 576 Miser.
1766 537 1854 591 ego

299 630 441 681 Immo
465 670 480 691 ,
505 628 614 695 quis
643 641 718 679 me
744 627 964 680 liberabit
989 625 1049 677 de
1076 638 1282 690 corpore
1310 619 1480 671 mortis
1509 614 1700 687 hujus?
1728 613 1856 668 Gra-

296 719 360 771 tia
391 716 485 770 Dei
521 733 610 787 per
634 715 809 770 Jesum
838 714 1086 776 Christum
1125 710 1395 764 Dominum
1425 717 1648 761 nostrum
1677 695 1850 773 (Itoni.

292 825 382 873 vn,
410 808 502 874 2‘2,
528 808 645 872 25).
675 808 830 862 Tales
857 806 927 860 ita
956 800 1249 876 pugnantes
1277 804 1432 856 etiam
1461 800 1572 869 ipse
1603 798 1855 859 Dominus

292 902 343 956 iu
378 915 441 961 se
476 896 814 971 prmiigurare
852 898 1094 967 dignatus
1134 904 1247 956 est.
1286 908 1406 948 cum
1431 893 1505 945 ait
1538 908 1551 944 :
1582 888 1759 944 Tristis
1787 876 1855 941 cst

292 995 457 1048 anima
494 1009 603 1046 mea
626 1007 778 1062 usque
819 989 886 1042 ad
927 998 1130 1041 mortem
1157 985 1364 1056 (Matth.
1410 998 1566 1046 xxvt,
1614 981 1722 1047 58).
1767 979 1856 1032 lllc

292 1082 428 1138 enim
460 1090 677 1133 noverat
702 1080 768 1133 ad
811 1078 949 1148 quod
976 1086 1211 1131 venerat.
1244 1074 1334 1131 Ille
1360 1073 1654 1143 passionem
1695 1083 1854 1138 pave-

294 1175 379 1228 bat
420 1174 508 1243 qui
550 1172 755 1226 dixerat
797 1188 811 1224 :
856 1169 1158 1235 Patestatem
1199 1169 1354 1220 habeo
1394 1164 1609 1236 ponendi
1636 1164 1855 1243 annimm

292 1281 447 1318 meam
465 1306 480 1329 ,
506 1274 551 1317 et
577 1271 867 1333 potestatem
896 1260 1049 1313 habeo
1069 1261 1246 1313 iterum
1276 1256 1505 1311 sumendi
1531 1269 1675 1317 eam;
1703 1265 1857 1305 nemo

295 1357 423 1409 tollit
451 1354 595 1409 illam
612 1350 650 1407 ‘a
681 1370 782 1417 tne,
811 1353 902 1407 sed
932 1366 1029 1421 ego
1056 1351 1167 1420 ipse
1195 1363 1332 1419 pulto
1351 1350 1466 1402 eam
1492 1361 1521 1399 a
1547 1361 1651 1409 me,
1684 1352 1737 1397 et
1762 1344 1857 1397 ite—

294 1463 406 1501 rum
451 1460 607 1499 sumo
634 1459 749 1498 eam
783 1441 959 1516 (Joan.
1006 1457 1038 1495 Χ
1063 1481 1077 1506 ,
1109 1441 1174 1494 17
1198 1481 1212 1503 ,
1243 1438 1370 1498 i8)?
1397 1435 1500 1491 Sed
1520 1474 1536 1499 ,
1585 1434 1757 1487 Tristis
1786 1433 1858 1485 est

293 1539 460 1591 anima
484 1553 597 1590 mea
620 1551 773 1604 usque
791 1536 1111 1596 admortrm,
1134 1532 1219 1600 qui
1251 1528 1399 1593 dixit,
1423 1526 1663 1597 quzedam
1694 1539 1859 1581 metu-

296 1631 383 1684 bra
411 1639 505 1682 Sua
549 1629 601 1682 in
641 1642 699 1682 se
729 1626 989 1695 ﬁguravit.
1032 1619 1352 1689 Plerumque
1381 1618 1522 1672 enim
1558 1616 1664 1684 jam
1711 1615 1859 1667 mons

299 1722 429 1772 hunc.
469 1718 637 1771 credit
677 1726 737 1772 et
767 1714 899 1771 bene
938 1715 1082 1768 novit
1112 1712 1338 1766 futurum
1368 1709 1633 1763 hominem
1671 1719 1860 1759 secun-

301 1812 429 1871 dum,
455 1810 609 1881 {idem
639 1825 785 1863 suam
817 1808 877 1862 in
894 1797 1094 1877 gremio
1138 1803 1362 1871 Abrahae
1396 1819 1409 1855 :
1437 1799 1604 1854 credit
1645 1796 1777 1857 huc.
1808 1802 1862 1850 et

306 1916 473 1958 lzztttcn
496 1895 625 1958 cunt
644 1903 849 1957 venerit
870 1899 1060 1971 aliquis
1102 1896 1351 1957 articulus
1377 1892 1595 1957 mortis,
1626 1889 1864 1944 turbatur

301 2014 365 2071 es
397 1994 744 2053 familiaritate
770 1992 991 2062 quadatu
1022 1989 1199 2045 saeculi
1230 1987 1425 2054 hujus;
1456 1982 1608 2053 erigit
1627 1972 1862 2037 auditum

303 2092 353 2142 in
372 2084 523 2142 illam
559 2101 742 2140 vocem
775 2082 864 2137 Dei
906 2081 1199 2143 internam,
1232 2076 1377 2131 audit
1409 2072 1718 2128 rationabile
1745 2085 1863 2123 ear-

302 2196 425 2233 men
467 2177 799 2231 intrinsecus.
841 2172 915 2226 lta
943 2177 1081 2226 enim
1113 2169 1339 2237 desuper
1380 2166 1432 2219 in
1476 2164 1687 2218 silentio
1716 2168 1868 2217 sonat

302 2269 582 2339 quiddam,
623 2280 730 2320 non
760 2263 999 2328 auribus,
1028 2260 1120 2315 sed
1150 2258 1444 2321 mentibus;
1469 2268 1526 2308 ut
1551 2254 1866 2324 quicumque

300 2361 447 2429 audit
487 2359 613 2414 illud
643 2358 809 2412 melos
828 2397 843 2421 ,
876 2355 1029 2409 taedio
1053 2352 1313 2407 afficiatur
1335 2349 1400 2404 ad
1428 2347 1705 2415 strepitum
1741 2358 1864 2398 cor-

301 2451 538 2520 poralem
564 2491 579 2514 ,
611 2456 666 2502 et
704 2456 809 2501 tota
849 2446 947 2500 ista
988 2445 1089 2498 vita
1131 2442 1358 2520 humana
1388 2439 1639 2493 tumultus
1667 2437 1715 2492 ei
1746 2436 1864 2506 qui-

298 2544 425 2615 dam
463 2543 566 2607 sit,
607 2539 899 2615 impediens
927 2518 1176 2592 auditum.
1206 2532 1418 2611 superni
1448 2530 1718 2600 cujusdam
1749 2529 1866 2584 soni

299 2641 531 2700 nimium
549 2634 892 2697 delectabilis,
926 2640 978 2685 et
1006 2614 1460 2697 incomparabilis,
1489 2635 1542 2679 et
1569 2623 1864 2680 ineffabilis.

300 2731 363 2789 Et
404 2744 589 2783 revera
615 2743 734 2782 cum
773 2726 844 2780 ita
873 2721 1130 2791 contingit
1152 2735 1216 2774 ex
1246 2719 1421 2786 aliqua
1451 2715 1863 2783 perturbatione.

297 2824 406 2875 vim
456 2821 653 2890 patitur
682 2819 839 2871 homo
866 2856 881 2881 ,
907 2813 1179 2882 alloquens
1204 2809 1430 2863 animam
1452 2821 1598 2860 suam
1631 2823 1643 2858 :
1678 2804 1870 2877 thuid

294 2916 454 2979 tristis
481 2930 553 2976 es,
574 2912 742 2965 anima
771 2924 878 2983 mea
896 2948 910 2974 ,
941 2915 986 2960 et
1006 2902 1180 2974 utquid
1199 2901 1463 2955 conturbas
1487 2898 1599 2951 me?
1625 2897 1704 2951 An
1736 2897 1868 2950 forte

292 3005 420 3059 ideo
462 3004 581 3073 quia
629 2996 844 3058 difﬁcile
890 3005 1105 3067 purgata
1135 2993 1239 3049 vita
1280 2991 1578 3053 invenitur,
1623 3003 1740 3041 cum
1781 2987 1867 3042 ille

287 3094 496 3163 iudicat
520 3091 611 3161 qui
632 3089 775 3144 novit
804 3087 867 3142 ad
896 3101 1081 3155 purum
1104 3093 1158 3139 et
1178 3081 1427 3151 liquidum
1444 3077 1715 3148 judicare?
1736 3078 1867 3143 Quia

287 3188 392 3241 etsi
435 3182 721 3255 probabilis
741 3181 846 3251 jam
871 3179 974 3233 vita
1000 3185 1079 3231 est
1120 3176 1255 3229 inter
1287 3171 1555 3235 homines,
1593 3170 1663 3223 ita
1694 3178 1748 3222 ut
1773 3167 1869 3245 ho:-

286 3280 468 3347 miues
508 3275 634 3346 quid
671 3275 779 3344 jam
824 3268 1212 3341 reprehendant
1251 3265 1393 3333 juste
1436 3278 1538 3316 non
1588 3260 1863 3315 habeant:

281 3368 540 3444 procedit
560 3380 781 3427 examen
803 3363 869 3417 ab
889 3362 1027 3419 illius
1050 3358 1239 3420 oeulis,
1264 3352 1503 3423 procedit
1530 3352 1705 3422 regula
1726 3365 1869 3439 estcf

283 3442 463 3534 qualis
494 3476 599 3534 nou
633 3457 914 3518 fallaciter,
943 3462 995 3507 et
1032 3448 1232 3507 invenit
1256 3448 1321 3500 'in
1367 3444 1581 3499 homine
1623 3442 1864 3511 quantam

280 3532 413 3625 qua:
430 3532 794 3619 reprehendat
818 3546 957 3599 Deus
981 3585 995 3609 ,
1026 3556 1143 3615 qua:
1165 3537 1406 3600 homines
1431 3532 1865 3605 reprehendenda

280 3623 399 3699 non
430 3642 683 3697 videbant
707 3680 722 3705 ,
759 3651 857 3691 nec
883 3634 972 3688 ille
1002 3635 1113 3701 ipse
1142 3630 1283 3693 intus
1308 3625 1401 3703 qui
1425 3623 1736 3695 iudicandus
1765 3632 1865 3685 est.

278 3736 419 3790 "age
441 3735 637 3788 timens
660 3728 833 3781 anima
860 3724 995 3779 forte
1021 3719 1364 3776 conturbatur
1394 3734 1410 3770 :
1437 3715 1720 3783 alloquitur
1749 3727 1865 3766 eam

277 3841 465 3890 mens,
494 3821 646 3893 quasi
666 3821 845 3874 dicens
865 3857 879 3881 ,
910 3814 1042 3883 Quid
1076 3813 1230 3866 times
1259 3810 1325 3863 de
1353 3808 1596 3877 peccatis,
1621 3805 1739 3874 quia
1765 3820 1867 3885 non

274 3927 445 3987 potes
478 3912 660 3967 omnia
688 3906 955 3964 devitarc?
983 3904 1147 3972 Spera
1188 3899 1242 3952 in
1284 3896 1592 3958 Dominum,
1635 3894 1870 3964 quoniam

274 3984 567 4073 conﬁtebor
587 4000 684 4054 illi.
712 3996 958 4066 Quredam
988 3998 1140 4047 sanat
1170 4000 1400 4057 prmsens
1428 3984 1704 4047 allocutio,
1749 3984 1870 4035 reli-

271 4115 393 4169 qua
426 4104 612 4166 purgat
645 4090 809 4144 lidelis
831 4083 1113 4142 confessio.
1144 4080 1303 4134 Plane
1332 4077 1486 4138 time,
1517 4074 1561 4127 si
1595 4072 1871 4169 justunnte

272 4160 467 4252 dicis;
500 4160 551 4240 si
577 4200 680 4237 non
709 4179 871 4252 habes
900 4176 1249 4229 illam‘voeem
1291 4183 1355 4221 ex
1382 4166 1484 4218 alio
1514 4164 1756 4235 psalmo:
1790 4160 1872 4216 Ne

265 4284 451 4335 turres
477 4279 531 4330 in
551 4273 800 4347 judicium
827 4283 941 4342 cunt
964 4279 1102 4318 servo
1129 4274 1233 4314 tuo.
1275 4259 1448 4336 Quare
1467 4298 1483 4322 ,
1518 4254 1597 4308 Ne
1626 4254 1779 4306 intres
1816 4254 1873 4335 ia

267 4371 546 4443 iudicium
576 4382 689 4439 cum
717 4370 967 4433 servatae
986 4357 1010 4422 3
1045 4351 1394 4428 Misericordia
1442 4360 1528 4419 tua
1573 4346 1700 4400 mihi
1740 4360 1872 4421 opus

269 4438 394 4520 est.
434 4462 566 4517 Nam
608 4458 653 4511 si
690 4452 961 4525 judicium
985 4445 1288 4525 exltibueris
1316 4444 1430 4495 sine
1473 4438 1869 4501 misericordia,

266 4570 399 4621 quo
436 4549 562 4607 ibo?
597 4548 657 4602 Si
684 4544 966 4617 iniquitates
1001 4522 1327 4617 observaveris
1351 4531 1597 4612 Domine,
1628 4528 1868 4592 Domine,

265 4619 408 4715 quis
441 4636 699 4711 sustinebit
730 4632 896 4705 (Psal.
929 4645 1107 4703 οξκικ,
1136 4624 1233 4693 '5)?
1266 4622 1345 4706 [γε
1366 4623 1515 4688 intres
1544 4622 1595 4700 in
1622 4619 1873 4689 judicium

260 4753 409 4792 cum
443 4747 584 4787 servo
613 4740 697 4782 tuo
716 4768 731 4791 ,
765 4725 882 4795 quia
909 4738 1007 4775 non
1037 4716 1399 4790 justiﬁcabitur
1427 4714 1479 4766 in
1504 4720 1768 4781 conspectu
1791 4719 1875 4790 lue

261 4827 472 4885 enini:
497 4824 660 4877 vivens
688 4816 854 4890 (Psal.
887 4828 1022 4869 cxut
1046 4853 1062 4877 ,
1089 4808 1167 4878 Ξ).
1194 4808 1334 4874 Ergo
1360 4810 1404 4889 si
1433 4819 1535 4858 non
1560 4801 1875 4873 justiticabi-

1374 319 1761 384 ENARRATIO
1800 318 1867 375 IN
1903 319 2221 385 I‘SALMUM
2260 319 2455 381 XLIII.

2592 404 2603 419 .
3419 322 3521 405 es

1965 431 2234 502 alloqucre
2264 434 2559 493 turbantem
2592 414 2689 500 ite,
2737 442 2790 489 et
2832 435 3233 488 tumultuantem
3271 414 3524 487 adversus

1961 530 2012 575 te
2037 523 2267 575 animam
2298 531 2460 576 tuam.
2490 522 2676 592 thuid
2707 524 2858 577 tristis
2886 540 2956 589 es,
2997 513 3169 576 anima
3190 523 3336 587 n'tea',
3366 532 3411 575 et
3437 528 3523 575 ut-

1958 614 2082 681 quid
2100 614 2363 668 conturbas
2378 616 2494 669 me?
2513 614 2669 670 Forte
2689 616 2742 670 in
2772 626 2822 671 te
2843 614 3058 670 volebas
3085 630 3298 683 sperare
3321 633 3333 666 :
3358 614 3523 686 Spera

1959 711 2010 765 in
2038 711 2309 766 Dominum
2328 755 2343 779 ,
2374 714 2479 767 noli
2502 714 2555 768 in
2586 723 2656 768 te.
2686 713 2821 781 Quid
2859 714 2998 783 enim
3040 700 3097 767 es
3128 712 3178 765 in
3208 706 3296 765 te?
3321 703 3444 780 quid
3465 724 3523 765 es

1959 803 2027 860 de
2051 805 2132 859 te?
2162 804 2251 859 llle
2275 806 2343 859 sit
2366 808 2563 860 sanitas
2589 808 2639 860 in
2666 816 2718 862 te
2738 850 2751 870 ,
2783 807 2870 876 qui
2901 806 3130 874 suscepit
3159 806 3373 859 vulnera
3399 796 3526 873 pru-

1963 905 2075 965 pter
2096 905 2164 951 te.
2198 898 2360 966 Spera
2379 939 2392 961 ,
2420 898 2618 968 inquit,
2644 899 2697 951 in
2718 898 2984 951 Dominum
3007 941 3019 960 ,
3044 897 3278 966 quoniam
3316 896 3526 963 conﬁte-

1960 988 2050 1040 bor
2088 988 2183 1067 illi.
2213 987 2344 1065 Quid
2374 984 2463 1041 illi
2495 977 2873 1043 cutiﬁtcberis?
2905 988 3141 1043 Salutare
3179 988 3341 1040 vultus
3374 970 3487 1039 ’ξικεί
3509 1027 3526 1051 ,

1961 1080 2095 1135 Deus
2124 1074 2382 1134 mensﬁTtt
2404 1069 2462 1135 es
2499 1081 2726 1135 salutare
2748 1082 2921 1134 vultus
2940 1082 3071 1145 mei,
3101 1090 3154 1133 tu
3180 1079 3389 1133 sanabis
3414 1093 3522 1133 me.

1960 1171 2124 1242 [Εεοτ
2143 1173 2208 1226 ad
2240 1183 2289 1226 te
2314 1174 2501 1243 loqu‘or
2532 1191 2543 1226 :
2568 1188 2794 1244 agnosco
2815 1174 3075 1227 medicum
3099 1214 3112 1238 ,
3147 1189 3251 1226 non
3278 1189 3361 1227 me
3382 1168 3525 1240 jacio

1960 1278 2167 1319 sanum.
2212 1264 2345 1331 Quid
2384 1273 2500 1328 est,
2539 1280 2765 1343 agnosco
2804 1248 3096 1326 medicum,
3128 1280 3229 1317 non
3254 1276 3347 1318 me
3385 1252 3527 1332 ja'cto

1961 1356 2180 1409 sanum?
2216 1356 2366 1423 Quod
2402 1356 2586 1419 inalio'
2617 1356 2818 1425 psalmo
2844 1356 3033 1409 dicitur
3066 1354 3213 1425 :Ego
3244 1355 3383 1418 dixi,
3415 1348 3526 1406 D01-

1961 1446 2121 1512 mine,
2151 1438 2377 1501 miserere
2405 1448 2519 1515 mei,
2543 1464 2667 1500 sana
2687 1448 2904 1499 animam
2927 1462 3086 1499 meam
3106 1486 3120 1512 ,
3150 1447 3381 1515 quoniam
3413 1458 3529 1513 pec-

1960 1537 2067 1589 caui
2090 1537 2175 1589 tibi
2198 1532 2365 1610 (Psal.
2399 1554 2469 1591 xx.
2484 1580 2496 1601 ,
2529 1538 2603 1607 5).
3473 1548 3481 1555 ‘
3504 1537 3511 1552 ⁸

2032 1616 2084 1682 8.
2113 1628 2235 1682 Harc
2278 1644 2376 1683 vox
2404 1670 2419 1694 ,
2446 1623 2665 1693 fratres,
2699 1638 2806 1681 tuta
2850 1629 2971 1681 est’
3023 1646 3035 1681 :
3087 1626 3181 1682 sed
3223 1626 3432 1697 vigilate
3476 1627 3529 1701 in

1964 1722 2214 1791 operibus
2236 1723 2405 1775 bonis.
2440 1721 2663 1791 Tangite
2698 1720 2999 1789 psalterium
3026 1762 3041 1786 ,
3066 1718 3357 1773 obediendo
3386 1715 3527 1787 prai-

1964 1807 2130 1881 Ceptis
2159 1830 2170 1864 :
2201 1811 2398 1880 tangite
2418 1811 2671 1866 citharam
2690 1853 2703 1876 ,
2722 1809 2992 1864 tolerando
3012 1796 3299 1878 passiones.
3325 1807 3531 1878 Frange

1960 1902 2196 1955 esurienti
2224 1918 2402 1972 panem
2430 1912 2567 1954 tuum
2587 1942 2600 1964 ,
2628 1901 2816 1973 audisti
2853 1900 2919 1953 ab
2944 1900 3072 1953 Isaia
3098 1916 3111 1951 :
3143 1899 3247 1952 noli
3271 1898 3528 1968 jejunium

1967 2002 2150 2063 putare
2189 1992 2448 2048 sufficere.
2478 1992 2741 2062 Jejunium
2792 2002 2841 2045 te
2885 1992 3142 2060 castigat,
3175 2000 3279 2044 non
3307 1990 3531 2045 alterum

1968 2074 2154 2138 reiicit.
2188 2083 2490 2137 Fructuosae
2516 2095 2670 2137 erunt
2696 2082 2949 2151 angustiae
2979 2086 3079 2135 tuze
3103 2106 3129 2147 ,π
3150 2081 3192 2134 si
3215 2081 3371 2136 alteri
3392 2095 3535 2150 pra:-

1968 2174 2165 2228 stit‘cris
2210 2160 2558 2228 latitudinem.
2611 2173 2748 2227 Ecce
2791 2172 3040 2226 fraudasti
3089 2173 3315 2225 animam
3344 2180 3533 2226 tuam:

1968 2265 2051 2319 cui
2076 2264 2224 2318 dabis
2248 2258 2386 2334 quod
2414 2264 2505 2319 tibi
2532 2263 2794 2317 abstulisti
2811 2254 2938 2316 ?7ubi
2968 2269 3133 2332 pones
3153 2261 3411 2332 quod‘tibi
3441 2260 3534 2316 de-

1971 2356 2208 2427 negasti?
2235 2350 2401 2425 Quam
2447 2357 2642 2428 multos
2686 2366 2942 2427 pauperes
2967 2356 3207 2425 saginare
3251 2362 3424 2424 potest
3451 2355 3536 2409 in-

1971 2440 2457 2506 termissuni'hodie
2496 2448 2771 2518 prandium
2806 2437 3090 2501 nostrum!
3121 2445 3193 2499 Ita
3236 2445 3413 2513 jejuna
3435 2486 3449 2508 ,
3478 2451 3536 2498 ut

1969 2542 2072 2599 alio
2110 2541 2458 2597 manducante
2495 2540 2770 2615 prandisse
2805 2549 2855 2592 te
2891 2538 3139 2608 gaudeas,
3175 2545 3385 2605 prepter
3412 2518 3548 2589 orni

1970 2626 2163 2697 tiones,
2196 2642 2253 2686 ut
2276 2628 2599 2686 exaudiaris.
2634 2630 2706 2682 lbi
2734 2621 2872 2683 enim
2902 2636 2973 2682 ait
3002 2646 3014 2681 :
3046 2629 3222 2680 Adhuc
3239 2628 3468 2698 loquente
3490 2635 3538 2679 te

1969 2725 2154 2791 dicam,
2186 2722 2316 2776 Ecce
2342 2723 2556 2784 adsum;
2577 2722 2618 2774 si
2650 2721 2857 2790 fregeris
2895 2737 2963 2774 ex
2992 2722 3160 2772 animo
3188 2717 3537 2787 esurienti-pa”-

1969 2804 2079 2870 nem
2105 2813 2253 2889 (Isai.
2286 2806 2432 2881 Lvtn,
2456 2806 2487 2867 Ἰ
2506 2853 2520 2877 ,
2549 2811 2582 2866 9
2604 2822 2648 2865 et
2674 2805 2756 2887 1'0)
2788 2830 2800 2865 :
2828 2812 2946 2881 quia
2975 2800 3278 2879 plerumque
3303 2809 3364 2863 tit
3389 2824 3418 2863 a
3447 2808 3538 2863 tri-

1969 2888 2136 2962 stibus
2161 2916 2213 2961 et
2243 2921 2272 2960 a
2299 2888 2765 2959 murmurantibus,
2787 2895 3083 2956 ut’careaut
3112 2901 3266 2955 ttcdio
3288 2892 3537 2969 interpell-

1969 2995 2158 3066 lantis,
2195 3013 2298 3051 nou
2333 3006 2390 3051 ut
2419 2997 2655 3051 reficiant
2692 2989 2890 3047 viscera
2923 2992 3207 3061 indigentis
3246 3008 3259 3043 :
3309 2990 3537 3044 Hilarem

1969 3076 2136 3143 autem
2172 3086 2397 3142 datorem
2433 3087 2593 3157 diligit
2638 3070 2774 3140 Deus
2805 3084 2868 3156 (11
2905 3084 3019 3137 Cor.
3045 3100 3092 3137 ις
3121 3125 3135 3148 ,
3159 3083 3234 3153 7).
3257 3081 3311 3136 Si
3347 3084 3537 3150 panem

1969 3181 2179 3236 dederis
2208 3179 2393 3246 tristis,
2421 3166 2473 3233 et
2499 3193 2683 3247 panem
2717 3185 2769 3231 et
2800 3176 3042 3229 meritum
3070 3172 3362 3244 perdidisti.
3396 3172 3540 3241 Ergo

1970 3289 2035 3329 ex
2062 3274 2238 3327 animo
2268 3271 2351 3327 fac
2383 3290 2394 3322 :
2429 3260 2601 3325 tit-ille
2629 3270 2714 3340 qui
2748 3269 2887 3322 intus
2915 3267 3058 3322 videt
3084 3267 3258 3321 adbuc
3288 3267 3538 3335 loquente

1973 3374 2060 3430 te,
2099 3363 2259 3429 dicat,
2289 3363 2422 3417 Ecce
2465 3361 2663 3416 adsum.
2707 3360 2875 3428 Quam
2918 3358 3164 3413 celeriter
3209 3358 3538 3427 accipiuntur

1969 3456 2233 3510 orationes
2272 3452 2413 3509 bene
2450 3446 2778 3523 operantium
2806 3460 2895 3505 :et
2931 3450 3046 3504 haec
3079 3449 3282 3518 juStitia
3313 3447 3540 3501 hominis

1972 3547 2023 3599 in
2084 3545 2185 3598 hac
2238 3545 2382 3610 vita,
2431 3542 2727 3612 jejunium,
2784 3540 3156 3609 eleemosyna,
3205 3537 3395 3591 oratio.
3449 3535 3541 3591 Vis

1936 3650 1939 3661 '
1970 3636 2266 3707 orationem
2293 3643 2434 3688 tuam
2459 3634 2638 3687 volare
2667 3631 2731 3686 ad
2761 3630 2967 3686 Deum?
3008 3628 3112 3683 Fac
3141 3628 3215 3681 illi
3245 3630 3376 3681 duas
3405 3625 3540 3693 alas,

1967 3727 2225 3797 jejunium
2284 3734 2338 3778 et
2387 3720 2798 3793 eleetnosynam.
2851 3720 3007 3774 Tales
3050 3731 3149 3772 nos
3186 3716 3454 3783 inveniat,
3483 3725 3542 3771 ut

1971 3806 2187 3871 securos
2212 3815 2443 3870 inveniat
2468 3815 2555 3867 lux
2591 3814 2704 3876 Dei,
2722 3808 2786 3866 ‘et
2814 3812 3010 3866 veritas
3042 3811 3134 3864 Dei
3154 3852 3168 3870 .
3197 3824 3317 3864 cum
3338 3809 3542 3864 venerit

1973 3911 2196 3963 liberare
2224 3921 2319 3961 nos
2344 3922 2371 3958 a
2399 3916 2568 3961 morte
2587 3947 2600 3971 ,
2635 3905 2722 3979 qui
2747 3890 2853 3974 jam
2880 3903 3024 3957 venit
3060 3903 3238 3958 subire
3264 3916 3361 3972 pro
3388 3902 3542 3958 nobis

1930 4068 1933 4073 ν
1970 4009 2217 4072 mortem.
2247 3999 2436 4053 Amen.

2407 4208 2488 4279 ΙΝ
2521 4205 2896 4289 ΡΞΛΕΜΠΜ
2939 4204 3140 4293 XLIII

2534 4326 2951 4383 ENARRATIU.
3154 4316 3164 4329 ’

2491 4454 2659 4495 εεῐιιιο
2686 4455 2752 4493 ΑΙ)
2781 4454 3003 4492 Ριιιζιιπιι.

2047 4562 2098 4639 1,
2140 4558 2380 4635 Psalmus
2404 4555 2504 4610 iste
2530 4554 2650 4609 [iliis
2676 4553 2810 4607 Core
2830 4533 3042 4614 dicitur,
3075 4548 3210 4603 sicut
3229 4549 3343 4616 ejus
3364 4544 3546 4603 titulus

1980 4637 2209 4722 prchcrt.
2244 4649 2620 4717 Interpretatur
2644 4654 2817 4699 autem
2847 4644 2981 4696 Core
3016 4638 3289 4695 Calvitium
3317 4637 3398 4691 vel
3428 4637 3549 4692 Cal-

1976 4745 2118 4801 varia
2142 4785 2156 4806 ,
2187 4750 2241 4798 et
2282 4726 2581 4796 invenimus
2621 4737 2674 4790 in
2719 4733 3001 4803 Evangelia
3050 4731 3326 4785 Dominum
3366 4728 3547 4784 Jcsum

1978 4838 2241 4893 Christum
2269 4834 2323 4888 in
2353 4834 2470 4886 loco
2496 4828 2747 4884 Calvariae
2773 4825 3079 4879 crucifixum
3113 4820 3332 4890 (Matth.
3361 4836 3508 4876 xxvn
3532 4862 3547 4886 ,

255 4936 371 4978 tur
426 4918 485 4971 in
516 4919 801 4982 conspectu
830 4918 919 4961 tuo
962 4902 1133 4957 omnis
1162 4901 1374 4961 vivens,
1412 4897 1531 4976 quia
1559 4896 1876 4978 quicumque

254 5015 367 5067 hic
404 5008 579 5069 vivit,
606 4997 989 5074 quantumlibet
1013 4994 1156 5063 juste
1179 4991 1340 5051 vivat,
1364 5003 1441 5041 va:
1468 4986 1541 5039 illi
1570 4985 1614 5039 si
1645 5000 1763 5069 cum
1787 4984 1876 5038 illo

248 5108 321 5160 in
380 5097 659 5171 judicium
699 5087 975 5146 intraverit
1014 5084 1173 5139 Deus.
1214 5079 1345 5134 Nam
1388 5093 1453 5131 ex
1485 5076 1586 5147 alio
1622 5073 1873 5145 prepheta

246 5164 619 5261 arrogantes
660 5192 715 5239 et
752 5180 1008 5250 superbos
1035 5172 1319 5233 identidem
1350 5169 1426 5224 sic
1464 5168 1744 5237 objurgat:
1780 5164 1876 5220 Ut-

240 5286 417 5363 quid
434 5257 609 5347 itultis
634 5289 824 5329 mecum
841 5269 1036 5352 judicio
1063 5261 1382 5337 contendere?
1411 5258 1596 5338 anes
1615 5257 1879 5326 dereliqui-

238 5348 368 5438 3'1}:
412 5391 505 5428 me
523 5414 537 5442 ,
565 5370 687 5444 dicit
718 5348 961 5444 Dominus
984 5358 1194 5439 (Ierem.
1227 5371 1261 5409 tt
1282 5397 1296 5421 ,
1322 5352 1436 5435 2,9).
1458 5351 1571 5405 Noli
1593 5365 1717 5420 ergo
1740 5348 1882 5418 judi-

237 5478 357 5531 cio
396 5461 742 5525 contendere
773 5476 787 5512 ε
816 5456 880 5529 da
909 5450 1122 5533 operam
1149 5463 1267 5533 esse
1286 5446 1493 5533 justus;
1524 5452 1578 5497 et
1597 5449 1880 5511 quantum-

239 5573 538 5626 cumque
564 5552 748 5612 fueris,
769 5547 1020 5614 conﬁtere
1047 5550 1098 5616 te
1126 5545 1473 5612 peccator-em;
1497 5547 1707 5602 semper
1729 5544 1880 5599 spera

237 5623 732 5717 miscricordiam
761 5657 775 5693 :
803 5637 922 5694 etin
941 5636 1040 5690 ista
1068 5633 1083 5664 ³
1113 5627 1296 5692 humili
1315 5623 1648 5682 confessione
1667 5635 1885 5676 securus

1978 4929 2090 4999 55).
2112 4927 2251 4996 Ergo
2267 4925 2467 4979 clarum
2490 4929 2592 4985 est,
2610 4916 2746 4988 quod
2765 4916 2885 4969 ﬁliis
2905 4914 3165 4983 passionis
3185 4912 3298 4981 ejus
3312 4921 3550 4967 cantetur

1977 5020 2065 5075 hic
2095 5020 2345 5088 psalmus.
2375 5014 2637 5067 llabemus
2662 5019 2835 5064 autem
2875 5007 2997 5063 hinc
3021 5006 3552 5062 evidentissimum'et

1982 5098 2336 5163 lirmissimum
2359 5101 2711 5158 testiinonium
2731 5100 2950 5169 apostoli
2970 5098 3113 5152 Pauli
3136 5116 3148 5152 :
3168 5098 3284 5168 quia
3304 5105 3410 5151 tum
3430 5110 3551 5149 cum

1982 5203 2031 5255 in
2061 5196 2511 5269 persecutionibus
2533 5192 2814 5248 Gentilium
2840 5190 3098 5243 laboraret
3139 5188 3394 5253 Ecclesia,
3431 5186 3553 5240 hinc

1982 5292 2205 5361 sumpsit
2217 5301 2610 5356 versum,quem
2626 5282 2978 5350 interponeret
2994 5281 3057 5334 ad
3072 5278 3491 5333 exhortationem
3501 5284 3553 5328 et

1983 5381 2392 5439 consolationem
2435 5374 2717 5447 patientize.
2746 5374 2843 5428 llic
2882 5374 3022 5441 enim
3053 5371 3245 5425 dictum
3278 5378 3390 5430 est,
3414 5365 3553 5435 quod

1987 5476 2072 5529 ille
2095 5475 2144 5528 in
2168 5471 2399 5543 Epistula
2423 5484 2514 5523 sua
2540 5466 2715 5537 posuit
2744 5485 2755 5519 :
2787 5464 3001 5535 Propter
3017 5474 3062 5517 te
3081 5461 3439 5533 mortificamur
3456 5467 3554 5509 tota

1986 5569 2086 5629 die,
2109 5563 2330 5659 deputati
2353 5577 2523 5616 sumus
2544 5558 2674 5613 velut
2698 5573 2810 5610 oves
2834 5555 3091 5610 occisionis
3114 5551 3286 5622 (Rom.
3306 5564 3392 5601 vnt
3409 5588 3422 5611 ,
3443 5546 3533 5616 56)

1993 5659 2182 5715 Vocem
2211 5642 2338 5725 ἔιδεο
2364 5659 2653 5723 martyrum
2693 5647 2968 5703 audiamus
3011 5645 3062 5719 iu
3101 5642 3310 5698 Psalmo
3336 5656 3348 5692 :
3379 5650 3429 5695 et
3460 5656 3541 5695 vo:

327 5813 359 5847 ι
414 5808 616 5872 Aliquot
637 5810 764 5861 Mss“
788 5797 929 5849 insta.
2053 5773 2072 5806 ί
2105 5769 2250 5823 vattc.
2272 5774 2326 5819 et
2345 5773 2464 5830 Reg.
2483 5769 2616 5827 Mss,
2638 5766 2790 5846 vestra
2804 5763 2893 5813 est.
