4004 6200
453 2256 459 2263 ’
543 2257 713 2321 deret,
734 2268 890 2310 nemo
912 2248 1236 2322 prohiberet;
1254 2244 1400 2316 quasi
1430 2240 1679 2299 averterit
1698 2237 1881 2292 faciem
1907 2240 2057 2305 suam
2081 2248 2110 2286 a

524 318 631 375 .483
1743 300 1799 381 s.
1841 296 2119 375 accusa

2244 293 2553 381 Episcopi
3635 294 3721 348 tat

524 442 815 502 martyrum
859 426 1029 481 videte
1057 438 1214 503 quam
1237 421 1437 489 bonam,
1471 430 1682 475 causam
1722 415 1908 470 haheat
1934 453 1950 480 ,
1972 427 2093 468 cum

525 498 679 585 dicit,
704 521 913 589 Propter
940 524 1005 571 te.
1033 498 1162 570 Nam
1193 524 1247 568 et
1277 506 1528 568 Dominus
1561 506 1682 566 ideo
1720 507 1943 572 addidit,
1973 519 2097 576 pro-

440 679 447 685 _
525 626 644 688 pter
670 610 960 681 justitiam,
986 622 1105 661 cum
1134 605 1339 660 diceret
1373 621 1386 658 :
1413 602 1556 657 Beati
1581 601 1667 671 qui
1704 591 2097 672 persecutionem

525 698 781 776 patiuntur
807 702 1009 770 propter
1017 698 1265 768 justitiam
1286 694 1496 768 (Matth.
1519 708 1575 761 ν,
1594 691 1718 762 10);
1742 707 1809 746 nc
1820 689 2095 760 quisquam

527 794 946 866 persecutionem
966 790 1185 860 patiens,
1205 804 1269 842 ex
1287 788 1395 857 ipsa
1416 800 1568 855 parua
1581 792 1835 855 quaereret
1853 781 2095 852 gloriam,

530 903 633 940 non
668 885 856 938 bonam
886 882 1087 935 habens
1116 894 1350 933 causam.
1380 877 1450 931 Et
1489 874 1611 930 hinc
1638 873 1945 933 eshortatds
1974 884 2099 924 suos

526 980 619 1042 ait,
645 977 791 1032 Beati
815 976 962 1031 eritis
987 988 1106 1028 cum
1131 972 1281 1026 vobis
1304 971 1388 1024 illa
1414 980 1467 1022 et
1493 967 1578 1022 illa
1604 965 1826 1021 fecerint
1843 963 1924 1018 vel
1948 961 2099 1015 dixe-

527 1070 636 1124 rint
670 1058 910 1121 homines
929 1106 943 1132 ,
976 1071 1192 1135 propter
1221 1076 1326 1116 me.
1359 1057 1490 1114 llinc
1516 1068 1644 1127 ergo
1670 1070 1774 1111 vox
1795 1052 1814 1086 ί
1835 1096 1852 1123 ,
1885 1049 2101 1121 Propter

529 1168 576 1212 te
605 1157 965 1233 morti/icutttur
991 1163 1093 1207 tota
1118 1153 1216 1207 die.

603 1251 658 1304 2.
690 1231 856 1321 iam.
886 1243 978 1319 ιζ]
1006 1244 1103 1321 Est
1142 1251 1316 1296 autem
1346 1254 1550 1309 magna:
1584 1231 2022 1292 considerationis
2046 1239 2101 1283 et

533 1359 737 1412 magna:
764 1330 1131 1410 profunditatis
1159 1333 1435 1388 consilium
1461 1328 1577 1412 Dei,
1603 1326 1728 1398 quid
1749 1340 1922 1380 cttusm
1947 1322 2102 1377 fuerit

536 1446 592 1489 ut
639 1449 758 1487 cum
800 1442 971 1501 patres
1018 1436 1227 1481 nostros
1266 1406 1642 1485 Ptttrittrcltas,
1671 1428 1724 1473 et
1752 1426 1916 1471 totum
1957 1414 2101 1468 illum

537 1525 786 1595 populum
819 1519 972 1574 Israel
1000 1516 1239 1573 eduxerit
1268 1515 1319 1567 in
1346 1527 1502 1566 manu
1533 1508 1817 1579 fortissima
1844 1506 1909 1560 de
1936 1504 2102 1574 [Egy-

537 1625 659 1685 pto,
684 1612 735 1667 et
761 1606 1139 1681 persequentes
1169 1605 1410 1658 inimicos
1439 1614 1620 1656 eorum
1651 1599 1701 1651 in
1732 1595 1862 1650 mari
1893 1594 2104 1648 demer-

543 1709 697 1769 serit,
718 1703 1028 1771 duxeritque
1046 1715 1141 1769 per
1153 1695 1571 1752 contradicentes
1590 1691 1793 1762 gentes,
1808 1685 2107 1742 debellatis-

539 1816 643 1871 que
660 1796 897 1852 hostibus
915 1796 967 1849 in
986 1801 1176 1849 terram
1194 1786 1557 1859 promissionis
1574 1782 1823 1853 posuerit,
1848 1778 2109 1834 tictorias-

542 1906 644 1962 que
666 1891 879 1960 magnas
899 1901 961 1940 ex
992 1882 1250 1954 paucitate
1269 1892 1482 1935 suorum
1501 1876 1551 1929 in
1575 1874 1759 1944 magna
1778 1868 2105 1926 inimicorum

541 1957 873 2038 multitudine
901 1974 1085 2033 iecerit
1113 1994 1124 2024 :
1151 1981 1334 2045 postea
1362 1967 1616 2039 placuerit
1636 1965 1682 2020 ei
1703 1965 1850 2034 quaSi
1871 1957 2110 2016 ax‘ertere

543 2089 602 2130 se
629 2090 658 2127 a
688 2070 883 2142 populo
911 2085 1027 2134 suo,
1055 2076 1111 2120 ut
1136 2076 1362 2133 stragem
1386 2057 1665 2114 oecisionis
1688 2065 1741 2111 et
1761 2054 1945 2108 mortis
1967 2060 2106 2120 pate-

544 2174 730 2221 rentur
766 2165 932 2216 sancti
960 2158 1074 2227 ejus
1094 2197 1110 2222 ,
1140 2166 1193 2211 et
1221 2167 1377 2207 nemo
1412 2151 1716 2211 resisteret,
1744 2160 1903 2200 nemo
1926 2132 2109 2198 defun-

2202 424 2304 464 non
2327 409 2621 497 diceremus
2644 410 2745 467 nisi
2776 411 2872 495 ista
2891 423 3010 481 esse
3032 424 3236 489 summa
3253 411 3520 495 bonaque
3537 400 3731 485 prastat

2201 500 2342 555 Deus
2385 493 2552 579 servis
2589 501 2739 567 suis,
2766 512 2819 557 et
2848 491 3045 573 majora
3074 496 3141 557 ab
3166 486 3257 557 illo
3280 482 3384 560 non
3423 482 3741 566 desidemrel’

2202 606 2338 647 mus.
2365 592 2487 647 Ideo
2511 601 2685 647 autem
2709 593 2830 650 huic
2855 594 2973 650 vitae
2994 597 3131 652 male
3149 597 3291 653 dulci
3308 599 3487 654 miscet
3506 613 3735 657 amaritu-

2204 682 2352 773 (lines
2405 684 2838 773 tribulationum,
2869 696 2926 742 ut
2968 687 3069 744 alia
3110 704 3230 759 qua:
3272 690 3546 747 salubriter
3583 694 3732 750 dulcis

2201 770 2284 828 est
2309 816 2325 841 ,
2354 770 2682 844 requiratur;
2708 774 2808 832 ltoc
2844 786 2957 844 est,
2998 777 3066 834 In
3110 770 3413 837 intellectum
3458 786 3572 854 ﬁliis
3606 780 3742 847 Care.‘

2202 864 2438 949 Denique
2461 862 2735 921 audiamus
2761 860 3055 936 Psalmum',
3079 879 3137 926 et
3159 871 3230 927 ibi
3262 876 3436 943 potius
3460 875 3556 931 hoc
3581 878 3735 935 ridea-

2202 970 2339 1031 mus.
2413 966 2419 975 '
2640 970 2647 975 ε

2229 1055 2233 1059 ·
2273 1046 2321 1100 5,
2348 1045 2514 1119 [vers.
2543 1047 2607 1115 2,
2637 1048 2712 1122 5.]
2744 1048 2900 1117 Deus,
2918 1054 3120 1110 auribus
3147 1057 3330 1112 nostris
3353 1062 3643 1126 audivimus;
3662 1081 3740 1134 pa-

2203 1145 2303 1240 tres
2321 1139 2485 1240 .ttostri
2510 1139 2925 1197 anttmttiai'erunt
2951 1146 3122 1214 nabis,
3152 1158 3279 1219 opus
3298 1151 3432 1221 quod
3458 1165 3675 1224 aper-atus
3696 1175 3739 1211 es

2203 1229 2257 1281 in
2298 1229 2467 1285 diebus
2504 1247 2675 1285 eorum
2701 1273 2714 1295 ,
2745 1243 2793 1287 et
2820 1234 2873 1287 in
2914 1235 3084 1290 diebus
3112 1234 3353 1308 antiquis.
3389 1242 3737 1300 Admirantes'

2204 1336 2365 1390 quare
2396 1319 2446 1374 in
2478 1322 2591 1376 istis
2612 1323 2796 1379 diebus
2827 1335 3074 1397 tanquam
3094 1328 3391 1388 deseruerit
3426 1346 3520 1390 eos
3552 1352 3675 1406 quos
3699 1342 3740 1392 in

2206 1409 2551 1478 passionibus‘
2565 1427 2815 1468 exercere
2836 1415 3079 1485 voluerit,
3102 1421 3346 1475 recolunt
3371 1426 3625 1492 prmterita
3643 1438 3750 1496 quat

2206 1499 2483 1593 audierunt
2508 1517 2544 1578 ap
2566 1504 2817 1572 patribus,
2842 1497 3084 1578 tauquam
3114 1510 3351 1581 dicentes
3376 1513 3524 1570 :Non
3556 1532 3613 1573 ea
3644 1535 3743 1589 quae

2209 1592 2435 1659 patimur
2461 1594 2610 1647 nobis
2638 1598 2925 1652 retulerunt
2953 1611 3129 1668 patres
3155 1604 3344 1661 nostri.
3371 1603 3499 1660 Nam
3521 1602 3643 1663 etin
3669 1610 3745 1664 illo

2209 1685 2419 1761 psalmo
2440 1685 2539 1741 hoc
2561 1687 2691 1741 dixit
2717 1708 2730 1742 ι
2760 1689 2824 1742 In
2849 1701 2895 1745 te
2909 1689 3234 1761 ‘speraverunt
3265 1692 3432 1764 patres
3459 1700 3627 1767 nostri,
3650 1716 3746 1772 spe—

2209 1786 2464 1842 rat'erutt't,
2488 1788 2533 1829 et
2562 1779 2732 1832 eruisti
2768 1795 2849 1834 eos
2872 1796 2891 1834 .'
2910 1790 2999 1852 ego
3036 1789 3203 1838 autem
3224 1803 3337 1840 sum
3366 1790 3562 1857 vermis,
3594 1802 3635 1845 ct
3661 1810 3746 1849 tum

2211 1864 2380 1931 homo,
2406 1869 2724 1945 approbrittm
2751 1870 3084 1943 It0ttt_irtum,et
3107 1875 3320 1945 objectio
3340 1878 3494 1949 plebis
3513 1879 3669 1949 (Psal,
3698 1895 3744 1950 ν,

2214 1957 2287 2026 7).
2320 1957 2399 2012 illi
2421 1972 2768 2027 speraverunt
2789 2004 2804 2027 ,
2828 1968 2881 2017 et
2906 1964 3141 2021 liberasti
3166 1982 3263 2022 eos
3294 1973 3505 2040 :‘egone
3529 1975 3745 2042 speravi,

2213 2055 2264 2101 et
2289 2048 2608 2118 dereliquisti
2639 2066 2750 2118 me;
2776 2063 2832 2108 et
2864 2055 2979 2111 sine
3003 2069 3160 2113 causa
3183 2016 3399 2116 credidi3
3415 2064 3466 2117 in
3492 2016 3749 2132 teret-“sine

2212 2155 2369 2196 causa
2401 2158 2591 2233 nomen
2621 2161 2796 2201 meum
2827 2149 3078 2217 scriptum
3116 2160 3196 2205 est
3227 2153 3367 2222 apud
3396 2164 3476 2220 te,
3505 2168 3556 2211 et
3579 2170 3746 2214 nomen

2216 2249 2359 2289 tuum
2398 2238 2651 2312 scriptum
2687 2249 2769 2295 cst
2794 2241 2844 2295 in
2872 2241 2997 2297 me?
3019 2243 3141 2299 llaec
3164 2261 3295 2315 ergo
3324 2248 3474 2304 nobis
3510 2250 3746 2306 indicare-

2215 2339 2339 2389 runt
2385 2342 2558 2421 patres
2601 2327 2785 2388 uos'ri.
2819 2334 3007 2390 Manus
3045 2346 3133 2390 tua
3176 2345 3347 2409 gentes
3383 2340 3749 2413 disperdidit,et_

2217 2422 2456 2492 plautasti
2482 2418 2604 2490 eos;
2631 2426 2897 2493 iuﬁrmasti
2925 2429 3136 2496 populos
3154 2408 3187 2495 ,ί
3207 2439 3254 2483 et
3293 2408 3525 2500 expulisti
3567 2449 3642 2486 eos
3707 2408 3754 2487 itl‘

2215 2524 2298 2570 est
2319 2555 2335 2581 ,
2360 2516 2579 2586 populos
2615 2518 2861 2586 exiiulisti
2890 2517 2958 2573 de
2987 2528 3125 2574 terra
3154 2535 3253 2575 sua
3277 2562 3293 2588 ,
3314 2532 3373 2577 ut
3395 2524 3525 2579 istos
3545 2524 3747 2579 introdu-

2216 2622 2367 2663 ceres
2393 2617 2547 2677 atque
2574 2609 2838 2677 plantares
2858 2651 2873 2675 ,
2900 2623 3187 2682 eorumque
3212 2618 3438 2685 regnum
3464 2625 3549 2670 tua
3572 2615 3753 2671 miseri-

2217 2700 2393 2757 cordia
2439 2702 2799 2791 confirmares.
2831 2703 2958 2761 ilate
2993 2706 3299 2764 audivimus
3341 2722 3370 2762 a
3412 2709 3634 2780 patribus
3670 2717 3754 2764 no;

2220 2795 2368 2849 stris.
2508 2788 2509 2791 “
3095 2800 3098 2803 '
3256 2798 3271 2822 ε
3697 2788 3707 2819 ε

2289 2888 2342 2943 ti.
2372 2886 2534 2961 [vt-rs.
2561 2888 2615 2944 4.
2637 2886 2784 2962 ]Scd
2806 2887 2940 2945 forte
2962 2890 3083 2946 ideo
3103 2891 3175 2945 illi
3202 2892 3311 2948 ista
3337 2902 3622 2965 potuerunt,
3651 2893 3751 2964 quis

2220 2977 2384 3034 fortes
2401 2989 2572 3045 erant,
2593 2980 2711 3050 quia
2739 2974 3078 3050 prtuliatores,
3109 2984 3232 3054 quia
3260 2972 3466 3056 invicti,
3485 2987 3597 3056 quia
3620 2992 3754 3040 exet:

2219 3073 2403 3138 citati,
2434 3073 2553 3143 quia
2604 3068 3069 3150 bellicosi?Ab§it.
3121 3072 3237 3130 Non
3278 3055 3386 3150 hoc
3427 3055 3753 3133 indicaverunt

2221 3161 2372 3256 nobis
2397 3173 2571 3256 patres
2591 3146 2774 3226 nostri,
2800 3178 2905 3232 non
2928 3163 3027 3219 hoc
3052 3152 3208 3221 habet
3227 3142 3519 3239 Scriptura;
3541 3168 3625 3224 sed
3649 3165 3756 3237 quid

2222 3251 2400 3319 habet,
2429 3255 2524 3309 nisi
2546 3255 2684 3325 quod
2708 3257 2975 3326 sequitur?
3003 3248 3281 3313 Non‘en'im
3307 3260 3360 3314 in
3381 3261 3546 3331 gladia
3564 3276 3646 3315 suo
3669 3261 3756 3313 haté

2223 3346 2429 3439 reditate
2466 3345 2786 3416 possederunt
2819 3358 3001 3431 terram
3019 3390 3033 3416 ,
3063 3358 3113 3404 et
3139 3337 3401 3406 brachium
3429 3352 3636 3423 ipsorum
3672 3365 3755 3403 non

2222 3439 2387 3496 salvos
2413 3440 2527 3512 fecit
2552 3448 2669 3504 eos;
2695 3440 2781 3496 sed
2807 3439 3013 3496 dextera
3041 3450 3128 3496 tua
3147 3444 3233 3507 ,‘et
3257 3442 3517 3498 brachium
3540 3453 3695 3506 tuum,
3718 3450 3757 3492 rt

2224 3531 2525 3586 illuminatio
2562 3534 2724 3586 uultus
2757 3532 2849 3587 tui.
2878 3529 3099 3587 Dextera
3116 3546 3201 3587 tua
3225 3574 3240 3598 ,
3267 3536 3498 3604 potentia
3525 3543 3640 3597 tua;
3662 3534 3758 3586 bras

2226 3626 2393 3679 citium
2443 3627 2623 3701 tuum,
2660 3625 2773 3695 ipse
2818 3624 2983 3680 Filius
3005 3633 3143 3679 tuus.
3171 3621 3242 3699 Et
3284 3626 3577 3680 iﬂumiuatio
3616 3625 3757 3677 vultus

2228 3720 2341 3773 tui:
2368 3718 2494 3790 quid
2529 3727 2610 3774 est
2641 3719 2782 3795 hoc?
2809 3719 2939 3787 Quia
2963 3712 3152 3774 talibus
3180 3720 3348 3790 signis
3372 3722 3449 3775 eis
3474 3720 3685 3782 affuisti“,
3714 3728 3759 3769 tu

2228 3827 2464 3899 prresens
2501 3813 2884 3891 intelligereris.
2923 3813 3185 3891 Numquid
3226 3816 3369 3869 enim
3398 3813 3599 3885 quando
3634 3809 3761 3866 nobis

2230 3903 2368 3961 Deus
2417 3906 2591 3976 aliquo
2621 3905 2897 3960 ‘m'iraculo
2942 3905 3131 3971 adest,
3171 3903 3361 3961 faciem
3418 3906 3577 3975 ipsius
3619 3900 3761 3957 oculis

2230 3996 2424 4052 nostris
2448 3994 2722 4050 videmus?
2749 3993 2852 4051 Sed
2879 3993 3065 4050 ell‘ectu
3090 3995 3332 4050 miraculi
3370 4010 3519 4051 suam
3558 4005 3762 4065 przesen-

542 2347 825 2421 gemitibus
850 2356 1055 2404 eorum,
1083 2338 1232 2410 quasi
1254 2336 1450 2390 oblitus
1469 2335 1537 2387 sit
1559 2346 1675 2396 eos,
1690 2329 1838 2400 quasi
1869 2329 1979 2396 ipse
2008 2340 2111 2379 non

543 2443 616 2497 sit
655 2440 794 2496 Deus
813 2477 828 2505 ,
851 2427 939 2507 qui
970 2435 1022 2488 in
1050 2446 1207 2487 manu
1231 2427 1406 2484 valida
1430 2435 1484 2480 et
1508 2424 1725 2479 brachio
1751 2420 1964 2476 excelso
2002 2417 2115 2476 evi-

544 2533 854 2591 dentissima
877 2526 1106 2599 potentia
1128 2531 1304 2593 patres
1333 2528 1562 2581 nostros,
1592 2516 1641 2571 id
1670 2522 1751 2569 eat
1777 2513 1930 2568 illum
1951 2525 2118 2580 popu—

545 2619 677 2691 lum,
706 2616 839 2678 sicut
859 2620 992 2686 dixi,
1017 2617 1084 2671 ab
1107 2615 1337 2685 Egypto
1366 2610 1664 2681 liberatum,
1683 2602 2116 2673 victispnlsisque

545 2717 613 2772 de
640 2710 776 2770 terra
808 2728 899 2768 sua
926 2696 1168 2781 'gentibus
1194 2699 1530 2759 constituerit
1562 2698 1616 2752 in
1641 2709 1805 2766 regno
1829 2690 2114 2754 .‘miranti-

547 2809 645 2864 hus
668 2805 915 2861 clunibus
941 2799 1254 2872 quodsrepe
1291 2810 1320 2848 a
1347 2790 1530 2865 paucis
1560 2788 1711 2844 multi
1751 2785 1873 2840 victi
1913 2782 2115 2838 essent.

549 2900 662 2955 Hoc
704 2899 830 2965 ergo
871 2882 925 2948 in
964 2888 1163 2961 gemitu
1205 2882 1555 2942 confessionis
1596 2877 1781 2948 incipit
1821 2873 2022 2931 cantari
2063 2872 2116 2927 in

550 2990 753 3061 psalmo
776 2988 896 3040 isto.
925 2983 1039 3037 Non
1074 2972 1263 3033 frustra
1299 2975 1441 3031 enim
1475 2974 1573 3028 ista
1600 2972 1733 3025 facta
1762 2974 1908 3026 sunt.
1941 2965 2121 3020 nisiut

551 3050 870 3149 intelligatur
896 3088 1059 3145 quare
1088 3068 1222 3124 facta
1248 3068 1372 3121 sint.
1395 3062 1621 3119 Proinde
1646 3062 1769 3131 quia
1794 3056 1930 3113 facta
1960 3050 2120 3123 sunt,

552 3147 888 3226 ttiattilestum
927 3151 1046 3220 est:
1069 3154 1230 3232 quare
1258 3159 1365 3213 sint
1393 3156 1526 3210 facta
1547 3195 1563 3220 ,
1594 3153 1753 3207 altius
1778 3147 2118 3218 quzcrendum

552 3260 653 3321 est.
697 3252 819 3316 Ideo
849 3258 1026 3314 titulus
1064 3255 1168 3308 non
1201 3251 1358 3305 habet
1384 3257 1585 3302 tantum
1611 3287 1628 3309 ,
1657 3244 1774 3312 ﬁliis
1799 3239 1924 3297 Core
1946 3256 1962 3304 ;
1985 3238 2077 3293 sed
2100 3278 2116 3303 ,

554 3343 621 3409 In
660 3352 964 3407 intellectum
985 3349 1005 3379 ³
1029 3344 1147 3415 ﬁliis
1174 3341 1318 3398 Core.
1357 3339 1466 3393 lloc
1489 3346 1540 3392 ct
1567 3336 1617 3389 in
1649 3335 1737 3388 ilio
1766 3331 1966 3402 psalmo
2002 3339 2083 3384 est
2102 3368 2121 3396 ,

476 3510 485 3519 κ
554 3447 707 3516 cujus
730 3442 955 3513 primum
984 3429 1195 3492 versum
1232 3432 1344 3502 ipse
1366 3428 1620 3485 Dominus
1660 3424 1728 3478 de
1762 3437 1916 3477 cruce
1945 3420 2076 3474 dixit
2107 3435 2121 3475 :

555 3537 694 3592 Deus
713 3549 867 3599 meus,
900 3529 1033 3583 Deus
1060 3540 1223 3588 meus,
1247 3520 1436 3589 respice
1461 3518 1512 3571 in
1537 3532 1632 3575 mc,
1663 3528 1816 3587 quare
1843 3526 1919 3564 me
1942 3509 2126 3563 dereli-

555 3627 743 3699 quistt‘?
765 3608 1168 3690 Transligurans
1195 3614 1334 3670 enim
1366 3624 1461 3667 uos
1482 3608 1534 3663 in
1566 3605 1617 3662 id
1644 3604 1783 3677 quod
1807 3602 2014 3659 dicebat
2036 3641 2050 3666 ,
2073 3606 2129 3655 et

558 3692 612 3777 in
641 3721 833 3787 corpus
863 3721 1014 3769 'suum
1056 3708 1196 3781 (quia
1226 3712 1281 3760 et
1312 3717 1410 3759 nos
1434 3710 1616 3756 sumus
1648 3711 1841 3763 corpus
1861 3694 1974 3763 ejus
2002 3735 2016 3757 ,
2040 3692 2129 3748 ille

557 3804 717 3882 caput
741 3802 1025 3874 nostrum),
1054 3812 1236 3853 vocem
1260 3794 1326 3851 de
1352 3807 1509 3847 cruce
1529 3802 1635 3845 non
1654 3788 1783 3842 dixit
1812 3800 1960 3839 suam
1984 3825 2000 3851 ,
2016 3780 2127 3851 sed

560 3877 815 3957 hostium.
841 3895 955 3951 Non
979 3891 1121 3949 enim
1144 3900 1372 3957 unquam
1401 3897 1521 3939 eum
1539 3879 1817 3948 dereliquit
1834 3877 1975 3932 Deus
1995 3915 2008 3939 ,
2031 3887 2131 3928 nec

560 3988 676 4063 ipse
711 4008 738 4044 ιι
770 3989 1175 4055 l‘ati'e‘unquam
1206 3978 1453 4042 recessit;
1485 3974 1579 4030 sed
1622 3972 1845 4042 prepter'
1874 3983 1971 4023 nos
1999 3966 2131 4021 dixit

692 4103 706 4138 :
740 4081 872 4136 Deus
913 4092 1049 4132 meus
1068 4116 1083 4143 ,
1115 4073 1247 4127 Deus
1279 4086 1418 4125 meus
1440 4109 1455 4135 ,
1482 4064 1657 4138 utquid
1678 4080 1756 4118 me
1789 4056 2132 4130 dereliquisti!

565 4146 695 4234 liam
721 4170 956 4243 seQuitur
983 4167 1054 4223 ibi
1083 4184 1097 4219 :
1126 4164 1298 4234 Longe
1329 4170 1367 4216 a‘
1400 4160 1561 4214 salute
1600 4145 1710 4210 mea
1739 4152 1896 4208 verba
1928 4151 2132 4205 delicto~

565 4284 677 4335 tum
692 4242 933 4321 nieorum.
956 4260 1023 4314 Et
1042 4255 1275 4313 ostendit
1291 4269 1355 4308 ex
1373 4265 1593 4323 quorum
1620 4259 1843 4317 ptrsooa
1865 4243 1967 4298 hoc
1986 4242 2134 4296 dixe-

567 4332 667 4426 i‘it;
692 4374 795 4414 non
822 4353 963 4411 enim
988 4351 1042 4405 in
1064 4349 1179 4419 ipso
1198 4345 1444 4417 delictum
1472 4340 1640 4411 potuit
1659 4335 1902 4392 inveniri.
1930 4332 2133 4387 Clama-

566 4450 628 4514 bo
652 4456 719 4511 ad
738 4463 804 4520 te,
831 4448 1000 4518 inquit
1026 4417 1214 4512 inipSO
1240 4429 1463 4509 psalmo,
1488 4451 1575 4506 per
1603 4433 1754 4497 diem,
1776 4417 1822 4483 et
1849 4444 1947 4481 non
1976 4424 2133 4481 exon;

566 4542 673 4602 dies
691 4563 710 4613 ;
725 4554 771 4600 et
796 4515 940 4597 nocte
964 4580 977 4604 ,
996 4532 1306 4591 subauditur
1322 4526 1524 4595 utique,
1547 4534 1599 4577 ot
1624 4538 1725 4576 non
1744 4518 2016 4609 exaudies;
2041 4515 2133 4568 sed

567 4592 766 4693 addidit
793 4642 881 4688 :et
909 4592 1009 4684 non
1036 4625 1101 4679 ad
1130 4592 1467 4691 insipientium
1486 4614 1607 4666 mihi
1632 4592 1799 4683 (Ρεᾶι.
1833 4622 1945 4673 xxt,
1973 4604 2029 4671 2,
2058 4605 2134 4671 5),

570 4731 762 4792 idest,
793 4727 894 4781 hoc
939 4724 1110 4792 ipsum
1136 4713 1276 4787 quod
1322 4725 1424 4765 non
1459 4704 1739 4769 exaudies,
1771 4717 1874 4755 non
1905 4698 1969 4753 ad
2012 4696 2139 4750 insi-

571 4786 817 4890 pientiam
844 4786 994 4878 mihi,
1025 4808 1116 4865 sed
1147 4786 1213 4860 ad
1239 4801 1583 4858 intellectum.
1612 4792 1746 4862 Quid
1768 4799 1870 4857 est,
1893 4788 1957 4843 ad
1985 4786 2140 4841 ἰηιρι-

572 4907 763 4967 lectum
806 4921 908 4961 non
948 4898 1235 4958 exaudies?
1273 4895 1323 4950 id
1369 4892 1489 4957 est,
1514 4903 1600 4942 me
1641 4900 1744 4939 non
1783 4880 2033 4939 exaudics
2072 4877 2138 4932 ad

469 5024 479 5032 ·
572 4997 902 5070 totn‘poralia,
925 5003 983 5048 ut
1010 4993 1290 5061 intelligam
1314 5003 1343 5041 a
1366 4993 1416 5039 te
1435 4978 1780 5037 desideranda
1799 4974 2156 5041 sempiterna.~

571 5096 684 5152 Non
724 5105 851 5161 ergo
875 5086 1127 5158 relinquit
1152 5085 1287 5136 Deus
1313 5120 1328 5142 ,
1360 5086 1414 5132 et
1433 5084 1552 5131 ct‘tm
1584 5070 1792 5125 videtur
1820 5066 2139 5135 relinquere,

573 5150 704 5241 tollit
729 5150 867 5253 quvod
890 5150 1383 5237 male-desiderasti,
1401 5179 1454 5224 et
1469 5162 1623 5222 docet
1646 5160 1769 5234 quid
1790 5150 1983 5213 debeas
2012 5156 2145 5210 bene

573 5277 894 5334 desiderare.
925 5271 982 5327 Si
1017 5269 1157 5324 enim
1205 5278 1416 5332 semper
1467 5260 1606 5314 Deus
1636 5257 1687 5309 in
1735 5254 1851 5308 istis
1880 5248 2144 5321 prosperi-

575 5370 769 5426 tatibus
800 5366 999 5420 faveret
1043 5357 1195 5413 nobis
1219 5398 1234 5420 ,
1266 5364 1316 5407 ut
1368 5351 1541 5406 omnia
1582 5346 1736 5401 nobis
1777 5336 2142 5413 abundarent,

575 5463 878 5529 nullamque
919 5455 969 5509 in
1016 5461 1252 5519 tempore
1299 5445 1402 5500 isto
1445 5437 1780 5496 mortalitatis
1811 5432 2007 5490 nostra:
2051 5431 2147 5501 tri-

575 5553 917 5633 bolutionem,
940 5542 1109 5599 nullas
1133 5549 1408 5611 pressurus
1433 5529 1804 5602 angustiasque
1824 5533 2143 5595 pateremur;

642 5671 656 5702 ι
696 5665 828 5717 add;
855 5632 975 5714 hinc
999 5667 1114 5722 ergo
1145 5663 1237 5704 vos:
1279 5654 1562 5712 martyrum.
1605 5643 1768 5702 Abest,
1795 5632 2080 5700 Martyrum,
2116 5646 2147 5685 ιι

783 5797 886 5840 uss.
908 5787 1045 5851 juxta
1065 5784 1194 5831 LXX.
1219 5779 1277 5828 At
1293 5770 1427 5837 Edd.,
1451 5768 1536 5822 sed
1557 5733 1818 5819 baeticatus
1841 5757 1956 5826 ﬁliis
1971 5766 2106 5811 core.

2232 4089 2358 4143 tiam
2406 4078 2634 4141 insinuat
2674 4084 2996 4141 hominibus.
3042 4085 3281 4154 Denique
3320 4100 3509 4140 omnes
3554 4083 3636 4152 qui
3681 4077 3764 4133 nti~

2231 4176 2415 4237 rantur
2442 4180 2507 4235 ad
2534 4179 2894 4250 hujuscemodi
2919 4178 3076 4247 facta,
3107 4179 3229 4250 quid
3259 4178 3477 4236 dicunt?
3496 4178 3607 4234 Vidi
3625 4175 3762 4250 Dento

2230 4283 2566 4351 praesentem.
2599 4270 2703 4326 Sed
2730 4270 2934 4324 dextera
2959 4280 3064 4351 tua,
3086 4248 3140 4324 et
3158 4270 3417 4324 brachium
3442 4266 3598 4334 tuum,
3618 4275 3659 4319 et
3672 4248 3767 4317 ξιιώ

2233 4366 2440 4419 minutio
2482 4349 2645 4418 vultus
2679 4363 2751 4417 tui
2777 4378 2795 4415 :
2818 4349 3053 4433 quoniam
3095 4358 3442 4432 coinplacuisti
3477 4360 3529 4414 in
3557 4358 3624 4413 eis
3647 4372 3665 4409 :
3685 4354 3767 4407 hoc

2234 4467 2316 4512 est
2338 4500 2352 4522 ,
2376 4456 2453 4526 sic
2474 4468 2595 4511 cum
2632 4455 2710 4509 eis
2747 4456 2928 4525 egisti,
2960 4461 3017 4508 ut
3052 4454 3187 4522 bene
3218 4451 3466 4522 ‘placeres
3499 4452 3550 4506 in
3575 4449 3647 4504 eis
3667 4486 3681 4512 ,
3723 4450 3770 4494 ul

2236 4544 2473 4621 quisquis
2513 4559 2607 4603 eos
2644 4548 2939 4603 attenderet
2972 4545 3239 4617 quomodo
3262 4561 3385 4601 cum
3416 4545 3495 4599 eis
3519 4546 3783 4613 ageretur;

2236 4644 2437 4735 diceret
2476 4643 2599 4715 quia
2642 4641 2932 4696 vere'Deus
2969 4630 3051 4694 est
3081 4634 3334 4713 cum’illis
3361 4680 3376 4706 ,
3407 4645 3462 4692 et
3504 4637 3635 4691 Deus
3670 4629 3771 4684 illos

2238 4734 2364 4807 agit.
2536 4738 2544 4751 ‘
3260 4734 3265 4739 ‘

2254 4826 2260 4831 ’
2308 4827 2362 4882 5.
2403 4824 2563 4899 [ιιενε.
2596 4822 2689 4896 5.]
2717 4820 2849 4892 Quid
2887 4820 3053 4890 ergo?
3071 4818 3217 4875 Alter
3258 4828 3555 4899 erattunc,
3579 4823 3627 4869 et
3658 4808 3773 4863 alter

2241 4931 2320 4975 est
2362 4894 2501 4974 nunc
2520 4919 2544 4972 ἲ
2565 4894 2731 4972 Absit;
2760 4910 2894 4984 Quid
2924 4913 3066 4969 enim
3091 4894 3364 4989 sequitur?
3387 4910 3465 4965 Tu
3499 4924 3552 4962 es
3582 4908 3680 4974 ipse
3700 4910 3772 4952 rei

2241 5018 2378 5068 meus
2403 5022 2448 5066 et
2475 5012 2610 5064 Deus
2630 5024 2785 5061 meus.
2808 5006 2885 5061 Tu
2911 5020 2970 5060 es
2997 5005 3130 5074 ipse,
3150 4986 3264 5064 non
3296 5004 3435 5059 enim
3471 5005 3688 5056 mutatus
3706 5005 3771 5043 es.

2243 5106 2501 5173 Tempora
2530 5108 2727 5156 mutata
2748 5097 2901 5153 video
2924 5138 2940 5164 ,
2961 5104 3170 5152 creator
3188 5105 3480 5162 temporum
3503 5102 3603 5143 non
3624 5090 3772 5137 muta-

2246 5213 2354 5259 tur.
2370 5199 2447 5253 Tu
2468 5214 2519 5252 es
2539 5186 2644 5266 ipse
2671 5209 2759 5248 rex
2781 5199 2916 5246 meus
2936 5199 2984 5245 ct
3013 5187 3145 5266 Deus
3160 5202 3317 5266 meus.
3338 5181 3413 5241 Tu
3440 5200 3523 5238 nte
3538 5179 3669 5235 soles
3688 5171 3774 5226 du-

2244 5309 2366 5350 cere
2391 5334 2404 5356 ,
2432 5300 2487 5344 tn
2531 5270 2616 5343 me
2660 5286 2799 5341 soles
2838 5260 3062 5353 regere,
3092 5290 3146 5334 tu
3168 5260 3297 5334 mihi
3326 5276 3464 5333 soles
3500 5266 3771 5329 subvenire.

2250 5348 2347 5453 Qui
2394 5348 2603 5437 indutias
2634 5377 2843 5455 ialutem
2886 5348 3064 5428 jacbb.
3089 5370 3223 5439 Quid
3264 5377 3346 5423 est
3368 5408 3382 5433 ,
3416 5363 3512 5432 Qui
3556 5348 3775 5426 mandas?

2248 5476 2466 5555 Etiamsi
2493 5484 2544 5527 tu
2573 5454 2665 5540 per
2689 5478 2830 5523 tuam
2856 5476 3072 5535 prorsus
3099 5459 3441 5516 substantiam
3465 5463 3615 5523 atque
3639 5454 3771 5501 natu-

2247 5544 2359 5627 ram
2405 5580 2507 5637 qua
2541 5578 2599 5619 es
2633 5558 2884 5634 quidquid
2925 5572 3015 5625 es,
3042 5554 3279 5611 occultus
3320 5566 3377 5607 es
3398 5589 3414 5617 ,
3445 5559 3539 5602 nec
3572 5554 3661 5614 per
3689 5535 3775 5639 hoc

2321 5728 2340 5762 ι
2372 5732 2547 5776 omam
2566 5727 2656 5771 Mss
2676 5753 2692 5782 ,
2715 5712 2962 5768 admirans
2989 5722 3007 5763 :
3028 5716 3083 5762 et
3102 5706 3240 5770 infra,
3263 5698 3441 5782 recolit.
