4004 6200
280 346 399 415 485,

280 459 415 532 quod
455 472 519 515 es
553 434 844 528 interluisti
918 463 1152 527 atribus,
1187 470 1241 516 ιιι
1282 461 1419 517 faeie
1457 461 1525 514 ad
1564 460 1750 515 l'aciem
1799 469 1850 514 te

280 554 554 619 viderent;
588 565 764 611 tamen
796 572 887 625 per
920 555 1205 626 quamlibet
1231 565 1528 608 creaturam
1561 561 1612 606 tu
1635 551 1854 606 mandas

280 644 503 711 εειῗιιιριιι
529 643 716 701 Jacob.
746 646 956 704 Etenim.
976 647 1065 699 illa
1096 645 1227 700 visio
1254 633 1387 699 facie
1412 643 1476 699 ad
1503 642 1713 707 faciem,
1734 643 1856 698 libe-

281 736 406 790 ratis
437 735 487 789 in
518 738 909 793 resurrectione
952 746 1212 792 servatur.
1257 737 1325 791 Et
1357 736 1430 791 illi
1474 745 1655 807 patres
1692 736 1850 790 etiam

277 825 408 898 vai
439 826 763 882 Testamenti
805 829 1047 898 quamvis
1084 828 1311 885 revelata
1355 828 1604 900 mysteria
1654 839 1738 881 tua
1771 814 1851 880 vi?-

277 918 451 973 derint
479 920 518 983 ⁸,
537 921 776 991 quamvis
806 923 1035 976 revelata
1057 931 1259 989 secreta
1281 922 1737 984 annuntiavcrint;
1769 930 1849 975 ta-

278 1026 397 1063 men
441 1009 492 1063 in
534 1000 750 1080 speculo
791 1027 849 1067 se
868 1012 1046 1067 videre
1074 1013 1320 1075 dixerunt
1357 1021 1411 1068 et
1444 1013 1495 1066 in
1526 1012 1847 1081 aenigmate:

276 1103 478 1157 servari
522 1114 697 1157 autem
739 1105 995 1160 visionem
1040 1106 1091 1158 in
1133 1104 1360 1159 futurum
1390 1105 1521 1160 facie
1554 1106 1618 1158 ad
1660 1104 1847 1159 faciem

276 1195 318 1263 (l
348 1193 465 1247 Cor.
496 1211 605 1257 xm,
635 1192 722 1265 li!)
745 1235 760 1261 ,
782 1197 990 1265 quando
1019 1198 1221 1265 venerit
1244 1196 1383 1267 quod
1419 1197 1534 1267 ipse
1562 1197 1848 1264 Apostolus

272 1285 346 1338 ait
377 1302 389 1336 :
420 1285 475 1337 Μ
482 1287 610 1339 ortni
634 1287 761 1340 enim
791 1288 926 1347 estis.
958 1297 1003 1340 et
1032 1290 1131 1341 vita
1154 1298 1314 1341 vestra
1333 1287 1622 1355 abscondita
1642 1296 1713 1340 est
1736 1303 1848 1340 cum

274 1378 476 1431 Christo
506 1380 557 1431 in
593 1376 736 1442 Deo;
766 1396 879 1432 eum
926 1391 1091 1432 autem
1120 1379 1346 1433 Christus
1392 1379 1716 1449 apparuerit,
1747 1378 1847 1432 vita

272 1480 433 1522 vestra
456 1510 470 1527 ,
502 1480 620 1522 tunc
646 1478 693 1524 et
717 1485 802 1523 vos
826 1469 1129 1539 apparebitis
1156 1486 1268 1523 cum
1303 1472 1414 1539 ipso
1442 1471 1493 1522 in
1519 1470 1679 1539 gloria
1704 1460 1726 1541 (⁴
1744 1468 1844 1523 Co-

270 1560 388 1613 loss.
422 1575 500 1625 ιιι,
528 1559 581 1627 5,
604 1561 680 1629 4).
708 1558 854 1614 Tunc
873 1545 999 1630 ergo
1025 1561 1176 1614 nobis
1197 1568 1437 1615 servatur
1450 1559 1582 1615 visio
1605 1561 1688 1613 illa
1712 1558 1845 1615 facie

267 1651 331 1725 ad
361 1650 591 1713 faciem,
620 1651 684 1705 de
704 1667 804 1721 qua
832 1661 887 1706 et
913 1651 1148 1719 Joannes
1175 1652 1304 1706 dicit
1333 1669 1346 1705 :
1377 1650 1719 1717 Dilectissimi,
1749 1650 1845 1721 filii

269 1740 365 1809 Dei
401 1760 609 1805 sanius,
633 1752 678 1796 et
713 1742 933 1795 nondum
980 1744 1216 1813 apparuit
1253 1744 1379 1813 quid
1410 1744 1630 1810 erimus;
1659 1743 1843 1797 scimus

267 1836 384 1902 quia
403 1850 517 1887 ciam
543 1835 856 1904 apparuerit,
884 1835 1069 1890 similes
1087 1836 1133 1889 ei
1153 1838 1337 1889 erimus
1355 1877 1369 1900 ,
1398 1836 1633 1904 quoniam
1653 1835 1841 1889 videbi-

267 1941 378 1976 mus
397 1941 506 1978 eum
526 1924 671 1978 sicuti
699 1933 772 1997 est
791 1924 1003 1991 (lloan.
1035 1942 1112 1992 ιιι,
1135 1925 1337 1999 2).Etsi
1363 1932 1490 1994 ergo
1517 1933 1638 2001 tunc
1667 1936 1840 1996 patres

267 2016 432 2069 nostri
483 2030 588 2070 non
645 2026 697 2070 te
746 2002 991 2071 viderunt
1044 2016 1177 2075 facie
1215 2017 1281 2072 ad
1326 2017 1514 2085 faciem
1546 2017 1837 2072 secundum

262 2111 405 2189 quod
435 2120 490 2165 tu
515 2127 574 2167 cs
598 2153 613 2178 ,
640 2112 845 2167 etiamsi
869 2112 967 2167 ista
987 2111 1121 2167 visio
1147 2122 1387 2167 servatur
1411 2111 1464 2165 in
1491 2108 1841 2179 resurrectio;

262 2218 360 2265 ne,
393 2211 566 2257 tamen
602 2203 700 2257 etsi
739 2204 927 2274 Angeli
962 2202 1260 2268 affuerunt,
1294 2211 1348 2256 tu
1376 2201 1591 2255 mandas
1624 2199 1837 2255 salutem

258 2292 440 2348 Jacob.
470 2293 585 2349 Non
613 2294 783 2349 solum
814 2309 908 2364 per
937 2303 990 2349 te
1018 2293 1145 2349 ades
1165 2335 1180 2360 ,
1207 2293 1300 2357 sed
1329 2308 1422 2362 per
1445 2305 1835 2364 quamcumque

258 2393 556 2439 creaturam
584 2394 724 2439 tuam
745 2383 976 2453 all‘uuris,
1003 2393 1054 2440 tu
1083 2385 1303 2440 mandas
1332 2384 1434 2439 hoc
1458 2376 1673 2454 propter
1692 2382 1836 2438 salu-

259 2484 365 2533 tem
392 2477 415 2506 ³
440 2489 715 2531 servorum
745 2484 953 2531 tuorum
977 2474 1117 2546 quod
1137 2485 1192 2530 tu
1223 2476 1336 2547 ipse
1360 2490 1455 2545 per
1484 2483 1534 2530 te
1555 2473 1703 2538 facis;
1732 2473 1833 2528 hoc

257 2574 433 2620 autem
460 2566 520 2621 ιιι
556 2580 653 2635 pro
689 2565 862 2622 salute
899 2580 1174 2622 servorum
1208 2575 1414 2621 tuorum
1443 2565 1584 2637 quod
1630 2564 1831 2620 faciunt

256 2659 443 2731 quibus
495 2659 732 2715 mandas.
761 2658 893 2717 Cum
927 2656 1059 2730 ergo
1090 2669 1144 2714 tu
1196 2660 1308 2729 ipse
1357 2660 1432 2714 sis
1477 2645 1570 2721 rex
1602 2673 1753 2714 meus
1776 2666 1831 2727 et

255 2752 395 2808 Deus
427 2768 611 2819 meus,
635 2761 692 2823 et
729 2763 784 2808 tu
812 2752 1034 2809 mandes
1071 2752 1294 2815 salutem
1315 2752 1512 2817 .lacob,
1535 2766 1701 2823 quare
1725 2751 1831 2811 ista.

256 2858 396 2911 nunc
421 2843 675 2913 patimur?
1606 2830 1609 2833 Δ

322 2936 377 2992 6.
404 2934 557 3009 [rem
619 2933 697 3008 6.]
721 2934 828 2992 Sed
875 2933 1014 2995 forte
1060 2934 1326 3005 praeterita
1363 2943 1562 2989 tantum
1612 2942 1824 2989 narrata

254 3037 377 3095 sunt
400 3027 552 3082 nobis
572 3067 587 3093 ,
606 3027 674 3083 de
704 3027 877 3082 futuro
899 3036 1075 3081 autem
1107 3041 1213 3079 non
1245 3024 1540 3096 estaliquid
1571 3025 1672 3080 tale
1697 3041 1824 3095 spe-

254 3121 494 3176 randum.
528 3123 638 3177 lmo
664 3135 792 3176 vero
820 3114 1161 3191 sperandum.
1201 3119 1266 3174 In
1288 3129 1336 3175 te
1365 3121 1598 3175 inimicos
1627 3137 1823 3175 nostros

253 3212 616 3281 seruilabimus.
653 3212 795 3284 Ergo
832 3221 1011 3282 patres
1056 3211 1222 3267 nostri
1266 3210 1633 3266 indicaverunt
1670 3211 1822 3267 nobis

252 3320 383 3374 opus
409 3303 549 3370 quod
579 3312 830 3372 operatus
844 3290 915 3358 'es
945 3303 997 3357 in
1020 3302 1209 3359 diebus
1230 3316 1416 3357 eorum
1437 3343 1452 3370 ,
1484 3310 1539 3357 et
1562 3302 1617 3373 in
1635 3301 1821 3357 diebus

253 3395 481 3466 antiquis
513 3411 528 3449 :
555 3394 678 3465 quia
705 3408 893 3448 manus
924 3401 1010 3447 tua
1037 3402 1224 3463 gentes
1249 3391 1585 3463 disperdidit,
1617 3392 1820 3459 cjecisti

252 3487 471 3556 populos
497 3496 555 3539 et
581 3485 825 3555 plantasti
851 3500 963 3540 eos.
994 3483 1097 3539 Ista
1118 3486 1391 3559 praeterita
1428 3494 1552 3540 sunt
1577 3503 1589 3539 :
1619 3485 1686 3541 de
1732 3484 1818 3541 fu-

253 3587 368 3655 turo
395 3591 525 3632 vero
559 3576 685 3645 quid
714 3575 854 3631 erit?
886 3574 955 3630 In
981 3584 1028 3630 te
1060 3576 1285 3630 inimicos
1317 3586 1513 3631 nostros
1553 3576 1817 3631 ventilabi-

251 3686 358 3723 ntus
388 3686 408 3723 :
446 3670 622 3723 veniet
650 3678 855 3738 tempus
881 3667 1092 3739 quando
1113 3682 1300 3723 omnes
1341 3668 1538 3722 inimici
1565 3665 1821 3723 Christia-

252 3779 435 3816 uorum
453 3803 467 3825 ,
497 3761 634 3815 sicut
653 3760 801 3830 palea
824 3759 1174 3826 ventilentur,
1204 3758 1340 3814 sicut
1369 3759 1541 3829 pulvis
1569 3759 1837 3835 ventileng

253 3863 333 3914 tur
352 3896 368 3918 ,
400 3853 541 3908 etde
570 3861 709 3908 terra
733 3850 1095 3922 projiciantur.
1127 3851 1269 3923 Ergo
1288 3852 1331 3905 si
1358 3863 1411 3906 et
1435 3851 1700 3921 prteterita
1738 3852 1816 3907 sic

249 3956 369 4000 sunt
398 3946 552 4001 nobis
582 3953 790 3999 narrata
811 3984 826 4011 ,
869 3951 927 4001 et
967 3942 1144 3999 futura
1186 3944 1306 3997 talia
1340 3943 1722 4023 praenuntiata;
1758 3944 1812 3998 in

250 4037 420 4092 medio
446 4038 784 4107 praesentium
811 4050 975 4106 quare
1015 4034 1350 4107 laboramus,
1383 4033 1484 4089 nisi
1528 4024 1581 4088 in
1610 4034 1808 4088 intelle—

246 4112 385 4195 ctum
407 4124 528 4197 ﬁliis
547 4125 676 4182 Core
693 4127 721 4181 .9
743 4125 811 4181 In
833 4137 880 4181 te
897 4126 1127 4180 inimicos
1147 4135 1341 4181 nostros
1368 4125 1713 4203 uentilabimus
1733 4141 1752 4179 :
1768 4136 1814 4181 et

246 4219 296 4271 in
317 4219 517 4281 nomine
541 4230 626 4273 tuo
644 4234 937 4299 spernemus
955 4218 1265 4289 insurgentes
1284 4217 1336 4272 in
1356 4234 1466 4273 nos.
1488 4218 1602 4274 Hoc
1632 4206 1699 4275 de
1725 4217 1811 4281 fc:-

249 4317 382 4373 turo.

313 4403 365 4455 7.
394 4400 545 4475 [νινε.
580 4401 666 4472 7.]
697 4400 819 4456 Non
843 4402 976 4474 enim
1007 4417 1061 4455 in
1087 4417 1209 4455 arcu
1247 4418 1356 4477 meo
1390 4402 1601 4472 sperabo
1627 4419 1647 4456 :
1675 4417 1809 4474 quo-

244 4495 401 4549 modo
430 4505 528 4550 nec
555 4505 735 4564 patres
762 4495 813 4571 in
850 4493 1025 4565 gladio
1057 4509 1172 4561 suo.
1205 4494 1274 4548 Et
1310 4495 1512 4567 gladius
1536 4513 1673 4567 meus
1708 4514 1809 4552 non

244 4584 436 4638 salvum
458 4588 607 4655 faciet
632 4600 728 4637 me.

314 4676 366 4729 8.
396 4674 545 4747 [item
599 4672 677 4747 8.]
705 4674 884 4729 Salvos
904 4676 1035 4730 enim
1066 4676 1227 4747 fecisti
1260 4692 1351 4730 nos
1395 4692 1456 4731 ea:
1483 4664 1807 4756 aﬂligentibus

239 4782 349 4820 nos.
404 4767 467 4821 Et
520 4765 620 4820 hoc
647 4765 811 4838 ﬁgura
840 4768 1090 4850 prmteriti
1120 4767 1188 4822 de
1233 4768 1411 4823 futuro
1440 4768 1634 4824 dicitur
1666 4786 1678 4822 :
1710 4770 1806 4827 sed

238 4859 361 4929 ideo
391 4870 635 4931 tanquam
665 4846 987 4930 przeteritum
1016 4860 1233 4926 dicitur,
1265 4862 1388 4931 quia
1439 4846 1544 4917 tam
1597 4871 1802 4918 certum

234 4961 317 5006 est
342 4953 492 5022 quasi
536 4952 726 5007 factum
754 4952 842 5006 sit.
874 4950 1133 5010 Intendite
1162 4970 1327 5024 quare
1366 4954 1618 5026 pleraque
1667 4957 1803 5026 Pro-

236 5041 413 5110 phctzc
440 5043 509 5096 ita
539 5042 717 5097 dicunt
758 5051 1003 5114 tanquam
1043 5032 1308 5114 praeterita
1345 5046 1480 5113 sint,
1508 5062 1629 5104 cum
1661 5065 1799 5118 pra:-

232 5134 543 5189 nuntientur
566 5134 737 5189 futura
762 5178 778 5202 ,
809 5151 911 5190 non
941 5135 1096 5190 facta.
1121 5135 1251 5191 Nam
1274 5148 1328 5193 et
1346 5120 1553 5210 deipso
1580 5140 1801 5201 Domino

230 5224 408 5279 lutura
435 5227 608 5295 passio
636 5228 1083 5296 prmnnntiabatur
1102 5269 1116 5292 ,
1147 5237 1201 5284 et
1239 5238 1411 5285 tamen
1434 5272 1448 5298 ,
1495 5230 1754 5304 Foderunt
1779 5275 1794 5299 ,

231 5317 400 5393 inquit
424 5359 438 5382 ,
480 5335 659 5373 ntanus
692 5334 827 5373 meas
870 5329 913 5372 et
957 5319 1105 5388 pedes
1148 5336 1315 5386 meos,
1361 5323 1798 5385 dinumeraverunt

226 5409 400 5464 omnia
424 5425 537 5464 assa
584 5427 693 5464 mea
718 5425 738 5465 :
768 5426 872 5464 non
908 5410 1073 5472 dixit.
1111 5410 1362 5481 Fodient,
1404 5425 1457 5470 et
1494 5417 1797 5474 dinumera-

291 5584 551 5652 {Plerique
572 5584 1647 5652 uss,qumvis‘revetatomysteriotuoﬁterint.
1669 5600 1797 5646 Unus

224 5647 513 5716 Patiens-ium
537 5647 956 5716 codex,'quamois
978 5647 1204 5716 relatore;
1225 5647 1545 5716 mysterii'tus'
1565 5653 1759 5716 fuerint.

250 5732 255 5737 -
283 5713 305 5742 ε
340 5710 526 5774 Aliquot
550 5719 673 5775 διες,
692 5706 965 5775 tu'manglas
988 5716 1037 5760 ut
1060 5708 1147 5775 hoe
1167 5706 1251 5771 ﬁat
1272 5706 1361 5775 pro
1378 5710 1531 5765 salute
1550 5706 1793 5768 s'ervortim

219 5768 441 5832 tuorum,"
453 5774 582 5836 quod
604 5768 785 5835 faciam!
806 5769 973 5822 trib":
992 5768 1211 5821 utendas.
1272 5768 1283 5775 ’
1748 5778 1754 5787 ’

1369 347 1761 411 ENARRATIO
1799 346 1865 404 lN
1903 346 1980 406 PS
1997 348 2222 434 \ln‘llUM
2261 351 2441 411 XLIII.

3426 380 3530 446 £85

1959 461 2108 516 bunt.
2139 463 2164 516 1
2173 464 2251 531 psi
2297 481 2410 520 vero
2450 469 2889 531 consideravcrunt
2924 490 2972 534 et
3009 499 3372 558 conspeaerunt
3410 513 3489 553 me
3510 515 3532 558 :

1959 567 2064 647 non
2107 554 2269 647 diuit,
2300 556 2721 619 Considerabnnt
2761 580 2813 622 et
2853 554 3198 643 conspicient.
3241 554 3531 647 Diviserunt

1956 641 2356 737 sibi-uestimenta
2383 667 2493 704 mea
2515 651 2684 721 (Psal.
2712 673 2828 723 ut,
2869 662 2934 715 17
2959 641 3102 737 ,19)
3136 662 3150 721 ἐ
3199 688 3301 728 nun
3352 641 3484 736 (“sit

1957 730 2211 788 divident.
2253 735 2438 795 Omnia
2489 741 2584 821 ista
2637 755 2883 818 tanquam
2927 725 3190 821 praeterita

1954 838 2075 880 cum
2106 825 2281 892 [utura
2312 833 2450 896 sint;
2483 816 2601 906 quia
2626 816 2813 896 Deovet
2840 816 3011 901 futura
3051 859 3153 906 tam
3504 816 3523 935 ζ

1957 925 2201 993 tanquam
2227 927 2492 1004 prmterita
2520 930 2643 983 sint.
2675 930 2839 991 Nobis
2857 940 2995 994 enim
3027 958 3088 998 ca
3111 961 3230 1014 qua:
3252 925 3525 1018 prieterie;

1954 1016 2078 1103 runt
2098 1051 2113 1077 ,
2136 1021 2278 1066 certa
2309 1025 2462 1081 sunt;
2493 1035 2607 1089 qum
2637 1021 2831 1091 futura,
2862 1029 3059 1087 incerta
3092 1016 3525 1103 Stltll.-N-i\‘illllls

1953 1101 2093 1195 enim
2116 1104 2313 1174 aliquid
2343 1109 2598 1166 accidisse
2618 1154 2632 1177 ,
2657 1124 2711 1169 et
2740 1133 2844 1172 non
2867 1130 3040 1190 potest
3066 1125 3181 1183 ﬁeri
3216 1142 3271 1185 ut
3298 1151 3400 1189 non
3436 1101 3527 1195 ac;

1951 1192 2139 1287 citlerit
2168 1198 2307 1265 quod
2336 1195 2545 1256 accidit.
2577 1205 2649 1259 Da
2681 1210 2990 1287 prophetam
3018 1219 3100 1271 cui
3130 1220 3144 1250 ¹
3179 1230 3281 1276 tam
3318 1192 3521 1285 eertum

1951 1282 2020 1336 sit
2041 1284 2269 1388 futurum
2297 1303 2451 1368 quam
2478 1293 2568 1347 tibi
2599 1282 2920 1363 prwteritum
2952 1322 2965 1357 :
2996 1315 3047 1359 et
3069 1325 3222 1377 quam
3254 1316 3344 1369 tibi
3378 1282 3521 1388 quod

1949 1378 2236 1478 meministi
2266 1380 2455 1463 factum
2482 1425 2496 1449 ,
2527 1402 2630 1439 non
2661 1398 2832 1457 potest
2853 1391 2965 1449 ﬁeri
2992 1407 3047 1450 ut
3073 1416 3177 1457 non
3205 1406 3272 1459 sit
3301 1378 3518 1478 facitnn,

1951 1472 2056 1562 tam
2085 1468 2157 1562 illi
2188 1472 2327 1539 quod
2368 1476 2512 1529 novit
2538 1476 2769 1536 futurum
2792 1525 2807 1549 ,
2838 1502 2942 1541 non
2986 1499 3159 1558 potest
3197 1496 3309 1553 fieri
3340 1512 3394 1556 ιιι
3415 1468 3521 1562 non

1950 1558 2058 1611 liat.
2092 1559 2216 1616 Ideo
2240 1562 2307 1617 de
2333 1568 2614 1624 securitate
2644 1571 2890 1629 dicuntur
2920 1588 3166 1650 tanquam
3213 1575 3475 1657 prwtcrita

1947 1666 2065 1742 qua:
2094 1652 2266 1709 adhuc
2306 1654 2480 1712 futura
2526 1672 2667 1715 sunt.
2700 1663 2811 1731 Hoc
2840 1683 2966 1737 ergo
3002 1652 3294 1742 speramus.
3338 1652 3519 1742 Salvos

1945 1741 2077 1795 enim
2106 1744 2267 1824 fecisti
2294 1762 2384 1801 nos
2407 1765 2468 1802 ea:
2492 1751 2822 1829 amigerctibus
2844 1774 2934 1812 nos
2954 1800 2968 1826 ,
2994 1741 3039 1815 et
3076 1782 3160 1820 eos
3196 1771 3283 1839 qui
3307 1741 3520 1831 oderunt

1944 1848 2035 1887 nos
2063 1836 2355 1905 confudisti.
2976 1850 2979 1851 ⁷
3160 1842 3163 1846 ’

2013 1923 2066 1980 9.
2094 1923 2244 1997 [vers.
2294 1926 2372 2001 9.]
2431 1929 2492 1984 In
2546 1930 2654 2007 Deo
2692 1935 3012 1995 laudabimur
3058 1954 3160 1999 tota
3200 1951 3297 2004 die.
3332 1952 3517 2013 Videte

1940 2017 2387 2118 quemadmodum
2415 2025 2603 2080 miscet
2629 2028 2788 2083 etiam
2829 2034 2989 2089 verba
3030 2037 3188 2095 futuri
3220 2050 3512 2118 temporis,

1940 2114 2000 2163 ut
2044 2107 2307 2180 intelligas
2336 2122 2389 2166 et
2420 2117 2683 2181 pra'terita
2724 2135 2842 2189 qua:
2877 2123 3015 2179 dicta
3058 2110 3178 2184 sunt
3227 2133 3293 2188 tle
3331 2107 3515 2194 lutum;

1938 2212 2059 2255 esse
2089 2202 2362 2269 praedicta.
2395 2203 2461 2259 In
2497 2205 2607 2262 Deo
2629 2210 2946 2268 laudabimur
2976 2228 3080 2272 tota
3108 2212 3188 2276 die
3209 2238 3228 2277 :
3257 2236 3303 2279 et
3336 2229 3387 2281 in
3422 2247 3515 2285 no-

1938 2292 2072 2347 mine
2114 2303 2199 2348 tua
2227 2297 2572 2375 conﬁtebimur
2618 2302 2671 2356 in
2710 2307 2917 2361 saecula.
2950 2310 3114 2379 Quid,
3148 2315 3513 2377 laudabimur?

1936 2385 2060 2455 quid
2085 2428 2100 2453 ,
2125 2389 2511 2458 conﬁtebimur?
2531 2393 2659 2461 Quia
2683 2410 2747 2452 ex
2771 2401 3016 2457 omnibus
3041 2396 3392 2477 afﬂigentibus
3412 2430 3511 2468 nos

1936 2477 2120 2531 eruisti
2150 2494 2268 2546 nos,
2297 2482 2415 2551 quia
2443 2499 2660 2555 regnum
2684 2500 2996 2560 perpetuum
3019 2494 3169 2552 dabis
3193 2501 3363 2569 nobis,
3386 2508 3508 2565 quia

1890 2634 1891 2637 η
1932 2571 2284 2642 οοιιιριιεὶιὶιιιλιο
2311 2576 2362 2630 in
2391 2577 2543 2632 nobis
2562 2619 2576 2644 ,
2601 2578 2747 2652 Beati
2775 2574 2860 2653 qui
2892 2585 3118 2643 habitant
3141 2592 3193 2645 in
3217 2576 3365 2649 domo
3394 2578 3521 2657 tua.‘

1931 2659 2184 2730 Domine,
2228 2666 2282 2739 in
2322 2670 2506 2730 swcula
2551 2674 2851 2731 saxulorum
2899 2670 3177 2753 laudabunt
3218 2694 3266 2739 te
3313 2686 3503 2760 (I’sat.

1931 2768 2128 2820 anxur
2144 2794 2160 2821 ,
2191 2755 2270 2833 5)..
2972 2754 2975 2757 ’
3106 2764 3107 2767 “

2001 2846 2089 2902 10.
2119 2844 2269 2920 [vers.
2297 2848 2409 2922 10.]
2431 2850 2558 2921 ΙΙωο
2578 2842 2702 2924 ρι’έο
2726 2855 2896 2921 futura
2928 2877 3045 2915 cum
3089 2875 3231 2921 certa
3271 2870 3376 2924 sint
3406 2888 3503 2929 no-

1927 2931 2030 3001 bis,
2043 2945 2098 2992 et
2112 2937 2199 2992 illa
2217 2932 2480 3007 praeterita
2496 2957 2615 2997 eum
2631 2960 2659 2999 τι
2681 2949 2919 3030 patribus
2943 2956 3137 3008 nostris
3155 2958 3499 3030 audierimus,

1926 3027 2052 3122 quid
2102 3030 2299 3085 modo?
2350 3031 2504 3088 Nunc
2529 3046 2693 3091 autem
2714 3024 2949 3110 repulisti
2985 3055 3033 3121 rt
3086 3053 3358 3122 confudisti
3385 3024 3498 3113 nos:

1925 3118 2258 3210 tioriludisti,
2300 3139 2406 3210 non
2450 3127 2502 3181 in
2531 3131 2854 3201 conscientia
2900 3118 3109 3207 nostra,
3146 3118 3238 3198 sed
3271 3146 3322 3199 in
3371 3150 3501 3207 faeie

1925 3208 2219 3266 hominum.
2247 3208 2379 3292 Erat
2402 3218 2544 3274 enim
2565 3228 2772 3292 tempus
2791 3240 2897 3294 quo
2920 3227 3280 3300 allligerentur
3315 3236 3500 3294 Chris-

2072 3308 2238 3400 ,-cut‘n
2273 3308 2469 3381 ubiqtte
2499 3301 2771 3383 fugerent,
2815 3302 2934 3391 cum
2967 3322 3160 3391 ubique
3191 3313 3497 3400 diceretur,

1922 3392 2252 3454 Christianus
2269 3406 2386 3468 est,
2411 3411 2658 3474 tanquam
2684 3408 2750 3462 ad
2779 3409 3172 3472 insultationem
3209 3428 3262 3474 et
3295 3421 3359 3476 ad
3401 3392 3498 3494 op;

1921 3487 2194 3556 probrium
2233 3491 2559 3584 pertineret;
2592 3495 2692 3552 Ubi
2721 3509 2802 3554 est
2825 3517 2951 3573 ergo
2980 3505 3070 3560 ille
3106 3507 3247 3565 Deus
3274 3487 3454 3568 noster
3478 3514 3506 3579 ,'

1920 3592 2019 3631 rex
2046 3587 2259 3648 noster,
2302 3583 2394 3652 qui
2434 3585 2649 3641 mandat
2675 3589 2899 3659 salutem
2941 3593 3145 3651 .lacob?
3172 3599 3270 3654 Ubi
3300 3613 3381 3656 est
3409 3596 3504 3659 ille:

1920 3666 2009 3734 qni
2034 3664 2160 3724 fecit
2178 3670 2356 3725 omnia
2377 3689 2495 3756 qua:
2518 3677 2671 3732 nobis
2704 3665 3256 3755 narravcrunt‘patres
3285 3697 3496 3748 nostri?

1914 3756 2019 3815 Ubi
2046 3768 2127 3816 est
2165 3764 2254 3832 qui
2294 3762 2526 3821 facturus
2553 3776 2635 3822 est
2678 3772 2856 3827 omnia
2902 3790 3023 3842 qum
3059 3778 3211 3833 nobis
3242 3764 3504 3840 revelavit'
3562 3796 3569 3805 '

1918 3863 2015 3919 per
2040 3849 2291 3939 Spiritum
2313 3868 2466 3940 suum
2483 3858 2505 3910 ?
2522 3857 2786 3931 Numquid
2812 3873 3040 3918 mutatus
3065 3870 3185 3923 est?
3207 3870 3314 3927 Sed
3333 3876 3383 3928 in
3408 3878 3493 3932 in-

1920 3942 2166 4041 tellectum
2186 3945 2308 4015 ﬁliis
2335 3946 2463 4003 Core
2481 3950 2612 4005 ﬁunt
2638 3953 2769 4008 lunc.
2800 3956 3009 4026 Aliquid
3032 3962 3172 4016 enim
3193 3958 3491 4041 intelligere

1917 4033 2205 4119 debemus,
2240 4054 2404 4110 quare
2438 4056 2537 4098 nos
2560 4044 2656 4098 ista
2694 4047 2869 4102 omnia
2897 4050 3073 4106 medio
3110 4033 3485 4129 temporc'pati

1915 4126 2100 4221 voluit.
2132 4129 2260 4199 Quae
2288 4133 2505 4189 omnia?
2549 4134 2700 4191 Nunc
2735 4150 2900 4194 autem
2943 4147 3170 4215 repuliin
3220 4126 3270 4204 et
3311 4126 3488 4221 confu-

1916 4218 2034 4287 disti
2059 4236 2149 4276 nos
2176 4238 2197 4276 :
2225 4232 2272 4277 et
2299 4241 2398 4279 non
2431 4228 2704 4298 egredieris
2735 4228 2875 4305 Deus
2905 4234 2954 4289 in
2989 4232 3249 4296 virtutibus
3282 4218 3483 4301 nostris.

1915 4308 2258 4391 Procedimus
2285 4316 2352 4372 ad
2380 4319 2620 4375 inimicos
2648 4333 2858 4381 nostros
2878 4369 2892 4392 ,
2917 4338 2970 4405 et
2999 4320 3057 4384 tu
3076 4328 3345 4390 nnbiscmn
3377 4356 3482 4405 ιιοιι

1912 4409 2156 4479 procedis
2183 4429 2198 4466 :
2230 4411 2471 4469 videmus
2490 4430 2581 4471 eos
2604 4457 2616 4480 ,
2643 4400 3038 4487 prmvalentilli
3064 4467 3078 4493 ,
3108 4437 3160 4481 et
3206 4444 3303 4483 nos
3331 4399 3488 4486 iuva:

1911 4496 2004 4555 lidi
2029 4495 2232 4557 sumus.
2264 4502 2362 4559 Ubi
2389 4514 2468 4560 est
2497 4506 2583 4561 illa
2610 4508 2780 4564 virtus
2812 4512 2939 4587 tua?
2962 4512 3047 4568 ubi
3075 4526 3153 4571 cst
3183 4518 3400 4574 dextera
3428 4532 3482 4585 et

1911 4594 2143 4660 potentia
2174 4596 2298 4648 tua?
2328 4596 2410 4651 ubi
2437 4592 2582 4653 mare
2609 4588 2902 4658 siz-catum?
2933 4604 3018 4659 ubi
3041 4605 3271 4682 AigypIii
3298 4625 3479 4679 perse-

1910 4691 2132 4753 quentes
2160 4683 2407 4741 ﬂnctibus
2434 4688 2608 4744 obruti
2665 4690 2859 4760 (Exod.
2906 4709 3029 4763 xw,
3077 4697 3181 4763 21,
3209 4701 3341 4773 τοι
3392 4704 3477 4775 ubi

1909 4776 2158 4831 Amalech
2202 4780 2488 4848 resistens,
2537 4784 2587 4836 in
2617 4778 2785 4838 erucis
2833 4777 2984 4856 signo
3027 4804 3306 4857 superatus
3342 4790 3476 4866 (Id;

1908 4881 2046 4932 xvn,
2080 4869 2139 4922 11
2172 4869 2193 4939 )
2221 4870 2244 4924 ?
2292 4870 2357 4924 Et
2384 4890 2481 4926 non
2508 4876 2776 4953 egredieris
2809 4876 2950 4934 Deus
2977 4881 3030 4935 iu
3078 4879 3336 4943 virtutibus
3376 4908 3471 4945 no-

1906 4959 2040 5015 stris.
2946 4964 2947 4967 “

1978 5050 2061 5105 11.
2104 5049 2251 5122 [vers.
2311 5052 2419 5127 11.]
2446 5054 2681 5110 Avertisti
2725 5069 2889 5131 autem
2917 5081 3008 5120 nos
3052 5080 3326 5125 retrorsum
3371 5092 3475 5144 pra:
3531 5126 3552 5136 ,

1903 5140 2117 5194 inimicis
2140 5143 2324 5198 nostris
2357 5159 2376 5196 :
2403 5154 2460 5199 ut
2505 5148 2652 5214 quasi
2685 5148 2759 5203 illi
2809 5164 2932 5208 ante
2970 5155 3076 5211 sint
3097 5201 3110 5221 ,
3164 5176 3260 5214 nus
3287 5140 3427 5218 retro
3454 5183 3470 5231 ;

1896 5229 1978 5285 illi
2008 5232 2237 5289 victores
2254 5275 2270 5298 ,
2294 5250 2392 5289 nos
2413 5238 2533 5297 victi
2557 5237 2894 5311 deputamur.
2924 5246 2991 5301 Et
3008 5251 3094 5320 qui
3123 5270 3213 5307 nos
3238 5229 3468 5321 oderunt,

1901 5322 2199 5393 diripiebant
2225 5325 2364 5381 sibi:
2404 5328 2560 5397 quid,
2595 5332 2692 5385 nisi
2717 5336 2850 5388 nos?

1971 5414 2060 5469 i2.
2088 5412 2236 5488 [vers.
2270 5415 2382 5491 ‘12.]
2423 5417 2621 5474 Dedisti
2641 5440 2729 5478 nos
2750 5435 2984 5496 tanquam
3008 5446 3121 5487 oves
3146 5450 3390 5501 escarum,
3422 5448 3468 5505 et

1898 5509 1950 5562 in
1968 5508 2254 5589 nationibus
2278 5509 2559 5580 dispersisti
2587 5531 2676 5586 nos
2704 5532 2723 5570 :
2764 5534 2793 5572 a
2839 5522 3139 5578 nationibus
3168 5528 3465 5584 mantlucati

1897 5614 2098 5656 sumus.
2124 5600 2187 5655 Hi
2216 5601 2581 5674 signiﬁcantur
2609 5607 2697 5676 qui
2725 5609 2803 5664 sic
2827 5614 2966 5681 passi
2995 5623 3150 5681 sunt,
3195 5628 3249 5672 ut
3275 5619 3324 5671 in
3347 5595 3463 5674 cer-l

1962 5779 1982 5813 ι
2014 5783 2142 5828 Unus
2160 5782 2264 5837 Its,
2294 5773 2375 5831 cui
2389 5788 2483 5830 non
2506 5782 2607 5831 tam
2637 5784 2822 5832 rerum:
2839 5780 2922 5834 sit.
