4004 6200
507 291 606 376 is?
633 313 640 330 -

508 381 605 480 pus
631 404 865 482 gentium
896 409 1245 460 verterentur.
1277 398 1478 470 Plangit
1503 397 1644 453 enim
1672 411 1766 451 eos
1799 394 2033 450 Ecclesia
2061 435 2077 461 ,

507 474 1023 568 tanquani‘hrembr:1
1045 508 1138 546 sua
1157 491 1436 546 devorata.

533 591 537 594 ⁴
577 592 665 645 15.
695 587 843 666 [item
873 582 986 656 13.]
1018 581 1296 638 Vendidisti
1349 585 1587 653 populum
1617 590 1756 634 tuum
1773 579 1880 634 sine
1901 577 2079 650 pretio.

509 678 907 736 Vidimus'enim
939 691 1074 754 quos
1103 677 1121 708 ‘
1142 673 1330 730 dedisti
1357 716 1373 740 ,
1397 690 1502 728 non
1535 673 1764 728 vidimus
1781 673 1906 742 quid
1931 687 2082 727 acce-

507 773 647 840 pisti.
679 768 745 824 Et
772 787 872 824 non
914 767 1330 838 fuit'multitudo
1375 767 1427 820 in
1460 765 1844 837 jubilutiouibus
1885 781 2078 842 eorum:

501 863 768 934 Numquid
789 862 928 918 enim
953 860 1164 932 quando
1183 859 1451 935 fugiebant
1467 859 1748 913 Christiani
1766 871 2084 932 persequen-

507 937 650 1012 tibus
677 956 905 1012 inimicis
937 954 1268 1019 idololatris,
1305 952 1500 1006 ﬁebant
1541 952 1976 1020 eongregationes
2027 959 2081 1004 et

501 1048 846 1119 jubilationes
871 1045 1020 1100 Deo?
1069 1036 1330 1114 Numquid
1353 1043 1768 1097 concinebantur
1797 1040 1976 1112 hymni
2013 1040 2082 1122 de

503 1139 744 1196 ecclesiis
776 1138 865 1192 Dei
889 1179 902 1202 ,
937 1137 1023 1206 qui
1057 1136 1232 1212 solent
1275 1135 1326 1189 in
1375 1147 1506 1204 pace
1545 1133 1786 1199 cuncini,
1829 1131 2082 1208 dulcique

503 1244 764 1289 concentu
799 1231 1141 1285 fraternitatis
1173 1218 1264 1284 Dei
1283 1228 1500 1282 auribus
1532 1225 1840 1298 pcrsonari?
1885 1224 1951 1278 Et
1979 1241 2080 1304 non

502 1327 600 1398 fuit
623 1313 890 1378 multitudo
917 1323 970 1376 in
981 1320 1367 1392 jubilationibus
1395 1335 1585 1374 eorum.
1626 1327 1630 1330 ‘
1702 1361 1713 1372 κ

577 1416 663 1470 14.
693 1413 844 1486 [vers.
900 1413 998 1478 Η,
1035 1410 1146 1484 15.]
1184 1409 1404 1476 PospiSti
1443 1398 1543 1470 nos.
1567 1409 1622 1490 in
1648 1405 1972 1490 approbrium
2001 1406 2080 1460 vi-

505 1509 630 1561 cinis
657 1507 840 1560 nostris
860 1549 873 1572 ,
903 1489 1344 1560 subsannationem
1369 1511 1420 1570 et,
1441 1491 1662 1586 derisum
1694 1501 1772 1554 his
1795 1489 1879 1577 qui
1905 1501 1956 1554 in
1982 1500 2080 1574 cir-

503 1603 642 1655 cuitu
671 1610 840 1654 nostro
865 1611 999 1654 sunt.
1043 1597 1259 1652 Posuisti
1287 1613 1378 1653 nos
1423 1597 1473 1649 in
1501 1595 1875 1658 similitudinem
1903 1595 1956 1654 in
1981 1611 2078 1660 na-

502 1693 737 1747 tionib‘us.
761 1691 897 1760 Quid
920 1698 1004 1745 est
1023 1732 1038 1755 ,
1066 1691 1118 1742 in
1143 1687 1566 1743 similitudinem?
1591 1685 1814 1752 Quando
1853 1683 2076 1740 maledi-

505 1781 686 1838 centes
714 1783 954 1836 homines
983 1779 1374 1840 similitudinem
1405 1779 1529 1832 dant
1559 1779 1625 1832 de
1664 1793 1732 1832 co
1781 1792 1937 1844 quem
1987 1775 2080 1829 de-

505 1884 765 1930 testantur
793 1891 806 1926 :
855 1872 944 1928 Sic
971 1873 1216 1926 moriaris
1241 1913 1256 1937 ,
1296 1872 1375 1924 sic
1423 1869 1676 1940 pnniaris.
1707 1869 1916 1936 Quanta
1954 1877 2078 1948 tunc

506 1957 642 2020 dieta'
663 1974 780 2018 sunt
810 1964 965 2018 talia?
987 1963 1075 2018 Sic
1088 1961 1436 2028 cruciliguris.
1457 1960 1730 2030 Hodieque
1755 1975 1856 2012 ttOtt
1883 1958 2078 2012 desunt

504 2050 684 2130 hostes
712 2057 906 2130 Christi
934 2099 948 2123 ,
995 2057 1068 2110 illi
1101 2055 1199 2125 ipsi
1229 2053 1396 2108 Judmi
1419 2094 1434 2117 ,
1465 2065 1649 2107 contra
1691 2068 1823 2122 quos
1866 2051 2077 2130 quando

503 2127 839 2205 defendimus
881 2149 1188 2222 Christum,
1231 2147 1412 2202 dicunt
1453 2147 1652 2200 nobis:
1699 2145 1787 2201 Sic
1835 2147 2078 2222 moriaris

505 2223 774 2310 quomodo
820 2241 926 2293 ille.
959 2219 1244 2316 Nnn‘enim
1289 2239 1430 2292 illam
1460 2246 1682 2292 mortem
1729 2239 2028 2294 intulissent
2059 2281 2073 2306 ,

505 2333 607 2386 nisi
655 2347 722 2388 eo
769 2320 927 2384 modo
982 2319 1114 2385 mori
1165 2330 1508 2385 vehementer
1535 2329 2078 2396 cxhorrnissent;ant

503 2423 627 2491 quid
655 2423 893 2495 mysterii
923 2423 1180 2488 haberet,
1213 2421 1257 2475 si
1287 2421 1580 2490 intelligere
1613 2409 2073 2490 potuissent.‘

502 2530 598 2570 cus
626 2513 836 2584 quando
886 2503 1221 2590 inunguitur,
1267 2513 1542 2584 collyrium
1591 2513 1642 2566 in
1674 2528 1832 2567 manu
1867 2514 2079 2590 medici

505 2625 608 2661 non
636 2605 796 2660 videt.
828 2589 1110 2680 Name-rus
1133 2605 1244 2672 ipsa
1273 2613 1326 2659 ct
1347 2619 1442 2674 pro
1467 2605 1594 2672 ipsis
1638 2604 2076 2682 persequentibus

503 2704 636 2760 facta
665 2710 764 2752 est.
797 2696 921 2752 Inde
952 2706 1072 2750 sunt
1105 2707 1284 2766 postea
1315 2695 1520 2762 sanati,
1567 2703 1622 2748 et
1649 2697 1700 2750 in
1740 2711 1861 2750 eum
1913 2695 2076 2772 credi-

501 2794 695 2844 derunt
719 2805 873 2857 quem
903 2789 1002 2858 ipsi
1031 2787 1363 2842 occiderunt.
1391 2785 1622 2840 Posuisti
1655 2803 1744 2870 nos
1765 2787 1816 2840 in
1841 2773 2072 2841 s’imilim-

502 2883 671 2934 dinem
703 2882 754 2934 in
783 2880 1094 2944 nationibus,
1124 2879 1505 2932 commotionem
1530 2868 1709 2948 capitis
1755 2880 1805 2931 in
1834 2880 2034 2950 pepuli:
2057 2895 2078 2937 :

503 2972 914 3026 rotnmotionem
943 2970 1130 3040 capitis
1160 2969 1226 3024 ad
1268 2967 1648 3039 insultandmn.
1689 2969 1752 3022 [τι
1782 2971 1935 3024 locuti
1957 2982 2075 3042 sunt

436 3089 444 3095 ο
503 3061 678 3126 labiis,
706 3073 750 3114 et
771 3071 1026 3115 moverunt
1055 3053 1404 3135 caputllfsol.
1434 3045 1558 3122 xxi,
1581 3057 1659 3132 8).
1693 3058 1800 3114 lloc
1829 3060 2071 3126 Domino,

444 3171 457 3188 ο
505 3157 605 3206 hoc
632 3151 787 3204 etiam
815 3150 1063 3206 omnibus
1084 3151 1282 3205 sanetis
1308 3149 1422 3220 ejus
1441 3191 1456 3214 ,
1479 3163 1616 3218 quos
1651 3151 1916 3219 persequi,
1941 3167 2078 3220 quos

505 3252 719 3308 tcucrc,
747 3257 878 3311 (tutos
899 3241 1120 3296 illudcre
1139 3281 1152 3306 ,
1185 3255 1318 3311 quos
1347 3241 1554 3296 tradere
1577 3283 1592 3309 ,
1623 3256 1757 3312 quos
1789 3243 2024 3314 aflligcre
2054 3285 2074 3313 ,

504 3347 636 3404 quos
657 3329 900 3386 occidere
923 3340 1226 3401 potuerunt.

581 3427 668 3482 15.
703 3423 851 3500 [vers.
883 3424 948 3480 16
969 3465 982 3492 ,
1011 3423 1120 3498 17.]
1155 3423 1280 3479 Tota
1307 3425 1389 3480 die
1417 3426 1710 3480 verecundia
1757 3443 1868 3482 mea
1899 3437 2076 3483 contra

503 3534 582 3572 me
605 3526 710 3583 est,
735 3525 778 3569 et
804 3516 1030 3588 confusio
1056 3516 1218 3570 vultus
1247 3518 1341 3569 mei
1385 3517 1578 3586 operuit
1626 3532 1703 3570 me
1727 3531 1746 3572 :
1783 3533 1816 3570 a
1843 3534 1958 3572 roce
1983 3535 2072 3572 ea:-

507 3607 790 3678 probrantis
816 3617 862 3660 et
893 3605 1203 3676 obloquentis
1233 3623 1253 3660 :
1283 3608 1382 3664 hoc
1408 3614 1489 3662 est
1508 3648 1521 3672 ,
1573 3621 1604 3660 a
1652 3623 1783 3662 voce
1813 3608 2074 3688 insultan-

506 3703 632 3754 tium
661 3710 716 3756 et
734 3701 932 3755 crimen
963 3700 1088 3753 mihi
1117 3699 1476 3770 objicienlium
1499 3741 1512 3765 ,
1547 3699 1670 3770 quia
1692 3701 1809 3756 colo
1854 3710 1920 3765 te,
1952 3702 2092 3772 quia.

503 3794 763 3848 confiteor
791 3801 878 3847 te:
910 3805 962 3848 et
987 3792 1186 3847 crimen
1211 3793 1337 3846 mihi
1361 3792 1720 3862 objicientium
1755 3793 1822 3848 de
1866 3795 1956 3848 illo
1981 3809 2076 3850 no-

506 3887 681 3949 mine,
709 3884 848 3938 unde
888 3899 1003 3939 mea
1042 3883 1221 3938 omnia
1270 3879 1490 3938 crimina
1521 3883 1855 3940 delebuntur.
1889 3885 1932 3938 Α
1960 3901 2076 3939 voce

506 3977 849 4046 exprobrantis
869 3987 914 4029 et
935 3977 1268 4046 obloquentis,
1299 3977 1349 4030 id
1370 3987 1449 4031 est
1467 4019 1480 4041 ,
1502 3986 1684 4032 contra
1730 3993 1814 4032 me
1855 3979 2072 4048 loquen-

511 4071 594 4124 tis.
629 4070 670 4122 Α
695 4069 824 4136 facie
849 4068 1038 4122 inimici
1066 4078 1112 4122 et
1156 4070 1506 4141 persequenda.
1535 4071 1596 4124 Et
1616 4071 1738 4140 quis‘
1762 4071 1846 4126 hic
1873 4072 2074 4126 intelle-

507 4160 661 4220 ctus?
707 4164 834 4228 Qua:
861 4163 1124 4231 praeterita
1147 4161 1288 4242 dicta
1312 4155 1434 4218 sunt
1456 4205 1470 4227 ,
1501 4180 1602 4216 non
1633 4164 1683 4220 in
1716 4165 1866 4218 nobis
1897 4167 2024 4220 lient
2057 4184 2070 4219 :

506 4274 626 4332 qua:
653 4257 822 4312 futura
869 4261 1185 4325 sperantur,
1214 4269 1320 4310 non
1363 4266 1638 4333 apparent.
1669 4255 1940 4314 Prarterita
1971 4275 1984 4309 :
2020 4259 2073 4312 in

509 4367 696 4421 magna
725 4349 892 4420 gloria
919 4355 1006 4402 tua
1033 4345 1254 4401 eductus
1277 4355 1359 4410 est
1381 4347 1602 4416 populus
1622 4348 1688 4403 de
1716 4347 1948 4434 digypto
1967 4389 1982 4414 ,
2012 4348 2075 4402 li-

511 4445 723 4499 bri-atus
748 4458 776 4495 a
808 4437 1274 4510 persequentibus,
1306 4437 1496 4492 ductus
1525 4455 1618 4508 per
1649 4449 1860 4508 gentes,
1891 4441 2078 4510 expuh

497 4555 580 4590 sis
606 4535 850 4606 gentibus
873 4533 1165 4588 collocatus
1189 4531 1240 4586 in
1273 4545 1456 4601 regno.
1488 4532 1617 4596 Qua:
1665 4513 1878 4612 futura?
1933 4533 2074 4620 (Stiu-

505 4631 702 4686 cendus
731 4626 956 4696 populus
985 4623 1052 4680 de
1078 4623 1174 4678 ista
1203 4621 1436 4694 Egypto
1457 4622 1634 4677 s:rculi
1655 4664 1670 4686 ,
1697 4623 1831 4678 duce
1863 4623 2072 4678 Christo

399 4749 416 4770 .
505 4727 792 4786 apparen‘te
815 4718 866 4772 in
889 4717 1051 4787 gloria
1079 4731 1202 4778 sua;
1237 4713 1464 4786 ponendi
1490 4715 1656 4768 sancti
1684 4713 1748 4768 ad
1775 4713 2067 4783 dexteram,

507 4807 670 4878 iniqui
701 4805 766 4863 ad
794 4802 1060 4862 sinistram
1082 4849 1098 4872 ,
1122 4803 1406 4860 damnandi
1441 4804 1600 4873 iniqui
1639 4817 1756 4858 cum
1783 4788 1989 4868 diabolo
2019 4806 2070 4866 in

505 4914 707 4958 asterna
751 4917 944 4971 paena;
985 4899 1348 4972 accipiendum
1377 4913 1596 4968 regnum
1635 4912 1664 4951 a
1703 4897 1913 4952 Christo
1952 4884 2069 4952 cum

505 4994 702 5048 sanetis
729 4994 779 5047 in
806 4994 1209 5062 sempiternum.
1239 4991 1361 5047 llmc
1381 5003 1501 5046 sunt
1529 4990 1724 5056 futura,
1749 4989 1833 5044 illa
1859 4999 2072 5060 praeter-

506 5087 598 5154 ita.
633 5085 688 5140 lu
745 5085 918 5138 medio
942 5085 1100 5156 quid?
1130 5085 1536 5140 Tribulationcs.
1565 5082 1776 5150 Quare?
1806 5082 1870 5138 Ut
1907 5097 2070 5153 appa-

508 5189 620 5234 reat
644 5180 850 5233 aninms
875 5180 1054 5232 cot'ens
1085 5167 1250 5232 Deum
1271 5219 1285 5243 ,
1325 5191 1581 5248 quantum
1610 5175 1745 5232 colat
1790 5177 1986 5241 Deum;
2017 5187 2073 5232 ut

509 5289 530 5323 \
547 5273 752 5327 ideatur
777 5281 950 5336 utrum
973 5269 1134 5338 gratis
1155 5269 1293 5323 colat
1316 5285 1436 5322 eum
1459 5286 1485 5322 a
1513 5284 1619 5340 quo
1659 5270 1882 5323 salutem
1905 5271 2072 5340 gratis

504 5363 726 5433 accepit.
751 5361 804 5416 Si
827 5359 966 5416 enim
998 5359 1087 5412 tibi
1111 5358 1248 5413 dicat
1271 5359 1436 5421 Deus,
1469 5358 1603 5428 Quid
1631 5359 1821 5438 dedisti
1850 5359 1977 5413 mihi
2018 5369 2075 5414 ut

505 5455 731 5509 lacerent
760 5451 847 5506 te?
874 5451 1029 5506 Certe
1051 5449 1094 5503 si
1118 5449 1282 5527 factus
1314 5451 1650 5519 promeruisti
1681 5466 1764 5505 me
1789 5492 1802 5514 ,
1833 5465 1936 5504 non
1987 5466 2072 5507 me

507 5556 877 5614 prnmurucras
903 5520 1184 5626 antequam
1204 5531 1440 5628 ineorum
1466 5545 1540 5594 te.
1573 5541 1707 5608 Quid
1754 5540 1949 5596 dicturi
1979 5557 2070 5596 su-

505 5654 622 5691 Inns
646 5637 692 5691 ei
713 5679 726 5704 ,
751 5638 836 5705 qui
871 5636 1040 5704 primo
1067 5614 1228 5702 gratis
1259 5614 1353 5687 nos
1392 5631 1544 5700 fecit,
1594 5633 1716 5705 quia
1757 5634 1924 5689 bonus
1949 5643 2030 5690 est
2050 5675 2065 5701 ,

565 5747 582 5779 ⁶
619 5747 782 5798 Plures
805 5744 1101 5810 .\tss.,quotl.-
1195 5761 1213 5769 '-

1737 279 1792 356 s.
1836 275 2208 375 Aususrtut
2235 273 2530 336 ertscort
3055 288 3058 294 ·
3641 287 3719 356 v.33.

2191 408 2296 446 non
2329 391 2449 460 quia
2474 367 2672 460 aliquid
2721 403 3009 442 meruimus
3035 390 3058 441 ?
3087 388 3296 444 Deinde
3319 391 3382 445 de
3406 393 3506 460 ipsa
3535 408 3719 462 repara-

2190 484 2332 538 tione
2352 523 2366 544 ,
2389 483 2456 536 de
2474 480 2704 536 secunda
2734 480 3004 536 nativitate
3033 481 3154 549 quid
3185 467 3564 538 dicinri‘sumus
3583 487 3602 538 ἰν
3621 491 3714 541 ute-

2188 577 2288 632 rita
2313 585 2494 631 nostra
2527 574 2714 631 fecisse
2756 584 2812 629 ut
2838 576 2988 630 nobis
3016 576 3100 653 illa
3127 577 3269 629 salus
3303 575 3539 653 perpetua
3567 591 3714 634 mttlu-

2186 681 2334 728 retur
2357 683 2386 727 a
2430 666 2692 722 Domino"
2723 667 2892 721 A’hsit.
2923 665 2976 721 Si
3010 651 3195 720 merita
3227 651 3601 750 nostra'aliquid
3649 673 3688 724 la

2185 776 2370 821 cerent
2393 809 2407 833 ,
2431 767 2498 822 ad
2519 761 2914 822 damnationem
2941 771 3177 823 nostram
3207 753 3426 822 t‘cnit‘él.
3451 766 3559 826 Non
3594 765 3718 818 venit

2186 858 2276 913 ille
2303 859 2370 914 ad
2391 861 2771 929 inspectioan
2795 861 3101 936 meritorum
3127 902 3144 928 ,
3173 866 3266 916 sed
3295 862 3358 916 ad
3389 865 3714 936 remissionem

2186 938 2544 1030 peccatorum.
2589 951 2704 1006 Non
2738 933 2910 1018 luisti,
2937 960 2992 1007 et
3031 950 3202 1006 factus
3229 969 3322 1008 es:
3369 954 3486 1024 quid
3517 933 3716 1030 Deride-

2185 1042 2346 1096 disti?
2382 1026 2547 1098 Malus
2579 1042 2718 1120 fuisti
2740 1053 2838 1111 ,oct
2865 1044 3120 1099 liberatus
3135 1061 3225 1100 es:
3255 1046 3378 1116 quid
3405 1047 3506 1102 Deo
3531 1026 3718 1120 dedisti!

2184 1131 2320 1214 Quid
2345 1124 2447 1188 noti
2487 1135 2556 1216 ab
2575 1117 2653 1212 eo
2681 1136 2844 1218 gratis
2865 1135 3155 1206 accepisti?
3182 1136 3366 1191 Merito
3394 1148 3445 1193 et
3469 1117 3720 1222 gratia-ita:-

2185 1225 2445 1290 tninatur,
2475 1227 2594 1296 quia
2617 1227 2781 1294 gratis
2801 1227 2978 1282 datur.
3011 1227 3254 1299 Esigitur
3287 1245 3410 1300 ergo
3433 1248 3459 1284 a
3507 1241 3579 1298 te,
3605 1241 3655 1286 ut
3676 1224 3716 1290 ei.

2184 1324 2239 1395 tu
2266 1319 2428 1385 gratis
2452 1333 2572 1371 cum
2619 1320 2765 1415 col‘as
2790 1339 2803 1376 :
2851 1335 2958 1375 non
2986 1323 3105 1392 quia
3131 1322 3222 1376 dat
3254 1323 3552 1396 temporalia
3581 1363 3596 1388 ,
3642 1325 3718 1402 sed

2181 1405 2302 1478 quia
2327 1419 2540 1476 praestat
2559 1405 2778 1466 aeterna.

2257 1500 2342 1554 l6.
2399 1497 2502 1584 Sed
2526 1490 2636 1571 ipsa
2665 1512 2858 1556 :rterna
2883 1502 3002 1559 vide
3028 1519 3096 1559 ne
3119 1505 3272 1559 aliter
3299 1505 3492 1574 cogites
3515 1545 3528 1570 ,
3558 1514 3607 1560 et
3641 1519 3718 1560 co-

2183 1587 2398 1660 éitando
2440 1585 2638 1651 interna
2668 1597 2986 1668 carnaliter,
3041 1596 3384 1654 nihilominus
3435 1599 3588 1654 Deum
3623 1615 3724 1668 gnt-

2185 1685 2269 1738 tis'
2301 1670 2404 1764 non
2459 1685 2624 1740 colas.
2679 1667 2815 1762 Quid
2863 1675 3053 1742 enim?
3101 1681 3165 1742 Si
3215 1688 3338 1744 ideo
3381 1690 3508 1744 colis
3545 1667 3718 1756 Deum,

2183 1765 2300 1845 quia
2355 1779 2444 1831 dat
2497 1765 2617 1856 tibi
2652 1777 2870 1833 futtidum
2919 1819 2934 1842 ,
3005 1796 3110 1834 non
3175 1796 3298 1835 eum
3355 1782 3583 1836 culturus
3629 1796 3720 1846 es,

2182 1870 2300 1938 quia
2351 1869 2484 1922 tollit
2541 1870 2629 1923 tibi
2665 1868 2927 1924 fundum?
2967 1859 3072 1926 Sed
3129 1870 3263 1926 forte
3295 1881 3352 1927 tu
3405 1871 3572 1926 dicis:
3615 1872 3722 1926 loco

2181 1940 2300 2038 cum
2323 1961 2512 2027 colam,
2545 1943 2666 2037 quia
2692 1949 2980 2017 dabitmibi
3008 1963 3212 2040 villam,
3242 1951 3348 2036 non
3393 1973 3559 2018 tamen
3608 1974 3722 2018 tem-

2183 2037 2439 2124 ptqfalem.
2470 2051 2826 2109 Nihilominus
2853 2051 3034 2110 adhuc
3047 2037 3354 2126 corruptam
3401 2067 3618 2112 mentem
3645 2071 3722 2127 ge-

2181 2127 2298 2197 ris‘:
2331 2158 2511 2198 amore
2537 2145 2679 2198 enim
2725 2155 2872 2198 casto
2915 2161 3018 2200 non
3061 2147 3212 2210 colis,
3237 2147 3414 2204 adimo
3453 2147 3722 2202 mercedi-tt)

2181 2235 2403 2303 expetis.
2437 2236 2506 2288 Ea
2536 2237 2678 2290 enim
2703 2237 2779 2290 vis
2823 2236 3022 2292 habere
3067 2239 3119 2292 in
3167 2220 3353 2293 futuro
3379 2220 3596 2301 sarculo,
3623 2253 3723 2307 qua:

2183 2325 2274 2401 hic.
2295 2341 2511 2382 necesse
2539 2337 2620 2381 est
2659 2326 2999 2398 derelinquas
3032 2345 3046 2383 :
3077 2339 3286 2386 mutare
3323 2331 3404 2385 vis
3429 2331 3723 2400 voluptatem

2179 2420 2468 2497 carnalem,
2511 2435 2616 2474 non
2652 2405 2945 2497 amputare.
2981 2421 3094 2482 Non
3127 2424 3374 2497 laudatur
3407 2425 3456 2478 in
3485 2425 3572 2480 illo
3595 2423 3719 2492 jeju-

2180 2493 2460 2580 nium,-qui
2625 2495 2946 2591 luxuriosam
3016 2529 3222 2591 cautam
3254 2491 3464 2572 =ts‘ervat
3506 2525 3722 2572 ventrem

2179 2591 2353 2656 suum.
2378 2587 2826 2689 Invitanturcnim
2859 2587 3142 2674 aliquando
3176 2607 3427 2662 homines
3452 2606 3514 2662 ad
3545 2622 3724 2663 canam

2179 2710 2446 2764 magnam,
2474 2704 2530 2750 ct
2555 2710 2675 2750 Cum
2703 2696 2767 2750 ad
2799 2712 2914 2752 eam
2946 2699 3127 2752 volunt
3174 2699 3322 2754 avidi
3378 2701 3570 2766 venire,
3610 2701 3720 2769 jeju-

2179 2790 2306 2838 naut
2329 2802 2342 2841 :
2367 2787 2620 2856 numquid
2649 2786 2748 2841 hoc
2773 2787 3030 2856 jejunium
3052 2791 3424 2856 cuntincntim,
3455 2799 3508 2846 ct
3533 2807 3626 2845 non
3650 2805 3728 2860 po.

2179 2877 2283 2932 tius
2308 2876 2528 2932 luxuria:
2549 2876 2902 2947 deputandum
2933 2880 3048 2933 cst?
3079 2879 3194 2934 Noli
3229 2897 3368 2952 ergo
3395 2883 3511 2936 talia
3537 2895 3727 2950 sperare

2179 2971 2272 3024 ttbi
2297 2971 2468 3025 danda
2494 2987 2522 3023 τι
2543 2971 2670 3034 Deo,
2698 2972 2870 3038 qualia
2899 2971 2986 3026 hic
3023 2972 3173 3042 jubet
3219 2987 3583 3031 contemnere.
3624 2975 3732 3052 ΙΙευᾳ,

2177 3061 2317 3114 enim
2348 3063 2630 3131 Sperabant
2654 3061 2844 3128 Judmi,
2873 3062 2991 3118 ideo
3019 3064 3376 3121 turbabantur
3406 3067 3453 3120 in
3483 3066 3564 3121 illa
3600 3074 3726 3135 quaté

2177 3153 2369 3207 stione.
2411 3152 2538 3206 Nam
2582 3163 2634 3206 ct
2675 3153 2770 3221 ipsi
2801 3156 3240 3210 resurrectionem
3263 3169 3502 3228 sperant,
3551 3159 3634 3213 sed
3671 3157 3727 3228 ad

2178 3244 2310 3298 tales
2355 3243 2650 3312 voluptates
2698 3245 2935 3312 corporis
2976 3259 3034 3299 se
3075 3257 3290 3315 sperant
3339 3223 3732 3312 resurrecturus;

2176 3335 2358 3405 quales
2398 3334 2482 3388 hic
2510 3343 2706 3388 amant.
2743 3335 2864 3390 Ideo
2902 3351 3019 3390 eum
3071 3337 3150 3392 eis
3195 3353 3586 3412 proponeretur
3607 3355 3729 3409 qna:-

2175 3426 2280 3481 stio
2305 3425 2387 3480 illa
2417 3441 2446 3476 a
2491 3423 2822 3490 Sadducmis;
2857 3426 2944 3496 qui
2991 3443 3094 3480 non
3139 3429 3369 3486 credunt
3409 3431 3726 3486 resurrectio-

2177 3533 2317 3582 nem,
2346 3517 2413 3573 de
2434 3519 2520 3572 illa
2546 3518 2769 3572 muliere
2793 3533 2910 3587 qua:
2940 3519 3118 3594 nupsit
3146 3530 3354 3591 septem
3387 3505 3628 3582 fratribus
3663 3521 3731 3575 si-

2177 3607 2340 3671 bimet
2383 3608 2804 3673 succedentibus,
2853 3608 3008 3679 cujus
3058 3594 3240 3666 eorum
3281 3597 3728 3674 in'resurreetioue

2175 3701 2272 3754 erit
2297 3715 2447 3767 uxor,
2478 3699 2794 3754 deﬁciebant
2822 3703 2859 3766 ‘,
2892 3709 2946 3756 ct
2981 3705 3304 3772 respondere
3345 3722 3449 3762 non
3493 3691 3730 3777 poterant.

2169 3789 2244 3847 'At
2268 3808 2388 3846 vero
2415 3793 2634 3846 Domino
2659 3793 2870 3863 quando
2897 3805 2976 3865 est
3009 3798 3299 3876 proposita,
3330 3801 3451 3871 quia
3483 3799 3628 3854 nobis
3659 3815 3728 3852 re-

2175 3884 2432 3938 surrectio
2462 3885 2580 3938 talis
2606 3885 2943 3962 promittitur,
2969 3902 3072 3952 non
3099 3904 3198 3956 qua
3231 3901 3542 3960 repetantur
3564 3890 3726 3960 hujus-

2176 3976 2316 4031 modi
2345 3978 2366 4008 ⁸
2392 3975 2706 4056 voluptates,
2743 3978 2836 4034 sed
2861 3994 2962 4050 qua
3007 3972 3202 4044 atterna
3233 3981 3309 4044 de.
3329 3983 3447 4054 ipso
3474 3985 3578 4040 Deo
3615 3971 3728 4052 gau-

2175 4069 2261 4124 dia
2287 4060 2678 4140 comparentur,
2713 4071 2988 4150 respondit
3016 4063 3288 4139 Dominus,
3333 4087 3389 4137 et
3417 4078 3493 4132 ait
3517 4057 3732 4152 {Erratis

2175 4162 2441 4218 nescientes
2494 4160 2819 4236 Scripturas,
2857 4179 3012 4236 neque
3053 4164 3281 4218 virtutem
3328 4165 3427 4238 Dei
3458 4185 3476 4221 :
3507 4157 3730 4220 ἱηῖιιειιτ-

2174 4252 2390 4305 rectione
2414 4250 2542 4305 enim
2571 4267 2727 4320 neque
2751 4253 2952 4318 nubent,
2981 4269 3136 4325 neque
3171 4239 3358 4310 uxores
3401 4257 3577 4312 durent
3606 4270 3733 4310 :nou

2175 4344 2305 4396 enim
2323 4342 2559 4412 incipient
2585 4341 2728 4413 mori.
2755 4341 2808 4396 id
2835 4354 2936 4409 est,
2961 4361 3063 4398 non
3083 4345 3160 4399 ibi
3178 4350 3436 4416 quaeritur
3455 4361 3728 4407 successor,

2177 4435 2261 4486 ubi
2315 4449 2420 4486 non
2455 4415 2556 4504 erit
2587 4423 2852 4488 decessor;
2897 4434 2962 4512 Et
3007 4436 3128 4504 quid
3179 4415 3316 4491 erit?
3342 4439 3452 4494 Sed
3473 4447 3630 4502 erunt,
3664 4437 3731 4488 in-

2175 4525 2306 4594 qnil,
2337 4525 2553 4597 a'quules
2581 4526 2786 4595 Angelis
2812 4525 2910 4580 Dei
2937 4525 3148 4596 (Matth.
3173 4545 3302 4594 χιιι,
3329 4531 3426 4598 29,
3447 4531 3534 4592 50,
3557 4541 3600 4584 et
3621 4529 3731 4582 an.

2175 4631 2264 4680 xx,
2301 4617 2390 4674 33.
2419 4616 2545 4688 56).
2595 4616 2705 4687 Nisi
2751 4615 2886 4672 forte
2939 4629 3110 4687 putas,
3153 4619 3293 4688 quod
3343 4621 3532 4692 Angeli
3579 4617 3732 4690 epulis

2173 4701 2513 4788 quotidianis,
2544 4716 2598 4762 ct
2644 4707 2766 4761 vino
2817 4722 2921 4788 quo
2954 4716 3003 4762 te
3033 4707 3282 4774 ineln'ias,
3321 4713 3604 4782 gaudeant,
3654 4715 3734 4764 aut

2157 4783 2276 4852 ‘hoc
2305 4787 2440 4852 forte
2479 4799 2774 4864 arbitraris,
2825 4783 2965 4868 quod
3020 4799 3205 4869 Angeli
3253 4816 3450 4857 ux0res
3497 4802 3730 4856 habeant.

2173 4887 2313 4962 Nihil
2335 4873 2518 4943 eorum
2545 4897 2626 4942 est
2653 4887 2790 4956 apud
2817 4885 3066 4958 Angelos.
3090 4888 3243 4945 Unde
3271 4891 3500 4960 gaudent
3535 4890 3730 4962 Angeli,

2175 4977 2275 5034 nisi
2319 4978 2458 5049 unde
2504 4978 2759 5033 Dominus
2785 4981 2898 5033 ait:
2925 4977 3146 5034 Nescitis
3193 4981 3311 5050 quia
3350 4981 3534 5053 Angeli
3579 4991 3732 5039 eorum

2171 5058 2366 5142 semper
2393 5071 2557 5126 vident
2581 5071 2758 5142 faciem
2786 5069 2956 5126 Patris
2990 5071 3358 5144 (Matt/unm,
3386 5074 3508 5144 l0)?
3535 5071 3589 5128 Si
3617 5083 3732 5139 ergo

2173 5164 2240 5220 ad
2264 5147 2454 5220 faciem
2481 5162 2652 5217 Patris
2670 5161 2901 5232 gaudent
2927 5163 3133 5232 Angeli,
3173 5163 3239 5218 ad
3280 5165 3384 5218 tale
3411 5164 3658 5234 gaudium
3685 5168 3730 5224 te

2175 5269 2408 5324 praepara
2441 5273 2454 5308 :
2482 5263 2571 5308 aut
2595 5253 2638 5308 si
2665 5251 2870 5308 invenis
2899 5253 3088 5308 melius
3135 5263 3289 5324 quam
3327 5255 3512 5310 videre
3559 5253 3732 5309 faciem

2176 5347 2351 5403 Dei“?
2384 5345 2475 5401 Vm
2503 5345 2589 5400 tali
2634 5345 2798 5400 amon’
2843 5353 2952 5410 tuo,
3002 5345 3046 5400 si
3075 5346 3162 5401 vel
3214 5346 3501 5416 suspicaris
3547 5339 3731 5416 aliquid

2239 5500 2258 5570 ξ
2289 5499 2362 5570 sic
2385 5505 2488 5548 Mss.
2523 5504 2579 5548 At
2613 5497 2748 5558 Μὰ..
2771 5495 2820 5548 in
2841 5497 3184 5550 resurrectione
3213 5499 3375 5562 futura
3397 5505 3523 5561 erat,
3655 5495 3734 5546 da-

2423 5627 2550 5680 tuss.,
2573 5621 2716 5683 hujus
2735 5621 2920 5673 mundi.

2178 5685 2258 5796 es:
2289 5684 2370 5736 Hic
2391 5683 2438 5733 in
2461 5678 2571 5734 Edd'.
2592 5678 2800 5747 additur,
2823 5683 2936 5736 illuc
2957 5690 3000 5762 te
3023 5697 3284 5749 purpura:
3307 5681 3444 5750 quod
3467 5695 3495 5733 ³
3531 5690 3637 5734 διδ·
3659 5678 3742 5729 ﬂ"
3800 5757 3806 5762 .
