4004 6200
277 363 373 420 489
650 397 661 412 .
1367 335 1760 415 ENARDATIO
1800 355 1866 410 IN
1906 355 2223 413 PSALMUM
2263 361 2438 419 XthL

276 469 565 548 pulchrius,
589 493 747 547 quam
778 486 862 532 est
891 477 977 532 ille
1007 492 1036 532 a
1081 491 1186 547 quo
1234 484 1315 530 est
1340 469 1496 529 omne
1551 472 1852 546 pnlelirnm,

276 563 409 638 quod
445 576 494 621 te
524 577 719 631 teneat,
755 585 822 624 ne
850 569 995 622 illum
1039 567 1273 636 cogitare
1301 566 1572 620 merearis.
1606 564 1859 618 Dominus

276 660 325 712 in
357 674 516 712 carne
548 668 685 724 erat,
714 669 768 714 et
801 659 1088 728 apparebat
1115 659 1273 712 homo
1306 657 1628 712 hominibus.
1679 655 1859 722 Qualis

275 751 595 820 apparebat?
621 751 736 806 lam
760 751 887 818 dixi,
915 751 1075 805 homo
1098 750 1420 804 hominibus.
1451 748 1585 816 Quid
1612 762 1858 815 magnum

277 844 597 914 apparebat?
626 843 763 897 Caro
794 843 961 897 carni.
999 842 1132 908 Quid
1172 857 1419 911 magnum
1458 839 1766 910 apparebat,
1795 839 1860 892 de

277 953 378 1005 quo
403 936 605 990 dictum
634 945 717 991 est
746 953 760 988 :
806 934 1031 989 Vidimus
1061 953 1192 998 cum,
1222 944 1388 992 etnon
1418 933 1624 986 habebat
1646 932 1860 1000 speciem

277 1042 432 1096 neque
452 1030 682 1082 decorem
725 1027 872 1097 (lsai.
902 1044 1010 1092 Lttl,
1052 1027 1136 1096 2)?
1168 1027 1295 1093 Quis
1327 1041 1430 1080 non
1465 1024 1694 1086 habebat
1733 1039 1858 1090 spe,-

279 1122 410 1174 eiem
441 1135 610 1189 neque
659 1119 940 1173 decorem?
973 1120 1045 1172 De
1088 1133 1190 1187 quo
1221 1118 1348 1171 item
1396 1116 1587 1170 dicitur
1617 1134 1630 1168 :
1661 1114 1862 1185 Specio-

278 1227 363 1263 sus
390 1213 554 1282 forma
575 1226 680 1278 pro?
696 1210 817 1276 ﬁliis
840 1211 1095 1263 hominum
1126 1209 1292 1279 (l’sal.
1318 1224 1458 1274 XLIV,
1485 1209 1564 1278 5).
1590 1207 1660 1262 Ut
1680 1207 1854 1269 homo,

281 1318 382 1355 non
417 1301 642 1356 habebat
669 1303 898 1370 speciem
928 1300 1098 1371 neque
1127 1301 1410 1366 decorem;
1449 1299 1544 1355 sed
1587 1300 1860 1369 speciosus

283 1393 442 1445 forma
471 1407 538 1446 ex
573 1406 636 1446 co
666 1391 805 1461 quod
833 1400 919 1447 est
941 1407 1050 1461 prae
1078 1392 1198 1446 ﬁliis
1222 1391 1544 1452 hominum-
1575 1391 1698 1445 Ideo
1749 1389 1858 1444 for-

283 1498 417 1534 unm
446 1482 586 1536 illam
609 1481 898 1536 deformem
920 1479 940 1529 ’ἕ
963 1482 1140 1537 carnis
1165 1481 1452 1536 ostendens
1469 1481 1636 1535 oculis
1655 1481 1862 1535 intuen-

283 1574 431 1632 tium.
465 1572 588 1640 quid
619 1572 729 1625 ait?
760 1552 858 1639 Qui
877 1573 1043 1644 diligit
1065 1590 1161 1636 me,
1190 1573 1430 1626 mandata
1459 1589 1569 1627 mea
1607 1573 1859 1638 custodit;

283 1669 326 1712 et
355 1662 440 1729 qui
461 1660 624 1730 diligit
650 1679 745 1726 me,
776 1663 1014 1731 diligetur
1040 1680 1071 1715 a
1099 1661 1254 1717 Patre
1280 1679 1407 1729 meo,
1436 1672 1481 1716 et
1519 1679 1610 1733 ego
1650 1663 1859 1732 diligam

284 1768 415 1815 eum,
447 1761 492 1803 et
524 1753 782 1804 ostendam
809 1742 910 1826 illi"
930 1753 1172 1821 meipsum
1203 1751 1378 1823 (Joan.
1407 1769 1515 1820 xw,
1547 1750 1658 1822 21).
1691 1752 1857 1819 Quem

281 1841 546 1903 videbant,
575 1850 910 1896 ostensurum
934 1856 993 1896 se
1033 1842 1546 1911 illi§.~promittebat.
1591 1842 1696 1896 Sed
1716 1842 1858 1910 apud

281 1943 362 1987 est
391 1933 526 1986 hoc?
555 1935 712 1999 Quasi
742 1933 962 1995 diceret,
990 1933 1191 2011 Videtis
1221 1933 1444 1990 formam
1467 1935 1622 1997 servi,
1654 1935 1858 1988 occulta

283 2036 362 2086 est
389 2023 556 2078 forma
587 2025 676 2078 Dei
706 2043 718 2076 :
757 2041 848 2094 per
879 2025 1014 2081 hanc
1040 2027 1192 2081 Vobis
1216 2026 1480 2092 blandior,
1521 2027 1660 2080 illam
1712 2026 1860 2080 vobis

282 2127 469 2179 Servo;
506 2117 602 2170 hac
635 2131 728 2170 vos
775 2119 1021 2186 parvulos
1062 2119 1258 2184 nutrio,
1289 2119 1372 2172 illa
1405 2119 1633 2189 grandes
1678 2135 1858 2188 pasco.

284 2207 422 2276 Ergo
447 2217 500 2260 ut
529 2206 640 2259 hzec
673 2207 800 2260 ﬁdes
825 2216 1004 2262 nostra
1033 2224 1132 2277 qua
1179 2224 1486 2278 purgamur,
1515 2209 1579 2262 ad
1625 2210 1862 2262 invisibi-

284 2297 348 2349 lia
381 2307 726 2366 prazparctur,
757 2298 856 2372 hoc
887 2308 988 2361 est,
1021 2300 1160 2368 quod
1188 2301 1237 2352 in
1264 2300 1565 2355 intellectum
1586 2303 1706 2370 filiis
1737 2302 1863 2356 Core

283 2388 416 2443 laeta
457 2400 581 2441 sunt
625 2390 721 2442 ista
769 2392 967 2455 omnia,
997 2400 1054 2457 ut
1097 2391 1508 2453 detraherentur
1552 2392 1753 2447 sanctis
1798 2409 1861 2448 ea

283 2495 397 2548 qum
424 2480 709 2545 habebant,
732 2481 1103 2537 detraheretur
1131 2493 1182 2537 et
1217 2483 1327 2553 ipsa
1358 2484 1464 2541 vita
1504 2484 1814 2553 temporalis
1846 2501 1860 2538 :

283 2585 337 2623 ut
363 2587 465 2624 non
497 2580 716 2642 propter
754 2571 866 2626 hmo
890 2572 1002 2641 ipsa
1044 2573 1353 2642 temporalia
1402 2573 1640 2629 colerent
1691 2574 1860 2643 ipSum

281 2672 562 2728 aeternum,
609 2663 702 2716 sed
757 2676 942 2716 amore
1000 2662 1141 2716 illius
1205 2670 1352 2717 casto
1415 2662 1701 2718 tolerarent
1748 2660 1864 2717 han:

282 2742 456 2805 omnia
477 2769 596 2821 quae
627 2768 718 2821 pro
746 2762 986 2821 tempore
1015 2762 1343 2822 paterentur.
1492 2802 1495 2806 .
1605 2793 1611 2805 .
1766 2777 1771 2785 -
1841 2798 1854 2804 ι.

368 2844 456 2897 l7.
487 2843 637 2914 [ιρι-ε.
669 2844 755 2908 18,
786 2842 903 2916 49.]
933 2844 1166 2915 Denique
1195 2845 1320 2914 quia.
1365 2843 1737 2900 intellexerunt
1761 2843 1863 2901 hoc

287 2934 376 2988 lilii
405 2935 564 2999 Core,
582 2922 956 3008 quidrdicunt?
983 2935 1104 3000 [huc
1130 2937 1298 2988 omnia
1325 2946 1560 2990 venerunt
1581 2953 1731 3006 super
1749 2953 1860 3003 nos,

283 3009 325 3079 et
353 3027 493 3079 obliti
523 3006 810 3079 nonsumus
841 3035 904 3079 te.
939 3026 1073 3094 Quid
1097 3037 1195 3089 est,
1223 3036 1268 3080 et
1293 3023 1434 3080 obliti
1465 3044 1564 3081 non
1590 3044 1761 3082 sumus
1782 3032 1865 3082 te?

285 3114 348 3168 Et
386 3117 555 3185 inique
582 3133 679 3169 non
710 3117 900 3187 egimus
930 3118 980 3170 in
1007 3127 1297 3172 testamento
1331 3127 1417 3171 tuo
1451 3134 1469 3171 :
1499 3127 1549 3173 et
1575 3135 1675 3172 non
1701 3136 1861 3173 reces-

282 3211 342 3261 sit
369 3218 502 3261 retro
545 3224 631 3261 cor
664 3218 888 3261 nostrum
919 3217 1004 3262 :et
1036 3210 1296 3263 tleclinasti
1323 3209 1523 3264 semitas
1568 3221 1764 3264 nostras
1803 3219 1866 3265 de

283 3299 360 3351 ria
385 3309 490 3352 tua.
517 3298 652 3352 Ecce
680 3309 760 3352 est
805 3300 1124 3364 intellectus,
1155 3301 1273 3369 quia
1327 3317 1429 3354 non
1460 3301 1677 3356 recessit
1720 3312 1864 3356 retro

281 3405 374 3443 cor
396 3401 655 3451 nostrum,
685 3391 805 3458 quia
834 3390 978 3443 obliti
1029 3408 1130 3444 non
1170 3382 1351 3445 sumus
1402 3402 1472 3456 te,
1519 3394 1637 3461 quia
1687 3393 1862 3462 inique

284 3499 384 3535 non
416 3484 619 3552 egimus
647 3483 700 3535 in
731 3490 1047 3537 testamento
1080 3494 1190 3546 tuo,
1227 3483 1382 3551 positi
1425 3484 1474 3536 in
1522 3486 1725 3551 magnis
1768 3489 1860 3537 tri-

285 3574 641 3629 bulationibus
685 3586 739 3631 et
779 3578 1239 3647 persecutionibus
1282 3578 1534 3644 gentium.
1585 3577 1862 3630 Dec/inusti

282 3647 480 3718 semitas
501 3676 699 3720 nostras
719 3670 780 3721 de
804 3669 883 3721 via
911 3678 1018 3722 tua.
1049 3668 1262 3738 Setnitte
1305 3669 1446 3722 enim
1478 3677 1677 3735 nostra!
1709 3681 1863 3723 erant

283 3756 332 3808 in
363 3756 717 3824 voluptatibus
757 3759 971 3821 smculi‘;
1018 3759 1220 3817 semita:
1252 3766 1446 3811 nostra:
1473 3759 1700 3812 erantin
1743 3745 1864 3827 prti-

281 3848 620 3914 speritatihus
671 3850 1054 3918 temporalium
1125 3865 1299 3902 rerum
1343 3867 1354 3902 :
1406 3850 1574 3904 tulisti
1647 3851 1864 3903 semit-s

283 3923 494 4008 nostras
515 3938 582 4000 de
619 3940 698 3992 via
729 3948 834 4002 tua,
859 3949 912 3994 et
955 3940 1230 3996 ostendisti
1263 3941 1412 3993 nobis
1442 3957 1598 4009 quam
1641 3949 1784 3994 arcta
1811 3951 1865 3994 et

281 4039 499 4097 angusta
531 4030 611 4082 Via
639 4039 719 4084 est
747 4047 864 4100 quae
890 4031 1028 4084 ducit
1057 4031 1122 4083 ad
1157 4031 1336 4083 vitam.
1374 4029 1436 4082 Et
1479 4031 1742 4084 declinasti
1781 4048 1864 4083 se.

281 4122 428 4173 mitas
474 4131 670 4174 nostras
713 4121 775 4175 de
801 4123 878 4175 via
931 4134 1034 4174 tua.
1061 4121 1196 4188 Quid
1241 4130 1342 4185 est,
1373 4121 1636 4176 declinasti
1663 4123 1863 4176 semitas

278 4223 473 4265 nostras
503 4214 566 4267 de
596 4215 673 4266 via
712 4216 837 4267 tua?
862 4214 1132 4284 Tanquam
1161 4213 1362 4266 diceret
1403 4213 1577 4277 nobis,
1608 4213 1661 4266 In
1693 4215 1862 4268 tribu—

278 4305 474 4358 latione
501 4306 814 4373 positicstis
835 4347 849 4370 ,
881 4308 1040 4359 multa
1078 4305 1340 4374 patimini,
1374 4305 1533 4357 multa
1564 4320 1681 4374 qua:
1712 4321 1860 4356 ama-

275 4395 410 4448 batis
443 4396 491 4448 in
521 4395 624 4449 hoc
673 4396 888 4461 sarculo,
945 4396 1199 4450 amisistis
1231 4413 1243 4447 :
1275 4394 1369 4454 sed
1401 4412 1503 4448 non
1555 4411 1648 4449 vos
1683 4395 1860 4450 dimisi

273 4489 462 4552 invia,
514 4504 672 4556 quain
711 4498 987 4556 angustam
1048 4503 1141 4542 vos
1202 4487 1386 4542 doceo.
1442 4487 1600 4541 Latas
1645 4489 1863 4544 semitas

268 4580 594 4647 qua‘rebatis
618 4597 630 4632 :
659 4579 783 4648 quid
815 4580 966 4633 vobis
987 4579 1142 4633 dico“?
1174 4578 1284 4632 llac
1311 4579 1414 4631 itur
1439 4578 1503 4631 ad
1530 4579 1689 4632 vitam
1715 4583 1861 4632 sema'

271 4670 533 4737 piternam
569 4688 581 4722 :
615 4685 717 4740 qua
752 4670 1226 4729 vultisamlmlare,
1258 4669 1325 4721 ad
1357 4678 1584 4723 mortem
1620 4672 1858 4740 pergitis.

273 4761 570 4832 Quamlala
591 4774 637 4816 et
658 4763 878 4832 spatiosa
908 4763 986 4815 via
1010 4770 1080 4814 est
1099 4775 1210 4831 qua:
1249 4760 1386 4813 ducit
1408 4761 1474 4812 ad
1509 4762 1784 4826 interitum,
1813 4773 1862 4815 et

263 4854 417 4904 multi
447 4863 565 4906 sunt
612 4855 702 4922 qui.
729 4854 989 4916 ambulant
1030 4869 1118 4921 per
1148 4851 1296 4905 eant!
1326 4851 1490 4918 Quum
1518 4863 1655 4904 arcta
1687 4864 1733 4906 et
1762 4872 1860 4906 an—

257 4955 416 5017 gusta
443 4946 523 4998 via
547 4955 617 4999 est
639 4961 751 5015 quin
775 4945 911 4998 ducit
939 4944 1006 4997 ad
1032 4947 1206 5010 vitam,
1240 4955 1285 4997 et
1309 4945 1456 5013 pauci
1485 4954 1604 4998 sunt
1631 4948 1717 5014 qui
1751 4965 1860 4999 am-

256 5034 442 5089 bulant
473 5053 565 5102 per
587 5035 734 5090 illam
762 5035 972 5107 (Matth.
999 5052 1090 5102 vu,
1127 5036 1214 5100 15,
1241 5036 1272 5096 ,1
1289 5035 1361 5103 ri)!
1382 5035 1494 5100 'Qni
1524 5045 1647 5089 sunt
1671 5039 1859 5106 pauci?

258 5124 370 5192 Qui
400 5125 632 5180 tolerant
669 5126 1051 5189 tribulationes,
1085 5127 1192 5194 qui
1242 5125 1470 5182 tolerant
1513 5127 1857 5193 mutationes,

253 5215 356 5283 qui
391 5215 440 5267 in
464 5215 580 5268 istis
605 5217 853 5269 omnibus
884 5216 1140 5270 molestiis
1163 5230 1267 5270 non
1306 5216 1590 5279 deﬁciunt;
1621 5218 1709 5286 qui
1749 5235 1854 5273 non

252 5305 327 5365 ad
365 5306 547 5358 horam
578 5305 808 5375 gaudent
833 5304 898 5357 ad
933 5304 1260 5370 verbutn,‘et
1309 5306 1358 5359 itt
1408 5316 1649 5376 tempore
1687 5303 1854 5362 tribu--

248 5400 479 5454 lationis
510 5409 759 5466 tanquam
802 5408 921 5450 orto
956 5396 1068 5450 sole
1097 5405 1345 5450 arescunt
1381 5396 1487 5471 (Id.
1514 5399 1733 5465 xm,20,
1763 5401 1856 5465 fit,

251 5490 379 5563 25),
422 5490 516 5544 sed
548 5489 745 5544 habent
770 5488 1002 5544 radicem
1041 5486 1336 5555 charitatis,
1387 5489 1527 5543 sicut
1555 5489 1857 5546 audivimus

321 5726 342 5796 ξ
380 5729 455 5776 sic
492 5733 604 5796 Lissi
636 5725 768 5775 nullo
803 5726 907 5776 fere
935 5734 1161 5788 excepto.
1191 5733 1244 5776 At
1268 5727 1379 5776 ald.
1431 5726 1549 5791 loco,
1574 5729 1855 5796 deformem,

239 5789 462 5849 habent,
491 5790 552 5838 de
579 5791 748 5838 lanna.
1536 5789 1542 5791 ·
1635 5789 1644 5794 -
1719 5814 1723 5820 .

530 5873 799 5930 PA't‘aoL.
840 5871 1126 5930 XXXVI.

3446 369 3556 431 ἀεὶολ

1971 473 2111 541 quod
2140 476 2296 528 modo
2318 477 2510 531 lectum
2535 488 2613 532 est
2645 478 2692 532 in
2720 480 3003 550 Evangelia
3032 482 3219 549 (illum
3250 501 3321 550 tv,
3344 485 3430 551 iii,
3460 489 3545 550 Π,
3577 493 3582 501 ’

1967 564 2066 628 ‘20,
2096 576 2141 617 et
2173 565 2296 620 Luc.
2329 584 2438 633 vtu,
2474 571 2560 633 15,
2588 571 2695 639 l5).
2730 571 3000 630 Itadicem.
3035 573 3270 643 inquam,
3310 577 3545 631 Charita-

1969 657 2038 709 tis
2068 656 2225 722 habe,
2258 668 2313 710 ut
2337 674 2456 712 cum
2484 661 2561 714 sol
2593 670 2810 715 exortus
2842 662 3019 726 fuerit,
3050 680 3152 716 non
3205 674 3255 718 te
3280 675 3418 733 urat,
3451 667 3544 722 sed

1969 748 2185 806 nutriat.
2218 747 2342 801 Hcce
2372 751 2538 804 omnia
2565 761 2808 811 venerunt,
2841 769 2990 822 super
3035 769 3145 819 nos,
3187 764 3234 808 et
3261 755 3403 811 obiiti
3442 773 3544 810 non

1967 854 2137 890 smnus
2161 847 2242 901 te;
2267 849 2311 892 et
2334 841 2498 910 inique
2527 858 2624 894 non
2647 843 2836 912 egimus
2865 845 2916 904 in
2945 852 3235 899 testamento
3257 856 3548 907 tuo;etnon

1968 931 2170 982 recessit
2201 941 2334 984 retro
2361 949 2446 984 cor
2473 944 2718 987 nostrum.
2743 933 2846 989 Sed
2877 935 3146 1010 quiapltaec
3193 940 3372 992 omnia
3410 941 3549 994 inter

1969 1023 2336 1078 tribulationes
2367 1023 2607 1087 facimus,
2632 1027 2739 1094 jam
2765 1028 2813 1080 in
2839 1039 3054 1096 angusta
3088 1030 3166 1082 via
3190 1031 3543 1096 ambulantes,

1970 1113 2236 1166 declinasti
2264 1117 2467 1168 semitas
2497 1126 2693 1170 nostras
2716 1118 2778 1169 de
2809 1118 2885 1170 riu
2905 1129 3040 1172 tum.

2020 1205 2307 1277 ‘18.[vers.
2356 1207 2473 1278 9.0.]
2505 1209 2760 1274 Quoniam
2794 1210 3071 1265 lmmiliasti
3117 1230 3207 1266 nos
3247 1215 3298 1267 in
3322 1216 3436 1271 loco
3472 1217 3549 1270 in-

1971 1282 2242 1359 ﬁrmitatis.
2278 1300 2414 1368 Ergo
2445 1301 2708 1354 exultabis
2737 1317 2834 1354 nos
2867 1305 2916 1355 in
2945 1305 3062 1366 loco
3109 1306 3450 1362 fortitudinis.
3485 1309 3548 1361 Et

1967 1387 2160 1453 operuit
2188 1404 2277 1442 nos
2300 1390 2473 1452 umbra
2493 1389 2683 1443 mortis.
2713 1391 2836 1445 lla'c
2861 1393 3000 1446 enim
3028 1396 3329 1456 mortalitas
3359 1399 3544 1452 urnbrzt

1967 1476 2153 1529 mortis
2177 1487 2272 1530 est.
2304 1476 2438 1532 Vera
2463 1495 2615 1532 mors
2653 1490 2734 1534 est
2760 1483 3028 1547 (taumatia
3050 1499 3167 1544 cum
3199 1486 3430 1540 diabolo.

2042 1567 2126 1620 19.
2160 1565 2309 1636 [vet-s.
2340 1568 2458 1639 2L]
2509 1571 2569 1622 Si
2591 1573 2757 1624 obliti
2791 1591 2962 1628 sumus
3011 1592 3189 1630 nomen
3238 1575 3330 1631 Dei
3369 1581 3528 1632 nostri
3539 1622 3550 1634 .

1970 1657 2069 1711 Iste
2095 1668 2176 1713 est
2224 1661 2521 1716 intellectus
2565 1663 2788 1716 filiorum
2840 1664 2996 1719 Core.
3038 1665 3103 1721 Et
3131 1669 3177 1721 si
3217 1671 3550 1739 expendimus

1967 1764 2144 1801 manus
2175 1758 2372 1802 nostras
2397 1752 2463 1802 ad
2504 1751 2664 1804 Deum
2688 1753 2926 1806 alienum.

2038 1839 2125 1914 Et).
2154 1836 2302 1910 [νει-ε.
2335 1839 2449 1911 92.]
2502 1840 2686 1894 Nonne
2717 1842 2852 1896 Deus
2874 1847 3086 1914 requiret
3115 1848 3210 1900 ista
3229 1850 3253 1902 ?
3272 1848 3396 1917 Ipse
3418 1852 3550 1904 cnim

1969 1930 2318 1990 novit-occulta
2338 1932 2525 1984 cordis.
2552 1932 2726 1995 Novit,
2756 1944 2807 1988 et
2826 1937 3047 2004 requirit
3069 1956 3080 1989 :
3103 1939 3147 1992 si
3172 1940 3316 1992 novit
3343 1943 3548 1996 occulta

1967 2019 2163 2088 cordis,
2187 2007 2311 2090 quid
2340 2021 2408 2077 ibi
2439 2021 2595 2076 facit?
2627 2022 2810 2078 Nonne
2826 2024 2960 2078 Deus
2994 2028 3206 2096 requiret
3239 2029 3372 2083 ista?
3398 2031 3550 2086 Novit

1971 2110 2019 2172 in
2050 2123 2129 2176 se,
2161 2111 2384 2179 requirit
2454 2123 2672 2182 promer
2729 2130 2844 2168 uos.
2893 2116 3102 2171 Etenim
3151 2118 3273 2172 ideo
3329 2123 3551 2189 requirit

1973 2202 2110 2254 Deus
2136 2201 2438 2270 aliquando,
2468 2211 2517 2257 et
2549 2203 2674 2257 dicit
2719 2206 2815 2258 sibi
2867 2207 3220 2273 innotescere,
3257 2211 3396 2279 quod
3427 2210 3551 2264 facit

1971 2292 2060 2343 tibi
2094 2291 2447 2348 innotescere.
2487 2294 2632 2362 Opus
2675 2313 2828 2349 suum
2877 2299 2968 2351 tibi
3012 2299 3170 2362 dicit,
3221 2319 3324 2354 non
3365 2306 3550 2372 cogni-

1971 2382 2166 2453 tionem
2193 2397 2359 2436 suam
2391 2386 2427 2436 ί.
2466 2385 2701 2438 Dicimus
2760 2388 3103 2458 plerumque,
3164 2391 3344 2446 La'tus
3398 2395 3547 2454 dies.

1969 2474 2177 2541 quando
2200 2492 2421 2532 serenus
2464 2464 2545 2532 est
2577 2481 2868 2550 :numqnid
2899 2483 3154 2550 ipsedies
3181 2488 3414 2553 gaudet?
3447 2487 3549 2542 Sed

1967 2564 2282 2632 gaudentem
2313 2568 2557 2630 dicimus.
2589 2572 2708 2640 quia
2737 2573 3026 2639 gaudentes
3065 2589 3163 2628 uos
3191 2576 3331 2630 facit.
3365 2577 3431 2630 Et
3459 2580 3540 2630 di-

1969 2655 2136 2708 cimus
2157 2696 2170 2719 ,
2199 2656 2374 2711 Triste
2395 2660 2612 2712 emtum.
2656 2661 2770 2713 Non
2819 2663 2959 2715 enim
2987 2674 3069 2718 est
3096 2665 3231 2717 ullus
3272 2667 3391 2720 talis
3424 2682 3550 2721 sen-

1968 2763 2058 2800 sns
2080 2749 2130 2801 in
2157 2749 2384 2805 nubibus
2415 2769 2430 2805 :
2458 2752 2552 2806 sed
2584 2742 2705 2822 quia
2743 2753 2990 2810 homines
3034 2757 3334 2825 lmjusmodi
3368 2761 3551 2814 viden-

1971 2849 2050 2892 tes
2087 2840 2207 2895 caeli
2231 2840 2413 2896 faciem
2437 2845 2844 2910 contristantur,
2874 2847 3026 2902 triste
3057 2848 3278 2912 dicitur,
3313 2866 3378 2904 eo
3406 2851 3550 2919 quad

1972 2930 2146 2984 tristes
2168 2929 2307 2984 facit.
2345 2931 2430 2986 Sic
2460 2943 2512 2986 et
2557 2935 2692 2989 Deus
2722 2950 3048 3004 cognoscere
3089 2937 3302 3005 dicitur,
3331 2945 3546 3009 quando

1968 3031 2351 3090 cognoscentes
2393 3023 2534 3078 facit.
2589 3023 2728 3079 Deus
2771 3027 2901 3080 dicit
2951 3027 3016 3081 ad
3055 3028 3325 3083 Abraham
3360 3031 3553 3087 :Nmrc

1967 3113 2176 3184 cognovi
2201 3115 2318 3183 quia
2345 3125 2398 3168 tu
2429 3116 2568 3170 times
2595 3116 2758 3171 Deum
2789 3117 2940 3188 (Gen.
2973 3137 3098 3186 xx",
3131 3121 3242 3191 19.).
3277 3124 3411 3178 Ante
3443 3141 3549 3179 non

1969 3210 2320 3276 cognoverat?
2366 3209 2469 3263 Sed
2513 3211 2626 3279 ipse
2658 3211 2923 3265 Abraham
2975 3227 3032 3267 se
3080 3217 3226 3268 non’
3263 3220 3546 3283 cognovit:

1970 3298 2162 3363 quia-in
2193 3299 2301 3366 ipsa
2326 3301 2615 3354 tentatioue
2655 3303 2768 3372 ipse
2813 3303 2912 3357 sibi
2955 3305 3200 3359 illttl‘lttil.
3233 3307 3550 3379 Plerumque

1970 3389 2108 3441 enim
2139 3389 2297 3442 homo
2321 3399 2470 3459 putat
2505 3407 2563 3446 se
2595 3408 2750 3461 posse
2777 3397 2920 3464 quod
2962 3411 3064 3449 nou
3094 3382 3287 3464 potest,
3321 3409 3410 3452 aut
3451 3416 3546 3468 pu-

1973 3489 2045 3532 tat
2075 3494 2132 3532 se
2158 3494 2258 3532 non
2287 3495 2441 3547 posse
2463 3481 2600 3550 quod
2635 3493 2836 3550 potest;
2870 3484 3075 3537 accedit
3106 3486 3170 3537 ad
3201 3486 3343 3539 illum
3380 3488 3542 3540 inter.

1973 3569 2176 3638 rogatio
2201 3585 2262 3622 ex
2297 3570 2929 3638 divinadispensatione,
2972 3582 3025 3626 ct
3060 3590 3153 3642 per
3180 3575 3523 3645 interrogatio

1971 3675 2088 3710 nem
2120 3669 2275 3713 notus
2300 3661 2355 3722 ﬁt
2377 3661 2515 3731 sibi;
2543 3670 2596 3714 et
2635 3661 2828 3715 dicitur
2858 3664 2996 3716 Deus
3031 3665 3363 3733 cognovisse,
3407 3681 3551 3736 quod

1972 3749 2114 3802 illum
2144 3751 2263 3804 fecit
2287 3767 2464 3808 nosse.
2489 3751 2751 3820 Numquid
2778 3755 2963 3807 Petrus
2986 3763 3207 3812 tun'erat
3227 3771 3305 3817 se,
3331 3760 3552 3826 quando

1969 3832 2100 3908 dixit
2132 3840 2381 3893 medico:
2415 3839 2598 3892 Tecum
2632 3858 2742 3893 sum
2786 3859 2940 3911 usque
2964 3843 3031 3895 ad
3080 3856 3285 3915 mortem
3336 3846 3547 3914 (Matth.

1972 3945 2111 3992 .vxvt,
2144 3931 2258 4000 55‘)?
2291 3931 2525 3985 Medicus
2555 3943 2794 3996 noverat,
2824 3950 2954 3986 vena
3001 3935 3254 4004 iitSpt‘C-la,
3308 3940 3432 4006 quid
3467 3942 3549 3994 itt-

1972 4029 2054 4088 tus
2078 4029 2324 4087 ageretur
2352 4021 2401 4073 in
2444 4031 2672 4091 aegroto;
2719 4032 2952 4093 :rgrotns
2977 4040 3080 4078 non
3117 4036 3360 4086 noverat.
3397 4030 3552 4084 Venit

1970 4110 2207 4178 accessio
2231 4113 2573 4175 tentationis‘;
2608 4123 2660 4166 et
2689 4113 2929 4181 probavit
2958 4117 3192 4170 medicus
3227 4123 3546 4177 sententiam

1970 4215 2139 4261 suam,
2166 4203 2393 4269 perdidit
2422 4218 2562 4272 a'ger
2592 4208 3056 4276 pratsumptionem
3089 4226 3254 4266 suam.
3293 4211 3381 4266 Sic
3425 4230 3552 4280 ergo

1970 4301 2021 4345 et
2048 4291 2192 4346 novit
2226 4295 2384 4358 Deus,
2415 4306 2469 4355 et.
2501 4298 2738 4365 requirit.
2771 4299 2945 4354 Novit.
2979 4301 3258 4368 Qumnodo
3301 4306 3414 4373 ipse
3457 4323 3546 4360 re-

1969 4385 2164 4452 quirit?
2194 4386 2412 4455 l'r0pt.er
2444 4397 2510 4448 te,
2543 4398 2597 4440 ut
2620 4400 2669 4441 tu
2702 4389 2938 4445 invenias
2967 4401 3036 4454 te,
3056 4404 3108 4446 et
3136 4394 3332 4464 gratias
3355 4409 3482 4465 agas
3499 4399 3547 4450 ei

1969 4476 2056 4544 qui
2090 4475 2210 4540 fecit
2239 4487 2306 4539 te.
2341 4477 2525 4531 Nonne
2549 4477 2682 4532 Deus
2717 4482 2928 4552 requiret
2961 4483 3099 4535 ista?

1979 4609 2004 4623 ..
2038 4569 2127 4621 21..
2152 4567 2275 4637 Ipse
2299 4572 2587 4625 enuntiavit
2624 4575 2818 4626 occulta
2853 4576 3038 4627 cordis.
3081 4576 3216 4643 Quid
3261 4587 3362 4642 est,
3412 4583 3548 4634 novit

1969 4661 2328 4729 occulta?qu:e
2351 4664 2591 4716 occulta?
2616 4665 2863 4728 Quoniam
2895 4677 3097 4734 propter
3125 4678 3171 4719 te
3187 4670 3552 4737 mortiﬁcamur

1971 4760 2072 4802 tota
2100 4752 2200 4813 die,
2239 4753 2468 4820 deputati
2496 4772 2693 4808 estanus
2741 4758 2869 4808 velut
2903 4772 3014 4808 ores
3061 4759 3343 4813 occisionis.
3393 4761 3552 4818 Potes

1967 4844 2106 4895 enim
2131 4844 2309 4898 videre
2333 4847 2636 4900 mortifiCari
2666 4851 2971 4913 hominem;
2997 4862 3159 4918 quare
3177 4849 3548 4922 tnttrtilrcctttr,

1969 4936 2140 4986 nescis
2170 4953 2182 4986 :
2218 4937 2355 4989 Deus
2385 4937 2484 4991 hoc
2509 4939 2688 5001 novit;
2721 4955 2804 4991 res
2845 4940 2894 4992 in
2919 4942 3127 4995 occulto
3154 4955 3252 4998 est.
3279 4945 3383 5000 Sed
3421 4948 3551 5003 dicit

1967 5024 2093 5078 mihi
2137 5026 2327 5095 aliquis
2362 5045 2373 5078 :
2411 5028 2546 5082 Ecce
2588 5045 2680 5097 pro
2743 5032 2960 5093 nomine
3010 5035 3205 5088 Christi
3259 5037 3548 5103 detinetur,

1967 5131 2159 5180 nomen
2202 5116 2398 5170 Christi
2427 5122 2726 5172 confitetur.
2759 5121 3072 5186 Quarenon
3099 5134 3152 5178 et
3178 5125 3413 5182 lucretici
3444 5145 3544 5182 no-

1968 5225 2086 5262 men
2129 5208 2326 5272 Christi
2373 5210 2709 5278 eonﬁtentur,
2738 5222 2930 5268 ebnon
2980 5225 3154 5272 tamen
3178 5219 3286 5288 jam
3335 5232 3551 5289 propter

1967 5302 2138 5371 ipsum
2179 5301 2547 5355 moriuntur"?
2575 5303 2798 5360 Prorsus
2827 5307 3024 5379 inipsa
3055 5308 3312 5377 Ecclesia,
3350 5310 3545 5378 dicam,

2028 5427 2044 5491 ξ
2081 5432 2322 5491 t)uo_stss.,
2348 5439 2438 5477 non
2456 5427 2707 5491 cognitioni
2727 5420 2849 5482 saw.

2029 5490 2048 5560 ξ
2082 5495 2127 5560 tu
2153 5487 2401 5560 plerisque
2427 5487 2550 5560 atssl,
2575 5505 2632 5560 se.
2648 5495 2883 5560 cognovit,
2904 5497 3378 5560 omissancgatione.

2029 5550 2050 5581 ³
2084 5557 2160 5620 t-Lr.
2183 5557 2235 5598 et
2257 5558 2366 5620 [ογ.
2396 5564 2408 5599 :
2436 5558 2591 5610 Quare
2613 5550 2831 5620 licefetic’i
2855 5550 3022 5607 nomen
3043 5550 3221 5620 Ciuis/ti
3243 5557 3546 5620 conﬁtentur,

1962 5619 2007 5688 ct
2031 5613 2421 5688 nonatumeujam
2441 5621 2634 5688 propter
2653 5616 2816 5688 ipsum
2834 5619 3145 5688 moriuntur}
3167 5631 3277 5688 Am.
3293 5613 3548 5688 etaliqnoi

1963 5680 2091 5742 Mss,
2114 5681 2264 5731 Quare
2280 5673 2304 5722 ?
2327 5685 2423 5724 Non
2442 5673 2491 5742 et
2513 5673 2729 5727 lia3retici
2751 5692 2918 5742 nomen
2941 5679 3117 5742 (‘htisli
3139 5673 3547 5742 conﬁtenturfscd

1962 5747 2055 5801 non
2077 5741 2448 5801 tantenpmpter
2473 5736 2633 5801 ipsum
2653 5739 2964 5801 moriuntur?
3002 5741 3085 5789 alii
3111 5736 3236 5801 Mss,
3259 5736 3432 5801 (mare
3456 5760 3548 5798 non

1963 5804 2008 5845 et
2032 5796 2244 5846 ltau'ctici
2268 5810 2434 5848 nautea
2459 5796 2634 5870 tinxisti
2659 5800 2959 5865 conﬁtentur,
2985 5811 3078 5850 etc.

2917 5889 3181 5966 (δείδι’.)
