4004 6200
304 385 405 438 493

304 484 579 569 perfectum
627 512 787 549 meum
831 494 1058 548 viderunt
1101 492 1233 572 oculi
1283 492 1386 556 tui,
1433 500 1478 543 et
1519 493 1571 543 in
1619 490 1746 544 libro
1795 477 1878 542 tuo

300 606 470 645 omnes
517 589 795 643 scribentur
838 582 1437 659 (Psol.cxxxvttt,16).
1473 581 1736 648 Exsurge,
1772 579 1901 632 Do-.

301 685 461 746 mine,
493 680 684 752 adjnva
711 695 802 732 nos
830 693 849 732 :
874 686 920 731 et
944 677 1131 730 redime
1152 691 1243 728 nos
1271 682 1476 744 propter
1503 680 1845 726 nomen-tuum
1865 684 1885 722 .·

301 780 400 832 hoc
426 785 542 839 est,
573 775 766 844 gratis;
815 781 1030 842 propter
1059 784 1254 824 nomen
1289 777 1436 820 tuum
1459 805 1484 832 ,-
1507 779 1616 820 non
1667 770 1883 833 propter

281 863 544 922 'moritum
577 879 786 928 meum;
817 863 938 933 quia
967 871 1022 916 tu
1051 861 1296 930 dignatus
1320 874 1377 912 es
1404 857 1600 920 facere,
1626 869 1729 909 non
1757 854 1881 924 quia

299 976 394 1030 ego
420 959 614 1028 dignus
644 971 761 1010 sum
787 956 870 1009 cui
895 954 1085 1008 iacias.
1111 951 1244 1006 Nam
1285 960 1341 1005 et
1383 949 1486 1004 hoc
1525 951 1714 1018 ipsum:
1740 945 1880 1013 quod

297 1067 400 1105 non
438 1063 624 1104 sunms
653 1046 802 1100 obliti
841 1054 893 1100 te
913 1032 1011 1109 ,‘iet
1055 1059 1158 1097 non
1201 1043 1424 1096 recessit
1462 1050 1627 1094 retro.
1652 1052 1745 1092 eor
1781 1051 1880 1088 no-

295 1153 486 1208 strum,
509 1139 649 1211 quod
672 1154 777 1192 non
800 1136 1150 1206 cxpandimus
1173 1149 1360 1188 manus
1388 1141 1597 1188 nostras
1622 1129 1686 1184 ad
1712 1129 1875 1182 Deum

295 1234 526 1289 alienum
550 1275 564 1296 ,
597 1231 698 1287 nisi
729 1242 779 1286 te
803 1229 1116 1298 adiuvante.
1157 1226 1297 1280 unde
1326 1221 1642 1294 possemus?
1664 1221 1786 1275 'nisi
1831 1229 1881 1273 te

298 1327 442 1380 intus
467 1325 770 1394 alloquente
797 1332 849 1377 et
876 1321 1214 1383 exhortante,
1239 1332 1347 1370 non
1373 1317 1389 1348 ¹
1413 1313 1716 1376 deserente,
1743 1312 1882 1366 unde

298 1416 636 1473 valeremus?
670 1415 809 1485 Ergo
851 1414 976 1468 sive
1007 1413 1265 1482 patientes
1313 1409 1364 1462 in
1412 1405 1878 1468 trilmlationibns,

296 1514 404 1567 sive
428 1510 723 1580 gaudentes
754 1509 805 1562 in
839 1502 1282 1576 prosperitatibus
1304 1545 1319 1567 ,
1351 1500 1560 1555 redime
1593 1513 1688 1551 nos
1714 1515 1728 1560 ;
1774 1499 1877 1548 non

299 1611 512 1675 propter
539 1599 784 1655 meritum
814 1607 1076 1658 nostrum,
1111 1593 1204 1649 si'd
1237 1598 1458 1662 propter
1483 1603 1680 1644 nomen
1707 1596 1876 1641 tuum.

311 1746 1873 1779 __________,_____________.__._

690 1856 768 1916 ιιι
821 1849 1197 1914 PSALMUM
1240 1847 1443 1909 XLIV
1473 1848 1494 1879 ³

877 1957 1308 2026 minimae.-

904 2067 905 2070 η
944 2097 1113 2137 sentio
1144 2080 1240 2154 (α).

370 2208 418 2260 1.
475 2205 626 2277 [rem
678 2201 749 2272 Η
794 2199 941 2253 lluuc
971 2192 1235 2266 psahnum
1268 2192 1405 2246 sicut
1444 2190 1714 2244 vobiscum
1757 2201 1875 2251 eum

301 2297 646 2353 exsultatione
667 2285 1018 2352 cantavimus,
1037 2288 1104 2340 ita
1134 2285 1412 2340 nobiscum
1436 2297 1556 2336 cum
1583 2279 1877 2334 attentione

300 2385 644 2443 Consideretis
687 2390 826 2450 peto.
869 2380 1124 2434 Cantatur
1149 2375 1289 2430 enim
1319 2373 1386 2428 de
1411 2371 1612 2428 sanctis
1640 2369 1838 2438 nuptiis
1858 2409 1875 2433 ,

299 2478 364 2534 de
393 2491 590 2547 sponso
615 2483 667 2527 et
697 2485 914 2543 sponsa,
943 2469 1008 2523 de
1039 2482 1163 2537 rege
1188 2475 1242 2520 et
1271 2464 1425 2534 plebe
1445 2504 1460 2528 ,
1489 2461 1558 2517 de
1598 2461 1874 2516 SalVatore

299 2582 351 2626 et
390 2571 458 2624 de
498 2569 580 2622 his
617 2566 705 2635 qni
744 2561 990 2618 salt-andi
1022 2566 1164 2613 sunt.
1198 2557 1296 2624 Qui
1324 2555 1448 2613 cum
1475 2563 1624 2610 veste
1657 2553 1876 2622 nuptiali

299 2655 437 2720 venit
463 2660 529 2716 ad
560 2657 788 2727 nuptias,
817 2654 1043 2726 gloriam
1071 2654 1318 2721 qumrens
1341 2647 1546 2718 sponsi,
1572 2661 1675 2700 non
1701 2660 1874 2708 suam,

301 2773 400 2812 non
429 2754 600 2810 solum
640 2750 867 2806 libenter
891 2744 1076 2809 audit,
1105 2741 1244 2811 quod
1285 2740 1422 2794 solet
1447 2753 1566 2793 esse
1591 2738 1749 2792 etiam
1781 2734 1876 2788 ho-

300 2850 494 2904 minum
537 2833 1236 2914 spectaculaquzerentium
1257 2872 1271 2896 ,
1300 2845 1404 2884 non
1450 2828 1582 2883 facta
1615 2827 1876 2882 exhiben-

300 2916 456 3007 iium;
490 2939 586 2996 sed
616 2939 775 2992 etiam
810 2932 1028 2988 mandat
1052 2928 1235 2993 cordi,
1268 2925 1407 2996 quod
1455 2939 1559 2978 non
1587 2922 1657 2976 ibi
1689 2928 1875 3006 vacet,

296 3029 386 3090 sed
414 3031 700 3105 germinet,
734 3033 994 3093 erumpat,
1028 3030 1254 3084 crescat,
1285 3018 1606 3088 perﬁciatur,
1637 3004 1879 3074 assuma-

297 3138 399 3181 tur.
449 3124 671 3193 Oportet
697 3119 837 3174 enim
869 3129 966 3169 nos
993 3127 1146 3178 esse,
1191 3105 1429 3180 quibus’
1463 3108 1564 3161 hoc
1609 3114 1875 3170 cantetur,

296 3219 432 3273 ﬁlios
461 3215 602 3271 Core
623 3254 636 3276 ,
667 3209 808 3282 quod
853 3207 1016 3262 habet
1066 3203 1248 3257 titulus
1290 3199 1506 3255 Psalmi.
1536 3198 1702 3255 Erant
1732 3197 1873 3250 enim

297 3310 380 3366 ἰςιί
413 3306 628 3378 quidam
659 3301 900 3358 homines
928 3316 943 3353 :
978 3289 1344 3350 verumtamen
1387 3292 1560 3344 omnis
1601 3289 1877 3356 inscriptio

298 3403 614 3456 Litterarum
643 3394 940 3449 divinarum
983 3386 1179 3458 aliquid
1226 3384 1394 3439 innuit
1437 3381 1872 3450 intelligentihus,

296 3479 478 3547 etnon
512 3497 717 3541 tantuut
749 3482 1079 3542 auditorem,
1114 3490 1321 3530 verum;
1343 3475 1501 3528 etiam
1545 3471 1875 3542 cognitorem

295 3581 584 3637 desiderat.
634 3575 1022 3642 lutcrrogamtts
1065 3567 1206 3623 enim
1255 3565 1358 3618 vim
1391 3563 1638 3617 ‘bebraiei
1690 3563 1874 3625 verbi,

295 3664 414 3742 quid
461 3673 531 3724 sit
571 3668 744 3721 Core:
779 3673 854 3728 et,
883 3665 1020 3716 sicut
1068 3673 1128 3714 se
1172 3655 1639 3724 interpretationes
1681 3653 1877 3706 habent

295 3765 530 3818 omnimn
558 3759 840 3814 verborum
868 3755 920 3808 in
947 3751 1218 3820 Scriptura
1249 3749 1562 3819 positorum,
1597 3749 1874 3800 renuntia-

298 3867 381 3911 tur
406 3853 594 3916 nohis,
629 3849 761 3902 ﬁlios
802 3844 938 3900 Core
977 3840 1319 3909 interpretari
1356 3838 1495 3905 lilies
1519 3837 1692 3892 Calvi.
1723 3837 1876 3905 Quod

297 3922 486 3998 nomen
519 3957 623 3995 non
655 3939 718 3992 ad
762 3936 1060 3990 irrisiouem
1094 3930 1367 3999 accipiatis
1390 3969 1404 3993 ,
1437 3945 1503 3982 ne
1540 3929 1877 3983 inveniamur

296 4039 351 4092 in
382 4049 542 4091 sensu
574 4031 794 4102 puerili,
825 4027 1007 4096 quales
1037 4033 1228 4095 pueros
1266 4021 1490 4093 legimus
1519 4021 1570 4074 in
1605 4022 1738 4075 libro
1770 4022 1876 4075 Ru-

295 4142 539 4198 gnorum,
566 4121 883 4177 insultantes
912 4118 1105 4171 Elisreo
1133 4122 1319 4169 sancto
1347 4112 1651 4182 prephetae,
1682 4121 1735 4167 et
1764 4115 1875 4184 cla-

298 4227 504 4272 mantes
548 4222 664 4284 post
708 4213 887 4282 ipsum-
924 4226 937 4262 :
983 4205 1208 4260 Ascende
1253 4205 1424 4268 calve,
1465 4204 1872 4258 ascendet-alea.

293 4311 454 4364 Tales
478 4308 619 4363 enim
654 4317 847 4375 pueros
875 4302 1034 4355 stulte
1063 4300 1327 4369 garrulus,
1347 4307 1416 4352 {et
1443 4297 1493 4351 in
1522 4312 1671 4351 suam
1700 4299 1879 4368 perni-

293 4391 428 4458 riein
456 4384 856 4459 maledicentes,
885 4401 1148 4448 exeuntes
1173 4391 1242 4446 de
1271 4391 1400 4444 silva
1429 4389 1616 4444 bestia:
1640 4393 1879 4446 comede-

294 4505 417 4551 runt
443 4491 536 4562 (IV
566 4489 694 4560 Reg.
723 4503 780 4554 tt,
805 4487 895 4551 25,
925 4486 1040 4553 2t).
1074 4484 1183 4537 lloc
1210 4481 1462 4551 Scriptum
1489 4489 1590 4543 est.
1615 4490 1668 4536 et
1690 4483 1776 4537 tibi
1811 4485 1880 4538 sit

292 4584 547 4652 scriptum
574 4571 1107 4634 commemoi‘m-imus
1136 4592 1150 4627 :
1181 4573 1267 4642 qui
1308 4573 1696 4637 meminerunt,
1726 4569 1879 4630 reco.’

290 4680 582 4747 gnoscant;
616 4671 702 4740 qui
733 4684 853 4722 non
875 4666 1234 4723 meminerunt
1257 4705 1271 4729 ,
1301 4663 1510 4731 legant;
1541 4664 1769 4732 qui-non
1799 4667 1875 4718 le-

285 4776 523 4841 gcrunt,
550 4761 790 4819 credant.
824 4759 974 4826 Quod
1007 4772 1135 4828 ergo
1161 4753 1520 4810 illudiactum
1551 4756 1793 4825 ﬁguravit
1826 4758 1875 4810 in

288 4865 528 4918 futurum
556 4898 571 4920 ,
619 4853 744 4910 non
771 4868 868 4907 nos
913 4852 1070 4906 debet
1117 4848 1540 4919 apprehendere.
1585 4849 1878 4919 Significati

282 4961 421 5009 sunt
461 4949 603 5004 enim
648 4948 699 5002 iu
748 4944 853 4999 illis
899 4943 1077 5012 pueris
1121 4941 1266 4994 stulti
1313 4939 1589 5006 homines,
1622 4941 1880 4995 habentes

282 5042 609 5116 ignorantim
635 5051 889 5100 sensum;
915 5035 1099 5106 quales
1126 5048 1222 5087 nos
1244 5047 1349 5086 non
1372 5031 1487 5085 vult
1509 5046 1628 5085 esse
1656 5035 1881 5100 Aposto-

280 5115 402 5203 itts,
431 5136 517 5190 ubi
546 5134 710 5187 dicit:
748 5128 921 5183 Nolite
941 5127 1091 5200 pueri
1120 5144 1225 5182 esse
1250 5126 1492 5180 mentibus
1524 5124 1577 5196 (l
1607 5125 1724 5179 Cor.
1761 5115 1865 5189 xiv,

359 5295 375 5324 t
413 5292 486 5337 sic
508 5297 613 5337 uss.
642 5294 694 5335 At
715 5285 849 5343 Edd,
874 5291 995 5334 Nam
1016 5281 1280 5343 deserente,
1304 5277 1432 5329 unde
1452 5277 1715 5343 ualeremus
1733 5279 1759 5328 ἰ)

355 5357 380 5384 ²
415 5360 461 5400 In
484 5353 622 5399 corb.
641 5356 719 5396 Ms.
739 5354 791 5396 et
809 5339 856 5395 in
869 5343 1196 5395 vetustissimo
1216 5340 1337 5388 libro
1356 5343 1536 5402 Remig.
1557 5339 1744 5389 titulum
1758 5343 1885 5392 hunc

321 5418 428 5465 erit
445 5411 790 5470 PsalmuSiSlei
821 5403 990 5470 ιηεὶρίξ
1014 5401 1218 5470 43.15"."
1241 5409 1401 5470 εἷωλῦ
1429 5401 1660 5470 ιν
1683 5412 1884 5470 80PM"!-

321 5434 428 5465 υιΊι
445 5434 655 5463 rsum-ua
671 5434 762 5457 tau:
778 5445 790 5456 .
821 5434 990 5470 usupr-
1014 5434 1074 5453 μυ
1093 5434 1218 5453 (om.
1241 5434 1331 5451 .uu
1347 5434 1364 5448 ν
1387 5436 1401 5459 ς
1429 5434 1440 5449 ι
1455 5434 1472 5449 r
1512 5434 1659 5451 ιιυιωσ
1683 5434 1884 5466 οιμιωιν

272 5434 416 5534 ﬁre,
442 5480 613 5539 quin-ta
637 5469 948 5539 ferimsermo
972 5463 1156 5539 habitus
1171 5462 1229 5539 in.
1244 5461 1705 5539 heriliet‘ztte‘stituta.
1727 5471 1774 5513 tn
1794 5467 1886 5539 hu-

267 5524 388 5608 ius
405 5524 613 5608 ἰέδὶιίβὲ
635 5524 1027 5608 sec'retarioeeta
1053 5531 1388 5608 llrfeuotantur
1409 5524 1629 5608 Capthag‘.
1664 5527 1885 5608 quaedam

268 5585 510 5657 abitum,
535 5598 665 5646 inter
686 5592 778 5641 alia
800 5593 1017 5654 Carthag.
1055 5585 1295 5652 generale
1329 5600 1409 5636 an.
1436 5586 1548 5646 401,
1583 5585 1766 5637 die-lii
1801 5603 1884 5639 se-

269 5657 816 5729 ριριηιλοεξιεὶένθιυΐης
933 5727 941 5729 _
987 5715 1172 5729 --μω
1208 5709 1280 5729 ω,

357 5709 384 5756 Ξ
417 5709 522 5773 uss.
543 5720 689 5768 vatic.
717 5724 770 5766 et
794 5725 943 5778 ueg.:
981 5715 1172 5776 Oportet
1200 5709 1327 5761 enim
1347 5722 1482 5761 nosse
1517 5723 1548 5759 a
1592 5709 1760 5774 quibus
1797 5711 1886 5763 hoc

268 5792 512 5842 cantetur
537 5780 653 5844 ﬁliis
673 5785 808 5829 (ore.

353 5849 434 5909 (α)
460 5845 524 5894 Ad
537 5836 744 5906 'plebem
763 5836 1208 5901 carthaginensem.

1399 375 1790 464 ENARRATlQ
1828 374 1892 459 tu
1932 375 2252 435 Ρδιιιιωι
2291 380 2471 460 xm;

3478 391 3604 470 tot,

1998 488 2109 561 90).
2141 491 2205 545 lit
2231 493 2350 562 quia
2387 479 2642 549 Dominus
2673 495 2986 552 invitaverat
3017 514 3112 552 nos
3138 501 3202 555 ad
3227 501 3575 567 imitationem
3592 498 3604 532 ί

1993 594 2312 649 puerorum,
2347 583 2558 654 quando
2586 595 2711 640 ante
2741 581 3312 658 se~part-ultttn.-pttstiit
3331 633 3344 652 ,
3377 601 3430 647 et
3459 592 3538 646 ait
3560 635 3574 656 ,

1997 671 2120 724 Nisi.
2139 673 2249 742 quis
2275 675 2426 744 fuerit
2452 685 2506 728 ut
2536 692 2660 745 puer
2680 677 2791 741 iste,
2813 694 2912 731 non
2933 679 3138 743 intrabit
3167 681 3217 733 in
3245 699 3453 752 regnum
3476 700 3578 738 co?-

1992 759 2153 817 lorum
2172 762 2393 832 (Matth.
2420 780 2578 829 xvut,
2602 765 2673 831 9.,-
2691 766 2780 837 5);
2815 767 2882 820 ibi
2906 783 3115 837 quoque
3142 770 3426 838 Apostolus
3446 788 3570 827 cau-

1993 859 2096 913 tus,
2119 853 2209 907 ubi
2240 865 2458 908 revocat
2481 871 2508 908 a
2541 867 2719 911 mente
2744 858 2951 926 puerili,
2979 870 3135 914 vocat
3158 877 3340 916 rursus
3366 864 3430 917 ad
3456 866 3573 919 imi-

1991 946 2242 999 tationem
2268 946 2528 1014 puerilem
2577 964 2591 1003 :
2639 947 2845 1011 Nolite,
2881 950 3078 1020 inqttit,
3103 953 3246 1022 pueri
3277 954 3400 1023 effici
3428 973 3572 1009 uten-

1991 1032 2138 1100 tibus,
2165 1035 2254 1088 sed
2294 1037 2488 1089 malitia
2531 1039 2732 1107 parvuli
2771 1050 2955 1104 estote,
2988 1051 3041 1094 ut
3071 1042 3318 1106 mentibus
3362 1046 3572 1114 perfecti

1987 1127 2094 1180 sitis
2125 1126 2175 1196 (Ι
2202 1127 2318 1182 Cor.
2345 1144 2454 1193 xw,
2482 1129 2598 1197 9.0).
2639 1129 2806 1198 Quem
2835 1131 3063 1186 delectat
3094 1133 3287 1187 imitari
3320 1151 3566 1202 puerum,

1989 1233 2094 1271 non
2133 1217 2381 1272 delectet
2407 1219 2709 1290 imperitia,
2756 1220 2848 1274 sed
2884 1222 3208 1276 innocentia.
3244 1223 3319 1276 Illi
3353 1239 3477 1278 vero
3505 1241 3568 1278 ex

1988 1307 2250 1383 imperitia
2280 1309 2612 1390 ittsult:thatit-
2634 1319 2821 1365 Sancto
2854 1312 2946 1366 Dei
2974 1313 3158 1375 calvo,
3183 1323 3236 1367 et
3264 1315 3573 1369 clamabant

1989 1408 2108 1467 post
2133 1414 2254 1452 eum
2282 1417 2293 1452 :
2319 1397 2498 1464 Calve,
2523 1401 2678 1455 calve.
2705 1401 2946 1456 .Factum
2974 1413 3054 1457 est
3079 1414 3134 1458 ut
3166 1420 3194 1457 a
3225 1405 3409 1460 bestiis
3437 1423 3570 1459 cen-

1987 1497 2327 1542 sumerentur
2345 1506 2364 1541 τ
2389 1498 2441 1543 et
2464 1490 2822 1560 liguraverunt
2843 1492 3084 1548 homines
3106 1493 3157 1546 in
3181 1495 3364 1548 cadent
3392 1505 3572 1551 mente

1987 1580 2176 1650 puerili
2217 1581 2376 1635 stulte
2422 1581 2710 1636 irridentes
2754 1584 3034 1652 quemdam
3077 1585 3320 1650 Calvum;
3355 1587 3474 1654 quia
3521 1587 3570 1639 in

1993 1675 2249 1737 Ualvarim
2271 1675 2396 1728 loco
2427 1675 2710 1728 erucilixus
2737 1685 2837 1730 est.
2870 1676 3105 1730 Possessi
3133 1686 3254 1730 sunt
3281 1692 3406 1746 ergo
3441 1678 3572 1732 tales

1986 1764 2132 1819 velut
2151 1781 2178 1818 a
2199 1765 2402 1830 bestiis,
2431 1765 2532 1818 hoc
2562 1775 2642 1819 est
2672 1781 2700 1818 a
2731 1761 3084 1831 dtemonibus,
3110 1781 3137 1819 a
3162 1767 3374 1821 diabolo
3396 1777 3448 1822 et
3469 1783 3571 1821 au-

1985 1858 2119 1929 gelis
2161 1857 2311 1926 ejus,
2343 1856 2433 1927 qui
2474 1858 2735 1926 operatur
2783 1857 2832 1910 in
2881 1857 3003 1910 liliis
3046 1857 3378 1910 diflidentize.
3412 1858 3570 1913 Tales

1935 1940 1944 1988 ῗ
1988 1949 2134 2019 pueri
2166 1958 2318 2004 erant
2339 1990 2354 2014 ,
2385 1948 2475 2018 qui
2502 1959 2624 2002 ante
2651 1957 2917 2003 sacratum
2951 1949 3150 2018 lignum
3181 1957 3387 2004 stantes
3411 1961 3565 2018 caput

1984 2040 2270 2112 agitabant,
2299 2049 2353 2094 et
2382 2039 2632 2109 dicebant
2659 2058 2674 2094 :
2705 2039 2763 2094 Si
2787 2041 2926 2108 [ilius
2962 2040 3054 2094 Dei
3081 2051 3173 2108 est,
3209 2041 3476 2095 descendat
3509 2043 3572 2096 de

1984 2145 2130 2183 cruce
2154 2128 2365 2201 (Matth.
2392 2145 2584 2195 xxv",
2618 2131 2716 2197 55,
2748 2130 2847 2192 39,
2887 2130 2992 2199 ω).
3029 2130 3197 2199 liuius
3228 2146 3324 2186 nos
3355 2131 3443 2184 lilii
3476 2146 3567 2183 so-

1985 2240 2123 2293 mus,
2151 2228 2271 2296 quia
2303 2227 2394 2280 ﬁlii
2437 2227 2618 2295 sponsi
2665 2241 2853 2282 smnus
2879 2243 2891 2277 :
2917 2235 2970 2279 et
2999 2227 3152 2279 nobis
3175 2227 3460 2296 inscriptus
3486 2237 3570 2281 rst

1984 2317 2218 2388 psalmus
2246 2316 2363 2380 iste,
2387 2316 2539 2384 cujus
2570 2316 2752 2372 titulus
2778 2315 2992 2380 dicitur,
3019 2314 3170 2368 Filiis
3197 2314 3343 2380 Core,
3377 2333 3467 2385 pro
3491 2316 3570 2368 his

1983 2424 2096 2480 qua:
2124 2408 2140 2439 ¹
2169 2407 2629 2462 committebantur.
2818 2465 2819 2468 η
2855 2451 2862 2459 .
3181 2463 3183 2466 ι

2023 2541 2027 2544 -
2054 2503 2109 2558 2.
2140 2502 2274 2571 Quid
2303 2516 2402 2571 ego
2430 2516 2693 2570 exponam
2721 2498 2846 2570 quid
2877 2499 2965 2563 sit,
2990 2517 3082 2570 pro
3105 2501 3182 2553 his
3209 2515 3319 2570 quo:
3343 2515 3571 2554 commu-

1984 2592 2258 2649 tabuntur?
2287 2590 2423 2666 Quid
2451 2606 2550 2660 ego
2571 2589 2781 2643 dicam?
2810 2582 3119 2644 lloc’onruis
3149 2598 3379 2647 mutatus
3407 2606 3571 2660 agno-

1983 2685 2103 2739 scit.
2133 2681 2232 2749 Qui
2262 2681 2410 2734 audit
2439 2680 2576 2746 hcec,
2610 2678 2714 2731 Pro
2745 2677 2823 2732 his
2851 2695 2964 2748 qum
2993 2679 3450 2744 connnumbmttur,
3487 2680 3569 2732 vi-

1982 2773 2105 2847 deat
2133 2771 2259 2843 quid
2288 2780 2436 2833 erat,
2465 2779 2530 2823 et.
2563 2768 2690 2839 quid
2738 2782 2880 2824 nunc
2925 2769 3016 2822 sit.
3062 2769 3347 2838 [St-primo
3393 2769 3565 2838 ipsum

1983 2864 2237 2939 mundum
2256 2863 2426 2918 videat
2444 2869 2823 2915 commutatum
2845 2877 2858 2924 ;
2881 2876 3049 2928 nuper
3067 2860 3374 2923 adorantem
3402 2863 3562 2925 idola,

1984 2954 2144 3009 uredo
2187 2954 2500 3011 adorantem
2545 2938 2746 3014 Deum;
2775 2966 2958 3020 .nuper
2992 2952 3318 3007 servientem
3353 2954 3415 3007 iis
3446 2969 3564 3022 qui:

1985 3045 2106 3102 fecit
2127 3088 2141 3110 ,
2176 3045 2335 3098 modo
2366 3043 2414 3097 ei
2443 3058 2471 3097 a
2498 3055 2604 3112 quo
2631 3040 2800 3096 factus
2829 3050 2931 3096 est.
2969 3039 3072 3095 Pro
3103 3041 3181 3102 his
3207 3059 3320 3114 qua:
3344 3060 3569 3095 commu-

1984 3138 2242 3199 tabuntur,
2268 3134 2442 3188 videte
2467 3131 2679 3201 quando
2703 3131 2902 3186 dictum
2931 3131 3018 3187 sit.
3043 3130 3199 3185 Modo
3224 3131 3332 3201 jam
3362 3133 3560 3188 residui

1981 3225 2175 3297 Pagani
2208 3233 2407 3281 mutata
2437 3229 2795 3292 expavescunt
2822 3219 2915 3275 :‘et
2962 3222 3052 3292 qui
3092 3222 3289 3283 {nolunt
3333 3226 3566 3289 mutari,

1981 3321 2165 3375 vident
2193 3317 2413 3384 refertas
2442 3314 2697 3372 ecclesias
2718 3356 2734 3381 ,
2770 3314 2964 3385 templa
2998 3313 3249 3378 .dcserta;
3282 3315 3380 3370 hac
3421 3317 3569 3370 cele-

1982 3411 2258 3473 britatem,
2290 3409 2360 3462 ibi
2406 3407 2770 3462 solitudinem.
2817 3397 3076 3460 Mirantur
3117 3415 3319 3460 mutata
3345 3448 3358 3470 ,
3392 3408 3570 3477 legant

1983 3503 2232 3574 praedicta
2263 3520 2275 3555 :
2302 3516 2484 3554 aurem
2520 3498 2936 3554 accommodent
2965 3499 3279 3568 promissori
3303 3538 3316 3560 ,
3350 3502 3570 3553 credunt

1983 3583 2287 3654 exhibitori.
2333 3593 2439 3667 Sed
2469 3603 2522 3648 et
2551 3592 2915 3662 unusquisque
2944 3599 3184 3646 nostrum
3209 3633 3222 3654 ,
3251 3591 3471 3655 fratres,
3504 3607 3565 3645 ev

1980 3694 2166 3742 retere
2209 3680 2424 3742 homine
2453 3685 2504 3738 in
2535 3698 2732 3738 novum
2760 3690 3028 3755 mutatur:
3064 3696 3127 3736 ex
3164 3681 3361 3734 inﬁdeli
3401 3681 3568 3736 lidrlis

1983 3767 2059 3842 lit,
2093 3793 2156 3829 ex
2185 3784 2401 3844 raptore
2425 3775 2666 3843 largitor,
2697 3770 2968 3828 castus'ex
3002 3771 3267 3836 adultero,
3299 3771 3568 3827 beneﬁt-us

1973 3864 2517 3932 ,ex,ntalelico.‘Ergo
2543 3871 2788 3916 cantetur
2819 3860 2972 3914 nobis
2995 3903 3009 3922 ,
3043 3859 3142 3913 Pro
3177 3861 3252 3914 his
3287 3878 3399 3930 qua:
3427 3879 3567 3916 com-

1982 3955 2345 4011 inutabuntur:
2372 3963 2427 4008 et
2451 3955 2528 4007 sic
2560 3952 2776 4023 incipiat
2809 3949 3038 4015 describi
3062 3991 3077 4016 ,
3114 3965 3210 4020 per
3237 3967 3393 4021 quem
3421 3968 3570 4008 cout-

1982 4057 2179 4105 mutata
2211 4055 2352 4102 sunt.
2402 4044 2406 4086 ἰ
2681 4080 2706 4097 -.
2838 4041 2844 4046 '
3077 4105 3081 4109 ,
3129 4025 3138 4035 ’

1993 4153 2022 4193 i'
2053 4143 2107 4196 5.
2134 4140 2386 4208 Sequitur
2417 4137 2556 4191 enim
2582 4153 2594 4190 :
2630 4134 2732 4189 Pro
2761 4135 2839 4189 his
2868 4151 2978 4206 qum
3005 4137 3467 4202 conmmtabtmtur,
3499 4138 3562 4205 ﬁ.-

1983 4231 2063 4286 liis
2090 4229 2246 4291 Core,
2271 4229 2334 4282 ‘in
2380 4225 2720 4294 intellectum,
2748 4225 3014 4281 Canticum
3060 4244 3150 4295 pro
3197 4228 3401 4281 dilecto.
3435 4227 3566 4282 Nunt

1983 4305 2206 4377 dilectus
2238 4320 2324 4374 ille
2351 4319 2496 4372 visus
2515 4327 2605 4371 rest
2635 4333 2662 4370 a
2697 4319 3129 4386 persecutoribus
3156 4321 3266 4372 suis
3289 4361 3303 4384 ,
3335 4319 3428 4372 sed
3461 4335 3567 4372 nou

1983 4413 2036 4467 in
2065 4412 2408 4467 intellectum.
2439 4407 2493 4462 Si
2523 4407 2664 4462 enim
2696 4407 3112 4476 cognovissent,
3155 4422 3427 4476 nunquam
3463 4407 3566 4460 Do-

1983 4507 2184 4563 minum
2213 4501 2394 4573 gloria:
2426 4499 2819 4555 cruciﬁxisseut
2865 4497 2918 4570 (Ι
2941 4497 3058 4554 Cor.
3092 4515 3126 4553 tt
3148 4540 3163 4564 ,
3187 4499 3264 4570 8)..
3303 4499 3380 4570 All
3427 4499 3569 4554 hunc

1986 4600 2312 4655 intellectum
2353 4597 2535 4650 oculos
2566 4595 2702 4650 alios
2727 4592 2998 4665 quaerebat
3026 4594 3159 4661 ipse,
3189 4607 3307 4646 cum
3331 4593 3565 4648 diceret:

1987 4691 2086 4756 Qui
2109 4707 2184 4742 me
2205 4689 2355 4753 ridet,
2379 4686 2512 4740 videt
2536 4696 2580 4740 et
2608 4685 2813 4738 Patrem
2834 4682 3012 4754 (Joan.
3037 4699 3144 4747 xtv,
3169 4683 3245 4751 9).
3265 4683 3429 4738 Sonet
3446 4701 3568 4739 eum

1979 4785 2090 4852 jam
2123 4781 2364 4836 Psalmns
2390 4797 2401 4832 :
2424 4777 2748 4848 gaudeamus
2791 4776 2844 4829 iu
2886 4774 3120 4843 nuptiis,
3150 4785 3202 4828 ct
3243 4789 3336 4829 nos
3367 4777 3571 4829 erimus

1986 4884 2106 4928 eum
2136 4873 2203 4927 iis
2231 4870 2318 4942 qui
2349 4870 2481 4922 fiunt
2512 4869 2704 4932 nuptia:
2726 4867 2746 4896 ’
2769 4867 2856 4936 qui
2889 4865 3180 4934 invitantur
3213 4865 3278 4920 ad
3321 4868 3565 4935 nuptias;

1986 4977 2040 5022 ct
2082 4961 2199 5034 ipsi"
2230 4943 2432 5016 invitati
2479 4972 2674 5027 sponsa
2721 4965 2822 5014 est.
2857 4956 3067 5009 Etenim
3100 4972 3293 5024 sponsa
3326 4957 3564 5012 Ecclesia

1985 5065 2099 5120 est,
2128 5065 2356 5121 sponsus
2398 5049 2659 5102 Christus.
2693 5047 2877 5114 Solent
2922 5047 3025 5100 dici
3072 5047 3138 5100 ab
3185 5037 3520 5102 scholasticis
3549 5052 3569 5080 ³

1987 5145 2222 5203 Carmina
2261 5139 2504 5210 qumdam
2544 5153 2740 5192 uxores
2777 5131 3096 5193 ducentibus
3127 5147 3180 5191 et
3208 5139 3528 5194 nubentibus
3557 5185 3568 5202 ,

1988 5254 2106 5309 quae
2133 5241 2400 5288 vocantur
2429 5228 2796 5299 epithalamia;
2825 5229 3076 5299 quidquid
3112 5229 3182 5285 ibi
3212 5241 3474 5296 raritatur,
3507 5234 3569 5285 ad

2053 5403 2068 5434 ι
2105 5397 2238 5453 Edd.,
2262 5407 2352 5458 pro
2373 5392 2432 5443 iis
2453 5391 2544 5464 Aqui
2567 5390 2976 5464 committebantur
2995 5399 3104 5464 :‘et
3139 5392 3385 5464 aliquanto
3412 5392 3528 5439 infra
3555 5405 3571 5442 ε

1988 5476 2075 5527 per
2099 5471 2238 5523 quem
2258 5454 2538 5527 comminuti
2554 5461 2678 5503 sunt.
2703 5461 2758 5502 Al.
2782 5454 2998 5527 potiores
3020 5462 3124 5527 uss.
3161 5454 3572 5527 habent-conmm-

1988 5513 2088 5575 ittta
2107 5513 2216 5573 Sunt
2235 5533 2250 5569 :
2271 5527 2341 5578 et,
2366 5529 2454 5580 pro
2475 5513 2550 5578 his
2571 5527 2679 5578 qua:
2702 5513 3128 5580 con'uuttttdntntttr.
3157 5515 3431 5580 Apttdex,
3445 5524 3574 5562 Gne-

1989 5601 2047 5637 ce
2066 5585 2294 5645 ambiguo
2313 5575 2518 5645 genere
2531 5575 2624 5636 est,
2641 5578 2860 5645 uper_tgn
2883 5575 3346 5645 ulloizitltésomenmt.

2053 5651 2072 5678 ²
2109 5637 2277 5694 ιιιιιῖεε
2293 5637 2398 5692 ttiss.
2423 5637 2773 5700 omlttunt,qm'
2789 5637 2907 5701 fiunt
2928 5637 3122 5701 nuptiag.

2057 5710 2076 5740 ³
2110 5707 2240 5760 Edd,
2261 5701 2571 5754 scholasticis.
2613 5707 2668 5761 At
2704 5696 2830 5755 Ettss'q
2861 5696 3121 5748 scolasticis
3151 5710 3167 5746 :
3200 5711 3286 5761 [.ro
3313 5709 3431 5761 quo
3452 5697 3576 5748 forte

2057 5711 2076 5740 ³
2110 5711 2240 5760 Edd,
2261 5711 2571 5754 schotttsttrts.
2613 5711 2668 5748 M
2707 5711 2830 5755 iussn
2861 5711 3121 5748 scalarum
3151 5711 3167 5746 :
3200 5711 3286 5806 pro
3313 5711 3410 5761 quo
3452 5711 3576 5748 torte

1991 5767 2343 5832 reponendum.
2370 5760 2649 5832 aeolittsticis
2668 5760 2840 5831 ;dueto
2865 5761 3054 5832 nomine
3078 5773 3102 5806 a
3126 5761 3290 5829 senio,
3307 5759 3433 5832 quod
3452 5767 3577 5810 cm)-

1996 5820 2065 5884 cts
2090 5839 2166 5881 est
2188 5828 2438 5888 convivale
2463 5837 2674 5884 carmen,
2699 5823 2826 5870 inter
2850 5821 3016 5884 pocula
3041 5821 3221 5869 concilii
3248 5820 3458 5871 SOlilllm-
