4004 6200
421 338 517 392 ἔηὸ

418 455 672 504 honorem
713 440 1173 512 cautatursponsi
1220 449 1272 494 et
1316 451 1524 510 sponsa:
1551 457 1562 492 :
1590 451 1654 490 an
1691 436 1904 493 forteet
1939 437 1992 489 in

418 543 614 614 nuptiis
643 540 756 594 istis
775 581 790 602 ,
823 551 927 607 quo
954 534 1156 588 imitati
1207 547 1392 587 simius
1412 573 1426 596 ,
1457 529 1720 584 thalamus
1748 526 1998 592 nonest?

421 631 651 690 lit-unde
673 626 801 684 dicit
831 629 962 682 alius
990 627 1228 696 psalmus
1253 642 1266 679 :
1300 621 1360 676 In
1383 623 1489 676 sole
1509 621 1676 693 posuit
1703 619 1998 673 tabernacu-

419 729 520 781 lum
550 740 732 786 suum,
766 731 811 775 et
835 721 942 786 ipse
973 730 1220 787 tanquam
1245 731 1460 786 sponsus
1496 711 1768 783 procedens
1791 711 1854 764 de
1881 711 1998 764 tha-

416 820 550 873 lamo
581 832 671 869 suo
699 812 873 883 (Psal.
899 825 1049 874 xvut,
1081 808 1176 878 6)?
1205 805 1526 876 Conjuuctio
1553 802 1800 872 nuptialis
1818 842 1834 868 ,
1863 799 1999 856 Ver-

416 909 540 962 bum
572 917 624 961 et
651 919 776 960 caro
802 920 816 956 :
849 901 1006 970 hujus
1036 897 1434 968 coniunctionis
1464 895 1748 958 thalamus,
1781 891 2005 963 virginis.

411 984 620 1052 uterus.
650 995 864 1049 Etenim
893 1006 1021 1046 caro
1049 991 1160 1060 ipsa
1191 988 1362 1044 Verbo
1387 995 1468 1042 est
1495 985 1777 1054 conjuncta
1813 1001 1826 1036 :
1860 981 2001 1046 unde

416 1093 576 1144 etiam
607 1088 821 1151 dicitur,
850 1084 974 1137 1am
1002 1099 1101 1135 non
1127 1081 1250 1140 duo,
1277 1078 1366 1133 sed
1390 1095 1490 1135 una
1513 1091 1637 1144 caro.
1663 1073 1870 1146 (Matth.
1889 1087 1998 1138 xu,

419 1183 472 1244 ti,
505 1189 550 1232 et
587 1177 774 1248 Ephes.
799 1191 852 1236 v,
876 1173 988 1243 ⁸52).
1020 1172 1304 1238 Assumpta
1331 1178 1412 1222 est
1445 1165 1679 1220 Ecclesia
1710 1179 1776 1218 ex
1807 1175 2004 1233 genere

421 1271 652 1326 lnunano
675 1309 688 1330 ,
723 1275 786 1320 ιιι·
825 1273 983 1332 caput
1030 1269 1170 1314 esset
1222 1256 1474 1312 Ecclesim
1522 1255 1651 1323 ipsa.
1674 1267 1800 1312 caro
1832 1249 2004 1313 Verbo

420 1361 726 1428 conjuncta.
754 1353 1014 1411 (ει-θωμινί
1043 1349 1322 1411 credentes
1361 1345 1609 1406 membra
1643 1353 1822 1398 essent
1863 1341 2004 1396 illius

423 1453 629 1521 rapitis.
681 1449 808 1503 Nam
841 1446 922 1499 vis
951 1443 1132 1498 videre
1162 1443 1282 1522 quis
1308 1439 1514 1492 venerit
1542 1436 1608 1491 ad
1642 1433 1892 1522 nuptias?
1937 1432 2005 1486 In

425 1541 672 1613 principio
717 1545 822 1590 erat
853 1533 1101 1597 Verbum,
1146 1539 1191 1584 et
1221 1527 1437 1582 Verbum
1477 1534 1583 1579 erat
1624 1523 1764 1594 apud
1806 1521 1962 1588 Deum
1985 1562 2000 1586 ,

429 1643 469 1686 rt
512 1629 650 1682 Deus
693 1635 798 1681 erat
848 1623 1064 1678 Verbum
1111 1617 1290 1690 (Ioan.
1320 1634 1372 1684 ι,
1422 1618 1502 1686 l).
1533 1614 1772 1671 Gaudeat
1811 1627 2006 1682 sponsa

429 1730 601 1777 innata
650 1733 678 1772 a
727 1717 856 1770 Deo.
909 1711 1131 1782 Quando
1177 1709 1384 1762 amata?
1436 1707 1568 1760 Dum
1615 1704 1791 1758 adhuc
1842 1701 2002 1757 foeda.

430 1811 616 1864 {)mues
637 1809 766 1862 enim
791 1812 1138 1876 peccaverunt,
1163 1800 1238 1854 ait
1269 1797 1576 1867 Apostolus,
1606 1803 1652 1846 et
1679 1791 2009 1881 egeutgtoria

433 1904 521 1958 hci
555 1903 725 1976 (Rom.
752 1915 807 1953 ιιι
829 1939 843 1963 ,
869 1896 999 1964 23).
1033 1893 1102 1948 Et
1131 1892 1325 1946 iterum
1356 1906 1370 1942 :
1403 1887 1604 1941 Etenim
1647 1884 1876 1947 Christus
1918 1897 2010 1952 pro

430 1998 597 2066 impiis
625 2003 854 2051 mortuus
883 1998 952 2043 est
983 1985 1090 2061 (I‘d.
1118 2001 1169 2050 v,
1200 1982 1278 2055 6).
1313 1983 1499 2047 Amata
1530 1987 1612 2034 est
1639 1975 1796 2049 fmda,
1826 1989 1895 2035 ne
1920 1989 2009 2066 re-

429 2063 666 2143 maneret
701 2081 860 2136 lii-da.
895 2079 1008 2132 Non
1041 2075 1184 2130 enim
1213 2087 1339 2127 vere
1370 2069 1507 2124 fteda
1539 2079 1710 2121 amata
1741 2074 1821 2120 est
1841 2107 1856 2130 ,
1888 2063 2010 2134 quia

433 2195 535 2232 non
571 2175 780 2230 fmditas
802 2177 974 2224 amata
1003 2176 1084 2221 est
1109 2183 1122 2218 :
1148 2177 1269 2218 nam
1299 2161 1340 2216 si
1373 2161 1475 2214 hoc
1502 2168 1700 2212 amaret
1727 2198 1742 2220 ,
1773 2156 1872 2208 hoc
1898 2167 2012 2208 ser-

430 2277 618 2322 varet:
649 2264 839 2318 evertit
882 2260 1172 2314 fmditatem
1196 2296 1210 2322 ,
1243 2252 1492 2307 formavit
1538 2245 2008 2320 pulchritudinem.

431 2357 509 2412 Ad
541 2355 750 2425 qualem
779 2352 944 2413 venit,
972 2357 1025 2402 et
1045 2346 1254 2416 qualem
1282 2342 1438 2400 fecit?
1466 2340 1652 2395 Veniat
1673 2338 1784 2408 jam
1815 2338 1928 2406 ipse
1955 2334 2011 2389 in

431 2447 606 2501 verbis
632 2440 989 2514 propheticis;
1010 2450 1135 2490 ecce
1160 2435 1273 2503 ipse
1295 2444 1522 2500 sponsus
1549 2427 1800 2498 procedat
1822 2425 2010 2480 nobis:

429 2537 671 2592 amemus
698 2535 876 2596 illum;
901 2538 989 2584 aut
1015 2530 1058 2581 si
1091 2524 1450 2580 invenerimus
1477 2523 1528 2575 in
1557 2535 1621 2576 eo
1642 2518 1836 2588 aliquid
1863 2517 2008 2578 fmdi,

431 2649 534 2687 non
571 2642 832 2685 amemus.
865 2626 1004 2679 Ecce
1035 2624 1147 2692 ipse
1174 2620 1374 2674 invenit
1404 2618 1566 2672 multa
1595 2615 1754 2682 foeda,
1779 2624 1835 2669 et
1863 2629 2010 2682 ama-

429 2728 504 2778 vit
531 2739 627 2778 nos
653 2741 665 2774 :
696 2723 739 2775 si
771 2717 968 2787 aliquid
995 2715 1119 2772 fmili
1153 2711 1513 2779 invenerimus
1539 2709 1590 2763 in
1619 2723 1704 2774 eo,
1735 2722 1840 2760 non
1867 2720 2013 2774 ame-

431 2833 567 2871 mus.
600 2815 646 2882 Q
668 2814 731 2866 tia
762 2820 816 2866 et
846 2810 948 2864 hoc
976 2809 1146 2877 ipsum
1173 2803 1312 2873 quod
1341 2817 1554 2858 carnem
1584 2799 1796 2854 indutus
1823 2806 1924 2860 est.
1956 2804 2014 2850 ut

345 2957 353 2966 .
431 2911 498 2965 de.
525 2910 613 2963 illo
643 2907 801 2962 etiam
835 2904 1124 2963 diceretur,
1161 2896 1390 2950 Vidimus
1416 2911 1530 2948 cum
1555 2935 1570 2959 ,
1599 2905 1644 2946 et
1675 2908 1774 2948 non
1800 2889 2012 2954 habebat

432 3001 644 3070 speciem
687 3011 842 3064 neque
883 2992 1113 3046 decorem
1161 2986 1310 3057 (Isui.
1335 3001 1460 3048 _Llll,
1488 2983 1590 3054 9);
1618 2983 1661 3037 si
1705 2981 2013 3043 consideres

435 3069 853 3144 misericordiam
886 3097 986 3152 qua
1013 3079 1187 3133 factus
1208 3087 1306 3140 est,
1341 3085 1393 3128 et
1425 3075 1492 3127 ibi
1527 3073 1748 3142 pulcher
1775 3079 1875 3126 cst.
1905 3069 2012 3125 Sed

433 3181 736 3238 Jilliil'lil'llln
773 3187 1049 3244 personam
1082 3169 1298 3240 gerebat
1331 3166 1606 3237 pmpheta,
1631 3181 1751 3218 eum
1778 3165 2008 3218 diceret:

445 3275 671 3328 Vidimus
693 3284 802 3321 eum
827 3309 839 3334 ,
868 3276 915 3319 et
960 3280 1056 3316 non
1099 3260 1307 3314 habebat
1335 3253 1548 3329 sp'eciem
1579 3274 1734 3326 neque
1762 3255 2009 3310 decorem.

432 3365 643 3433 Quare?
669 3360 800 3426 Quia
816 3373 917 3410 non
945 3356 995 3409 in
1013 3353 1358 3408 intellectum.
1377 3349 1790 3419 lutelligcntibus
1810 3357 2010 3413 autem,

421 3445 480 3512 iet
505 3455 625 3510 νυνι
635 3468 663 3506 u
672 3469 716 3504 ιιι
740 3465 856 3504 raro
877 3452 1066 3518 factum
1089 3455 1158 3498 est
1182 3442 1410 3514 (10mm,
1438 3441 1495 3494 Η
1507 3441 1544 3510 ).
1570 3454 1756 3509 magna
1787 3438 2016 3509 pulchri-

436 3549 562 3604 lado
589 3557 692 3600 est.
725 3543 851 3598 Mihi
883 3549 1046 3594 autem
1075 3537 1203 3590 absit
1231 3534 1462 3606 gloriari,
1491 3532 1624 3596 dixit
1653 3549 1788 3586 unus
1817 3532 2016 3599 amico-

436 3659 553 3698 ιιιιιι
595 3636 774 3708 Sponsi
799 3677 812 3698 ,
843 3633 938 3686 nisi
980 3633 1036 3684 in
1074 3643 1220 3683 cruce
1244 3626 1453 3680 Domini
1478 3625 1642 3685 nostri
1675 3622 1798 3686 Jesu
1827 3622 2014 3676 Christi

434 3732 578 3805 (Gut.
609 3745 686 3792 vi,
711 3724 830 3796 lt).
858 3723 1046 3778 Parum
1072 3727 1154 3774 est
1184 3725 1240 3773 ut
1271 3733 1374 3770 non
1408 3715 1530 3770 inde
1557 3715 1873 3778 erubescas,
1913 3714 2014 3770 nisi

433 3828 591 3881 etiam
635 3831 690 3876 ct
733 3816 997 3888 glorieris.
1025 3813 1200 3882 Q'are
1230 3825 1356 3876 ergo
1403 3825 1506 3862 non
1557 3808 1739 3861 habuit
1780 3807 2014 3876 speciem

437 3932 606 3986 neque
649 3909 934 3967 decorem?
979 3907 1110 3975 Quia
1161 3905 1404 3960 Christus
1449 3902 1772 3972 cruciﬁxus,
1815 3899 2014 3956 .lud:eis

435 4008 647 4078 quidem
690 4002 996 4057 scandalum
1021 4041 1032 4059 ,
1066 3997 1324 4052 Gentibus
1355 3993 1596 4046 stultitia.
1633 3991 1808 4060 Quare
1838 4002 2012 4048 autem

436 4108 491 4151 et
531 4097 582 4150 in
624 4107 781 4148 cruce
828 4089 1010 4144 habuit
1039 4085 1322 4142 decorem?
1353 4083 1483 4150 Quia
1519 4082 1664 4152 quod
1693 4081 1908 4134 stultum
1935 4090 2016 4140 est

437 4190 554 4254 Dei,
585 4185 876 4256 sapientius
897 4189 979 4236 est
1006 4195 1162 4250 quam
1196 4177 1469 4241 homines;
1501 4186 1548 4229 et
1575 4173 1712 4244 quod
1745 4174 2014 4228 inﬁrmum

439 4291 521 4336 est
547 4279 660 4343 Dei,
691 4275 880 4330 fortius
911 4282 992 4328 est
1020 4275 1176 4340 quam
1208 4269 1450 4322 homines
1479 4265 1530 4336 (I
1556 4264 1671 4320 Cor.
1699 4282 1712 4319 ι
1737 4309 1750 4332 ,
1781 4266 2012 4334 23,23).

437 4372 600 4429 Nobis
625 4383 752 4438 ergo
781 4367 890 4436 jam
919 4361 1278 4423 credentibus,
1314 4357 1509 4427 ubique
1539 4355 1764 4426 sponsus
1799 4356 2018 4426 pulcher

436 4474 697 4524 occurrat.
724 4462 954 4518 Pulcher
977 4459 1134 4523 Dens,
1157 4455 1386 4509 Verbum
1411 4452 1548 4522 apud
1582 4452 1775 4506 Deum:
1799 4449 2018 4521 pulcher

439 4561 489 4612 in
523 4569 673 4613 utero
700 4553 936 4624 virginis,
974 4549 1060 4604 ubi
1093 4561 1196 4600 ttOu
1223 4545 1402 4598 amisit
1423 4543 1775 4607 divinitatem,
1800 4549 1854 4596 et
1873 4557 2014 4595 sum-

439 4651 544 4720 psit
587 4627 969 4702 humauitatem
1009 4660 1021 4695 :
1064 4637 1284 4710 pulcher
1335 4646 1489 4691 natus
1536 4633 1707 4687 infans
1749 4633 2014 4696 Verbum;

437 4741 559 4809 quia
589 4748 644 4791 et
671 4753 788 4793 cum
817 4742 958 4789 esset
989 4730 1184 4792 infans,
1217 4741 1336 4780 cum
1364 4733 1594 4794 sugerct,
1623 4737 1751 4776 cum
1776 4723 2019 4776 manibus

439 4841 760 4900 portaretur,
789 4827 908 4882 emli
942 4823 1104 4878 locuti
1138 4831 1290 4883 sunt,
1320 4815 1504 4888 Angvli
1537 4815 1720 4870 laudes
1748 4814 2014 4879 dixerunt,

439 4923 619 4990 Magos
642 4921 789 4973 stt-Ita
814 4917 1030 4982 direxit,
1061 4913 1311 4966 adoratus
1341 4917 1423 4963 est
1456 4909 1506 4961 in
1537 4905 1760 4976 prazsepi
1784 4948 1797 4967 ,
1821 4905 2016 4959 cibaria

441 5021 836 5067 niausnetm‘um
867 5008 1012 5078 (Luc.
1044 5023 1099 5068 It,
1127 5005 1276 5063 8-H.
1305 5013 1348 5056 et
1380 4999 1565 5054 Matth.
1592 5015 1626 5052 tt
1651 5040 1664 5064 ,
1691 4997 1768 5067 1).
1796 4995 2021 5051 Pulcher

437 5122 566 5177 ergo
597 5107 646 5158 iu
677 5104 847 5164 ccelo,
894 5099 1111 5168 pulcher
1156 5101 1206 5151 in
1257 5105 1426 5155 terra;
1462 5091 1682 5165 pulcher
1731 5091 1782 5144 iu
1835 5100 2017 5157 utero,

445 5200 665 5269 puli-her
697 5198 746 5248 in
781 5193 1023 5246 manibus
1054 5185 1367 5258 parentum;
1403 5187 1620 5255 pulcher
1646 5184 1696 5236 in
1729 5182 2017 5245 tniraeul's,

443 5295 664 5362 pulcher
703 5289 751 5340 in
792 5283 1042 5353 ﬂagellis;
1077 5279 1293 5348 pulcher
1319 5273 1548 5330 invitatis
1579 5276 1641 5329 ad
1671 5276 1867 5335 vitam,
1902 5272 2014 5341 pul-

441 5385 572 5437 cher
599 5395 699 5434 non
728 5379 920 5435 curans
941 5379 1168 5426 mortem
1192 5385 1206 5433 ;
1227 5366 1448 5436 pulcher
1471 5365 1740 5433 deponens
1767 5365 2018 5429 animam,

449 5475 665 5542 t-ttltzht‘l'
705 5466 1000 5535 recipiens;
1034 5457 1252 5528 pulcher
1295 5457 1346 5509 in
1387 5456 1528 5521 ligno
1553 5495 1565 5517 ,
1601 5453 1819 5522 puieher
1849 5454 1898 5506 in
1931 5468 2018 5506 se-

442 5569 664 5638 pulcro,
719 5557 940 5632 pulcher
982 5555 1034 5608 in
1081 5551 1236 5608 cmlo.
1305 5547 1361 5602 ιιι
1409 5546 1734 5602 intellectum
1789 5547 1802 5576 ¹
1844 5546 2022 5601 audite

505 5743 522 5772 ι
557 5743 628 5788 sic
667 5745 768 5787 uss.
813 5743 866 5786 Αι,
899 5731 1032 5792 ιη’)ιιι,
1057 5725 1256 5793 pulcher
1289 5722 1338 5774 in
1373 5718 1629 5772 intellectu.
1671 5719 1838 5771 audite
1860 5721 2020 5774 eauti-

440 5812 568 5858 cum,
593 5811 685 5852 ιιιε,

1613 326 1674 383 S.
1712 323 2076 385 AHGl'STlNI
2119 323 2444 380 EPISCOPI-

3584 329 3691 384 €93

2103 437 2402 500 Canticum,
2436 453 2607 509 neque
2643 440 2827 494 oculos
2855 449 3058 504 vestros
3081 455 3108 492 a
3135 440 3420 509 splendore
3445 442 3688 512 pulchri-

2106 527 2302 584 tudinis
2324 529 2465 584 illius
2487 540 2691 584 avertat
2717 533 2896 586 carnis
2924 533 3225 593 infirmitas.
3243 531 3462 588 Summa
3483 543 3538 590 et
3558 551 3692 590 vera

2105 618 2440 687 pulchritudo
2480 621 2684 688 iustitia
2709 623 2928 678 cst:ibi
2971 623 3121 678 illum
3169 638 3292 682 non.
3319 625 3522 681 videbis
3567 628 3694 697 pul-

2103 711 2315 778 chrum,
2349 712 2438 768 ubi
2469 713 2828 783 deprehendis
2857 715 3114 785 injustum
3143 717 3226 773 :si
3250 717 3446 786 ubique
3470 718 3684 786 justus,

2103 803 2297 872 ubique
2329 803 2573 858 decorus.
2601 804 2790 860 Veniat
2823 821 2953 876 ergo
2985 806 3140 860 nobis
3171 806 3534 876 inspiciendus
3564 824 3694 864 ocu-

2104 889 2169 954 lis
2197 893 2426 961 mentis,
2457 893 2762 961 descriptus
2791 909 2823 948 a
2862 895 3093 964 quodam
3127 896 3402 955 laudatore
3429 912 3527 953 suo
3563 913 3692 969 pro-

2105 981 2260 1050 pheta
2289 1001 2302 1036 :
2327 998 2458 1048 ecce,
2483 984 2682 1054 incipit.
2997 1037 3002 1040 .

2175 1073 2228 1126 4.
2262 1071 2412 1146 [rem
2437 1073 2517 1147 2.]
2540 1073 2802 1129 Eructavit
2819 1093 2912 1130 cor
2931 1094 3095 1134 meum
3116 1078 3317 1136 verbum
3336 1079 3542 1136 bonum.
3563 1079 3694 1148 Quis

2105 1161 2252 1226 dicit,
2277 1164 2455 1232 Pater,
2482 1180 2548 1219 an
2570 1165 2845 1236 Propheta
2859 1169 3282 1226 ?.lntcllexerunt
3305 1173 3449 1226 enim
3477 1171 3692 1242 quidam

2113 1257 2284 1311 Patris
2315 1274 2594 1328 personam
2628 1259 2872 1326 dicentis,
2903 1260 3162 1317 Eructavit
3190 1281 3278 1318 cor
3303 1281 3468 1318 meum
3488 1266 3688 1319 verbum

2107 1348 2324 1414 bonum,
2367 1351 2792 1407 commendantis
2832 1352 2986 1408 nobis
3019 1355 3357 1411 nativitatem
3408 1357 3690 1427 quamdam

2110 1438 2452 1494 ineﬂabilcm.
2502 1441 2576 1496 Ne
2623 1442 2758 1498 forte
2792 1453 3025 1518 .putares
3071 1446 3273 1516 aliquid
3319 1459 3690 1518 assumptum,

2111 1527 2251 1582 unde
2293 1527 2484 1582 Filium
2526 1541 2810 1600 generaret
2855 1534 3022 1600 Deus;
3054 1537 3502 1604 quemadmodum
3535 1538 3698 1599 homo

2111 1617 2210 1673 sibi
2253 1620 2479 1674 assumit
2521 1621 2720 1691 aliquid
2761 1623 2902 1679 unde
2944 1635 3165 1695 generet
3192 1626 3695 1698 ﬁlios,conjugium

2111 1709 2332 1776 scilicet,
2355 1711 2473 1766 sine
2496 1727 2602 1788 quo
2629 1713 2830 1783 prolem
2854 1730 3136 1784 procreare
3164 1715 3325 1788 homo
3351 1709 3456 1774 nou
3484 1703 3695 1788 potest:

2113 1821 2181 1860 ne
2221 1806 2380 1876 igitur
2419 1791 2636 1876 putares
2678 1809 2858 1880 aliquo
2893 1809 3141 1881 coniugio
3172 1809 3463 1882 indiguisse
3491 1813 3710 1888 Deum,

2113 1895 2252 1950 unde
2281 1896 2468 1952 Filium
2497 1909 2811 1968 generaret,
2852 1899 3114 1955 Eructavit
3133 1945 3148 1969 ,
3178 1902 3382 1973 inquit,
3413 1920 3504 1957 cor
3531 1921 3699 1958 meum

2113 1989 2314 2044 verbum
2332 1989 2536 2044 bonum.
2563 1991 2731 2046 llodie
2755 2007 2850 2050 cor
2874 2001 3040 2058 tuum,
3061 2009 3094 2046 ο
3117 1994 3299 2058 Ιιοιιιο,
3325 2005 3547 2064 generat
3569 2011 3702 2050 con-

2113 2079 2312 2146 silium,
2340 2096 2440 2136 nec
2468 2082 2658 2150 quarrit
2687 2099 2906 2139 uxorem
2934 2102 2946 2137 :
2987 2100 3080 2156 per
3106 2085 3388 2167 consilium
3419 2098 3598 2164 uatum
3629 2104 3719 2170 cx,L

2112 2173 2274 2232 corde
2303 2183 2392 2227 tuo
2421 2174 2652 2229 aedificas
2682 2175 2911 2246 aliquid;
2945 2185 3000 2232 et
3028 2177 3115 2232 illa
3147 2176 3344 2232 fabrica
3365 2219 3381 2246 ,
3409 2188 3698 2250 antequam

2116 2272 2222 2320 stet
2249 2265 2300 2318 in
2332 2276 2638 2336 opere,stat
2664 2269 2959 2346 inconsilio
2981 2272 3031 2336 ¹;
3065 2279 3118 2325 ct
3146 2270 3280 2332 inest
3307 2270 3416 2341 jam
3443 2258 3584 2342 quod
3615 2253 3699 2328 l'a-

2115 2368 2299 2412 cturus
2343 2373 2434 2423 es,
2479 2360 2530 2413 in
2575 2375 2642 2416 eo
2693 2376 2786 2430 per
2827 2362 2968 2432 quod
3015 2361 3247 2430 facturus
3289 2377 3348 2418 es
3376 2381 3389 2418 :
3419 2373 3474 2419 et
3517 2364 3722 2438 laudas-

2119 2447 2368 2503 fabricam
2399 2451 2633 2504 nondum
2661 2453 3003 2517 existentem,
3029 2453 3262 2530 nondum
3291 2454 3341 2520 in
3369 2455 3548 2526 specie
3572 2455 3704 2511 mdi-

2120 2543 2242 2607 licii,
2271 2541 2364 2598 sed
2398 2543 2447 2596 in
2479 2543 2773 2612 pro‘latione
2797 2547 3036 2612 consilii;
3070 2559 3167 2620 nec
3196 2545 3376 2601 laudat
3401 2548 3542 2602 alius
3563 2563 3701 2604 enn-

2117 2634 2292 2687 silium
2339 2643 2522 2700 tuum,
2555 2636 2654 2690 nisi
2701 2645 2792 2690 aut
2834 2636 3184 2704 iudicaveris,
3225 2646 3316 2692 aut
3341 2639 3533 2694 viderit
3556 2641 3709 2709 quod

2119 2724 2307 2780 fceisti.
2332 2725 2469 2795 Ergo
2489 2726 2531 2780 si
2555 2741 2652 2798 per
2670 2726 2900 2782 Verbum
2921 2729 3120 2793 omnia,
3139 2739 3192 2784 et
3216 2729 3445 2784 Verbum
3461 2730 3531 2787 de
3554 2732 3663 2786 Deo
3680 2715 3718 2798 ;i

2119 2818 2318 2886 inSpice
2343 2817 2594 2873 fabricam
2626 2817 2816 2873 factam
2848 2835 2946 2890 per
2970 2819 3198 2876 Verbum
3221 2863 3235 2886 ,
3265 2832 3319 2877 et
3345 2836 3409 2876 ex
3440 2823 3543 2878 isto
3569 2823 3704 2900 trdi-

2119 2909 2238 2966 ticio
2280 2912 2474 2994 mirare
2519 2911 2818 2966 consilium.
2869 2911 3034 2978 Quale
3057 2911 3290 2968 Verbum
3317 2922 3402 2968 est
3431 2929 3527 2984 per
3555 2915 3701 2984 quod

2119 3003 2310 3058 factum
2358 3014 2439 3059 est
2480 3003 2673 3060 ccelum
2715 3013 2769 3058 et
2798 3013 2938 3060 terra
2959 3045 2976 3072 ,
3009 3013 3062 3058 et
3085 3004 3262 3060 omnis
3289 3017 3510 3060 ornatus
3537 3007 3658 3062 caeli
3680 3048 3700 3070 ,

2117 3097 2288 3150 omnis
2309 3095 2602 3150 fecunditas
2625 3103 2804 3160 terrar,
2825 3094 3035 3150 dill‘usio
3057 3096 3238 3174 maris,
3259 3095 3512 3152 distentio
3533 3099 3698 3172 aeris,

2119 3189 2286 3256 fulgor
2315 3187 2572 3252 siderum,
2601 3187 2817 3241 claritas
2841 3184 2969 3242 solis
2993 3198 3047 3242 et
3073 3187 3246 3242 lunaz?
3269 3188 3527 3244 Videntur
3551 3191 3664 3244 lucc
3680 3210 3700 3248 :

2120 3277 2436 3332 transcende
2467 3287 2521 3332 et
2547 3277 2690 3344 haec;
2721 3278 2893 3356 cogita
2920 3277 3174 3348 Angelos,
3207 3279 3563 3350 Principatus,
3596 3267 3704 3337 Se-

2117 3370 2234 3435 des,
2269 3369 2690 3442 Dominationes,
2723 3370 3018 3426 Potestates
3049 3388 3061 3424 :
3093 3371 3270 3425 omnia
3299 3388 3395 3441 per
3420 3374 3591 3442 ipsutn
3621 3373 3706 3428 fa-

2118 3473 2200 3516 cta
2231 3470 2372 3516 sunt.
2408 3459 2558 3516 Unde
2587 3441 2713 3530 ergo
2753 3460 2856 3515 ista
2893 3459 3029 3515 bona
3063 3458 3196 3514 facta
3223 3462 3382 3516 sunt?
3409 3441 3542 3532 Quia
3569 3479 3704 3518 eru-

2117 3563 2314 3610 ctatum
2361 3563 2442 3609 est
2488 3569 2582 3622 per
2625 3551 2765 3622 quod
2814 3554 3034 3626 tierent,
3076 3541 3292 3607 Verbum
3318 3554 3522 3609 bonum.
3561 3555 3705 3626 Ergo

2123 3646 2352 3701 Verbum
2393 3645 2588 3700 bonum
2619 3661 2632 3698 :
2662 3654 2716 3700 et
2745 3645 2847 3716 ipsi
2871 3645 3044 3716 Verbo
3073 3645 3272 3702 dictum
3304 3657 3387 3702 est
3407 3691 3422 3714 ,
3457 3648 3706 3719 Magister

2119 3737 2262 3790 boue.
2291 3737 2351 3790 Et
2379 3737 2550 3806 ipsum
2581 3735 2806 3790 Verbum
2833 3735 3128 3806 respondit,
3158 3739 3293 3804 Quid
3321 3755 3400 3792 me
3420 3740 3705 3808 interroges

2119 3829 2182 3881 de
2203 3829 2329 3882 bona
2346 3831 2371 3881 1’
2399 3825 2565 3880 Nemo
2590 3826 2770 3890 bonus,
2799 3827 2899 3882 nisi
2918 3843 3048 3880 unus
3079 3827 3215 3881 Deus
3244 3827 3455 3899 (Matth.
3479 3831 3700 3896 311,17,

2119 3931 2162 3974 et
2200 3920 2358 3973 Marc.
2391 3936 2421 3973 χ
2448 3963 2462 3985 ,
2493 3917 2603 3989 18).
2636 3919 2838 3972 Dictum
2889 3929 2990 3984 est,
3017 3917 3260 3990 Magister
3285 3921 3440 3982 bene;
3471 3929 3524 3977 et
3549 3921 3702 3988 dicit,

2125 4015 2262 4078 Quid
2291 4031 2368 4068 me
2392 4016 2670 4083 interrogas
2695 4014 2756 4065 de
2781 3995 2949 4066 haud?
2974 4011 3188 4066 Addidit
3213 4013 3395 4074 etiam,
3425 4011 3592 4067 Nemo
3612 4014 3706 4066 bo-

2120 4111 2232 4168 nus,
2258 4105 2354 4158 nisi
2377 4121 2506 4158 unus
2539 4103 2689 4156 Dens.
2715 4102 2994 4170 Quomodo
3015 4119 3140 4174 ergo
3163 4115 3215 4158 et
3244 4103 3356 4173 ipse
3383 4103 3574 4168 bonus,
3599 4104 3706 4160 nisi

2120 4197 2240 4264 quia
2282 4195 2456 4249 Deus?
2481 4194 2597 4248 Non
2625 4189 2794 4248 solum
2823 4204 2997 4248 autem
3031 4195 3166 4247 Deus
3189 4235 3204 4258 ,
3238 4195 3330 4248 sed
3373 4209 3495 4248 cum
3544 4193 3716 4270 Patre,

2123 4301 2257 4341 unus
2289 4287 2446 4341 Deus.
2477 4286 2592 4364 Non
2619 4286 2760 4339 enim
2784 4285 3030 4348 dicendo,
3059 4285 3222 4338 Nemo
3248 4285 3428 4351 bonus,
3449 4288 3546 4340 nisi
3569 4304 3714 4368 unus

2123 4380 2294 4444 Deus,
2337 4360 2587 4450 discrevit
2629 4394 2722 4444 se,
2761 4378 2853 4432 sed
2884 4361 3068 4456 univit.
3101 4378 3364 4450 Erue-tavit
3405 4396 3492 4432 cor
3535 4396 3708 4435 meum

2121 4470 2320 4524 uerbum
2351 4469 2552 4522 bonum.
2603 4469 2804 4522 Dixerit
2833 4467 2935 4523 hoc
2965 4469 3102 4524 Deus
3127 4469 3286 4523 Pater
3309 4468 3376 4522 de
3403 4469 3578 4524 Verbo
3603 4484 3708 4525 suo

2125 4561 2262 4612 tumo
2303 4567 2462 4627 atque
2507 4559 2744 4612 beneﬁce
2780 4557 2920 4612 bono
2951 4570 3134 4611 nostro
3160 4599 3173 4622 ,
3207 4573 3304 4626 per
3333 4557 3476 4627 quod
3525 4551 3704 4613 solum

2125 4656 2316 4706 ιινιιιιιιιι
2349 4663 2632 4720 utcumque
2662 4651 2782 4705 boni
2812 4665 2930 4704 esse
2963 4665 3263 4719 possumus.

2193 4745 2244 4798 εἰ.
2279 4744 2547 4814 Sequitur,
2575 4742 2700 4796 Dico
2729 4759 2820 4812 ego
2850 4759 3004 4812 Opera
3032 4759 3142 4819 mea
3169 4743 3296 4813 regi.
3329 4743 3515 4798 Adhuc
3546 4743 3710 4798 Pater

2125 4835 2388 4905 loquitur?
2417 4834 2470 4889 Si
2502 4833 2674 4889 adhuc
2705 4834 2860 4888 Pater
2897 4833 3150 4904 loquitur,
3188 4828 3487 4906 quaeramus
3517 4845 3569 4890 et
3603 4835 3710 4891 hoc

2125 4925 2392 4996 quamodo
2417 4906 2714 4980 secundum.
2737 4924 2895 4978 fidem
2921 4938 3102 4978 veram
3125 4935 3179 4980 et
3200 4923 3516 4979 catholicam
3545 4925 3710 4979 intel-

2126 5019 2368 5087 lzgamus,
2399 5015 2525 5070 Dico
2555 5032 2644 5085 ego
2670 5032 2825 5083 opera
2856 5032 2965 5068 mea
2993 5015 3116 5085 regi.
3149 5014 3204 5070 Si
3226 5015 3366 5070 enim
3399 5017 3557 5070 Pater
3577 5013 3711 5084 dicit

2126 5087 2286 5177 optma
2318 5123 2411 5162 sua
2439 5107 2577 5162 Filio
2605 5121 2702 5162 suo
2727 5107 2839 5177 regi
2873 5117 3086 5170 nostro;
3109 5124 3226 5178 qua:
3252 5124 3413 5178 opera
3441 5109 3598 5164 Pater
3623 5095 3709 5164 di;

2125 5213 2307 5253 cturus
2337 5206 2415 5274 est
2441 5197 2576 5251 Filio
2597 5238 2610 5261 ,
2641 5212 2760 5250 cum
2791 5197 2969 5252 omnia
2999 5213 3157 5267 opera
3189 5199 3359 5253 Patris
3383 5214 3480 5268 per
3506 5199 3705 5255 Filium

2132 5291 2266 5346 facta
2299 5289 2436 5344 sint?
2464 5291 2543 5344 An
2573 5289 2733 5352 (orte,
2772 5288 2898 5343 Dico
2925 5307 3015 5360 ego
3040 5307 3192 5359 opera
3217 5307 3328 5344 mea
3355 5293 3497 5362 regi,
3531 5293 3706 5361 ipsum

2127 5383 2296 5447 Dico‘,
2337 5383 2736 5450 generationem
2783 5381 2902 5435 Filii
2946 5381 3239 5451 significat?
3282 5381 3479 5440 Vereor
3507 5399 3576 5438 ne
3607 5384 3714 5442 hoc

2128 5472 2411 5542 aliquando
2445 5487 2472 5524 a
2516 5471 2838 5526 tardioribus
2867 5485 2974 5524 non
3005 5471 3170 5541 possit
3197 5468 3416 5543 intelligi
3442 5490 3456 5527 :
3487 5489 3712 5530 verum-

2127 5573 2301 5617 tamen
2329 5562 2538 5629 dicam;
2569 5570 2823 5632 sequatur
2855 5562 2943 5632 qui
2972 5569 3164 5632 potest,
3193 5577 3259 5618 ne
3288 5577 3393 5618 non
3425 5562 3570 5618 dicto
3601 5571 3714 5621 noli

2129 5783 2161 5833 Γ
2189 5721 2204 5753 ι
2242 5729 2418 5774 tunth
2444 5726 2568 5782 uss,
2605 5723 2649 5769 et
2671 5715 2757 5767 illa
2784 5715 2965 5779 rubrica
2995 5721 3245 5777 antequam
3280 5723 3384 5777 etet,
3421 5723 3515 5771 stat
3550 5723 3716 5772 cani-

2144 5795 2258 5833 tum.

2144 5795 2258 5834 ωιιιι.
