4004 6200
287 353 382 405 .597

292 471 542 528 sequatur
561 470 606 512 et
629 459 716 528 qui
744 466 930 526 potest.
957 457 1196 526 Legimus
1220 456 1270 508 in
1293 455 1396 508 alio
1418 454 1620 524 psalmo
1642 451 1863 505 dictum:

295 551 460 604 Semel
491 551 685 603 locums
714 559 785 602 est
821 548 952 601 Deus
980 546 1149 619 (Psal.
1181 562 1284 609 ut,
1319 545 1426 615 l2).
1450 544 1633 598 Toties
1662 543 1870 597 loculus

292 649 372 694 est
407 657 499 709 per
522 639 838 706 Pun-betas,
869 639 1022 691 toties
1051 653 1144 706 per
1164 638 1468 705 Apostolos,
1502 635 1760 703 hodieque
1790 632 1871 686 lo-

293 732 468 799 quitur
517 744 610 798 per
654 737 866 782 sanctos
911 743 1054 790 suos,
1109 735 1161 781 et
1212 727 1320 779 ait:
1353 726 1517 779 Semel
1562 724 1752 778 loculus
1798 731 1872 777 est

297 823 448 876 Dens.
484 820 634 875 Unde
663 821 826 874 semel
857 821 1062 874 locutus
1093 830 1194 885 est,
1236 821 1335 873 nisi
1364 821 1610 888 prOplerl
1637 818 1871 873 Verbum

294 929 454 966 unum
471 917 494 966 Υ
511 909 656 967 Sicut
677 921 851 966 autem
878 910 1134 964 Erurtuvit
1156 928 1414 964 cornicum
1443 911 1638 963 verbum
1665 909 1868 976 bonum,

295 1004 649 1058 intelleximus
691 1003 758 1055 ibi
790 1003 1186 1072 generationem
1237 1001 1385 1065 Filii;
1420 1001 1579 1057 veluti
1627 1001 1872 1071 repetitio

1376 351 1601 406 ENARR
1623 347 1762 404 \TIO
1803 344 1865 400 IN
1907 343 2228 401 PSALMUM
2269 344 2447 399 XLIV.

3441 352 3468 403 4
3477 350 3541 406 93

1969 465 2224 524 quantum
2272 456 2432 512 audet
2477 449 2700 510 huma‘na
2747 457 3111 526 intelligeut'm,
3140 467 3192 513 et
3238 457 3340 514 huc
3385 475 3543 529 posse

1964 546 2130 614 accipi
2162 561 2226 601 ex
2260 561 2486 615 persona
2515 547 2685 602 Patris
2715 547 2936 614 dictum,
2958 548 3155 616 Lingua
3181 566 3290 604 mea
3316 552 3541 606 calamus

1963 634 2156 687 scribta.
2189 635 2327 700 Quia
2367 636 2508 705 quod
2555 637 2730 708 lingua
2781 639 2990 704 dicitur,
3021 650 3175 694 sonat
3213 649 3266 695 et
3312 643 3536 703 transit;

1964 725 2103 792 quod
2132 726 2398 790 scribitur,
2425 737 2602 781 manet
2625 745 2637 780 ς
2663 744 2780 782 cum
2806 744 2931 799 ergo
2954 729 3094 784 dicat
3123 731 3260 784 Deus
3283 730 3539 796 Verbum,

1963 823 2018 870 et
2039 815 2268 871 Verbum
2299 817 2438 886 quod
2469 818 2660 871 dicitur
2683 835 2786 872 non
2821 829 2975 875 sonet
3005 829 3059 875 et
3089 830 3340 886 transeat,
3366 822 3458 877 sed
3487 832 3542 878 et

1964 907 2171 962 dicatur
2200 918 2253 963 et
2279 919 2521 974 maneat;
2556 912 2768 980 scriptis
2807 913 2907 966 hoc
2947 914 3134 967 maluit
3166 914 3306 969 Deus
3327 930 3541 984 compa-

1965 1013 2103 1062 rare,
2137 1014 2293 1068 quam
2319 1001 2484 1054 sonis.
2517 1001 2668 1068 Quod
2693 1012 2866 1056 autem
2900 1003 3126 1071 addidit,
3155 1005 3387 1061 velociter
3415 1008 3542 1060 scri-

293 1096 420 1148 mihi
455 1093 668 1146 videtur
706 1093 840 1147 facta
872 1093 922 1145 in
952 1093 1297 1163 consequenti
1342 1093 1624 1156 sententia,
1660 1101 1716 1146 ttt
1743 1091 1946 1224 illud.‘
1965 1088 2140 1151 bentis,
2165 1091 2370 1158 impulit
2398 1101 2625 1146 mentem
2653 1092 2718 1145 ad
2747 1093 3144 1163 intelligentiam
3169 1114 3181 1149 :
3205 1097 3302 1151 sed
3331 1110 3434 1152 non
3463 1098 3542 1167 pi-

293 1185 428 1224 nnan
456 1187 654 1224 clintum
685 1195 797 1224 om!
859 1183 1112 1224 Frui-tnui!
1139 1196 1411 1224 rrw‘nlmnm
1439 1185 1636 1224 sim-hum
1661 1185 1842 1224 Imnnm
1964 1194 2052 1224 ara
2103 1190 2373 1224 rnmnnnat
2458 1183 2788 1224 rnt‘nininnrln
2833 1185 3162 1224 Iustinum-inc
3244 1196 3330 1224 nnl
3372 1189 3541 1224 νιτοηῖ-

293 1185 430 1256 quod
456 1187 654 1240 dictum
685 1195 819 1250 erat,
855 1183 1112 1238 Eructavit
1139 1196 1412 1238 cor'nteum
1439 1185 1636 1238 verbum
1661 1185 1864 1249 bonum,

295 1286 622 1344 repeteretur
645 1275 693 1326 in
717 1289 780 1326 eo
800 1273 936 1340 quod
961 1273 1052 1337 ait,
1075 1271 1220 1325 Dico.
1246 1271 1380 1338 Quid
1405 1280 1487 1326 est
1511 1273 1673 1334 enim,
1697 1270 1862 1323 Dico?

298 1366 524 1419 Verbum
555 1363 782 1433 profero.
817 1363 1053 1424 Et_unde
1084 1363 1280 1431 profert
1309 1362 1447 1416 Dens
1473 1362 1690 1415 verbum
1713 1401 1727 1422 ,
1759 1361 1858 1413 nisi

293 1469 355 1506 ex
385 1453 548 1507 corde
577 1467 693 1518 suo,
723 1467 786 1506 ex
819 1453 1003 1506 intimo
1030 1453 1160 1506 suo?
1191 1452 1268 1506 Tu
1299 1467 1401 1505 non
1429 1451 1561 1506 dicis
1593 1451 1690 1504 nisi
1719 1450 1856 1519 quod

291 1561 352 1598 ex
393 1544 555 1599 corde
593 1553 682 1597 tuo
727 1543 962 1613 profers;
996 1544 1216 1598 verbum
1246 1553 1390 1596 tuum
1431 1545 1570 1612 quod
1610 1550 1762 1596 sonat
1808 1550 1862 1595 et

293 1637 498 1702 transit,
525 1636 736 1691 aliunde
759 1653 862 1689 non
892 1636 1160 1706 profertur
1188 1654 1200 1688 :
1224 1643 1278 1689 et
1304 1636 1510 1688 miraris
1537 1635 1656 1703 quia
1690 1633 1758 1687 ita
1788 1633 1860 1687 di-

290 1730 358 1782 cit
383 1728 555 1782 Deus?
573 1728 676 1783 Sed
697 1728 873 1782 dicere
903 1729 991 1781 Dei
1015 1739 1267 1782 arte‘rnum
1287 1737 1385 1780 est.
1407 1728 1485 1780 Tu
1507 1727 1640 1780 dicis
1661 1726 1858 1794 aliquid

291 1817 482 1882 modo,
509 1818 626 1885 quia
661 1818 870 1871 tacebas
902 1818 1056 1886 paulo
1084 1826 1207 1871 ante
1239 1834 1251 1869 :
1289 1817 1369 1870 vel
1397 1832 1520 1870 cccc
1550 1831 1689 1869 nunc
1718 1832 1855 1868 nou-

291 1908 410 1959 dum
442 1907 658 1960 verbum
707 1907 947 1976 profers;
973 1924 1093 1961 cum
1122 1917 1296 1962 autem
1328 1908 1564 1977 proferre
1593 1909 1820 1976 coeperis
1842 1948 1856 1972 ,

292 2001 488 2070 rumpis
530 2001 799 2056 silentium
848 2000 1240 2070 quodammodo
1260 2041 1273 2063 ,
1305 2010 1360 2054 et
1389 2015 1612 2069 generas
1641 2001 1856 2054 verbmu

290 2092 424 2160 quod
452 2099 603 2144 antea
631 2107 734 2144 non
766 2100 898 2143 erat.
947 2089 1063 2144 Neu
1093 2091 1169 2144 sic
1209 2091 1346 2145 Deus
1370 2092 1548 2160 genuit
1584 2090 1856 2146 Verbum:

289 2183 462 2235 dicere
491 2183 578 2236 Dei
609 2184 722 2236 sine
745 2183 892 2236 initio
914 2192 1013 2246 est,
1037 2194 1090 2236 et
1116 2184 1230 2237 sine
1256 2185 1390 2247 ﬁne;
1421 2193 1472 2237 et
1495 2195 1666 2238 tamen
1697 2201 1854 2236 uuutn

299 2272 520 2325 Verbum
546 2274 692 2327 dicit.
722 2275 863 2326 Dicat
895 2275 1137 2338 alterum,
1169 2275 1212 2326 si
1242 2275 1538 2343 qru‘rd‘dixit
1569 2275 1855 2328 transierit.

287 2364 414 2416 Cum
449 2380 573 2417 vero
615 2373 667 2417 et
710 2379 740 2417 a
783 2379 885 2433 quo
925 2365 1118 2418 dicitur
1160 2373 1371 2430 manet,
1403 2376 1453 2419 et
1495 2366 1634 2434 quod
1666 2367 1858 2420 dicitur

294 2463 496 2516 manet;
521 2463 570 2508 et
599 2453 762 2507 semel
786 2454 976 2508 dicitur
991 2464 1045 2508 et
1068 2470 1169 2507 non
1195 2455 1400 2518 linitur;
1425 2467 1476 2509 et
1503 2462 1668 2524 ipsum
1692 2460 1856 2511 semel

292 2547 405 2600 sine
445 2546 594 2599 initio
629 2546 839 2606 dicitur,
875 2561 972 2601 nec
1017 2547 1096 2601 bis
1139 2548 1352 2612 dicitur,
1382 2550 1502 2618 quia
1530 2552 1858 2604 non'transit

287 2635 420 2702 qttod
450 2636 614 2688 semel
642 2636 852 2689 dicitur.
883 2637 994 2690 Hoc
1017 2647 1095 2690 est
1121 2653 1268 2705 ergo,
1297 2637 1556 2691 Eructuvil
1583 2655 1671 2692 cor
1695 2656 1857 2693 meum

288 2726 481 2778 rerbum
520 2726 699 2779 bonum
721 2769 735 2791 ,
767 2727 904 2795 quod
957 2737 1070 2790 est,
1096 2726 1237 2780 -‘Dico
1269 2745 1359 2798 ego
1390 2745 1541 2796 aper/1
1582 2747 1690 2781 mea
1728 2732 1852 2801 regi.

286 2818 452 2881 Quare
471 2833 617 2885 ergo,
636 2817 802 2886 Opera
824 2835 932 2871 mea
955 2819 1103 2872 dico?
1125 2819 1252 2884 Quia
1279 2820 1334 2872 in
1354 2821 1468 2888 ipso'
1486 2820 1658 2874 Verbo
1678 2823 1854 2875 omnia

285 2925 438 2976 opera
495 2909 604 2962 Dei.
654 2909 918 2978 Quidquid
973 2912 1113 2964 enim
1163 2910 1394 2965 facturus
1443 2925 1554 2966 erat
1610 2913 1854 2968 Dcus‘in

287 3007 545 3060 creatura,
575 2999 682 3068 jam
716 3002 764 3052 in
793 3000 964 3053 Verbo
991 3011 1102 3055 erat
1124 3015 1269 3064 ;‘nec
1299 3004 1516 3056 essetiin
1547 3003 1722 3066 rebus,
1752 3005 1854 3058 nisi

285 3101 423 3146 esset
451 3093 503 3144 in
529 3091 702 3145 Verbo
735 3110 748 3144 :
782 3093 1045 3160 quomodo
1075 3103 1125 3147 et
1162 3093 1211 3145 in
1257 3103 1305 3147 te
1339 3111 1440 3147 non
1469 3105 1608 3148 esset
1640 3096 1690 3148 in
1723 3098 1740 3126 ²
1773 3094 1853 3149 fa-

287 3183 425 3236 brica
447 3225 461 3245 ,
496 3183 592 3235 nisi
621 3192 763 3236 esset
796 3183 846 3235 in
879 3183 1120 3237 consilio.
1149 3181 1297 3237 Sicut
1323 3185 1372 3236 in
1405 3185 1686 3254 Evangelia
1713 3185 1850 3239 dici-

287 3284 366 3327 tur
395 3293 408 3327 :
444 3276 592 3338 Quod
619 3276 806 3344 factum
837 3285 907 3328 est
934 3276 983 3329 in
1016 3277 1124 3345 ipso
1153 3278 1252 3329 vita
1281 3287 1386 3328 erat
1416 3277 1590 3347 (Joun.
1622 3294 1656 3341 ι,
1687 3279 1739 3343 5,‘
1769 3279 1848 3348 4).

289 3365 410 3418 Erat
457 3381 583 3434 ergo
628 3365 768 3435 quod
809 3363 1002 3419 factum
1042 3376 1146 3431 cst,
1178 3367 1268 3420 sed
1316 3367 1584 3422 iu-Yerbo
1626 3379 1740 3422 erat
1765 3387 1776 3423 :
1801 3378 1855 3424 et

287 3458 460 3509 etruria
492 3472 650 3525 opera
681 3457 772 3511 Dei
801 3457 868 3511 ibi
891 3467 1042 3511 erant
1067 3499 1080 3523 ,
1109 3469 1178 3512 ct'
1202 3474 1362 3528 Opera
1390 3461 1632 3514 'uOudum
1660 3471 1811 3515 erant
1837 3479 1850 3516 :

288 3550 374 3602 sed
401 3549 629 3603 Verbum
660 3557 789 3610 erat,
822 3557 874 3603 et
896 3548 1126 3603 Verbum
1163 3551 1263 3604 hoc
1292 3551 1430 3606 Deus
1461 3561 1608 3618 erat,
1632 3562 1684 3607 et
1711 3553 1850 3622 apud

293 3640 452 3692 Deum
498 3647 632 3703 erat,
661 3649 713 3692 et
759 3639 921 3694 Filius
974 3641 1062 3692 Dei
1112 3651 1244 3703 erat,
1277 3651 1328 3694 et
1355 3633 1673 3698 cumd‘atre
1718 3654 1855 3698 unus

294 3729 428 3782 Deus
459 3739 591 3783 erat.
626 3728 754 3781 Dico
784 3746 872 3798 ego
899 3746 1049 3795 opera
1073 3746 1179 3782 mea
1205 3732 1328 3801 regi.
1353 3723 1544 3786 Audiat
1565 3733 1851 3800 dicentem,

291 3824 374 3890 qui
400 3823 626 3876 Verbum
654 3823 930 3893 intelligit;
960 3833 1012 3877 et
1041 3823 1214 3877 videat
1240 3831 1359 3878 eum
1390 3825 1545 3878 Patre
1571 3827 1854 3894 sempiter-

292 3928 410 3965 mnn
443 3897 688 3976 Verbum,
723 3914 773 3966 in
803 3929 907 3982 quo
930 3923 1051 3968 sunt
1079 3914 1238 3967 etiam
1266 3915 1383 3983 quin
1407 3913 1579 3969 futura
1611 3916 1758 3981 sunt,
1802 3919 1853 3970 in

290 4018 391 4069 quo
425 4018 526 4055 non
557 4003 876 4058 ahicruntet
904 4021 1021 4074 qum
1050 4005 1391 4059 transierunt.
1426 4004 1550 4058 llaec
1575 4021 1734 4074 opera
1766 4007 1854 4059 Dei

291 4095 338 4145 in
368 4093 557 4155 Verbo,
589 4104 836 4160 tanquam
865 4097 914 4149 in
936 4095 1113 4150 Verbo
1134 4137 1147 4160 ,
1185 4105 1431 4166 tanquam
1462 4097 1512 4150 in
1543 4096 1850 4168 Unigcnilo,

289 4194 531 4252 tanquam
561 4185 612 4238 in
646 4185 735 4238 Dei
767 4184 961 4238 Verbo.

357 4274 408 4326 6.
437 4273 572 4340 Quid
614 4290 742 4343 ergo
775 4275 1047 4344 sequitur?
1085 4273 1281 4344 Lingua
1325 4285 1436 4328 mea
1479 4273 1703 4331 calamus
1732 4280 1859 4331 scri-

290 4364 384 4431 ὑσίν,
417 4365 646 4417 velociter
676 4364 950 4418 scribentis.
978 4365 1112 4432 Quid
1140 4365 1332 4432 simile,
1365 4367 1555 4420 fratres
1579 4368 1703 4432 mei,
1731 4369 1856 4438 quid

289 4454 448 4508 habet
492 4455 666 4508 simile
711 4455 885 4523 lingua
933 4455 1023 4510 Dei
1063 4470 1184 4510 cum
1223 4455 1428 4509 calamo
1458 4457 1684 4510 scribae?
1723 4458 1856 4526 Quid

287 4545 444 4599 habet
470 4545 643 4598 simile
675 4554 818 4613 petra
849 4560 967 4598 cum
997 4546 1206 4600 Christo
1246 4545 1301 4617 (Ι
1328 4545 1446 4600 Cor.
1489 4563 1518 4600 x
1540 4587 1556 4612 ,
1595 4546 1689 4618 4)?
1729 4551 1855 4619 quid

288 4637 445 4689 habet
473 4636 645 4689 simile
671 4651 837 4704 agnus
866 4652 983 4689 cum
1013 4635 1288 4690 Salvatore
1316 4635 1490 4707 (Joan.
1522 4654 1556 4701 ι,
1581 4638 1712 4707 29)?
1732 4640 1856 4707 qttid

284 4727 443 4781 habet
472 4728 556 4781 leo
577 4742 694 4780 cum
725 4727 987 4796 Unigeniti
1015 4727 1324 4781 fortitudine
1356 4727 1534 4796 (Apoc.
1560 4744 1612 4791 v,
1637 4727 1735 4800 5)?
1765 4729 1856 4786 Di-

279 4828 365 4872 cta
409 4826 526 4870 sunt
562 4819 674 4872 haec
705 4827 877 4871 tamen
907 4837 918 4870 :
945 4827 996 4871 ct
1041 4818 1138 4871 nisi
1183 4818 1504 4880 dicerentur,
1545 4834 1648 4872 non
1676 4820 1856 4888 aliquo

280 4907 445 4960 modo
473 4922 567 4976 per
595 4906 707 4959 haec
734 4907 955 4961 visibilia
985 4906 1048 4959 ad
1078 4905 1394 4960 invisibilem
1425 4907 1852 4963 iuformaremur.

275 4999 367 5053 Sic
409 5013 537 5068 ergo
577 4997 831 5051 humilem
863 4997 1262 5051 similitudinem
1291 4997 1476 5050 calami
1513 4997 1666 5066 hujus
1689 5039 1704 5064 ,
1750 5015 1851 5054 nec

276 5104 655 5157 comparemus
683 5089 754 5141 illi
783 5088 1110 5142 CKCCllClllliU
1133 5129 1147 5150 ,
1175 5101 1271 5140 nec
1302 5096 1474 5140 tamen
1519 5103 1854 5157 respiramus.

274 5184 477 5246 Qumro
505 5181 646 5234 enim
674 5195 836 5249 quare
866 5180 1094 5248 linguam
1122 5194 1271 5233 Suam
1297 5180 1558 5233 calamum
1585 5182 1718 5234 dixit
1738 5198 1857 5236 esse

275 5273 471 5325 scrith
509 5271 761 5326 velociter
801 5269 1118 5324 scribentis?
1148 5271 1213 5324 At
1243 5284 1369 5322 vero
1394 5271 1734 5338 quantumvis
1763 5287 1859 5325 vc-

278 5362 476 5415 lociter
504 5361 702 5414 scribat
732 5360 930 5425 scriba,
964 5374 1065 5412 non
1092 5371 1431 5428 comparatur
1454 5362 1526 5414 illi
1552 5362 1812 5416 velocitati
1838 5404 1852 5428 ,

275 5452 348 5505 de
379 5466 482 5519 qua
526 5449 654 5504 dicit
682 5450 817 5502 alius
843 5448 1112 5519 psalmus:
1141 5446 1308 5517 Usque
1333 5449 1384 5502 in
1412 5450 1715 5503 velocitatem
1738 5469 1857 5505 cur-

276 5545 349 5597 rit
400 5542 600 5596 verbum
629 5542 738 5613 ejus
775 5538 944 5611 (Psal.
973 5555 1161 5606 cxu’n,
1193 5539 1304 5609 15).
1338 5540 1439 5594 Sed
1473 5541 1600 5594 mihi
1633 5541 1858 5609 videtur,

347 5699 362 5727 ⁸
403 5696 473 5742 sic
499 5703 604 5744 Mss.
634 5704 684 5743 At
714 5694 847 5743 Faida
876 5691 968 5742 nisi
988 5706 1069 5754 per
1097 5691 1295 5740 Verbum
1319 5707 1469 5741 surm.

344 5764 362 5782 '
406 5759 568 5808 lintres
743 5771 832 5807 tum
856 5765 971 5806 esset
989 5754 1170 5817 [ltltrit'tt
1195 5768 1210 5802 .'
1234 5758 1413 5818 ale-itu:
1441 5755 1684 5816 tarticula,
1710 5757 1774 5809 in.

1964 1194 2054 1246 gra
2103 1190 2408 1247 remaneat,
2458 1183 2788 1253 respiciendo
2832 1185 3162 1254 antiquarios
3188 1227 3202 1250 ,
3243 1196 3334 1241 aut
3372 1189 3541 1258 respi-

1963 1271 2151 1323 cicndo
2191 1273 2509 1340 qualeslibet
2553 1276 2767 1328 veloces
2815 1277 3084 1347 notarios;
3129 1279 3174 1330 si
3218 1289 3396 1334 autem
3440 1281 3541 1335 hoc

1964 1361 2281 1425 attenderit,
2313 1364 2628 1418 'rema'n'chi‘t
2674 1367 2763 1418 ibi:
2817 1367 2990 1434 lpsmn
3038 1369 3286 1433 velociter,
3315 1373 3529 1440 cogitet

1965 1454 2244 1518 velociter;
2277 1465 2328 1509 et
2360 1454 2532 1510 videat
2562 1474 2724 1527 quare
2752 1459 2951 1512 dictum
2984 1461 3070 1524 sit,
3103 1461 3349 1517 velociter.
3381 1463 3540 1519 Velo—

1964 1545 2096 1596 eiter
2128 1544 2218 1598 Dei
2252 1547 2354 1599 tale
2385 1557 2464 1600 est
2487 1586 2500 1610 ,
2525 1555 2580 1599 ut
2605 1549 2840 1601 velocius
2869 1549 2995 1602 nihil
3024 1551 3111 1603 sit.
3162 1551 3214 1605 lu
3244 1553 3530 1621 Scripturis

1963 1635 2104 1687 enim
2131 1636 2379 1690 scribitur
2405 1638 2576 1691 littera
2609 1647 2726 1705 post
2756 1639 2987 1693 litteram
3011 1683 3025 1706 ,
3056 1642 3258 1711 syllaba
3289 1653 3406 1711 post
3432 1645 3540 1715 syl-

1964 1726 2400 1792 lalnnn,'verbum
2425 1737 2543 1796 post
2563 1729 2812 1794 verbum;
2839 1745 2934 1785 nec
2955 1732 3020 1784 ad
3047 1733 3338 1788 secundum
3369 1745 3539 1789 trans-

1942 1818 2090 1886 -itur,
2123 1820 2220 1873 nisi
2249 1821 2421 1890 primo
2449 1822 2766 1891 perscripto.
2809 1823 2881 1876 lbi
2911 1832 3088 1877 autem
3121 1825 3249 1878 nihil
3278 1827 3534 1892 velocius,

1966 1910 2052 1963 ubi
2082 1925 2186 1965 non
2213 1912 2378 1964 multa
2409 1922 2531 1965 sunt
2559 1914 2738 1978 verba,
2773 1929 2868 1966 ncc
2895 1924 3068 1968 tamen
3099 1916 3294 1985 aliquid
3321 1927 3538 1986 prauor-

1940 2003 2182 2056 ‘Tnissum
2209 2013 2322 2068 est,
2345 2019 2464 2058 cum
2499 2006 2549 2058 in
2576 2020 2684 2060 uno
2714 2007 2820 2059 sint
2849 2008 3048 2059 omnia.

2034 2093 2085 2146 7.
2115 2091 2261 2164 [vers
2293 2093 2369 2166 5.]
2399 2095 2535 2151 Ecce
2571 2097 2680 2166 jam
2709 2097 2938 2151 Verbum
2970 2098 3094 2151 illud
3125 2100 3201 2153 sic
3227 2101 3485 2168 prolatum
3519 2144 3532 2167 ,

1961 2183 2255 2250 mt‘ernum,
2300 2187 2368 2240 ab
2429 2196 2629 2241 :cterno
2671 2198 3032 2254 coaeternum,
3081 2191 3254 2243 veniet
3289 2206 3532 2258 Sponsus.

1964 2274 2233 2345 Speciosus
2259 2280 2421 2348 {arma
2464 2294 2571 2343 pra:
2591 2277 2710 2347 ﬁliis
2746 2279 3020 2331 hominum.
3061 2278 3177 2332 Prw
3206 2280 3322 2344 ﬁliis
3369 2282 3536 2334 Itami-

1961 2387 2082 2422 num
2110 2386 2128 2423 :
2153 2381 2314 2439 quare
2337 2380 2454 2424 'nou
2480 2381 2530 2424 et
2562 2387 2668 2440 prce
2695 2372 2942 2441 Angelis?
2973 2371 3105 2438 Quid
3135 2372 3298 2425 voluit
3335 2373 3531 2436 dicere,

1939 2460 2082 2514 ‘Prtt
2111 2462 2230 2528 [iliis
2273 2463 2560 2527 hominum,
2594 2461 2692 2514 nisi
2747 2461 2866 2529 quia
2919 2461 3116 2514 homo?
3154 2461 3228 2514 Ne
3271 2462 3533 2514 hominem

1961 2551 2226 2604 Christum
2254 2553 2540 2619 quemlibet
2585 2553 2849 2604 hominem
2877 2562 3088 2620 putares
3109 2593 3121 2615 ,
3153 2554 3243 2611 ait,
3273 2550 3395 2603 I’m’
3419 2553 3535 2618 [Suis

1961 2642 2217 2694 hominum
2250 2641 2502 2708 speciosus
2540 2643 2722 2711 forma.
2767 2641 2933 2694 Etiam
2967 2641 3127 2694 homo
3153 2655 3262 2708 pra:
3290 2640 3406 2692 ﬁliis
3437 2640 3535 2694 ho-

1961 2732 2180 2798 minum;
2211 2734 2367 2787 etiam
2395 2733 2530 2787 inter
2562 2733 2698 2788 filios
2729 2732 2996 2786 homimim
3020 2746 3044 2794 ,ι
3065 2731 3332 2801 pne-filiis
3362 2731 3546 2785 homi-'

1960 2837 2118 2886 num;
2151 2823 2311 2877 etiam
2339 2838 2402 2876 ex
2454 2822 2574 2876 filiis
2603 2823 2909 2886 hominum,
2938 2837 3048 2890 pra:
3091 2821 3211 2874 filiis
3244 2821 3534 2874 hominum.

1939 2910 2260 2979 -Di/fusa-est
2289 2915 2452 2985 gratia
2488 2915 2540 2967 in
2571 2913 2716 2967 labiis
2753 2913 2867 2965 tuis.
2894 2912 2999 2966 Lex
3043 2927 3135 2980 per
3163 2912 3375 2982 Moysen
3415 2911 3533 2965 data

1953 3011 2057 3069 est;
2085 3006 2267 3061 Gratia
2309 3014 2364 3061 et
2397 3009 2718 3074 veritas-per
2756 3005 2935 3059 Jesum
2977 3003 3240 3057 Christum
3285 3001 3418 3058 facta
3457 3011 3534 3056 est

1941 3095 2143 3164 ~(JOmt.-
2169 3112 2204 3160 t;
2242 3097 2348 3165 l7).
2381 3093 2584 3162 Di/Tusa
2613 3104 2684 3148 est
2723 3095 2885 3164 gratia
2920 3094 2983 3146 in'
3014 3091 3158 3146 labiis
3203 3093 3320 3144 tuis.
3353 3092 3534 3145 Merito

1959 3187 2086 3240 mihi
2115 3190 2430 3242 subventum
2457 3197 2568 3250 est,
2596 3187 2716 3255 quia
2743 3184 3196 3252 coudelectorlegi
3225 3183 3317 3237 Dei
3345 3199 3535 3237 seruu-

1958 3277 2082 3330 dum
2125 3277 2746 3331 interioremhominem.
2793 3275 2896 3328 Sed
2938 3275 3035 3327 :lllft
3077 3274 3158 3327 lex
3205 3274 3254 3326 in
3287 3275 3534 3328 membris

1934 3369 2090 3423 'tneis
2116 3377 2370 3438 repugnat
2401 3368 2500 3436 legi
2533 3368 2723 3420 mentis
2750 3383 2878 3420 mem
2900 3406 2914 3428 ,
2946 3375 2996 3418 et
3016 3394 3019 3395 ν
3040 3363 3298 3432 captivum
3329 3380 3410 3416 me
3442 3364 3538 3415 du-

1903 3468 1906 3472 ’
1957 3461 2031 3515 cit
2063 3461 2114 3514 in
2154 3461 2269 3529 lege
2299 3459 2528 3528 peccati,
2568 3474 2685 3528 qua:
2715 3467 2797 3512 est
2849 3459 2899 3510 in
2946 3455 3394 3510 membris-meis.
3441 3453 3536 3506 lii-

1959 3565 2046 3604 ser
2072 3566 2168 3619 ego
2199 3549 2359 3604 homo
2382 3589 2397 3614 ,
2431 3549 2549 3618 quis
2591 3563 2675 3602 me
2713 3546 2953 3600 liberabit
2995 3544 3060 3598 de
3103 3559 3324 3613 corpore
3353 3544 3533 3598 mortis

1961 3640 2158 3708 hujus?
2208 3639 2387 3695 Gratia
2445 3639 2534 3692 Dei
2580 3654 2672 3705 per
2715 3636 2892 3688 .Iesum
2945 3633 3208 3688 Christum
3259 3634 3533 3684 Dominum

1961 3739 2200 3784 noStrnm
2241 3729 2560 3801 (Rom.~-vu,
2593 3725 2812 3795 92-25).
2847 3723 3051 3790 Di/fnsu
3101 3735 3168 3774 es!
3211 3739 3335 3790 ergo
3375 3724 3537 3790 grulirt

1959 3823 2010 3874 in
2060 3820 2201 3873 labiis
2231 3820 2364 3872 luis.”
2388 3818 2546 3872 Venit
2592 3817 2744 3870 nobis
2778 3830 2903 3868 cum
2940 3813 3100 3866 verbo
3131 3813 3350 3880 ‘gratim
3371 3853 3383 3875 ,
3414 3826 3534 3865 cum

1935 3911 2141 3964 'oscnlo
2169 3911 2372 3979 gratim.
2403 3908 2537 3976 Quid
2568 3907 2664 3960 ista
2695 3908 2856 3976 gratia
2893 3903 3136 3958 dulcius?
3163 3905 3278 3970 Quo
3312 3905 3538 3971 pertinet

1933 4001 2124 4069 gratia
2157 4000 2282 4054 ista?
2312 3999 2458 4053 Beati
2509 4011 2732 4066 quorum
2780 3997 3016 4050 FCIIIl>SID
3057 4005 3178 4048 sunt
3204 3995 3534 4061 iniquitates,

1961 4102 2015 4145 et
2058 4106 2281 4160 quorum
2324 4098 2456 4144 tecta
2489 4097 2610 4141 sunt
2653 4097 2866 4157 peccata
2898 4086 3068 4154 (Psal.
3094 4102 3238 4149 XXXI,
3271 4087 3342 4156 l).
3367 4086 3418 4140 Si
3449 4100 3535 4139 sc-

1964 4198 2119 4237 verus
2141 4181 2302 4251 jndex
2331 4183 2565 4246 veniret,
2591 4195 2687 4234 nec
2713 4179 2923 4233 alfcrret
2954 4179 3105 4232 istam
3127 4179 3348 4248 gratiam
3380 4177 3536 4231 diffu-

1962 4287 2074 4326 sam
2124 4273 2174 4325 iu
2208 4273 2364 4326 labiis
2394 4267 2682 4339 suis,‘quis
2728 4269 2796 4324 de
2824 4270 2991 4324 salute
3034 4270 3229 4338 aliquid
3255 4268 3534 4339 speraret?

1931 4364 2091 4430 Quis
2121 4379 2226 4416 non
2256 4362 2352 4415 sibi
2399 4363 2497 4415 hoc
2523 4362 2732 4415 tiu‘teret
2761 4360 2900 4430 quod
2931 4360 3189 4428 peccatori
3223 4357 3534 4412 debebatur"

1966 4455 2057 4508 Ille
2087 4454 2305 4508 veniens
2331 4470 2448 4507 cum
2480 4453 2641 4522 gratia
2670 4493 2683 4517 ,
2715 4469 2817 4504 non
2847 4452 3021 4520 exegit
3063 4450 3202 4519 quod
3229 4449 3535 4509 debebatur,

1965 4545 2122 4598 Solvit
2169 4543 2308 4613 quod
2357 4560 2458 4596 non
2504 4543 2746 4596 debebat.
2776 4541 2908 4595 Nunt
2959 4541 3099 4594 enim
3150 4556 3250 4592 non
3298 4548 3535 4605 peccator

1964 4635 2186 4687 debebat
2217 4634 2478 4687 mortem?
2505 4635 2607 4686 Aut
2643 4649 2767 4686 vero
2793 4632 2888 4685 tibi
2920 4630 3181 4699 peccaturi
3210 4629 3500 4682 debebatur
3519 4671 3530 4688 ,

1966 4723 2448 4792 nisi-supplicium?
2481 4724 2660 4777 Debita
2701 4731 2786 4776 tua
2818 4721 3043 4785 dimisit,
3090 4730 3139 4773 et
3172 4720 3398 4773 indebita
3445 4736 3537 4774 sua

1965 4816 2206 4868 exsolvit.
2256 4815 2437 4885 Magna
2482 4817 2666 4880 gratia.
2722 4815 2896 4881 Quare
2940 4813 3140 4880 gratia?
3183 4813 3311 4878 Quia
3357 4815 3536 4881 gratis.

1968 4907 2252 4975 Propterea
2285 4909 2608 4976 tibi.gratias
2652 4922 2807 4974 agere
2838 4905 2988 4966 licet,
3021 4905 3216 4958 referre
3244 4921 3346 4958 non
3381 4905 3538 4966 licet;

1967 5015 2071 5052 non
2123 5001 2261 5053 enim
2307 5007 2473 5068 potes.
2503 4998 2784 5063 ρηιιτρὶιιι
2823 4997 2908 5048 ille
2954 4996 3077 5065 quid
3122 4997 3464 5057 retribueret,
3492 5006 3540 5050 et

1965 5091 2136 5144 dixit:
2174 5090 2307 5155 Quid
2346 5090 2615 5142 retribuam
2658 5087 2878 5141 Domino
2920 5106 3010 5157 pro
3050 5089 3277 5142 omnibus
3320 5105 3432 5160 qua?
3464 5106 3536 5141 rc-

1963 5181 2328 5235 tribuitvmilti?
2351 5177 2635 5234 [Cl-invenit
2663 5182 2810 5247 quasi
2841 5179 3035 5247 aliquid
3069 5197 3084 5230 :
3114 5177 3329 5234 Culicem
3353 5181 3539 5232 saluta-

1967 5274 2036 5324 ris
2077 5272 2320 5338 arripiam
2346 5311 2358 5329 ,
2390 5278 2435 5323 et
2481 5286 2658 5323 nomen
2689 5267 2893 5321 Domini
2941 5270 3177 5323 invocabo
3207 5267 3373 5339 (Psul.
3406 5284 3505 5320 cxv
3525 5308 3537 5332 ,

1970 5360 2056 5424 12,
2092 5363 2202 5429 15).
2238 5359 2350 5415 lIoc
2373 5360 2445 5413 illi
2475 5360 2721 5428 rependis
2744 5402 2758 5426 ,
2785 5359 2902 5428 quia
2929 5360 3146 5414 calicem
3177 5360 3419 5411 salutaris
3452 5373 3540 5409 acu

1967 5452 2118 5519 cipis,
2155 5460 2206 5504 et
2234 5466 2426 5504 nomen
2451 5451 2654 5503 Domini
2680 5451 2916 5504 invocas?
2938 5450 3066 5515 Quis
3087 5450 3175 5502 libi
3199 5448 3342 5500 dedit
3374 5448 3540 5514 ipsum

1968 5542 2182 5596 Calicem
2226 5541 2534 5595 salutarem?
2566 5542 2834 5594 liemausit
2882 5540 2932 5593 in
2976 5539 3182 5592 actione
3212 5541 3495 5612 gratiarum
3528 5576 3540 5597 ,

1971 5651 2090 5688 nun
2123 5636 2172 5687 in
2199 5635 2449 5688 relatione
2495 5636 2703 5688 defecit.
2735 5635 2910 5688 Inveni
2943 5631 3065 5702 quid
3098 5631 3208 5684 Deo
3232 5627 3362 5698 des,
3407 5633 3543 5698 quod

2037 5765 2048 5793 ⁸
2085 5764 2220 5812 Corb.
2246 5771 2347 5823 315.,
2372 5771 2578 5813 verbum.
