4004 6200
303 304 396 361 τοι

297 420 550 488 copulatis
584 427 769 473 natura
795 419 1038 473 carnalis.
1073 417 1157 472 Fit
1179 415 1280 472 hoc
1315 425 1368 472 et
1392 416 1460 472 de
1488 417 1594 471 ﬁlia
1625 413 1880 471 adversus

301 518 541 569 matrem,
576 509 744 563 multo
773 510 939 580 magis
981 518 1034 563 et
1079 508 1146 562 de
1186 523 1322 562 nuru
1365 507 1622 562 adversus
1644 521 1876 562 socrum.

302 602 425 656 Nam
456 601 742 670 aliquando
793 603 841 656 in
891 618 988 656 una
1033 601 1192 656 domo
1233 614 1400 656 nurus
1429 611 1482 656 et
1526 603 1883 656 soerusinve-

301 694 514 747 niuntnr
540 692 788 747 ha-retica
809 703 861 748 et
887 691 1166 748 catholica.
1191 694 1256 748 Et
1284 692 1604 761 ubi_t'ortiter
1630 693 1882 761 recipitur

300 786 395 839 iste
424 783 629 854 gladius
654 825 669 849 ,
699 785 1169 852 rebaptizalionem
1221 800 1328 839 non
1388 785 1655 838 timemus.
1681 781 1883 838 'Potuit

297 874 454 928 dividi
481 874 585 927 lilia
613 872 866 927 adversus
894 884 1115 928 matrem
1156 887 1329 939 suam,
1356 883 1409 930 et
1435 889 1554 928 non-
1571 881 1746 943 potest
1777 889 1873 927 nu-

297 982 388 1020 rus
411 965 666 1021 adversus
693 962 903 1020 sacrum
935 983 1108 1020 suam.

368 1058 453 1112 12.
495 1058 711 1111 Factum
753 1069 832 1112 est
875 1060 972 1114 lioc
1017 1060 1334 1129 generaliter
1375 1058 1536 1114 etiam
1589 1058 1639 1112 in
1684 1072 1881 1127 genere

296 1146 548 1218 humano,
581 1147 783 1202 diviSus
821 1160 899 1201 est
932 1150 1069 1204 lilius
1100 1151 1356 1204 adversus
1392 1156 1616 1218 patrem.
1667 1148 1882 1202 Fuimus

293 1215 438 1292 enini
457 1239 523 1291 ali
549 1240 703 1306 ptand
731 1264 739 1287 ι
763 1239 851 1293 ﬁlii
880 1241 1096 1294 diaboli.
1129 1241 1314 1294 Adhuc
1347 1215 1648 1295 inﬁdelibus
1674 1240 1876 1294 dictum

294 1343 417 1383 est:
459 1329 556 1383 Vos
603 1348 632 1382 (ι
663 1333 810 1398 patre
853 1332 1053 1385 diabolo
1093 1334 1210 1386 estis
1242 1330 1439 1403 (Joan.
1487 1342 1601 1398 Vill,
1639 1332 1770 1404 44).
1817 1331 1883 1386 Et

293 1420 467 1475 omnis
494 1421 781 1477 inﬁdelitas
826 1409 1207 1490 ιιοδιι·ίι,ὐιι(1εξ,
1240 1423 1341 1480 nisi
1371 1439 1401 1478 a
1435 1432 1585 1494 patre
1623 1423 1882 1479 diabolo?

295 1511 406 1565 Non
448 1513 537 1567 ille
562 1513 794 1568 creando
825 1525 992 1584 pater,
1023 1515 1115 1571 sed
1141 1531 1239 1571 nos
1263 1516 1410 1571 illum
1433 1517 1687 1571 imitando
1717 1516 1808 1570 lilii
1841 1518 1877 1569 ι.

292 1603 407 1656 Jam
441 1603 602 1659 modo
628 1605 818 1659 videtis
870 1606 1030 1660 ﬁlimn
1080 1607 1335 1662 adversus
1378 1616 1584 1677 patrem
1628 1607 1876 1662 divisum.

303 1691 453 1752 Venit
477 1697 686 1767 gladius
730 1699 846 1763 ille;
894 1699 1161 1753 renuntiat
1188 1699 1401 1755 diabolo
1434 1718 1447 1754 :
1483 1700 1677 1755 invenit
1717 1700 1878 1753 alium

296 1799 519 1859 patrem,
548 1790 750 1844 invenit
774 1791 931 1843 aliam
953 1802 1196 1846 matrem.
1227 1793 1318 1847 Ille
1347 1792 1411 1846 ad
1443 1793 1791 1847 imitationem
1814 1803 1879 1849 “se

297 1880 556 1949 pnebcus,
600 1879 887 1951 generabat
930 1882 980 1936 in
1017 1881 1236 1936 exitium
1267 1900 1280 1936 :
1306 1894 1555 1952 parentes
1606 1884 1712 1938 duo
1747 1901 1880 1951 quos
1943 1893 1946 1895 λ

296 1970 616 2045 invenimus,
649 1971 701 2026 in
740 1972 899 2026 vitam
948 1982 1204 2026 aeternam
1235 1982 1512 2044 generant.
1551 1973 1759 2030 Divisus
1799 1983 1882 2030 est
1950 1982 1952 1984 ’

299 2063 436 2118 illius
477 2064 735 2120 adversus
758 2076 983 2134 patrem.
1017 2064 1188 2117 Divisa
1217 2075 1297 2119 est
1328 2053 1432 2119 lilia
1462 2065 1721 2121 adversus
1760 2082 1875 2120 ma-

293 2164 423 2209 trem
457 2171 607 2209 suam
641 2174 654 2210 :
687 2156 834 2224 plebs
858 2155 944 2210 illa
969 2147 1400 2226 qttte'de'Judaris
1441 2157 1684 2221 credidit,
1713 2157 1878 2212 divisa

293 2258 372 2300 est
401 2247 659 2302 adversus
689 2248 1043 2318 Synagogam.
1072 2241 1271 2301 Divisa
1305 2258 1385 2302 est
1415 2258 1467 2302 et
1497 2263 1660 2302 nurus
1678 2248 1879 2303 adver-

293 2353 380 2391 sus
401 2354 614 2392 socrum
646 2354 834 2393 suam:
869 2339 1018 2408 plebs
1045 2338 1112 2395 de
1152 2339 1415 2394 Gentibus
1442 2340 1681 2404 veniens,
1715 2351 1880 2393 uerus

290 2429 483 2482 dicitur
507 2447 520 2493 ;
548 2430 667 2500 quia
695 2445 922 2498 sponsus
954 2425 1196 2484 Christus
1225 2432 1364 2484 libus
1391 2431 1705 2501 Syuagogm.
1726 2430 1880 2486 Unde

290 2520 430 2572 cnim
463 2529 615 2573 natus
640 2521 730 2574 est
752 2519 916 2574 Filius
951 2521 1038 2573 Dei
1071 2521 1365 2574 secundum
1398 2521 1656 2576 carnem?
1687 2521 1763 2575 Ex
1791 2522 1879 2576 illa

288 2610 583 2680 Synagoga.
612 2609 705 2664 llle
726 2611 816 2680 qui
842 2611 1041 2664 dimisit
1065 2616 1265 2679 patrem
1285 2622 1338 2666 et
1365 2620 1606 2674 matrem,
1633 2611 1878 2666 etadlw-

289 2703 354 2754 sit
385 2702 535 2754 uxori
567 2717 698 2766 sum,
732 2709 789 2754 ut
815 2711 996 2755 essent
1037 2702 1143 2756 duo
1174 2702 1224 2755 iu
1278 2717 1439 2758 carne
1469 2719 1570 2758 una
1607 2702 1625 2776 (
1657 2701 1872 2769 Gen.'u,

287 2794 380 2861 2-1)
414 2811 426 2844 :
462 2809 567 2846 non
594 2793 897 2862 conjectura
921 2804 1123 2859 nostra,
1156 2795 1249 2851 sed
1283 2805 1565 2852 attestante
1597 2797 1871 2866 Apostolo,

288 2895 338 2939 et
362 2885 573 2939 dicente
603 2905 614 2938 :
651 2885 1038 2940 Sacramentum
1066 2888 1160 2941 hoc
1184 2905 1420 2959 magnum
1450 2900 1558 2954 est,
1591 2907 1680 2960 ego
1708 2899 1872 2944 autent

287 2977 397 3029 dico
424 2978 474 3029 in
504 2976 702 3030 Clu-isto
732 2987 777 3030 et
804 2979 854 3031 in
899 2977 1127 3031 Ecclesia
1159 2978 1177 3049 (
1207 2979 1393 3050 Epltes.
1417 2997 1470 3044 γ,
1501 2982 1569 3036 59.
1597 2981 1635 3051 ).
1668 2982 1874 3037 Dimisit

287 3069 426 3120 enim
463 3077 664 3135 patrem
694 3067 1089 3138 quodammodo
1118 3086 1132 3122 :
1163 3085 1270 3124 non
1301 3071 1518 3126 omnino
1539 3066 1739 3126 dinu‘sit
1761 3074 1872 3127 vcl-

287 3159 359 3211 uti
412 3158 478 3213 ad
513 3161 925 3228 separationem,
959 3161 1054 3216 sed
1085 3162 1152 3216 ad
1192 3164 1588 3232 susceptionem
1627 3164 1870 3220 humanm

284 3253 480 3305 carnis.
509 3253 786 3317 Quomodo
813 3253 1049 3308 dimisit?
1085 3255 1226 3322 ’Quia
1269 3271 1389 3309 cum
1419 3266 1562 3312 esset
1603 3259 1652 3311 in
1699 3259 1868 3313 {urina

289 3345 399 3409 Dei,
432 3362 534 3398 non
565 3347 801 3414 rapinam
832 3348 1120 3401 arbitratus
1140 3359 1222 3403 est
1243 3364 1361 3404 esse
1385 3352 1602 3421 :equalis
1628 3352 1754 3415 Deo,
1774 3353 1868 3407 sed

283 3441 627 3510 semetipsum
659 3441 968 3506 exinanivit,
991 3441 1215 3498 formam
1247 3447 1385 3499 servi
1416 3449 1682 3516 accipiens
1711 3448 1868 3520 (ΡΙιὶ-

282 3532 410 3600 lipp.
443 3547 499 3594 ιι,
528 3530 603 3600 ti).
629 3531 905 3597 Quomodo
927 3534 1126 3588 dimisit
1155 3543 1206 3588 et
1230 3537 1494 3591 matrem?
1520 3538 1742 3592 Gentem
1771 3540 1866 3594 Ju-

282 3622 540 3680 dzcornm.
561 3622 888 3694 Synagogaut
919 3627 1058 3679 illam
1085 3627 1375 3682 hmrcntem
1404 3631 1673 3685 veteribus
1694 3647 1872 3687 Sacra-

287 3715 500 3767 mentis.
534 3717 611 3768 Ad
645 3718 810 3785 ipsam
843 3718 1065 3788 ﬁguram
1092 3719 1322 3785 pertinet
1351 3723 1620 3790 q'ttod'ait,
1655 3724 1780 3787 Qua:
1801 3733 1870 3777 est

285 3805 408 3856 milii
435 3815 612 3870 mater,
642 3817 726 3859 aut
747 3809 834 3876 qui
854 3811 1046 3877 fratres
1072 3807 1288 3878 '(Ma‘ltlt.
1325 3827 1421 3875 xu,
1448 3811 1574 3882 48)?
1611 3815 1701 3867 Ille
1729 3815 1870 3868 enim

287 3895 430 3948 intus
454 3895 704 3963 ducebat,
737 3899 810 3952 illi
843 3898 971 3953 foris
999 3899 1232 3954 stabant.
1263 3901 1450 3956 Videte
1493 3905 1534 3956 si
1581 3921 1682 3956 non
1716 3905 1873 3959 modo

286 3989 352 4040 ita
387 4000 508 4043 sunt
534 3989 720 4043 .1ιι[1;,υἰ.
763 3991 921 4046 Docet
960 3991 1205 4046 Christus
1254 3993 1305 4045 in
1338 3992 1608 4059 Ecclesia,
1638 3995 1708 4048 illi
1748 3995 1875 4052 foris

284 4093 446 4136 stant.
501 4083 697 4136 Socrus
747 4099 874 4151 ergo
920 4085 1045 4153 quid
1075 4083 1194 4138 est?
1236 4083 1401 4140 Mater
1449 4088 1650 4155 Sponsi.
1709 4088 1875 4146 Mater

282 4175 463 4242 sponsi
509 4174 712 4227 Domini
760 4175 926 4228 nostri
980 4175 1104 4229 Je'su
1151 4173 1400 4242 Christi,
1439 4175 1715 4248 Syuagoga
1769 4189 1870 4235 est.

283 4264 515 4319 Proinde
558 4281 721 4319 nurus
759 4265 872 4335 ejus
903 4267 1136 4321 Ecclesia
1167 4308 1182 4330 ,
1231 4284 1348 4338 qua:
1396 4271 1613 4324 veniens
1639 4271 1706 4325 de
1734 4272 1874 4328 Geu-

282 4357 424 4410 tibtts
477 4373 581 4410 non
628 4357 896 4413 consensit
952 4358 1002 4411 in
1052 4359 1508 4414 circumcisionem
1569 4365 1868 4429 cm-nalem,

281 4449 450 4502 divisa
481 4459 562 4503 est
601 4449 854 4502 adversus
893 4465 1102 4530 socrum
1143 4465 1314 4504 suam.
1344 4451 1615 4522 Accingere
1642 4452 1869 4523 gladium

282 4552 441 4593 tuum.
477 4541 553 4594 De
584 4542 812 4609 potentia
846 4542 1000 4610 hujus
1030 4541 1188 4612 gladii
1217 4542 1595 4613 loquebamur,
1628 4547 1870 4601 cumista

279 4633 598 4687 diceremus.

355 4728 440 4782 15.
502 4727 770 4797 Accingere
820 4726 1044 4796 gladium
1096 4738 1272 4793 tuum,
1321 4743 1622 4784 sermonem
1677 4741 1864 4786 tuum:

275 4821 414 4872 circa
447 4823 627 4889 femur,
653 4820 1009 4890 potentissime,
1029 4821 1165 4872 circa
1190 4820 1358 4874 l'etnur
1389 4819 1587 4875 habens
1609 4822 1866 4890 gladium.

275 4911 413 4979 Quid
442 4921 542 4972 est,
565 4912 697 4964 circa
723 4913 885 4981 [eiuur
902 4913 927 4966 ἱ)
946 4914 1067 4982 quid
1098 4914 1359 4983 signiﬁcat
1380 4912 1447 4969 de
1473 4913 1710 4969 femore?
1734 4915 1866 4970 Car-

277 5020 422 5056 nem.
456 5001 603 5058 Unde
644 5003 767 5056 illud
797 5013 876 5057 est
905 5019 918 5055 :
959 5003 1075 5056 Non
1110 5005 1305 5072 deﬁciet
1329 5006 1562 5075 princeps
1593 5005 1654 5058 de
1684 5006 1826 5061 Juda
1847 5050 1863 5076 ,

274 5106 322 5149 et
343 5097 450 5149 dua:
479 5096 539 5148 de
567 5096 835 5166 [emaribns
879 5097 987 5165 ejus
1029 5096 1195 5166 (Gen.
1243 5115 1389 5163 κως,
1415 5100 1482 5154 10
1508 5097 1548 5169 ).
1595 5099 1782 5156 Nonne
1813 5114 1865 5157 et

273 5188 390 5257 ipse.
418 5186 708 5248 Abraham,
733 5188 814 5240 cui
848 5188 1164 5256 promissum
1191 5199 1302 5241 erat
1329 5205 1512 5244 semen
1546 5191 1596 5243 iu
1636 5208 1743 5261 qtto
1775 5193 1866 5247 be-

270 5277 652 5332 llt_'.tllt.'(.‘l'Cllllll‘
692 5293 879 5331 omnes
913 5289 1125 5346 gentes,
1177 5283 1388 5347 quando
1446 5281 1591 5335 misit
1651 5297 1861 5338 servum

269 5387 424 5423 suum
455 5370 518 5422 ad
544 5369 882 5438 quaerendam
923 5379 975 5422 et
1014 5370 1306 5424 ducendam
1344 5388 1564 5428 exorent
1596 5373 1702 5428 tilio
1729 5391 1825 5430 suo
1846 5417 1860 5441 ,

269 5461 412 5515 unde
439 5464 641 5514 veniret
671 5462 793 5514 illud
822 5478 1002 5515 semen
1055 5473 1292 5517 sanctum
1340 5465 1390 5518 in
1439 5482 1544 5535 quo
1577 5467 1862 5524 benedice-

269 5568 456 5609 rentur
481 5570 668 5607 UlllllcS
698 5566 914 5623 gentes;
949 5555 1049 5610 tide
1078 5559 1262 5611 totiens
1293 5557 1343 5611 in
1372 5558 1457 5612 illa
1491 5561 1650 5614 veluti
1682 5561 1826 5617 humi
1846 5591 1862 5607 ο

339 5753 350 5780 ³
391 5757 438 5798 tu
464 5753 553 5800 hac
576 5759 820 5802 sententia
846 5761 945 5803 Mss.
972 5753 1195 5804 omittunt
1213 5768 1372 5818 voces,
1400 5762 1536 5820 pater
1561 5753 1612 5809 ἐι
1632 5756 1741 5822 lilii.

1389 299 1782 356 ENARRATIO
1823 297 1886 353 IN
1933 299 2254 362 l’SALMUM
2298 299 2458 364 XLlV

3459 321 3538 379 '50
3550 325 3572 377 3

1990 415 2136 473 litate
2180 421 2397 476 seminis
2431 427 3001 495 esse'nni'gn‘itudinem
3051 433 3278 489 nominis
3312 435 3350 503 ¹,
3399 436 3447 491 id
3489 449 3571 493 est

1965 504 2177 562 "Filium
2231 512 2318 565 Dei
2349 523 2626 570 venturum
2671 527 2736 572 ex
2780 518 2901 574 ﬁliis
2942 521 3212 578 hominum
3263 543 3355 596 per
3384 545 3568 586 semen

1988 597 2236 663 Abrahm,
2267 601 2391 656 fecit.
2419 604 2590 672 ipsum
2629 624 2840 665 servum
2887 627 3072 679 suum,
3101 633 3258 685 quem
3305 621 3566 690 mittebat,

1988 690 2057 744 ita
2084 693 2184 746 sibi
2209 694 2426 762 jurare?
2451 695 2611 763 Pone,
2640 702 2828 771 inquit.
2863 723 3066 760 ntanum
3097 719 3233 763 tuam
3260 713 3350 766 sub
3381 716 3569 785 feature

1971 786 2113 845 'mco,
2139 794 2187 838 ct
2211 786 2282 838 sic
2302 787 2424 855 jura
2445 787 2587 860 (Gen.
2614 808 2704 858 xu,
2736 795 2787 856 5,
2813 804 2856 848 et
2884 813 3025 864 xxiv,
3058 798 3112 865 ‘2,
3148 802 3199 863 5,
3227 813 3273 856 et
3305 819 3456 869 xxvi,
3487 806 3566 875 4).

1985 876 2142 941 Quasi
2172 877 2392 944 diceret,
2435 881 2579 936 Pone
2616 900 2826 939 manum
2865 899 3005 942 tuam
3049 891 3116 944 ad
3159 894 3358 959 altare,
3387 906 3476 951 aut
3503 900 3567 951 ad

1952 986 1958 991 ·
1988 968 2354 1036 Evangelium,
2393 982 2485 1025 aut
2515 974 2579 1028 ad
2621 975 2962 1044 l-‘rophetatn,
2996 993 3084 1035 aut
3125 984 3189 1037 ad
3217 985 3416 1056 aliquid
3447 1003 3568 1043 san--

1964 1059 2286 1115 ’cmm."Sub
2315 1064 2514 1118 feruore
2545 1081 2683 1129 meo,
2713 1069 2900 1138 inquit,
2923 1089 3058 1140 pone
3081 1091 3291 1130 mamnn
3321 1079 3569 1136 :-habens

1987 1149 2253 1216 ﬁduciam,
2289 1169 2385 1208 nec
2417 1171 2666 1211 reverens
2697 1163 3075 1229 turpitudinem
3099 1209 3111 1227 .
3146 1169 3238 1222 sed
3269 1171 3567 1241 intelligens

1986 1246 2283 1299 veritatem.
2311 1247 2638 1316 Propterea,
2673 1251 2944 1324 Accingere
2988 1261 3212 1328 gladium
3245 1274 3385 1317 tuum
3433 1267 3569 1320 circa

1985 1339 2168 1406 [enmr,
2195 1340 2549 1406 potentissime.
2579 1342 2948 1401 Potentissime
2975 1350 3132 1403 etiam
3172 1355 3309 1407 circa
3355 1355 3523 1411 femur
3555 1377 3567 1414 :

1985 1426 2106 1495 quia
2135 1429 2597 1497 quodinﬁrmum
2639 1443 2722 1490 est
2764 1437 2880 1505 Dei,
2926 1437 3114 1495 fortius
3156 1453 3237 1497 est
3267 1444 3568 1504 hominibus

1986 1517 2027 1570 (1
2054 1518 2168 1572 Cor.
2193 1535 2230 1582 ι,
2260 1519 2373 1592 ‘25).
2409 1522 2780 1582 Potentissime.

2059 1610 2143 1663 H.
2185 1607 2451 1686 ['vers.-5.]
2481 1612 2662 1684 Specie
2690 1625 2776 1672 tua
2817 1629 2862 1674 et
2908 1621 3281 1690 pulchritudine
3324 1637 3428 1681 tua.
3472 1628 3566 1684 Ju-

1985 1702 2181 1756 5titiam
2219 1706 2430 1776 accipe,
2482 1725 2582 1777 qua
2624 1727 2836 1783 semper
2863 1730 2921 1770 es
2949 1719 3220 1787 Speciosus
3247 1731 3300 1776 et
3327 1722 3566 1792 pulcher.

1989 1793 2051 1846 lt't
2078 1794 2297 1862 intende,
2348 1809 2396 1852 et
2441 1816 2677 1868 prospere
2705 1806 2934 1872 procede,
2983 1819 3026 1861 et
3069 1827 3244 1880 regna.
3277 1812 3462 1869 Nonne
3491 1816 3570 1868 vi-

1984 1886 2210 1942 demus?
2238 1887 2396 1945 Certe
2411 1892 2522 1961 jam
2549 1893 2742 1948 factum
2774 1907 2873 1950 est.
2904 1901 3171 1955 Attendite
3188 1904 3372 1958 orbem
3402 1915 3570 1960 terra-

1986 1995 2098 2032 ram
2133 1997 2147 2044 ;
2179 1970 2424 2046 intendit,
2456 2000 2707 2054 prospere
2733 1993 3010 2063 processit,
3033 2002 3317 2062 etregnat;
3347 1996 3570 2051 subdita:

1981 2080 2107 2125 sunt
2132 2085 2318 2128 omnes
2347 2081 2559 2144 gentes.
2587 2077 2725 2144 Quid
2752 2090 2865 2133 erat
2896 2081 3021 2135 illud
3052 2084 3230 2138 videre
3256 2086 3305 2139 in
3333 2088 3518 2158 spiritu
3548 2091 3570 2143 ?

1961 2161 2136 2228 J‘Quod
2164 2179 2303 2219 nunc
2321 2174 2401 2220 est
2423 2169 2656 2235 experiri
2673 2171 2725 2225 in
2753 2172 2996 2230 veritate.
3021 2177 3243 2244 Quando
3261 2181 3571 2238 dicebantur

1986 2253 2116 2317 lure,
2149 2256 2383 2311 nondum
2414 2259 2482 2314 ita
2512 2262 2767 2331 regnabat
2806 2267 3048 2324 tLln-is‘tus
3069 2313 3082 2336 ,
3115 2274 3346 2328 nondum
3393 2277 3533 2332 inte".

1974 2347 2153 2412 derat,
2189 2351 2420 2404 nondum
2446 2368 2776 2422 processerat
2810 2376 2822 2410 :
2855 2363 3310 2434 pra‘dieabautur;
3340 2370 3569 2425 cxbibiu

1981 2451 2126 2505 Sunt,
2151 2441 2259 2509 jam
2283 2451 2344 2497 ea
2373 2455 2652 2501 tenemus:
2685 2450 2736 2502 in
2769 2453 2950 2506 multis
2973 2455 3292 2511 redditorem
3315 2460 3570 2515 habemus

1984 2533 2171 2600 Deum,
2201 2535 2252 2588 in
2281 2537 2808 2606 paucis'debitoretn.
2835 2543 3082 2613 Intende,
3117 2559 3163 2602 et
3188 2568 3424 2622 prospere
3453 2570 3570 2624 pro-

1965 2628 2120 2692 ‘eede,
2144 2641 2191 2684 ct
2212 2647 2386 2704 regna.

2054 2723 2139 2778 15.
2184 2723 2402 2793 Propter
2417 2733 2690 2797 veritate'm,
2711 2743 2757 2788 et
2774 2736 3224 2802 niansuctudiuem,
3247 2747 3290 2790 et
3297 2739 3568 2808 justitiam.

1984 2811 2210 2870 Reddita
2230 2829 2312 2872 est
2342 2823 2558 2887 veritas,
2583 2825 2798 2894 quando
2823 2828 3019 2880 veritas
3046 2828 3112 2882 de
3138 2840 3275 2882 terra
3308 2839 3422 2882 orta
3466 2846 3558 2884 est.

1977 2918 2034 2962 et
2055 2909 2257 2977 justitia
2289 2913 2356 2968 de
2383 2917 2519 2969 cmlo
2541 2920 2818 2989 prospexit
2846 2919 3018 2988 (Psal.
3043 2937 3259 2988 Lxxxtv,
3292 2923 3396 2993 l‘l).
3432 2925 3559 2976 ιιι-ςιιε

1978 3011 2218 3058 διιιιιειιιις
2244 3015 2325 3059 est
2355 3007 2600 3078 Christus
2630 3014 3020 3080 exspectationi
3053 3017 3072 3046 ¹
3099 3015 3311 3085 generis
3329 3014 3566 3074 lttttttani,

1971 3087 2037 3148 ﬁt
2079 3097 2128 3150 in
2156 3100 2360 3154 semine
2395 3102 2618 3156 Abrahae
2650 3104 3092 3161 hencdieerenlur
3133 3125 3318 3163 omnes
3364 3120 3564 3173 gentes.

1936 3177 1960 3217 ⁷
1981 3189 2329 3244 Praedicatum
2372 3200 2453 3246 est
2485 3193 2864 3264 Evangelinm;
2901 3199 3095 3252 veritas
3121 3209 3220 3252 est.
3254 3199 3386 3267 Quid
3418 3218 3568 3252 man~

1978 3280 2235 3334 suetudo?
2281 3285 2424 3337 l‘assi
2457 3295 2580 3338 sunt.
2609 3296 2894 3359 martyres,
2924 3296 2979 3342 et
3023 3289 3144 3343 inde
3173 3294 3391 3344 tuttiluttl
3445 3308 3568 3360 pro-

1968 3373 2158 3436 'ceSsit,
2204 3382 2258 3428 et
2307 3377 2571 3444 promovit
2618 3393 2711 3446 per
2747 3393 2936 3432 oixuies
2961 3389 3145 3448 gentes
3177 3397 3395 3450 regnum
3429 3383 3516 3435 Dei
3554 3401 3564 3432 :

1979 3466 2100 3532 quia
2125 3466 2460 3534 patiebantur
2491 3477 2770 3537 martyres,
2817 3485 2913 3523 nec
2940 3469 3277 3532 deﬁciebant,
3309 3487 3404 3524 nec
3433 3472 3566 3524 resi—

1963 3557 2218 3620 stebant;
2250 3557 2495 3613 dicentes
2523 3561 2720 3624 omnia,
2756 3560 2884 3614 nihil
2914 3563 3239 3616 occultantes
3264 3579 3277 3623 ;
3311 3564 3473 3628 parati
3501 3565 3564 3615 ad

1980 3647 2180 3711 O-ttlnltl,
2207 3648 2338 3701 nihil
2368 3649 2908 3719 recusantes.'lllagna
2935 3651 3286 3704 mansuetudo
3309 3651 3319 3703 !
3362 3651 3567 3719 Corpus

1951 3735 2174 3790 'Chrisli
2206 3736 2306 3792 hoc
2338 3737 2479 3802 fecit,
2512 3740 2561 3792 in
2594 3741 2766 3809 capite
2793 3741 3116 3794 suodidieit.
3153 3743 3241 3794 Ille
3271 3743 3412 3810 prior
3429 3743 3568 3796 sicut

1979 3828 2094 3881 ovis
2115 3827 2179 3881 ad
2203 3830 2522 3884 occisionem
2555 3830 2576 3862 ³
2605 3831 2792 3885 ductus
2821 3841 2922 3891 est,
2952 3841 3005 3886 et
3027 3833 3158 3886 sicut
3186 3849 3352 3900 agnus
3380 3850 3560 3888 coram

1976 3919 2233 3976 tondente
2258 3937 2318 3976 se
2343 3938 2446 3977 nou
2477 3926 2682 3991 aperuit
2711 3940 2772 3979 os
2794 3940 2947 3979 suum
2974 3925 3122 3997 (lsui.
3157 3943 3264 3992 Llll,
3293 3929 3344 3998 7)
3371 3945 3568 3999 :usque
3638 3957 3641 3959 -

1978 4011 2112 4065 adeo
2137 4024 2462 4079 mansuetus,
2493 4027 2548 4069 ttt
2588 4017 2826 4086 pendens
2854 4019 2903 4071 in
2943 4021 3359 4087 crttcc'dieeret,
3393 4022 3566 4089 Pater,

1979 4105 2178 4176 ignosce
2202 4107 2321 4172 illis,
2346 4109 2463 4180 quia
2493 4111 2715 4163 nesciunt
2744 4111 2866 4178 quid
2881 4112 3240 4182 focitmltLur.
3263 4130 3415 4180 χχιιι,
3447 4113 3558 4185 5-1).

1978 4197 2114 4263 Quid
2161 4210 2376 4268 propter
2408 4199 2706 4269 justitiam?
2739 4203 2926 4259 Veniet
2952 4206 3131 4268 etiam,
3165 4216 3219 4260 ttt
3252 4207 3472 4275 judicet,
3511 4220 3565 4262 et

1979 4290 2235 4344 retribuat
2270 4292 2551 4361 unicuique
2577 4295 2868 4350 secundum
2899 4311 3059 4366 Opera
3083 4314 3176 4353 sua
3201 4299 3373 4367 (Rom.
3398 4316 3456 4363 ll,
3481 4301 3561 4367 6).

1982 4383 2119 4436 Dixit
2150 4384 2444 4450 veritatem,
2491 4387 2706 4454 pertulit
2754 4389 3081 4457 ἱιιὶιμιῖιιιιυιιι
3115 4390 3133 4422 δ
3155 4435 3167 4452 ,
3201 4393 3454 4446 allaturus
3483 4404 3564 4448 est

1977 4475 2303 4542 aequitatem.
2350 4476 2409 4528 [εἰ
2437 4478 2646 4530 deducet
2690 4490 2737 4533 te
2764 4481 3060 4534 nriruldliter
3089 4481 3293 4535 dextero
3320 4495 3424 4536 tua.
3455 4484 3561 4538 Nos

1977 4565 2194 4621 dextera
2226 4568 2410 4637 ipsim,
2444 4571 2555 4640 ipse
2586 4572 2804 4626 dextera
2827 4589 2943 4626 sua.
2975 4574 3064 4627 ille
3087 4575 3226 4627 enim
3260 4575 3394 4629 Deus
3421 4618 3433 4637 ,
3465 4594 3561 4631 uos

1978 4658 2242 4716 heminas.
2294 4663 2518 4717 Dextera
2550 4679 2644 4717 sua
2675 4664 2932 4720 deductus
2965 4677 3079 4732 est,
3125 4668 3173 4720 id
3214 4680 3292 4722 est
3327 4674 3556 4738 potentia

1975 4766 2090 4805 sua.
2123 4752 2330 4807 Etenim
2373 4756 2662 4823 potentiam
2696 4773 2854 4827 quam
2910 4760 3064 4814 Pater
3109 4759 3286 4827 habet,
3318 4761 3476 4817 habet
3509 4775 3558 4819 et

1977 4842 2108 4911 ipse,
2143 4853 2192 4897 et
2217 4845 2672 4901 immortalitatem
2708 4849 2878 4902 Patris
2908 4848 3065 4903 habet
3095 4861 3148 4904 ct
3191 4855 3337 4919 ipse;
3370 4854 3561 4908 divini-

1976 4943 2134 4989 tatem
2161 4938 2328 4992 Patris
2353 4939 2529 5003 habet,
2550 4942 2898 4995 :eteruitatcm
2921 4943 3087 4996 Patris
3108 4945 3284 5012 habet,
3311 4949 3557 5002 virtutem

1972 5027 2145 5082 Patris
2173 5030 2350 5084 habet.
2396 5031 2630 5086 Dedncet
2658 5049 2775 5087 eum
2807 5036 3118 5090 mirabiliter
3145 5037 3363 5092 tlextera
3399 5041 3516 5109 ejus
3545 5089 3548 5091 .

1973 5119 2172 5172 faciens
2203 5121 2404 5182 divina,
2461 5124 2663 5190 patiens
2706 5123 2955 5192 humana,
3003 5129 3232 5184 malitias
3279 5130 3554 5187 hominum

1971 5221 2216 5266 sternens
2261 5213 2495 5268 bonitate
2530 5229 2643 5269 sua.
2683 5216 2870 5271 Adhuc
2901 5218 3178 5274 deducitur
3209 5231 3260 5274 et
3303 5221 3387 5275 tibi
3421 5239 3525 5275 non

1971 5305 2095 5358 dum
2121 5315 2222 5375 est,
2254 5318 2304 5362 et
2334 5308 2550 5362 dextera
2580 5310 2692 5380 ejus
2720 5311 2932 5368 deducit
2964 5329 3104 5368 eum.
3140 5315 3246 5368 lioc
3269 5316 3407 5369 enim
3434 5332 3554 5370 cum

2037 5573 2051 5602 ι
2089 5573 2158 5619 :ie.
2186 5580 2282 5621 viss.
2318 5581 2364 5621 at
2395 5571 2526 5632 ιιι-1.,
2553 5572 2776 5622 numinis.

2032 5633 2052 5698 ξ
2086 5637 2288 5698 sieuss.
2320 5645 2367 5698 At
2391 5635 2520 5691 ttild.,
2543 5638 2851 5698 exspectatio.

2035 5695 2053 5726 ³
2089 5696 2218 5752 Μαι,
2247 5696 2499 5747 riclinuun.
2520 5695 2655 5764 assii,
2682 5697 2981 5764 0t't'i3-‘itiii'C'H.

1981 5807 1984 5810 .
2039 5763 2056 5789 '
2093 5766 2192 5808 Duo
2217 5768 2338 5819 uss,
2363 5759 2562 5822 ,m'otuz'it
2581 5759 3007 5810 mansuete.dinem.
