4004 6200
444 275 546 334 507

443 395 614 450 nosti!
640 394 704 448 Et
734 364 1019 453 οόιῖιιιιῖιέ,
1051 366 1179 443 om
1206 398 1336 438 esses
1359 378 1452 437 sub
1476 379 1657 435 arbore
1683 379 1769 451 ﬁci
1792 378 1895 433 vidi
1920 388 1968 434 te
1996 395 2016 436 .-

442 490 492 545 id
520 498 622 553 est,
648 501 766 540 cum
793 462 942 539 esses
966 462 1019 536 in
1046 481 1136 536 illo
1157 479 1354 551 populo
1378 479 1478 535 sub
1498 478 1639 549 Lege
1657 478 1975 533 constitutus
2000 516 2018 544 ,

438 595 560 651 quae
587 577 786 633 carnali
813 576 999 630 umbra
1026 573 1172 628 illum
1214 573 1467 645 populum
1497 572 1825 643 protegebat,
1855 571 1928 626 ibi
1969 582 2022 628 te

440 668 566 723 vidi.
607 666 741 734 Quid
767 674 868 729 est,
899 658 971 719 ibi
1002 673 1054 720 te
1076 664 1225 718 vidi?
1255 664 1329 718 lbi
1370 664 1443 717 tui
1483 663 1735 741 misertus
1755 679 1895 717 sum.
1928 663 2025 719 llic

437 767 612 813 autem
645 757 953 813 recordatus
978 755 1117 827 quod
1162 755 1332 809 luerat
1375 755 1537 809 etiam
1576 754 1676 809 sub
1713 756 1907 811 arbore
1928 750 2021 840 ‘l'ici

440 851 488 905 in
517 849 762 915 veritate,
793 848 1102 911 admiratus,
1136 847 1258 917 quia
1286 846 1503 916 putabat
1529 859 1593 901 se
1631 860 1663 901 a
1701 848 1917 919 nemine
1944 844 2024 902 ri-

436 956 556 996 sum
596 957 716 997 cum
748 941 819 996 ibi
846 950 1008 1005 esset,
1038 942 1324 996 confitetur
1350 949 1406 997 et
1440 940 1571 1017 dicit
1598 956 1636 1010 επ
1661 938 1739 996 Tu
1766 958 1820 996 es
1854 936 2025 996 Filius

442 1031 566 1094 Dei,
591 1041 644 1086 tu
671 1049 724 1087 es
752 1048 841 1087 rea:
880 1031 1067 1087 Israel.
1108 1032 1238 1099 Quis
1278 1032 1380 1089 hnc
1428 1032 1603 1088 dixit?
1636 1033 1738 1103 Qui
1781 1035 2023 1091 audierat

438 1121 578 1188 quod
610 1116 772 1176 venis
794 1131 934 1177 esset
962 1122 1217 1184 Israelita,
1249 1131 1304 1178 et
1341 1120 1494 1178 dolus
1524 1128 1576 1178 in
1608 1124 1698 1180 illo
1723 1134 1828 1181 non
1855 1134 2018 1182 esset.

438 1212 509 1266 Et
544 1212 799 1267 Dominus
829 1228 843 1266 :
880 1211 1013 1279 Quia
1040 1212 1147 1267 dixi
1177 1214 1283 1275 tibi,
1321 1212 1439 1275 Vidi
1465 1224 1511 1268 te
1552 1215 1645 1269 sub
1683 1200 1862 1271 arbore
1889 1217 1976 1285 ﬁci
2000 1257 2018 1284 ,

439 1302 731 1367 credidisti;
761 1302 960 1372 majora
985 1302 1165 1357 horum
1182 1290 1390 1357 videbis:
1400 1296 1664 1374 Loquitur
1683 1321 1803 1362 cum
1832 1298 2019 1377 Israel,

439 1409 560 1449 cum
589 1394 772 1455 Iacob.
803 1410 924 1450 cum
965 1395 1055 1450 illo
1086 1397 1175 1465 qui
1219 1396 1320 1451 sibi
1359 1396 1587 1466 lapidem
1635 1398 1701 1453 ad
1730 1408 2022 1478 caputhpo-

441 1496 643 1541 suerat.
685 1486 889 1560 Majora
914 1488 1316 1549 horumvidebis.
1347 1480 1475 1559 Qua:
1503 1491 1738 1562 majora?
1758 1492 1891 1561 Quia
1912 1489 2023 1564 jam

445 1579 580 1651 lapis
618 1581 710 1637 ille
736 1582 801 1637 ad
829 1589 985 1653 caput
1013 1591 1114 1638 est.
1151 1584 1310 1638 Amen
1341 1568 1455 1638 dico
1479 1585 1616 1641 vobis
1639 1626 1654 1648 ,
1677 1587 1903 1643 videbitis
1925 1604 2024 1643 σω.

444 1673 551 1726 tum
578 1682 829 1742 apertum,
860 1682 908 1728 et
938 1673 1156 1744 Angelos
1179 1672 1279 1729 Dei
1304 1677 1623 1733 ascendentes
1645 1688 1693 1733 et
1719 1679 2025 1736 descenden-
2094 1724 2103 1731 ,

445 1773 516 1817 tes
539 1781 689 1834 super
716 1763 903 1819 Filium
943 1765 1159 1820 hominis
1179 1765 1359 1837 (Joau.
1389 1782 1427 1833 ι,
1455 1761 1668 1840 48-51).
1708 1771 1894 1849 Angcli
1932 1772 2022 1828 Dei

444 1856 734 1910 ascvmlant
753 1864 805 1911 ct
825 1856 1147 1912 descendant
1162 1872 1255 1929 per
1268 1859 1440 1935 scalas
1458 1859 1592 1924 illas,
1614 1860 1703 1916 llat
1730 1858 1832 1918 hoc
1849 1863 1898 1918 in
1921 1864 2023 1943 Ec-

444 2039 644 2096 dantet
664 2040 896 2106 videant,
929 2038 996 2094 In
1028 2042 1276 2111 principio
1303 2052 1411 2117 erat
1446 2042 1694 2110 Verbum,
1723 2024 1793 2101 et~
1807 2046 2024 2125 Verbum

445 2143 552 2185 erat
574 2132 712 2202 apud
729 2132 914 2199 Deum,
938 2139 984 2187 et
1014 2130 1151 2186 Deus
1170 2142 1277 2187 erat
1314 2132 1548 2207 Verbum.
1592 2136 1946 2206 Descendunt,
1971 2149 2026 2197 et

444 2222 677 2294 videant,
711 2223 831 2291 quia
868 2221 1083 2278 Verbum
1113 2239 1232 2279 caro
1263 2226 1452 2292 factum
1482 2210 1585 2291 est,
1616 2235 1664 2282 et
1698 2228 1939 2285 habitavit
1969 2232 2025 2287 in

446 2313 589 2367 nobis
644 2311 755 2383 (Id.
787 2328 840 2377 ι,
888 2313 998 2384 14).
1034 2314 1374 2381 Ascendant,
1421 2323 1480 2370 ut
1518 2316 1724 2388 erigant
1762 2335 2021 2390 magnos:

445 2405 790 2468 descendant.
842 2415 901 2462 ut
953 2409 1190 2464 nutriant
1229 2425 1438 2487 parvos.
1468 2410 1603 2470 Vide
1641 2414 2020 2493 ascendentem

446 2496 663 2552 Paulum
694 2515 708 2553 ε
732 2498 852 2555 Siue
874 2508 1035 2563 mente
1058 2499 1373 2579 excessimus,
1388 2500 1518 2558 Deo.
1532 2488 2022 2571 Vide‘desdcnden-
2900 2488 3231 2589 .Videimhfui?
3259 2488 3424 2589 3W"
3454 2488 3638 2589 pm."

1251 2577 1329 2648 ω.
1358 2592 1494 2648 vobis
1532 2595 1615 2648 (η
1648 2597 1763 2648 σοι
1813 2616 1866 2648 ν-
1905 2597 2013 2648 ,πὶ
2098 2571 2287 2625 'tionis
2316 2571 2583 2642 Evangelii
2612 2581 2666 2627 et
2687 2573 2739 2626 in
2769 2573 2873 2630 vita
2902 2574 3237 2645 inculpabili,
3269 2586 3415 2630 tanto
3440 2578 3608 2648 magis
3628 2579 3717 2632 iu-

444 2596 550 2643 tem
580 2604 595 2643 :
629 2588 749 2644 Sive
776 2599 1107 2662 temperantes
1139 2607 1329 2657 sumus,
1358 2592 1494 2648 vobis
1532 2595 1552 2669 (
1576 2596 1615 2652 ll
1648 2597 1764 2654 Cor.
1813 2616 1868 2667 ν,
1905 2597 2016 2676 15).

446 2677 573 2735 Vide
597 2680 972 2736 ascendentem
1001 2699 1016 2737 :
1048 2681 1364 2764 Sapientia»):
1412 2686 1663 2756 loquimur
1688 2690 1818 2763 inter
1846 2698 2018 2769 perfe-

440 2777 563 2824 clas.
597 2770 724 2827 Vide
752 2771 1164 2830 descendentem
1196 2791 1210 2831 :
1240 2774 1347 2836 Lac
1371 2778 1508 2833 vobis
1534 2789 1706 2850 potum
1732 2782 1884 2849 dedi,
1915 2771 2017 2842 iion

437 2878 602 2916 escam
626 2861 684 2934 (l
729 2863 846 2918 Cor.
887 2881 949 2933 ιι,
985 2866 1037 2931 6,
1084 2876 1131 2921 et
1174 2852 1351 2940 nuli).
1399 2868 1511 2947 Hoc
1546 2864 1697 2927 litin
1729 2856 1966 2931 Ecclesia
1997 2892 2017 2933 :

436 2956 729 3011 ascendunt
771 2967 825 3012 et
859 2956 1188 3014 descendunt
1227 2959 1415 3031 Augeli
1456 2949 1548 3017 Dei
1602 2978 1766 3035 super
1820 2966 2015 3025 Filium

432 3043 667 3101 hominis
694 3062 709 3101 :
741 3047 863 3117 quia
893 3061 1104 3102 sursum
1146 3058 1229 3103 est
1274 3049 1440 3106 Filius
1478 3050 1730 3122 hominis,
1759 3056 1825 3112 ad
1856 3073 2015 3128 quem

432 3136 727 3191 ascendunt
751 3137 933 3204 corde,
959 3138 1008 3193 id
1039 3147 1120 3194 est
1139 3149 1299 3210 caput
1324 3140 1473 3211 ejus;
1496 3151 1549 3199 et
1567 3140 1819 3202 deorsum
1848 3148 2013 3220 Filius

433 3228 683 3295 hominis,
714 3228 764 3284 id
794 3237 877 3285 est
900 3244 1092 3299 corpus
1124 3231 1256 3299 ejus.
1297 3231 1532 3288 Membra
1562 3222 1679 3306 ejus
1718 3237 1805 3293 hic
1840 3249 1964 3296 sunt
1993 3282 2010 3310 ,

430 3326 590 3390 caput
623 3333 833 3374 sursum
863 3330 945 3374 est
973 3336 987 3375 :
1015 3321 1318 3376 ascenditur
1344 3321 1411 3377 ad
1446 3335 1601 3394 caput
1620 3367 1636 3392 ,
1666 3325 2014 3387 descenditur

430 3409 496 3464 ad
541 3410 797 3465 membra.
832 3411 1073 3466 Christus
1114 3411 1186 3466 ibi
1216 3453 1230 3477 ,
1287 3411 1530 3471 Christus
1574 3415 1680 3472 hic.
1708 3418 1839 3474 Nam
1868 3418 1913 3479 si
1939 3421 2011 3478 ibi

431 3510 634 3557 tantum
655 3545 669 3570 ,
698 3513 750 3558 et
783 3502 869 3558 hic
895 3519 999 3558 non
1020 3547 1034 3570 ,
1063 3504 1205 3560 unde
1249 3521 1355 3561 vox
1392 3508 1476 3562 illa
1508 3524 1523 3563 :
1557 3506 1719 3565 Saule
1739 3552 1755 3579 ,
1801 3513 2007 3584 Saule,

427 3594 552 3659 quid
579 3610 657 3648 nte
677 3595 986 3663 persequeris
1012 3593 1144 3668 (Act.
1174 3611 1248 3662 Ix,
1281 3595 1532 3668 4)l'Quis
1552 3599 1692 3655 enim
1709 3601 1779 3656 illi
1797 3603 1850 3658 in
1872 3598 2011 3661 Caelo

429 3686 681 3739 molestus
711 3685 846 3740 fuit?
873 3685 1058 3750 Nemo,
1086 3701 1184 3741 nec
1206 3686 1397 3755 Judmi,
1423 3703 1520 3744 nec
1536 3689 1747 3761 Saulus,
1771 3709 1869 3750 nec
1892 3695 2009 3752 dia—

428 3776 581 3831 holus
620 3785 881 3843 tontator;
932 3792 1090 3833 nemo
1127 3778 1196 3832 ibi
1229 3778 1483 3835 molestus
1509 3780 1583 3836 illi
1624 3797 1641 3837 :
1671 3783 1765 3839 sed
1792 3775 1929 3841 sicut
1955 3786 2008 3843 in
2069 3840 2077 3845 .

1830 3856 2007 3934 iam“.
2066 3854 2073 3857 ’
2115 3858 2301 3928 regum
2328 3863 2480 3915 sunt.
2503 3858 2596 3914 Ille
2622 3869 2704 3916 est
2731 3861 2873 3923 enim
2900 3862 3018 3919 Rex
3050 3880 3230 3936 regum
3266 3885 3278 3921 :
3312 3869 3381 3922 illi
3409 3880 3585 3925 autem
3614 3888 3713 3927 re-

424 3882 680 3937 compage
714 3868 953 3937 corporis
975 3868 1190 3923 humani
1214 3869 1348 3939 pede
1368 3871 1573 3926 calcato
1593 3873 1766 3945 lingua
1793 3878 2007 3934 clamat.

497 3957 585 4010 21.
635 3955 863 4010 Dilexisti
896 3959 1185 4027 justitiam,
1228 3968 1276 4013 et
1318 3960 1469 4014 odisti
1494 3961 1821 4032 iniquitatem
1852 3985 1867 4023 :
1893 3986 2011 4039 pro-

428 4058 594 4118 pterea
636 4049 779 4101 unxit
821 4060 901 4114 te,
946 4049 1119 4117 Deus,
1164 4049 1302 4104 Deus
1339 4061 1474 4107 tuus.
1518 4052 1706 4110 Loculi
1732 4072 1915 4113 sumus
1943 4060 2011 4117 de

428 4147 586 4193 llllClO
632 4138 738 4192 Deo
762 4179 775 4203 ,
826 4140 927 4193 hoc
965 4148 1045 4194 est
1080 4140 1149 4195 de
1183 4141 1419 4218 Christo.
1445 4141 1557 4197 Non
1582 4140 1752 4223 potuit
1777 4149 2011 4217 apertius

426 4229 529 4283 dici
568 4244 757 4285 nomen
796 4227 1024 4297 Christi,
1060 4247 1218 4301 quam
1261 4242 1318 4288 ut
1345 4224 1820 4317 diceretur'u‘nctus
1849 4241 2006 4317 Deus.

426 4322 702 4391 Quomodo
742 4322 995 4394 speciosus
1022 4326 1186 4393 forma
1214 4341 1320 4395 pra:
1341 4327 1463 4395 ﬁliis
1492 4314 1778 4395 hominum,
1811 4314 2013 4391 sicun-

427 4425 541 4470 ctus
566 4457 580 4478 ,
612 4415 720 4470 oleo
744 4412 1088 4470 exsultatiouis
1116 4431 1219 4481 pra:
1242 4417 1567 4489 participibus
1594 4421 1720 4477 suis.
1743 4421 1840 4489 Qtti
1860 4415 2007 4480 icnim

428 4506 710 4576 participes
739 4504 897 4576 ejus?
927 4504 1041 4559 Filii
1074 4503 1346 4560 hominum
1381 4525 1395 4560 :
1424 4510 1671 4578 quoniam
1702 4521 1757 4568 et
1778 4514 1890 4581 ipse
1910 4502 2005 4571 Γί-

429 4594 529 4649 lius
560 4595 791 4651 hominis
822 4596 1087 4665 particeps
1118 4595 1281 4650 lactus
1306 4607 1387 4651 est
1414 4602 1750 4658 mortalitatis
1776 4605 2006 4677 illorum,

426 4699 476 4739 ut
502 4686 696 4742 iaceret
722 4701 816 4742 eos
847 4686 1127 4756 participes
1157 4686 1565 4745 immortalitatis
1593 4707 1724 4749 suze.

495 4777 582 4831 22.
626 4775 776 4851 [vers.
830 4777 865 4833 9
882 4818 894 4842 ,
928 4774 1038 4850 10.]
1087 4776 1299 4849 Myrrha
1326 4787 1372 4834 et
1399 4788 1539 4850 gutta
1564 4791 1609 4834 ct
1639 4785 1776 4837 casia
1804 4802 1835 4838 a
1862 4789 2007 4841 vesti-

428 4870 602 4923 uiculis
647 4869 762 4924 tuis.
810 4868 1013 4925 Odorcs
1056 4869 1177 4923 boui
1224 4883 1254 4924 a
1295 4870 1624 4927 vestimentis
1668 4874 1789 4928 tuis.
1820 4876 2007 4932 ‘Vesti-

426 4972 600 5016 ntenta
621 4961 734 5031 ejus
758 4971 880 5017 sunt
910 4963 1077 5037 sanctj
1108 4962 1222 5032 ejus
1240 5003 1254 5027 ,
1287 4961 1440 5018 electi
1462 4963 1576 5033 ejus
1597 5004 1613 5031 ,
1639 4951 2007 5025 tota‘Ecclesia

423 5069 537 5124 t'jllS
558 5096 574 5122 ,
624 5070 780 5123 quam
805 5055 904 5110 sibi
930 5054 1068 5110 sicut
1096 5064 1296 5110 vestem
1324 5054 1562 5123 exhibet,
1587 5056 1702 5112 sine
1724 5055 2010 5116 maculaet

425 5159 550 5215 ruga
592 5143 807 5218 (Ephes.
852 5159 922 5206 ν,
960 5142 1056 5216 27)
1097 5162 1110 5199 :
1147 5153 1362 5214 pmpter
1393 5145 1679 5210 maculam,
1709 5147 1931 5203 abluens
1956 5150 2006 5204 in

420 5237 716 5308 sanguine;
761 5245 977 5305 propter
1015 5251 1195 5306 rugam
1220 5276 1236 5301 ,
1274 5237 1566 5293 extendens
1595 5239 1647 5292 in
1675 5254 1852 5295 cruce.
1885 5240 2009 5295 inde

421 5331 591 5385 bonus
617 5327 749 5382 odor
772 5327 863 5398 qui
885 5327 1211 5397 signiﬁcatur
1238 5328 1520 5382 nominatis
1550 5329 1862 5396 quibusdam
1888 5346 2011 5386 aro-

422 5426 598 5476 matis.
648 5420 785 5475 Audi
828 5419 1047 5474 Paulum
1092 5418 1239 5473 illum
1288 5420 1598 5486 minimum,
1641 5422 1903 5478 iitnbriam
1942 5423 2009 5480 do

423 5513 740 5567 vestimento
780 5508 922 5581 quod
954 5509 1123 5580 tetigit
1152 5509 1341 5563 mulier
1373 5510 1426 5563 in
1456 5510 1598 5564 lluxu
1626 5513 1929 5581 sanguinis,
1957 5521 2011 5571 et

419 5616 602 5660 sanata
649 5611 731 5659 est
780 5600 989 5676 (Matth.
1038 5616 1124 5663 ιιι,
1169 5599 1299 5667 20);
1345 5601 1466 5655 audi
1507 5601 1650 5655 illum
1695 5603 2006 5663 dicentem:

410 5696 608 5752 .Cln'isti
645 5697 802 5752 bonus
839 5698 965 5751 odor
1004 5710 1178 5750 sumus
1220 5693 1270 5747 iu
1314 5693 1449 5747 omni
1489 5691 1598 5746 loco
1621 5733 1637 5761 ,
1681 5704 1724 5747 et
1755 5695 1804 5749 in
1836 5697 1895 5750 iis
1921 5699 2005 5764 qui

1662 248 1733 318 s.
1771 246 2136 318 nucusrmt
2177 245 2476 318 mscert

3619 272 3719 325 503

2126 368 2436 452 satbiﬁunt,
2462 384 2509 430 et
2530 376 2584 431 iu
2606 376 2669 431 iis
2694 377 2777 446 qui
2804 392 3007 447 pereunt
3035 379 3101 448 (ll
3124 378 3242 434 Cor.
3269 396 3334 442 ιι.
3365 381 3471 451 15).
3498 381 3613 436 Non
3645 383 3724 463 di-

2129 464 2228 531 xit,
2260 462 2440 522 Bonus
2466 466 2601 522 odor
2616 467 2668 523 in
2694 467 2760 523 iis
2784 468 2874 538 qui
2901 470 3030 523 salvi
3057 470 3207 535 ﬁunt,
3241 481 3296 525 et
3322 471 3493 526 malos
3509 472 3644 559 odor
3671 473 3722 527 iu

2129 557 2193 613 iis
2220 561 2311 631 qui
2342 570 2594 631 pereunt;
2626 561 2721 617 sed
2744 603 2759 627 ,
2790 558 2942 627 Quod
2968 562 3034 616 ad
3060 578 3158 618 nos
3180 565 3385 629 attinet,
3413 565 3569 618 bonus
3594 557 3724 619 odor

2106 640 2321 729 'stnnus,
2351 660 2399 705 et
2421 650 2474 705 in
2494 652 2556 705 iis
2579 652 2665 723 qui
2686 652 2812 707 salvi
2833 653 2983 721 ﬁunt,
3008 663 3057 707 et
3084 654 3137 706 in
3164 654 3224 707 iis
3248 655 3334 723 qui
3356 665 3584 723 pereunt.
3610 648 3721 727 Sal’

2127 755 2251 795 vum
2271 741 2384 817 fieri
2405 735 2674 798 hominem
2697 744 2837 799 bono
2852 744 3017 800 odore
3034 760 3136 800 non
3154 756 3235 802 est
3251 735 3600 817 improbabile
3626 748 3721 806 ne

2126 845 2232 900 que
2258 816 2570 888 incredibile
2601 835 2622 887 ε⁴
2649 822 2822 903 perire
2849 822 3028 891 autem
3060 826 3328 892 hominem
3352 826 3495 894 bono
3511 830 3715 909 odore,

2127 935 2245 990 qum
2268 922 2406 978 ratio
2423 930 2506 979 est
2523 920 2747 994 'I’Magna
2775 929 2872 990 vis,
2893 924 3077 997 magna
3096 921 3290 983 veritas
3314 929 3444 986 :etsi
3466 924 3582 1002 capi
3596 928 3716 992 ‘no’n

2124 1014 2323 1084 potest,
2350 1014 2421 1070 ita
2448 1024 2552 1071 est.
2579 1012 2710 1071 Nam
2738 1030 2795 1097 ut
2822 1022 3078 1077 noveritis
3102 1023 3223 1092 quia
3245 1022 3466 1081 difﬁcile
3485 1026 3713 1095 capitur,

2122 1097 2304 1160 statim
2330 1102 2554 1177 subjecit
2582 1126 2596 1164 :
2631 1108 2695 1163 Et
2706 1104 2789 1163 'ad
2816 1113 2922 1165 licet:
2945 1113 3056 1182 quis
3082 1114 3331 1169 idoneus?
3359 1116 3489 1184 Quis
3515 1112 3715 1171 intelli-

2108 1198 2217 1268 ‘gat
2244 1185 2491 1263 homines
2517 1191 2653 1254 mori
2683 1201 2823 1256 bono
2848 1203 3046 1258 odore?
3073 1204 3273 1259 Tamen
3295 1206 3494 1275 aliquid
3510 1201 3712 1269 dicai’u,

2126 1285 2341 1343 fratres.
2386 1289 2524 1345 Ecce
2570 1291 2683 1361 ipse
2728 1292 2923 1348 Paulus
2962 1295 3287 1362 prmdicalmt
3325 1294 3710 1369 Evangeliunt;

2100 1379 2278 1457 ‘multi
2322 1380 2467 1436 illum
2506 1382 2755 1438 amabant
2793 1374 3194 1452 praedicatorem
3227 1387 3533 1459 Evangelii,
3566 1391 3715 1450 multi

2104 1464 2207 1524 ’illi
2252 1470 2557 1528 invidebant
2585 1470 2719 1544 :‘qui
2751 1473 2898 1530 illum
2933 1477 3220 1544 amabant,
3250 1478 3388 1533 bono
3412 1480 3581 1537 odore
3609 1485 3712 1537 sal-

2130 1563 2423 1648 vabautur;
2467 1565 2555 1635 qui
2596 1566 2671 1620 illi
2712 1566 3049 1648 invidebant,
3093 1569 3231 1625 bono
3256 1569 3710 1648 odorepcribaut.

2130 1653 2255 1710 Ideo
2282 1664 2337 1711 et
2362 1646 2703 1726 pereuntibus
2731 1672 2835 1713 non
2862 1646 3031 1714 malus
3052 1660 3185 1716 odor
3204 1702 3219 1727 ,
3245 1662 3338 1718 sed
3366 1646 3538 1719 bonus
3557 1661 3708 1718 odor.

2110 1745 2254 1803 'ldeo
2280 1748 2421 1804 enim
2449 1750 2616 1820 magis
2642 1736 2716 1806 illi
2742 1751 3080 1819 invidebant,
3108 1754 3231 1824 quia
3257 1763 3362 1809 tam
3389 1755 3526 1810 bona
3548 1757 3599 1812 in
3623 1756 3716 1811 illo

2127 1843 2293 1913 gratia
2338 1836 2659 1913 praevalebat
2691 1861 2704 1898 :
2732 1844 2894 1900 nemo
2933 1847 3074 1901 enim
3113 1832 3312 1902 invidet
3338 1844 3552 1903 misero.
3586 1849 3717 1905 Erat

445 1949 627 2005 clesia.
645 1950 827 2019 Angeli
849 1947 938 2004 llei
965 1939 1365 2006 annuntiatores
1385 1962 1509 2009 sum
1530 1954 1770 2011 veritatis
1795 1973 1809 2012 :
1836 1940 2017 2013 ascen-

2130 1945 2259 2003 ergo
2296 1933 2561 2003 gloriosus
2604 1935 2655 1988 in
2699 1936 3072 2019 praedicatione
3113 1937 3258 1990 verbi
3289 1931 3381 1992 Dei
3404 1978 3419 2003 ,
3448 1938 3718 1994 etvivcns

2130 2022 2421 2078 secundum
2450 2015 2684 2094 regulam
2717 2025 2855 2081 illius
2877 2010 3038 2096 virgae
3065 2027 3375 2083 directionis
3402 2046 3416 2083 :
3448 2041 3502 2084 et
3522 2030 3716 2101 dilige-

2103 2112 2257 2197 bant
2292 2130 2413 2170 eum
2441 2116 2532 2186 qui
2556 2116 2610 2172 in
2635 2102 2727 2197 illo
2755 2117 3042 2189 diligebant
3066 2117 3335 2176 Christum
3362 2163 3377 2188 ,
3409 2123 3496 2190 qui
3524 2138 3719 2194 scque-
3752 2156 3764 2167 -

2130 2192 2324 2261 bantur
2363 2207 2562 2263 bonum
2604 2193 2857 2275 odorem;
2887 2209 3141 2288 diligebat
3165 2213 3399 2267 amicum
3419 2192 3616 2283 sponsi
3630 2218 3713 2270 sui

2129 2296 2242 2368 ipsa
2282 2312 2477 2368 Sponsa
2499 2340 2516 2367 ,
2560 2315 2677 2370 qua:
2702 2300 2831 2356 dicit
2858 2301 2909 2355 iu
2939 2300 3171 2359 Canticis
3196 2305 3518 2361 canticorum
3539 2346 3554 2370 ,
3591 2305 3717 2360 Post

2110 2374 2331 2442 odorem
2357 2400 2721 2460 unguentorum
2745 2400 2942 2445 tuorum
2967 2408 3221 2446 eurremus
3251 2392 3421 2465 (Cant.
3453 2410 3503 2456 ι,
3533 2393 3610 2466 5).
3633 2396 3717 2450 llli

2117 2466 2302 2539 autem
2328 2464 2524 2551 quanto
2560 2470 2727 2551 magis
2755 2480 2875 2537 c‘um'
2900 2470 3150 2537 videbant
3178 2474 3424 2554 ingloria
3454 2464 3716 2554 praedica-

2123 2661 2261 2719 vidia
2284 2662 2699 2737 terquebantur,
2731 2672 2787 2718 et
2811 2662 3190 2721 occidebantur
3216 2666 3358 2721 bono
3382 2668 3571 2723 odore.

2189 2758 2282 2814 25.
2335 2755 2547 2830 Myrrha
2582 2766 2629 2809 et
2666 2765 2809 2827 gutta
2845 2760 2893 2811 et
2927 2757 3064 2811 casia
3104 2775 3137 2812 a
3172 2760 3473 2814 vestimentis
3502 2762 3605 2815 tuis
3626 2803 3643 2826 ,
3679 2780 3719 2815 a

2122 2834 2352 2905 domibus
2368 2836 2625 2920 eburneis,
2648 2864 2711 2907 ea:
2731 2834 2911 2924 quibus
2926 2850 3291 2906 delectaverunt
3311 2862 3358 2906 te
3376 2853 3501 2922 ﬁlice
3516 2872 3713 2926 regunt.

2121 2939 2319 2997 Domus
2356 2942 2617 2998 eburneas
2643 2984 2658 3009 ,
2702 2944 2891 2999 domos
2937 2956 3185 3011 magnas,
3235 2943 3424 3000 domos
3469 2947 3715 3017 regales,

2120 3034 2334 3104 quasvis
2378 3034 2516 3104 elige
2535 3076 2551 3101 ,
2583 3034 2980 3092 delectaverunt
3022 3035 3145 3095 inde
3174 3035 3441 3093 Christum
3472 3037 3593 3093 lilia:
3622 3056 3717 3095 re—

2071 3124 2279 3194 “gum.
2295 3124 2386 3179 Vis
2410 3125 2597 3181 domos
2624 3127 2884 3183 eburneas
2912 3130 3259 3199 spiritualiter
3285 3130 3570 3211 accipere?
3594 3132 3717 3187 Ma-

2118 3230 2248 3285 gnas
2288 3213 2474 3271 domos
2494 3257 2509 3283 ,
2551 3216 2833 3289 et"‘magna
2867 3221 3202 3278 tabernacula
3232 3225 3361 3293 Dei,
3390 3227 3550 3282 corda
3579 3244 3716 3283 sau—

2118 3316 2322 3362 ctorum
2341 3348 2357 3374 ,
2382 3309 2629 3381 ipsosque
2648 3300 2800 3383 rcges
2820 3304 3062 3384 regentes
3086 3330 3301 3372 carnem
3325 3360 3341 3385 ,
3364 3320 3714 3391 sultjugautes

2107 3394 2217 3484 sibi
2242 3400 2424 3456 turbas
2454 3400 2803 3459 humanarum
2832 3406 3171 3462 ati‘cctionum
3192 3451 3207 3476 ,
3236 3408 3556 3481 castigantes
3581 3429 3713 3469 cor-

2118 3505 2236 3560 pus,
2268 3500 2321 3547 et
2344 3493 2579 3548 servituti
2612 3494 2973 3565 subjicientes,
3001 3500 3181 3569 accipe
3209 3518 3222 3553 :
3253 3502 3373 3571 quia
3401 3502 3526 3558 inde
3552 3503 3710 3559 dele-

2116 3591 2390 3638 ctaverunt
2413 3599 2535 3639 eum
2563 3585 2683 3640 lilia:
2706 3584 2909 3656 regum.
2940 3588 3147 3644 Etenim
3169 3607 3356 3648 omnes
3372 3595 3564 3649 ultimae
3584 3613 3713 3665 qua:

2116 3672 2224 3728 illis
2260 3673 2670 3744 pratdicanlibus
2695 3687 2749 3731 et
2773 3680 3256 3749 evangelizautibus
3287 3691 3423 3738 uane
3448 3696 3573 3740 sunt
3597 3730 3611 3748 ,
3643 3691 3713 3739 ti-

2115 3765 2200 3820 lia:
2225 3781 2407 3838 regum
2437 3776 2561 3823 sunt
2586 3786 2599 3822 :
2631 3777 2687 3824 et
2717 3769 2964 3826 Ecclesiae
2995 3772 3115 3828 tiliae
3146 3775 3554 3844 Apostolorum,
3586 3781 3711 3834 filia:

2113 3962 2208 4019 ges
2252 3947 2320 4004 de
2360 3950 2555 4020 quibus
2589 3951 2789 4007 dictum
2831 3962 2946 4020 est,
2987 3955 3235 4012 Scdebitis
3259 3976 3411 4031 super
3435 3963 3710 4019 duodecim

2084 4038 2286 4113 "sedes,
2326 4041 2612 4110 iudicantes
2650 4042 2914 4099 duodecim
2941 4045 3100 4101 tribus
3129 4046 3293 4103 Israel
3322 4050 3511 4124 (Matth
3568 4069 3659 4108 ω
3688 4099 3707 4116 ,

2087 4127 2228 4203 '28).
2268 4130 2699 4188 Prmdicaverunt
2736 4135 2953 4191 verbum
2999 4140 3262 4204 veritatis,
3309 4151 3363 4197 et
3405 4157 3708 4213 genuerunt

2076 4218 2416 4301 Ecclesias,
2462 4213 2570 4279 non
2609 4223 2745 4292 sibi,
2789 4227 2884 4282 sed
2923 4227 3018 4282 illi.
3054 4230 3134 4285 Ad
3171 4230 3273 4286 hoc
3307 4245 3707 4294 sacramentum

2117 4313 2346 4381 pertinet
2365 4314 2504 4385 quod
2534 4316 2789 4386 scriptum
2816 4327 2900 4374 est
2926 4320 2977 4374 in
2998 4320 3138 4391 Lege
3168 4340 3181 4376 :
3212 4323 3273 4378 Si
3300 4335 3526 4381 mortuus
3546 4329 3708 4398 fuerit

2115 4405 2274 4473 frater
2291 4446 2308 4471 ,
2350 4407 2564 4477 accipiat
2599 4402 2804 4464 utcorem
2832 4412 2938 4481 ejus
2966 4413 3125 4482 frater
3157 4416 3266 4485 ejus
3287 4458 3302 4485 ,
3329 4428 3376 4471 et
3403 4421 3602 4474 suscitet
3624 4438 3712 4476 se-

2116 4488 2243 4578 men
2268 4498 2417 4567 fratri
2439 4496 2543 4554 suo
2573 4498 2746 4573 (Deut.
2779 4517 2921 4569 xxv,
2952 4504 3031 4574 5).
3060 4505 3292 4576 Accipiat
3312 4514 3519 4563 uxorem
3543 4516 3714 4582 [mter

2114 4574 2226 4661 ejus
2247 4630 2263 4657 ,
2296 4600 2344 4645 et
2366 4593 2569 4648 suscitet
2593 4609 2756 4648 semen
2781 4634 2797 4659 ,
2826 4610 2930 4650 non
2959 4597 3059 4651 sibi
3083 4639 3096 4662 ,
3124 4574 3215 4653 sed
3246 4603 3397 4670 fratri
3420 4619 3529 4656 suo.
3563 4604 3712 4661 Dixit

2076 4673 2087 4689 ”
2115 4681 2356 4764 Christus
2374 4726 2388 4749 ,
2418 4683 2513 4737 Dic
2534 4675 2774 4756 fratribus
2801 4685 2923 4740 meis
2952 4686 3164 4758 (Matth.
3190 4705 3354 4746 xxvut
3381 4733 3394 4756 ,
3423 4693 3533 4764 10).
3566 4696 3712 4751 llixit

2116 4763 2169 4829 iu
2196 4775 2399 4846 psalmo
2420 4816 2435 4843 ,
2471 4774 2707 4830 Narrabo
2742 4793 2919 4831 nomen
2949 4788 3089 4832 tuum
3113 4783 3354 4853 fratribus
3380 4786 3501 4840 meis
3528 4786 3712 4854 (Paul.

2116 4881 2235 4935 χιιι)
2265 4865 2381 4938 25).
2416 4867 2651 4923 Mortuus
2674 4878 2756 4923 est
2785 4870 3049 4938 Christus,
3079 4876 3391 4940 resurrexit,
3421 4879 3667 4935 ascendit
3697 4925 3712 4947 ,

2115 4957 2412 5014 abscntavit
2452 4975 2511 5015 se
2536 4975 2759 5030 corpore
2789 4980 2804 5016 :
2834 4975 3183 5034 susceperunt
3212 4965 3402 5023 fratres
3426 4970 3541 5037 ejus
3570 4989 3709 5025 uxo-

2114 5067 2227 5107 rem
2267 5054 2416 5122 ejus,
2465 5054 2835 5124 prtedicationc
2876 5055 3145 5128 Evangelii
3187 5063 3483 5129 grueraturi
3527 5062 3669 5117 ﬁlios
3700 5110 3715 5131 ,

2116 5159 2220 5197 ιιοιι
2263 5161 2356 5212 per
2395 5145 2634 5214 seipsos,
2674 5145 2767 5200 sed
2816 5162 2908 5216 per
2952 5148 3327 5220 Evangeliuut,
3361 5165 3578 5223 propter
3611 5172 3717 5210 no-

2080 5248 2083 5251 ‘
2117 5251 2236 5291 men
2276 5238 2472 5292 fratris.
2517 5236 2582 5292 In
2612 5238 2808 5293 Christo
2836 5240 2971 5295 enim
2997 5240 3152 5308 Iesu,
3182 5244 3381 5314 inquit,
3416 5265 3505 5318 per
3532 5247 3719 5303 Etan-

2116 5328 2300 5398 gelium
2325 5369 2339 5393 ,
2370 5344 2460 5399 ego
2481 5343 2566 5383 vos
2589 5330 2739 5400 genui
2764 5331 2804 5398 (l
2836 5329 2953 5386 Cor.
2983 5347 3037 5386 tv
3056 5373 3072 5398 ,
3107 5335 3210 5402 15).
3243 5334 3419 5407 Itaque
3440 5342 3721 5394 suscitau-

2120 5429 2198 5473 tes
2224 5434 2406 5474 semen
2438 5417 2585 5473 fratri
2615 5435 2744 5488 suo,
2778 5432 3037 5493 quotquot
3065 5435 3395 5494 genuerunt,
3429 5444 3535 5483 nou
3567 5432 3719 5486 l’au-

2116 5510 2285 5565 lianos
2326 5518 2417 5565 aut
2452 5511 2728 5566 Petrianos
2749 5554 2764 5579 ,
2796 5514 2886 5570 sed
2915 5514 3243 5571 Christianos
3273 5519 3715 5578 nominaverunt.

2119 5602 2305 5657 Videte
2344 5603 2387 5657 si
2438 5619 2541 5656 non
2585 5604 2683 5659 iste
2726 5622 2915 5682 sensus
2959 5608 3139 5678 vigilat
3165 5621 3219 5663 et
3250 5610 3300 5664 in
3330 5611 3412 5666 his
3444 5617 3715 5673 versibus.

2117 5696 2248 5753 Cum
2275 5700 2414 5752 enim
2442 5697 2637 5754 diceret
2660 5738 2675 5765 ,
2707 5718 2736 5751 α
2764 5686 2989 5755 domibus
3016 5702 3240 5756 eburneis
3259 5745 3272 5771 ,
3301 5703 3434 5759 dixit
3468 5706 3536 5763 de
3565 5726 3659 5779 rvg
3680 5731 3716 5761 ι-
