4004 6200
227 317 380 400 ἐοο

277 430 413 488 libus
434 471 449 495 ,
493 429 716 500 amplis,
754 415 1024 503 pulchris,
1057 425 1300 494 lenibus,
1347 425 1518 496 qualia
1552 433 1675 478 sunt
1702 421 1863 477 corda

278 531 582 578 sanctorum
627 538 642 575 :
688 522 933 592 subjecit,
964 520 1045 575 Ex
1070 519 1248 590 quibus
1274 527 1322 571 te
1348 515 1716 571 delectaverunt
1745 514 1867 581 ﬁlia

279 631 448 684 regum
467 651 491 678 ,_
512 613 564 667 in
591 613 781 678 honore
801 623 907 667 tuo.
939 609 1090 665 Filia:
1113 608 1326 678 quidem
1351 601 1523 677 regium
1539 647 1554 669 ,
1579 604 1698 659 lilia:
1719 606 1865 686 Apo-

281 703 535 757 stolorum
565 712 776 764 tuorum
808 719 821 754 :
846 699 941 756 sed
961 740 976 764 ,
999 700 1051 755 in
1078 699 1266 752 honore
1291 707 1376 754 tuo
1394 737 1410 761 ,
1438 693 1560 765 quia
1587 705 1769 759 semen
1788 691 1865 745 illi

253 793 675 863 rsnscitaverunt
711 791 864 845 fratri
890 805 1006 845 suo.
1041 788 1164 843 ideo
1192 788 1494 857 ipsosquos
1522 781 1869 838 suscitavcrat

276 883 428 946 (γλιπί
482 899 583 938 suo
629 883 858 948 Paulus,
910 897 1028 939 cum
1069 880 1275 936 videret
1313 892 1528 934 currere
1561 875 1630 938 ad
1673 888 1867 928 nomen

253 953 461 1039 suum,
488 973 806 1028 exclamavit
833 990 848 1027 :
882 971 1147 1044 Numquid
1179 968 1375 1024 Paulus
1399 967 1669 1035 cruciﬁxus
1688 975 1760 1019 est
1777 979 1869 1038 pro

273 1049 462 1120 (vobis?
506 1065 641 1134 Quid
685 1066 825 1119 enim
867 1067 943 1120 ait
984 1064 1132 1120 Lex?
1173 1065 1237 1118 Et
1274 1056 1464 1138 haheat
1489 1068 1646 1114 natus
1673 1073 1867 1118 nomen

281 1157 516 1212 defuncn
548 1154 648 1229 (α).
678 1157 935 1211 Defuncto
965 1153 1506 1230 irascatur,,deftincti
1535 1145 1866 1222 nornineap-

282 1244 525 1317 pelletur.
568 1249 756 1304 Servat
794 1247 898 1303 hoc
927 1248 1217 1317 legitimum
1243 1245 1437 1307 Paulus
1464 1259 1480 1298 :
1512 1242 1749 1300 volentes
1777 1255 1871 1309 ap-

282 1336 463 1407 pellari
490 1352 557 1391 cx
588 1339 803 1392 nomine
827 1351 955 1400 suo,
988 1344 1238 1391 revocat:
1264 1332 1528 1404 Numquid
1557 1331 1750 1386 Paulus
1776 1346 1869 1399 pro

282 1427 413 1480 robis
443 1427 717 1496 cruciﬁxus
744 1427 858 1481 est?
882 1427 961 1481 Ad
987 1425 1293 1482 defunctum
1317 1423 1536 1492 aspicite
1561 1463 1576 1486 ,
1606 1419 1869 1490 Numquid

285 1518 477 1571 Paulus
507 1535 600 1588 pro
629 1517 761 1572 vobis
783 1516 1055 1586 cruciﬁxus
1082 1516 1199 1571 est?
1226 1515 1295 1570 Et
1322 1513 1444 1584 quid
1465 1513 1629 1584 ergo?
1647 1511 1869 1581 Quando

282 1610 396 1664 illos
424 1610 692 1678 generasti
717 1649 732 1675 ,
765 1609 889 1680 quid
920 1610 965 1664 si
996 1625 1190 1678 nomen
1217 1616 1364 1662 tuum
1396 1606 1504 1662 illis
1535 1603 1868 1675 imposuisti?

279 1702 414 1755 Non.
461 1701 550 1755 Ait
591 1701 732 1755 enim
781 1717 795 1754 :
841 1703 939 1754 Aut
977 1701 1029 1754 in
1065 1700 1267 1754 nomine
1297 1697 1452 1754 Pauli
1491 1696 1729 1765 baptizati
1752 1693 1868 1750 estis

285 1792 327 1864 (ι
347 1793 466 1846 Cor.
513 1808 528 1846 ι
553 1831 570 1856 ,
604 1789 736 1864 l3)?
764 1789 1216 1846 Delectavcruume
1243 1790 1366 1859 ﬁlia:
1388 1805 1561 1858 regum
1591 1788 1644 1840 in
1671 1787 1863 1840 honore

277 1893 382 1936 tuo.
423 1883 622 1938 Tencte
641 1923 656 1947 ,
703 1892 911 1937 servate
935 1923 951 1947 ,
990 1868 1260 1936 inhonore
1287 1890 1389 1934 tuo.
1424 1879 1536 1944 [loc
1557 1887 1641 1934 est
1667 1877 1867 1935 habere

283 1984 484 2030 vestem
531 1974 821 2043 nuptialem
856 2013 872 2039 ,
920 1973 1062 2028 illius
1103 1973 1364 2044 honorem
1398 2011 1413 2036 ,
1460 1969 1600 2024 illius
1644 1969 1866 2038 gloriam

275 2080 538 2132 quaerere.
587 2064 864 2133 lntelligite
889 2064 1044 2118 etiam
1074 2063 1207 2129 filias
1237 2074 1453 2131 rogum,
1483 2061 1721 2115 civitates
1750 2073 1868 2128 quae

273 2154 618 2210 crediderunt
659 2155 711 2207 in
735 2152 1005 2208 Christum
1023 2193 1038 2218 ,
1066 2161 1121 2206 et
1143 2166 1172 2204 a
1203 2152 1415 2221 regibus
1444 2151 1671 2204 condita:
1698 2159 1820 2206 sunt
1847 2164 1866 2211 ξ

273 2256 329 2299 et
377 2264 408 2298 a
453 2246 682 2300 domibus
725 2246 985 2310 eburneis,
1031 2244 1332 2310 divitibus,
1365 2241 1637 2311 superbis,
1687 2235 1862 2297 elatis.

280 2333 431 2400 [filice
471 2352 646 2405 regum
688 2335 1055 2388 delectaverunt
1091 2340 1138 2387 te
1164 2332 1430 2394 inhonora
1454 2341 1541 2385 tuo
1567 2345 1587 2385 :
1611 2331 1732 2406 quia
1758 2344 1862 2404 non

271 2427 598 2496 quaesierunt
622 2428 875 2480 honorem
904 2434 1112 2494 patrum
1140 2439 1360 2479 suorum
1383 2464 1398 2490 ,
1427 2422 1520 2477 sed
1542 2422 1866 2492 quaesierunt

274 2517 533 2572 honorem
583 2527 750 2571 tuum.
791 2515 1122 2570 Ostendatur
1166 2512 1294 2566 mihi
1338 2513 1518 2566 Romae
1561 2510 1616 2565 in
1662 2510 1866 2570 honore

275 2618 422 2662 tanto
453 2609 704 2680 templum
729 2607 938 2661 Reinuli
960 2646 975 2670 ,
1009 2608 1059 2660 in
1089 2614 1286 2674 quanto
1313 2603 1382 2658 ibi
1410 2601 1633 2658 oStendo
1661 2616 1862 2656 memo-

273 2700 408 2752 riam
450 2698 610 2754 Petri.
646 2699 701 2754 ln
735 2698 892 2752 Petro
921 2695 1038 2765 quis
1069 2694 1359 2748 honoratur
1380 2735 1396 2761 ,
1429 2693 1528 2747 nisi
1558 2693 1646 2750 ille
1673 2691 1862 2747 defun-

271 2799 394 2844 ctus
433 2804 531 2859 pro
578 2789 770 2843 nobis?
815 2787 1010 2843 Sumus
1055 2788 1194 2842 enim
1241 2783 1563 2861 Christiani,
1610 2789 1723 2848 non
1763 2781 1862 2836 [Pe-

274 2880 455 2934 triani.
496 2877 606 2933 Etsi
651 2879 758 2932 nati
802 2893 896 2948 per
925 2877 1139 2931 fratrem
1167 2875 1439 2937 defuncti,
1469 2882 1642 2928 tamen
1669 2887 1864 2943 cogno-

273 2971 460 3024 minati
493 2970 707 3024 nomine
734 2968 991 3025 defuncti.
1019 2968 1121 3023 Per
1151 2967 1298 3022 illum
1327 2965 1476 3031 nati,
1505 2964 1599 3019 sed
1626 2963 1702 3018 illi
1731 2963 1860 3018 nati.

273 3061 414 3115 Ecce
437 3061 600 3114 lttnna
621 3103 636 3126 ,
653 3075 788 3151 ‘ecce
811 3059 1095 3128 Carthago,
1124 3072 1250 3112 ecce
1273 3056 1390 3110 alia:
1415 3065 1467 3111 et
1487 3055 1603 3109 aliae
1624 3054 1861 3110 civitates

273 3151 398 3204 tiliae
439 3166 621 3218 regum
664 3146 822 3214 sunt;
869 3157 924 3204 et
963 3149 1362 3204 delectaverunt
1402 3161 1579 3214 regem
1615 3161 1770 3201 sumn
1809 3146 1860 3199 in

271 3240 474 3295 honore
517 3240 713 3308 ipsius;
756 3248 810 3294 et
833 3256 896 3294 ex
918 3239 1165 3295 omnibus
1186 3237 1245 3292 ﬁt
1266 3253 1368 3292 una
1391 3235 1631 3306 quaedam
1657 3235 1858 3306 regina.

345 3337 434 3391 24.
476 3336 643 3402 Quale
667 3351 880 3390 carmen
911 3334 1186 3404 nuptiale:t
1217 3335 1352 3389 Ecce
1380 3333 1519 3386 inter
1543 3333 1746 3387 cantica
1777 3332 1860 3384 hi-

272 3427 498 3482 laritatis
522 3428 675 3495 plena
696 3467 710 3487 ,
745 3425 982 3495 procedit
1004 3436 1059 3481 et
1084 3425 1194 3495 ipsa
1218 3439 1434 3493 sponsa.
1462 3422 1699 3492 Sponsus
1719 3422 1859 3476 cnim

274 3516 554 3580 veniebat,
588 3516 698 3585 ipse
729 3515 1130 3570 describebatur
1151 3557 1166 3580 ,
1197 3516 1248 3569 in
1281 3497 1427 3568 illum
1455 3523 1567 3568 erat
1588 3513 1760 3567 omnis
1783 3514 1860 3566 in-

273 3605 442 3660 tentio
473 3617 652 3660 nostra
685 3624 697 3659 :
731 3605 980 3674 procedat
1005 3616 1056 3659 et
1085 3606 1201 3659 ista.
1225 3604 1392 3657 Astitit
1419 3603 1589 3674 regina
1614 3620 1645 3655 a
1673 3600 1862 3656 dextris

269 3699 392 3750 tuis.
417 3697 544 3762 Qua:
565 3712 595 3750 a
617 3697 842 3750 sinistris
861 3735 876 3761 ,
906 3712 1010 3748 non
1035 3695 1234 3763 regina.
1259 3695 1429 3748 Stabit
1449 3695 1589 3754 enim
1611 3694 1852 3768 quazdam

241 3798 332 3843 -et
374 3805 402 3841 a
445 3788 707 3850 sinistris,
754 3787 835 3840 cui
876 3787 1122 3840 dicetur:
1165 3783 1300 3838 Vade
1327 3786 1377 3838 in
1408 3785 1569 3855 ignem
1595 3795 1858 3838 (sternunt.

271 3883 320 3934 Α
344 3879 544 3941 dextris
568 3891 744 3932 autem
775 3879 966 3943 stabit,
998 3878 1080 3932 cui
1110 3877 1313 3930 dieetur
1345 3894 1358 3930 :
1398 3875 1592 3942 Venite,
1619 3876 1860 3938 benedicti

278 3969 448 4023 Patris
473 3970 568 4022 mei
588 4011 602 4032 ,
632 3969 866 4038 percipite
892 3984 1102 4038 regnum
1127 3968 1258 4036 quod
1284 3967 1416 4020 vobis
1447 3977 1679 4035 paratum
1705 3977 1774 4021 est
1800 3967 1862 4020 ab

268 4063 414 4116 initio
439 4061 613 4115 mundi
639 4060 848 4134 (Matt/1.
884 4076 1012 4125 xxv,
1043 4061 1130 4121 54,
1157 4060 1272 4128 Al).
1301 4059 1467 4112 Astitit
1493 4060 1664 4129 regina
1686 4076 1717 4112 ιι
1741 4059 1863 4113 dex-

270 4153 365 4207 tris
399 4154 530 4216 tuis,
568 4153 621 4205 in
655 4153 831 4204 vestitu
869 4153 1148 4217 deaurato,
1187 4151 1562 4203 circuntanticta
1601 4151 1858 4205 varietate.

275 4247 511 4302 Vestittts
552 4248 747 4316 regium
792 4245 946 4315 lmjus
990 4246 1108 4314 quis
1135 4244 1252 4298 est?
1283 4244 1346 4298 Et
1373 4244 1636 4313 pretiosus
1661 4255 1742 4300 est
1763 4287 1776 4310 ,
1810 4255 1864 4300 ct

269 4340 451 4393 varius
491 4349 575 4393 est
614 4357 627 4391 :
668 4347 998 4392 sacramenta
1031 4338 1286 4402 doctrina:
1317 4337 1368 4390 in
1401 4321 1591 4406 linguis
1618 4339 1862 4393 omnibus

269 4432 431 4485 variis
457 4432 472 4462 ¹
497 4468 511 4484 .
556 4431 671 4485 Alia
701 4431 876 4500 lingua
904 4431 1013 4484 alra
1036 4470 1050 4491 ,
1079 4430 1181 4482 alia
1213 4442 1332 4500 syra
1356 4471 1372 4494 ,
1399 4431 1498 4484 alia
1528 4444 1698 4500 graeca
1720 4473 1734 4497 ,
1761 4432 1860 4486 alia

275 4520 481 4575 hebrum
508 4563 520 4584 ,
550 4522 650 4574 alia
675 4521 759 4573 illa
782 4533 833 4574 et
856 4521 940 4574 illa
965 4538 977 4572 :
1004 4519 1324 4574 faciuntishe
1343 4520 1532 4590 lingua:
1554 4523 1861 4578 varietatem

267 4615 433 4667 vestis
483 4614 677 4682 regii-ne
718 4611 892 4681 hujus.
930 4612 1206 4680 Quomodo
1233 4621 1408 4666 autem
1435 4615 1608 4669 omnis
1634 4619 1861 4672 varietas

269 4707 433 4760 vestis
479 4707 531 4759 in
575 4706 774 4758 unitate
816 4705 1134 4771 concordat,
1179 4705 1256 4759 sic
1282 4716 1334 4759 et
1362 4721 1547 4758 omnes
1579 4707 1767 4777 lingua:
1795 4710 1860 4764 ad

265 4814 427 4850 imam
475 4798 656 4851 fidem.
702 4797 756 4850 In
799 4806 946 4852 veste
985 4797 1210 4851 varietas
1236 4797 1304 4850 sit
1328 4836 1342 4856 ,
1372 4797 1604 4851 scissura
1636 4815 1739 4857 non
1770 4801 1858 4854 sit.

263 4885 411 4942 Ecce
450 4889 759 4941 varietatem
806 4887 1163 4942 intelleximus
1203 4886 1270 4942 de
1313 4881 1622 4943 diversitate
1657 4889 1860 4960 lingua-

261 4987 384 5031 rnn:
411 4989 462 5033 et
494 4987 697 5032 vestem
723 4977 1080 5032 intelleximus
1103 4987 1318 5048 propter
1342 4978 1598 5032 unitatem
1630 4997 1642 5032 :
1672 4980 1724 5033 in
1748 4984 1858 5049 ipsa

258 5078 445 5123 autem
470 5069 723 5124 varietate
751 5085 934 5123 aurum
963 5068 1104 5138 quod
1126 5071 1248 5124 est?
1271 5069 1383 5139 Ipsa
1409 5069 1687 5140 sapientia.
1707 5073 1862 5140 Qua-

263 5158 395 5215 libet
415 5160 487 5212 sit
511 5160 738 5213 varietas
761 5160 1077 5226 linguarum,
1108 5176 1266 5214 unum
1295 5176 1481 5214 aurum
1509 5161 1854 5230 praedicatur:

259 5266 372 5304 non
399 5252 664 5304 diversum
693 5267 878 5304 aurum
904 5292 918 5317 ,
954 5252 1044 5304 sed
1079 5251 1305 5306 varietas
1329 5252 1395 5306 de
1417 5268 1566 5304 auro.
1595 5253 1845 5308 Eundem

254 5342 462 5410 quippe
503 5341 856 5409 sapientiam,
903 5341 1143 5395 eamdem
1189 5342 1481 5403 doctrinam
1532 5355 1582 5396 et
1621 5343 1858 5413 distipli-

255 5449 386 5489 nam
416 5448 601 5486 onnn-s
631 5433 822 5502 lingua:
850 5431 1154 5501 praedicant.
1190 5432 1424 5488 Varietas
1457 5434 1505 5488 in
1531 5435 1738 5505 linguis,
1763 5452 1857 5490 att-

254 5543 380 5583 tum
411 5526 460 5581 in
490 5526 792 5581 sententiis.

271 5717 298 5730 χι
333 5675 343 5702 ¹
375 5695 551 5744 Novati:
574 5695 698 5743 λιπες..
727 5690 930 5736 t'ar‘ians.

321 5751 394 5810 ζ..)
425 5752 520 5800 \‘i‘d.
550 5757 580 5798 εί
601 5761 822 5810 μου-ειη
852 5763 954 5811 cap.
981 5747 1046 5808 t2,
1079 5757 1127 5797 et
1153 5747 1234 5797 lib.
1261 5757 1344 5808 in.
1373 5753 1418 5801 ia
1446 5757 1477 5800 ι)
1514 5761 1664 5813 utea,
1684 5767 1715 5817 (ξ
1777 5754 1841 5802 te.

1377 308 1772 368 ENARItATIO
1811 307 1875 365 IN
1917 267 2239 396 Pssutmt
2273 310 2459 368 xuv.
2521 361 2532 383 ,

3422 273 3438 296 Χ
3637 281 3644 292 ν

2136 324 2239 394 μοι
2275 324 2459 368 λιιν-
2521 361 2532 383 η
2590 383 2598 395 ι
2667 379 2669 381 .
2785 367 2787 381 2
3448 324 3554 382 διο

2037 424 2133 480 .25.
2165 421 2315 494 [verm
2345 424 2458 498 ll.]
2483 425 2782 498 Alloquitur
2809 416 3069 499 Prolihcta
3112 436 3347 505 reginam
3396 438 3550 497 istam

1975 512 2223 584 (libenter
2244 515 2388 570 enim
2405 516 2716 587 illicantat),
2741 530 2794 576 et
2822 537 3248 594 unumquemque
3269 537 3505 584 nostrum
3533 548 3548 596 ;

1967 604 2014 658 si
2054 613 2228 660 tamen
2268 607 2572 664 noverimus
2621 610 2707 665 ubi
2751 611 2964 689 sumus,
3005 625 3058 670 et
3094 616 3160 671 ad
3201 618 3330 673 illud
3359 636 3552 691 corpus

1973 697 2237 763 pertinere
2261 713 2536 766 conemur,
2569 709 2622 755 et
2645 700 2748 757 fide
2778 713 2832 776 et
2859 718 2952 771 Spe
2968 706 3324 775 pertineamus
3343 713 3473 765 uniti
3498 715 3550 768 in

1972 790 2224 844 membris
2248 791 2464 846 Christi.
2494 793 2601 847 Nos
2625 795 2766 849 enim
2796 797 3081 866 alloquitur
3108 816 3120 851 :
3153 799 3314 866 Audi,
3344 804 3472 870 ﬁlia,
3503 785 3552 859 et

1972 878 2101 932 uide.
2121 879 2418 953 Alloquitur
2432 897 2547 936 eam
2568 894 2813 955 tanquam
2838 902 2971 940 unus
2989 888 3054 942 de
3073 890 3325 958 patribus,
3350 894 3470 961 quia
3496 896 3551 964 li-

1953 968 2056 1051 ‘lite
2077 985 2258 1058 regem
2280 981 2437 1054 sunt;
2465 977 2562 1029 etsi
2581 976 2878 1047 alloqnatur
2901 980 3174 1049 propheta,
3199 984 3295 1037 etsi
3315 985 3549 1056 alloqua-

1941 1067 2057 1118 .,lur
2074 1064 2365 1132 apostolus,
2391 1073 2636 1136 tanquam
2659 1069 2817 1122 tiliam
2836 1070 2933 1139 (sic
2948 1072 3087 1125 enim
3106 1073 3350 1140 dicimus,
3371 1078 3565 1134 l’atresv

1973 1154 2137 1214 nostri
2161 1153 2460 1230 Pi-Ophetaz.
2481 1167 2666 1225 patres
2687 1160 2852 1214 nostri
2869 1162 2909 1214 A
2921 1163 3107 1229 postoli
3130 1164 3203 1217 :si
3231 1181 3327 1218 nos
3355 1168 3471 1221 illos
3498 1177 3552 1222 ut

1957 1243 2254 1311 .patte-',illi
2276 1259 2370 1310 nos
2401 1254 2457 1300 ut
2477 1246 2657 1318 filios),
2685 1256 2742 1303 et
2768 1265 2868 1304 vox
2900 1268 2996 1304 una
3027 1263 3239 1320 paterna
3269 1258 3554 1326 allaquitur

1971 1333 2181 1388 unicam
2227 1334 2404 1417 filiam.
2451 1336 2603 1400 Audi,
2625 1338 2734 1406 ﬁlia
2755 1380 2769 1404 ,
2799 1350 2844 1392 et
2869 1341 2998 1394 vide.
3030 1342 3178 1396 Prius
3204 1346 3349 1418 audi,
3372 1358 3551 1415 postea

1970 1421 2355 1504 vide._Yentum
2380 1434 2461 1482 est
2485 1428 2624 1482 enim
2648 1428 2713 1482 ad
2744 1445 2839 1484 nos
2864 1445 2983 1486 cum
3014 1434 3318 1505 Evangelio,
3341 1448 3398 1512 et
3415 1453 3553 1506 pra-,-

1935 1571 1947 1598 ‘g
1970 1513 2200 1596 dicatum
2239 1525 2320 1570 est
2338 1516 2490 1572 nobis
2509 1519 2651 1588 quod
2673 1521 2906 1575 nondum
2930 1523 3188 1588 videmus,
3214 1535 3266 1580 et
3291 1513 3553 1582 audienda

1971 1607 2324 1676 credidimus,
2380 1609 2643 1666 credendo
2685 1612 3025 1680 videbimus;
3081 1616 3218 1672 sicut
3268 1615 3395 1671 dicit
3443 1620 3554 1693 ipse

1971 1713 2200 1766 sponsus
2225 1701 2360 1768 apud
2391 1701 2706 1769 l’mplietam
2737 1720 2750 1757 :
2783 1702 3016 1774 Populus
3040 1722 3184 1773 quem
3206 1724 3302 1760 non
3325 1708 3550 1777 cognovi.

1971 1793 2166 1846 seruiuit
2211 1793 2333 1847 milii
2353 1810 2374 1858 ;
2402 1794 2470 1861 vin
2495 1793 2756 1873 lobuuditu
2781 1797 2937 1872 auris
2967 1797 3184 1862 ~obedivit
3219 1801 3341 1873 milii
3383 1800 3548 1870 (Psal.

1971 1896 2079 1936 xvn
2098 1924 2120 1963 ,j
2159 1883 2274 1958 45).
2299 1880 2449 1949 eum
2485 1870 2594 1950 est,
2627 1885 2679 1938 in
2705 1870 2944 1940 obauditu
2970 1889 3153 1943 auris?
3177 1870 3439 1957 Quianon
3471 1893 3550 1944 vi-

1969 1974 2067 2029 dit.
2091 1975 2355 2035 Yiderunt
2391 1977 2557 2031 Judaei
2582 2017 2598 2043 ,
2641 1987 2694 2032 et
2722 1978 3100 2034 crucrilixerunt
3130 1997 3144 2032 :
3175 1996 3280 2034 non
3308 1981 3552 2040 viderunt

1970 2067 2168 2144 Gentes
2189 2108 2204 2131 ,
2236 2078 2288 2124 et
2314 2068 2675 2124 crediderunt.
2712 2069 2899 2124 Veniat
2921 2070 3099 2140 regina
3122 2071 3188 2125 de
3213 2071 3466 2126 Gentibus
3496 2054 3549 2127 in

1970 2159 2162 2214 vestitu
2201 2158 2454 2214 deaurato
2481 2200 2497 2224 ,
2541 2158 2933 2229 circumamieta
2970 2162 3258 2217 varietate:
3285 2164 3457 2217 veniat
3486 2179 3550 2241 ex

1953 2249 2259 2325 (Gentibus,
2299 2250 2473 2304 veniat
2509 2243 2900 2320 circumamieta
2945 2252 3191 2306 omnibus
3225 2252 3447 2321 linguis,
3498 2253 3551 2307 in

1969 2342 2168 2400 unitate
2210 2342 2482 2410 sapientiae
2512 2357 2526 2407 ;
2568 2341 2775 2396 dicatur
2815 2342 2861 2397 ei
2883 2383 2897 2405 ,
2937 2342 3070 2396 Audi
3095 2343 3203 2412 ﬁlia
3223 2385 3239 2410 ,
3266 2353 3310 2396 et
3337 2343 3466 2411 vide,
3495 2344 3549 2399 Si

1968 2446 2073 2485 non
2115 2431 2378 2496 audieris,
2410 2428 2766 2486 non‘videbis.
2799 2431 2934 2489 Audi
2963 2441 3018 2499 ut
3047 2433 3269 2488 mvmdes
3295 2450 3386 2486 cor
3411 2434 3512 2506 title
3532 2474 3547 2498 ,

1967 2524 2104 2577 sicut
2147 2523 2432 2592 Apostolus
2472 2513 2547 2578 ait
2589 2525 2642 2578 in
2680 2507 2899 2578 Actibus
2943 2524 3315 2594 Apestolorum
3363 2541 3376 2578 :
3423 2523 3551 2580 Fide

1969 2614 2218 2676 inundans
2243 2615 2396 2669 corda
2422 2631 2595 2668 eorum
2619 2612 2754 2687 (Act.
2781 2631 2876 2680 xv,
2900 2615 2978 2685 9).
3002 2615 3082 2668 Ad
3104 2615 3202 2669 hoc
3231 2615 3370 2670 enim
3393 2607 3549 2676 audi-

1968 2719 2086 2759 mus
2123 2705 2263 2774 quud
2304 2706 2583 2760 credamus
2607 2746 2622 2770 ,
2666 2714 2950 2776 antequam
2987 2707 3258 2761 videamus
3281 2749 3296 2774 ,
3341 2717 3398 2762 ut
3433 2725 3550 2766 cre-

1964 2796 2140 2850 dendo
2181 2811 2275 2867 eor
2313 2797 2648 2864 mandemus,
2685 2799 2826 2861 unde
2858 2797 3040 2870 videre
3079 2799 3360 2867 possinms.
3386 2789 3546 2865 Audi,
3627 2813 3632 2824 '

1940 2933 1942 2935 μ
1967 2875 2024 2942 ut
2061 2889 2248 2952 eredas
2267 2930 2282 2950 .
2320 2889 2516 2944 munda
2551 2890 2792 2965 corylide.
2824 2891 2888 2946 Et
2917 2905 3036 2945 cum
3062 2906 3155 2945 cor
3184 2892 3507 2958 inundavero
3529 2931 3546 2957 ,

1942 2981 2088 3051 quid
2115 2981 2339 3040 videbo?
2370 2981 2514 3037 Beati
2543 2981 2742 3038 mundo
2769 2982 2931 3036 corde
2955 3023 2970 3049 ,
2999 2981 3120 3052 quia
3153 2983 3250 3051 ipsi
3277 2983 3437 3037 Deum
3473 2985 3548 3043 vi-

1962 3071 2163 3126 debunt
2203 3069 2410 3142 (Matth.
2459 3087 2491 3126 γ
2511 3112 2523 3135 ,
2561 3071 2654 3142 8,).
2677 3071 2843 3149 Audi,
2867 3072 3008 3140 ﬁlia,
3037 3081 3081 3126 et
3108 3073 3255 3136 vide;
3282 3083 3328 3126 et
3362 3069 3550 3149 inclina

1965 3178 2137 3237 aurem
2163 3173 2319 3216 tuam.
2351 3162 2542 3216 Parum
2573 3173 2653 3218 est
2677 3148 2821 3227 audi,
2846 3161 3127 3235 ,liutniliter
3153 3164 3274 3232 audi
3304 3182 3318 3218 :
3344 3148 3549 3238 Inclina

1963 3269 2137 3307 aurem
2174 3262 2332 3306 luant.
2385 3251 2450 3306 Et
2493 3253 2777 3308 obliviscere
2819 3257 3062 3324 papuluin
3095 3265 3237 3328 tuuin
3277 3264 3320 3308 et
3346 3255 3548 3328 domum

1964 3347 2126 3415 patris
2169 3345 2262 3399 tui.
2318 3345 2445 3400 Erat
2492 3346 2718 3415 populus
2763 3346 2974 3414 quidam
3001 3387 3017 3411 ,
3062 3354 3118 3401 et
3157 3325 3346 3400 domus
3387 3325 3549 3417 panis

1964 3435 2206 3507 quaedam
2222 3477 2238 3502 ,
2263 3437 2313 3490 in
2338 3451 2440 3506 qua
2463 3445 2587 3492 nata
2617 3451 2676 3490 es
2699 3477 2715 3503 ,
2741 3437 2965 3505 populus
2990 3436 3313 3507 Babyloniaa,
3349 3436 3548 3513 habens

1965 3535 2142 3598 regem
2182 3523 2470 3589 diabolum.
2517 3527 2896 3596 Undecumque
2941 3537 3197 3582 venerunt
3235 3526 3432 3581 Gentes
3451 3566 3485 3599 ρ.
3517 3542 3546 3578 a

1968 3629 2114 3687 patre
2155 3618 2366 3689 diabolo
2411 3630 2667 3673 venerunt
2700 3602 2723 3672 τ’
2744 3603 2837 3672 sed
2869 3618 3002 3688 patri
3035 3617 3243 3671 diabolo
3273 3605 3547 3688 renuntia-

1963 3719 2174 3766 verunt.
2208 3705 2508 3778 Obliviscere
2537 3708 2778 3779 populum
2803 3717 2941 3760 luunt
2967 3717 3012 3762 et
3042 3707 3244 3758 domum
3273 3706 3430 3774 patris
3452 3689 3542 3778 liti.

1967 3799 2185 3855 r’tndam
2229 3808 2279 3853 te
2321 3792 2408 3853 ille
2443 3797 2668 3867 genuit,
2705 3811 2826 3851 cum
2858 3796 3200 3866 peccatricem
3234 3795 3353 3849 fecit
3387 3811 3400 3847 :
3428 3792 3543 3875 pub

1965 3891 2146 3946 ehi-am
2190 3900 2240 3945 te
2267 3891 2367 3946 iste
2400 3900 2678 3959 regenerat
2705 3890 2793 3959 qui
2815 3888 3066 3958 justiﬁcat
3097 3888 3329 3959 impiam.
3358 3886 3542 3940 Οὺίῐυέι

1965 4000 2102 4037 scere
2130 3983 2374 4052 populum
2399 3993 2538 4036 tuum
2562 4024 2578 4047 ,
2602 3993 2648 4036 et
2674 3982 2876 4035 domum
2909 3983 3066 4052 patris
3095 3983 3186 4036 tui.
3453 4037 3482 4066 ,ι

2036 4075 2123 4129 9.6.
2157 4075 2304 4148 [vers.
2331 4075 2416 4142 12,
2447 4073 2561 4146 1ΰ.1
2595 4075 2846 4140 Quoniam
2871 4075 3154 4146 concupivit
3191 4091 3281 4130 rex
3319 4075 3536 4152 speciem

1966 4175 2121 4219 lnam.
2154 4166 2322 4232 Quam
2350 4166 2583 4235 speciem
2607 4205 2622 4229 ,
2656 4165 2756 4218 nisi
2785 4180 2940 4234 quam
2972 4165 3084 4234 ipse
3113 4164 3265 4220 fecit?
3288 4157 3540 4236 Coacan

1965 4257 2031 4309 vi:
2058 4257 2289 4326 speciem.
2321 4256 2484 4325 Cujus
2513 4255 2784 4332 Speciem?
2807 4255 3122 4322 Peccat-rieis
3142 4295 3156 4318 ,
3183 4246 3404 4325 iniqttu‘,
3439 4241 3538 4322 im-

1967 4351 2101 4420 piae,
2129 4350 2303 4420 qualis,
2343 4339 2459 4404 erat
2494 4349 2633 4418 apud
2678 4358 2881 4418 patrem
2932 4347 3201 4408 diabolum
3233 4389 3248 4412 ,
3296 4357 3350 4401 et
3402 4348 3541 4416 apud

1943 4442 2225 4518 populum
2252 4440 2465 4506 suum'l,
2487 4439 2624 4500 Non,
2659 4440 2750 4508 sed
2790 4440 2856 4495 de
2898 4456 2998 4510 qua
3044 4439 3237 4492 dicitur
3271 4455 3283 4490 :
3312 4437 3438 4503 Qua?
3473 4449 3542 4491 csl

1966 4535 2060 4587 ista
2088 4549 2200 4602 qua:
2213 4533 2438 4587 ascendit
2476 4533 2711 4586 dealbala
2735 4531 2904 4601 (Cant.
2932 4546 3019 4584 vni
3045 4569 3060 4595 ,
3093 4529 3146 4596 5)
3167 4529 3190 4580 ‘2
3219 4531 3384 4582 Antea
3416 4545 3542 4596 ergo

1965 4639 2070 4677 non
2111 4634 2225 4678 erat
2251 4623 2404 4687 alba,
2436 4633 2616 4691 postea
2661 4621 2924 4676 dealbata.
2970 4619 3102 4687 Quia
3129 4618 3172 4671 si
3200 4619 3387 4670 fuerint
3424 4635 3542 4682 prn-

1965 4728 2078 4772 cata
2121 4725 2295 4771 vestra
2333 4715 2468 4769 sicut
2507 4715 2828 4783 phmnicium
2852 4755 2866 4779 ,
2893 4721 3140 4782 tanquam
3189 4711 3361 4764 nivem
3391 4708 3540 4761 timi-

1967 4808 2100 4861 babo
2134 4805 2286 4876 (lsai.
2315 4823 2351 4869 ι,
2382 4805 2494 4874 18).
2521 4803 2814 4874 Concupivi!
2846 4817 2935 4856 rex
2967 4801 3182 4871 speciem
3226 4810 3381 4853 tuam.
3410 4798 3537 4864 Quis
3606 4877 3608 4879 b

1965 4901 2090 4954 rex?
2121 4899 2251 4965 Quia
2280 4899 2386 4968 ipse
2411 4907 2480 4951 cst
2529 4895 2808 4950 Dominus‘
2842 4893 2976 4946 Deus
3025 4903 3160 4946 tuus.
3183 4891 3298 4946 .lam
3338 4889 3458 4944 vide
3493 4891 3538 4943 si

1965 5006 2067 5043 non
2097 4990 2260 5044 debes
2286 4990 2552 5058 dimittere
2591 4995 2792 5054 patrem
2831 4995 2973 5038 tuum
3003 4984 3182 5046 illum,
3206 4994 3258 5036 et
3285 4981 3536 5050 populum

1966 5095 2111 5137 llltllll
2140 5079 2306 5145 illum,
2337 5089 2391 5136 et
2418 5082 2604 5149 venire
2633 5079 2696 5132 ad
2727 5093 2901 5147 regem
2935 5078 3128 5140 istum,
3162 5075 3323 5129 Deum
3353 5082 3497 5128 ttnnn
3523 5091 3536 5126 :

1966 5177 2106 5229 Deus
2144 5183 2262 5226 tuus
2287 5181 2402 5233 est,
2437 5163 2527 5224 rex
2572 5180 2692 5223 tuus
2718 5179 2817 5222 est.
2865 5168 2976 5222 ilex
3019 5175 3175 5228 tuus,
3208 5175 3266 5220 et
3300 5166 3412 5234 ipse
3457 5176 3538 5217 est

1963 5279 2195 5334 sponsus
2225 5272 2362 5316 tuus.
2399 5261 2528 5330 [legi
2560 5261 2714 5314 nubis
2748 5261 2875 5325 Deo,
2907 5261 2974 5312 ah
2999 5259 3089 5329 illo
3119 5259 3297 5311 dotata
3319 5299 3332 5319 ,
3361 5258 3426 5309 ab
3451 5256 3540 5307 illo

1963 5355 2209 5408 decorata
2232 5394 2244 5416 ,
2274 5351 2339 5404 ab
2369 5352 2458 5405 illo
2490 5351 2759 5420 redempta
2786 5390 2799 5414 ,
2825 5351 2890 5401 ab
2919 5350 3008 5402 ille
3035 5359 3238 5402 sanata.
3271 5344 3535 5414 Quidquid

1963 5447 2130 5501 habes
2158 5445 2296 5499 unde
2327 5446 2398 5498 illi
2428 5445 2658 5513 placeas,
2689 5443 2757 5496 ab
2789 5443 3092 5503 illohabes.

2031 5540 2118 5591 :27.
2146 5539 2208 5591 [Ct
2226 5528 2502 5590 adorabunt
2527 5551 2638 5589 cuin
2667 5536 2788 5603 ﬁlia:
2811 5533 2932 5605 Tyri
2953 5535 3004 5586 in
3029 5532 3332 5585 muneribus.
3364 5530 3536 5599 ipsum

2024 5697 2035 5726 ¹
2076 5694 2180 5741 λιι-η
2203 5696 2278 5761 ris
2313 5701 2437 5743 natae
2472 5697 2600 5751 3158.,
2639 5687 2879 5752 Quiut'psc
2903 5694 2970 5738 cst
3002 5695 3126 5737 Deus
3166 5693 3273 5734 tuus
3317 5696 3333 5734 .'
3365 5685 3537 5732 cuius:

1962 5771 2098 5816 vocs,
2124 5765 2140 5804 ί
2162 5769 2358 5805 οειίεηιέδ.
2391 5777 2394 5780 ’

2121 5985 2132 6014 l
