  <div class='ocr_page' id='page_1' title='image "/cluster/home/n/w/nwhite01/storage/ocr_20150623/36/hvd.32044096580584/263.png"; bbox 0 0 4004 6200; ppageno 0'>
   <div class='ocr_carea' id='block_1_1' title="bbox 421 286 517 345">
    <p class='ocr_par' dir='ltr' id='par_1_1' title="bbox 421 286 517 345">
     <span class='ocr_line' id='line_1_1' title="bbox 421 286 517 345; baseline 0.021 -3"><span class='ocrx_word' id='word_1_1' title='bbox 421 286 517 345; x_wconf 64' lang='lat'><strong>3&quot;&quot;</strong></span> 
     </span>
    </p>
   </div>
   <div class='ocr_carea' id='block_1_2' title="bbox 420 378 1990 469">
    <p class='ocr_par' dir='ltr' id='par_1_2' title="bbox 420 378 1990 469">
     <span class='ocr_line' id='line_1_2' title="bbox 420 378 1990 469; baseline -0.013 -12"><span class='ocrx_word' id='word_1_2' title='bbox 420 418 599 469; x_wconf 70' lang='lat' dir='ltr'><strong>regem</strong></span> <span class='ocrx_word' id='word_1_3' title='bbox 632 409 775 456; x_wconf 89' lang='lat' dir='ltr'><strong>tuum</strong></span> <span class='ocrx_word' id='word_1_4' title='bbox 809 378 972 451; x_wconf 87' lang='lat' dir='ltr'><strong>Deum</strong></span> <span class='ocrx_word' id='word_1_5' title='bbox 1004 402 1147 449; x_wconf 90' lang='lat' dir='ltr'><strong>tuum</strong></span> <span class='ocrx_word' id='word_1_6' title='bbox 1176 391 1454 446; x_wconf 81' lang='lat' dir='ltr'><strong>adorabunt</strong></span> <span class='ocrx_word' id='word_1_7' title='bbox 1484 389 1605 459; x_wconf 74' lang='lat' dir='ltr'><strong>ﬁlice</strong></span> <span class='ocrx_word' id='word_1_8' title='bbox 1634 388 1757 459; x_wconf 84' lang='lat' dir='ltr'><strong>Tyri</strong></span> <span class='ocrx_word' id='word_1_9' title='bbox 1800 389 1850 441; x_wconf 89' lang='lat' dir='ltr'><strong>in</strong></span> <span class='ocrx_word' id='word_1_10' title='bbox 1879 401 1990 439; x_wconf 60' lang='lat' dir='ltr'><strong>mu.</strong></span> 
     </span>
    </p>
   </div>
   <div class='ocr_carea' id='block_1_3' title="bbox 422 483 1990 556">
    <p class='ocr_par' dir='ltr' id='par_1_3' title="bbox 422 483 1990 556">
     <span class='ocr_line' id='line_1_3' title="bbox 422 483 1990 556; baseline -0.011 -10"><span class='ocrx_word' id='word_1_11' title='bbox 422 495 642 545; x_wconf 73' lang='lat' dir='ltr'><strong>nuribus.</strong></span> <span class='ocrx_word' id='word_1_12' title='bbox 673 488 826 541; x_wconf 68' lang='lat' dir='ltr'><strong>Filiae</strong></span> <span class='ocrx_word' id='word_1_13' title='bbox 848 484 991 556; x_wconf 83' lang='lat' dir='ltr'><strong>Tyri,</strong></span> <span class='ocrx_word' id='word_1_14' title='bbox 1025 484 1143 538; x_wconf 72' lang='lat' dir='ltr'><strong>lilia:</strong></span> <span class='ocrx_word' id='word_1_15' title='bbox 1168 483 1416 538; x_wconf 87' lang='lat' dir='ltr'><strong>Gentium</strong></span> <span class='ocrx_word' id='word_1_16' title='bbox 1449 496 1510 535; x_wconf 86' lang='lat' dir='ltr'><strong>:a</strong></span> <span class='ocrx_word' id='word_1_17' title='bbox 1540 490 1687 550; x_wconf 89' lang='lat' dir='ltr'><strong>parte</strong></span> <span class='ocrx_word' id='word_1_18' title='bbox 1707 484 1771 532; x_wconf 89' lang='lat' dir='ltr'><strong>ad</strong></span> <span class='ocrx_word' id='word_1_19' title='bbox 1799 487 1990 531; x_wconf 88' lang='lat' dir='ltr'><strong>totum.</strong></span> 
     </span>
    </p>
   </div>
   <div class='ocr_carea' id='block_1_4' title="bbox 421 567 1996 654">
    <p class='ocr_par' dir='ltr' id='par_1_4' title="bbox 421 567 1996 654">
     <span class='ocr_line' id='line_1_4' title="bbox 421 567 1996 654; baseline -0.013 -16"><span class='ocrx_word' id='word_1_20' title='bbox 421 586 593 654; x_wconf 66' lang='lat' dir='ltr'><strong>&#39;l‘yrus</strong></span> <span class='ocrx_word' id='word_1_21' title='bbox 620 580 786 634; x_wconf 85' lang='lat' dir='ltr'><strong>vicina</strong></span> <span class='ocrx_word' id='word_1_22' title='bbox 816 578 936 632; x_wconf 82' lang='lat' dir='ltr'><strong>huic</strong></span> <span class='ocrx_word' id='word_1_23' title='bbox 964 586 1121 630; x_wconf 64' lang='lat' dir='ltr'><strong>terra:</strong></span> <span class='ocrx_word' id='word_1_24' title='bbox 1151 573 1236 627; x_wconf 90' lang='lat' dir='ltr'><strong>ubi</strong></span> <span class='ocrx_word' id='word_1_25' title='bbox 1267 572 1541 643; x_wconf 85' lang='lat' dir='ltr'><strong>prOpbetia</strong></span> <span class='ocrx_word' id='word_1_26' title='bbox 1565 579 1698 635; x_wconf 90' lang='lat' dir='ltr'><strong>erat,</strong></span> <span class='ocrx_word' id='word_1_27' title='bbox 1726 567 1996 637; x_wconf 79' lang='lat' dir='ltr'><strong>signiﬁca-</strong></span> 
     </span>
    </p>
   </div>
   <div class='ocr_carea' id='block_1_5' title="bbox 424 658 1996 728">
    <p class='ocr_par' dir='ltr' id='par_1_5' title="bbox 424 658 1996 728">
     <span class='ocr_line' id='line_1_5' title="bbox 424 658 1996 728; baseline -0.013 -1"><span class='ocrx_word' id='word_1_28' title='bbox 424 677 510 728; x_wconf 86' lang='lat' dir='ltr'><strong>bat</strong></span> <span class='ocrx_word' id='word_1_29' title='bbox 539 673 737 728; x_wconf 83' lang='lat' dir='ltr'><strong>Gentes</strong></span> <span class='ocrx_word' id='word_1_30' title='bbox 775 668 1071 724; x_wconf 85' lang='lat' dir='ltr'><strong>credituras</strong></span> <span class='ocrx_word' id='word_1_31' title='bbox 1110 665 1342 720; x_wconf 80' lang='lat' dir='ltr'><strong>Christo.</strong></span> <span class='ocrx_word' id='word_1_32' title='bbox 1373 662 1499 717; x_wconf 86' lang='lat' dir='ltr'><strong>lude</strong></span> <span class='ocrx_word' id='word_1_33' title='bbox 1527 670 1643 717; x_wconf 89' lang='lat' dir='ltr'><strong>erat</strong></span> <span class='ocrx_word' id='word_1_34' title='bbox 1674 661 1761 715; x_wconf 83' lang='lat' dir='ltr'><strong>illa</strong></span> <span class='ocrx_word' id='word_1_35' title='bbox 1789 658 1996 712; x_wconf 83' lang='lat' dir='ltr'><strong>Chana-</strong></span> 
     </span>
    </p>
   </div>
   <div class='ocr_carea' id='block_1_6' title="bbox 422 748 1999 834">
    <p class='ocr_par' dir='ltr' id='par_1_6' title="bbox 422 748 1999 834">
     <span class='ocr_line' id='line_1_6' title="bbox 422 748 1999 834; baseline -0.013 -12"><span class='ocrx_word' id='word_1_36' title='bbox 422 780 555 829; x_wconf 77' lang='lat' dir='ltr'><strong>nma,</strong></span> <span class='ocrx_word' id='word_1_37' title='bbox 586 781 704 834; x_wconf 74' lang='lat' dir='ltr'><strong>quzc</strong></span> <span class='ocrx_word' id='word_1_38' title='bbox 737 762 907 832; x_wconf 86' lang='lat' dir='ltr'><strong>primo</strong></span> <span class='ocrx_word' id='word_1_39' title='bbox 934 761 1081 814; x_wconf 84' lang='lat' dir='ltr'><strong>canis</strong></span> <span class='ocrx_word' id='word_1_40' title='bbox 1111 766 1193 813; x_wconf 89' lang='lat' dir='ltr'><strong>est</strong></span> <span class='ocrx_word' id='word_1_41' title='bbox 1216 757 1499 827; x_wconf 84' lang='lat' dir='ltr'><strong>appellata.</strong></span> <span class='ocrx_word' id='word_1_42' title='bbox 1530 753 1661 808; x_wconf 85' lang='lat' dir='ltr'><strong>Nam</strong></span> <span class='ocrx_word' id='word_1_43' title='bbox 1692 762 1747 806; x_wconf 92' lang='lat' dir='ltr'><strong>ut</strong></span> <span class='ocrx_word' id='word_1_44' title='bbox 1786 748 1999 804; x_wconf 85' lang='lat' dir='ltr'><strong>noveri-</strong></span> 
     </span>
    </p>
   </div>
   <div class='ocr_carea' id='block_1_7' title="bbox 424 838 1999 925">
    <p class='ocr_par' dir='ltr' id='par_1_7' title="bbox 424 838 1999 925">
     <span class='ocr_line' id='line_1_7' title="bbox 424 838 1999 925; baseline -0.013 -14"><span class='ocrx_word' id='word_1_45' title='bbox 424 860 490 911; x_wconf 89' lang='lat' dir='ltr'><strong>tis</strong></span> <span class='ocrx_word' id='word_1_46' title='bbox 511 858 631 925; x_wconf 90' lang='lat' dir='ltr'><strong>quia</strong></span> <span class='ocrx_word' id='word_1_47' title='bbox 661 854 781 908; x_wconf 88' lang='lat' dir='ltr'><strong>imle</strong></span> <span class='ocrx_word' id='word_1_48' title='bbox 811 862 944 916; x_wconf 89' lang='lat' dir='ltr'><strong>erat,</strong></span> <span class='ocrx_word' id='word_1_49' title='bbox 977 848 1317 918; x_wconf 81' lang='lat' dir='ltr'><strong>Evangelium</strong></span> <span class='ocrx_word' id='word_1_50' title='bbox 1364 848 1441 900; x_wconf 88' lang='lat' dir='ltr'><strong>sic</strong></span> <span class='ocrx_word' id='word_1_51' title='bbox 1481 843 1751 913; x_wconf 71' lang='lat' dir='ltr'><strong>loquitur:</strong></span> <span class='ocrx_word' id='word_1_52' title='bbox 1782 838 1999 894; x_wconf 82' lang='lat' dir='ltr'><strong>Secessit</strong></span> 
     </span>
    </p>
   </div>
   <div class='ocr_carea' id='block_1_8' title="bbox 424 924 2004 1019">
    <p class='ocr_par' dir='ltr' id='par_1_8' title="bbox 424 924 2004 1019">
     <span class='ocr_line' id='line_1_8' title="bbox 424 924 2004 1019; baseline -0.012 -16"><span class='ocrx_word' id='word_1_53' title='bbox 424 952 473 1003; x_wconf 78' lang='lat' dir='ltr'><strong>in</strong></span> <span class='ocrx_word' id='word_1_54' title='bbox 492 924 659 1019; x_wconf 81' lang='lat' dir='ltr'><strong>partes</strong></span> <span class='ocrx_word' id='word_1_55' title='bbox 686 946 809 1017; x_wconf 75' lang='lat' dir='ltr'><strong>Tyri</strong></span> <span class='ocrx_word' id='word_1_56' title='bbox 846 954 891 998; x_wconf 87' lang='lat' dir='ltr'><strong>et</strong></span> <span class='ocrx_word' id='word_1_57' title='bbox 922 943 1130 999; x_wconf 85' lang='lat' dir='ltr'><strong>Sidonis</strong></span> <span class='ocrx_word' id='word_1_58' title='bbox 1149 983 1163 1007; x_wconf 92' lang='lat'><strong>,</strong></span> <span class='ocrx_word' id='word_1_59' title='bbox 1185 949 1231 994; x_wconf 88' lang='lat' dir='ltr'><strong>et</strong></span> <span class='ocrx_word' id='word_1_60' title='bbox 1258 952 1367 993; x_wconf 79' lang='lat' dir='ltr'><strong>ecce</strong></span> <span class='ocrx_word' id='word_1_61' title='bbox 1404 924 1910 991; x_wconf 44' lang='lat' dir='ltr'><strong>mttlier‘Chanantca</strong></span> <span class='ocrx_word' id='word_1_62' title='bbox 1935 929 2004 984; x_wconf 88' lang='lat' dir='ltr'><strong>de</strong></span> 
     </span>
    </p>
   </div>
   <div class='ocr_carea' id='block_1_9' title="bbox 426 1016 2002 1109">
    <p class='ocr_par' dir='ltr' id='par_1_9' title="bbox 426 1016 2002 1109">
     <span class='ocr_line' id='line_1_9' title="bbox 426 1016 2002 1109; baseline -0.013 -14"><span class='ocrx_word' id='word_1_63' title='bbox 426 1016 607 1109; x_wconf 81' lang='lat' dir='ltr'><strong>finibus</strong></span> <span class='ocrx_word' id='word_1_64' title='bbox 631 1016 743 1094; x_wconf 85' lang='lat' dir='ltr'><strong>illis</strong></span> <span class='ocrx_word' id='word_1_65' title='bbox 762 1055 960 1109; x_wconf 87' lang='lat' dir='ltr'><strong>egressa</strong></span> <span class='ocrx_word' id='word_1_66' title='bbox 1000 1035 1274 1096; x_wconf 87' lang='lat' dir='ltr'><strong>clamabat,</strong></span> <span class='ocrx_word' id='word_1_67' title='bbox 1300 1040 1354 1087; x_wconf 81' lang='lat' dir='ltr'><strong>et</strong></span> <span class='ocrx_word' id='word_1_68' title='bbox 1395 1040 1585 1085; x_wconf 71' lang='lat' dir='ltr'><strong>cmtera</strong></span> <span class='ocrx_word' id='word_1_69' title='bbox 1626 1016 1744 1098; x_wconf 71' lang='lat' dir='ltr'><strong>qua:</strong></span> <span class='ocrx_word' id='word_1_70' title='bbox 1776 1026 1845 1105; x_wconf 86' lang='lat' dir='ltr'><strong>ibi</strong></span> <span class='ocrx_word' id='word_1_71' title='bbox 1878 1038 2002 1077; x_wconf 81' lang='lat' dir='ltr'><strong>nar-</strong></span> 
     </span>
    </p>
   </div>
   <div class='ocr_carea' id='block_1_10' title="bbox 429 1119 2001 1198">
    <p class='ocr_par' dir='ltr' id='par_1_10' title="bbox 429 1119 2001 1198">
     <span class='ocr_line' id='line_1_10' title="bbox 429 1119 2001 1198; baseline -0.013 -12"><span class='ocrx_word' id='word_1_72' title='bbox 429 1144 632 1186; x_wconf 86' lang='lat' dir='ltr'><strong>rantur.</strong></span> <span class='ocrx_word' id='word_1_73' title='bbox 665 1131 793 1198; x_wconf 64' lang='lat' dir='ltr'><strong>Quae</strong></span> <span class='ocrx_word' id='word_1_74' title='bbox 821 1129 989 1197; x_wconf 85' lang='lat' dir='ltr'><strong>primo</strong></span> <span class='ocrx_word' id='word_1_75' title='bbox 1015 1126 1163 1179; x_wconf 83' lang='lat' dir='ltr'><strong>canis</strong></span> <span class='ocrx_word' id='word_1_76' title='bbox 1185 1132 1297 1177; x_wconf 91' lang='lat' dir='ltr'><strong>erat</strong></span> <span class='ocrx_word' id='word_1_77' title='bbox 1338 1119 1475 1189; x_wconf 88' lang='lat' dir='ltr'><strong>apud</strong></span> <span class='ocrx_word' id='word_1_78' title='bbox 1514 1128 1715 1187; x_wconf 88' lang='lat' dir='ltr'><strong>patrem</strong></span> <span class='ocrx_word' id='word_1_79' title='bbox 1746 1130 1902 1169; x_wconf 90' lang='lat' dir='ltr'><strong>suum</strong></span> <span class='ocrx_word' id='word_1_80' title='bbox 1946 1120 2001 1166; x_wconf 88' lang='lat' dir='ltr'><strong>et</strong></span> 
     </span>
    </p>
   </div>
   <div class='ocr_carea' id='block_1_11' title="bbox 427 1198 1999 1292">
    <p class='ocr_par' dir='ltr' id='par_1_11' title="bbox 427 1198 1999 1292">
     <span class='ocr_line' id='line_1_11' title="bbox 427 1198 1999 1292; baseline -0.012 -17"><span class='ocrx_word' id='word_1_81' title='bbox 427 1225 477 1277; x_wconf 87' lang='lat' dir='ltr'><strong>in</strong></span> <span class='ocrx_word' id='word_1_82' title='bbox 500 1223 693 1292; x_wconf 87' lang='lat' dir='ltr'><strong>populo</strong></span> <span class='ocrx_word' id='word_1_83' title='bbox 717 1236 834 1282; x_wconf 89' lang='lat' dir='ltr'><strong>suo,</strong></span> <span class='ocrx_word' id='word_1_84' title='bbox 854 1216 1131 1272; x_wconf 84' lang='lat' dir='ltr'><strong>clamando</strong></span> <span class='ocrx_word' id='word_1_85' title='bbox 1149 1223 1199 1268; x_wconf 91' lang='lat' dir='ltr'><strong>et</strong></span> <span class='ocrx_word' id='word_1_86' title='bbox 1227 1211 1483 1287; x_wconf 85' lang='lat' dir='ltr'><strong>veniendo</strong></span> <span class='ocrx_word' id='word_1_87' title='bbox 1504 1208 1569 1263; x_wconf 89' lang='lat' dir='ltr'><strong>ad</strong></span> <span class='ocrx_word' id='word_1_88' title='bbox 1593 1210 1750 1261; x_wconf 86' lang='lat' dir='ltr'><strong>istum</strong></span> <span class='ocrx_word' id='word_1_89' title='bbox 1777 1198 1957 1273; x_wconf 74' lang='lat' dir='ltr'><strong>regem</strong></span> <span class='ocrx_word' id='word_1_90' title='bbox 1982 1242 1999 1268; x_wconf 91' lang='lat'><strong>,</strong></span> 
     </span>
    </p>
   </div>
   <div class='ocr_carea' id='block_1_12' title="bbox 427 1295 2002 1369">
    <p class='ocr_par' dir='ltr' id='par_1_12' title="bbox 427 1295 2002 1369">
     <span class='ocr_line' id='line_1_12' title="bbox 427 1295 2002 1369; baseline -0.015 -1"><span class='ocrx_word' id='word_1_91' title='bbox 427 1316 623 1369; x_wconf 71' lang='lat' dir='ltr'><strong>tiL‘COl‘J</strong></span> <span class='ocrx_word' id='word_1_92' title='bbox 666 1312 801 1365; x_wconf 70' lang='lat' dir='ltr'><strong>facta</strong></span> <span class='ocrx_word' id='word_1_93' title='bbox 850 1306 1117 1363; x_wconf 87' lang='lat' dir='ltr'><strong>credendo</strong></span> <span class='ocrx_word' id='word_1_94' title='bbox 1169 1307 1220 1359; x_wconf 91' lang='lat' dir='ltr'><strong>in</strong></span> <span class='ocrx_word' id='word_1_95' title='bbox 1250 1304 1396 1357; x_wconf 90' lang='lat' dir='ltr'><strong>illum</strong></span> <span class='ocrx_word' id='word_1_96' title='bbox 1422 1302 1463 1363; x_wconf 74' lang='grc' dir='ltr'><strong>ι,</strong></span> <span class='ocrx_word' id='word_1_97' title='bbox 1505 1300 1630 1369; x_wconf 86' lang='lat' dir='ltr'><strong>quid</strong></span> <span class='ocrx_word' id='word_1_98' title='bbox 1662 1295 1857 1352; x_wconf 87' lang='lat' dir='ltr'><strong>meruit</strong></span> <span class='ocrx_word' id='word_1_99' title='bbox 1900 1308 2002 1345; x_wconf 84' lang='lat' dir='ltr'><strong>au—</strong></span> 
     </span>
    </p>
   </div>
   <div class='ocr_carea' id='block_1_13' title="bbox 427 1384 1999 1468">
    <p class='ocr_par' dir='ltr' id='par_1_13' title="bbox 427 1384 1999 1468">
     <span class='ocr_line' id='line_1_13' title="bbox 427 1384 1999 1468; baseline -0.014 -11"><span class='ocrx_word' id='word_1_100' title='bbox 427 1404 580 1457; x_wconf 86' lang='lat' dir='ltr'><strong>dire?</strong></span> <span class='ocrx_word' id='word_1_101' title='bbox 604 1403 647 1467; x_wconf 75' lang='lat'><strong><em>0</em></strong></span> <span class='ocrx_word' id='word_1_102' title='bbox 675 1401 870 1465; x_wconf 72' lang='lat' dir='ltr'><strong>mulier,</strong></span> <span class='ocrx_word' id='word_1_103' title='bbox 898 1413 1078 1468; x_wconf 89' lang='lat' dir='ltr'><strong>magna</strong></span> <span class='ocrx_word' id='word_1_104' title='bbox 1101 1403 1169 1448; x_wconf 87' lang='lat' dir='ltr'><strong>est</strong></span> <span class='ocrx_word' id='word_1_105' title='bbox 1196 1394 1320 1462; x_wconf 86' lang='lat' dir='ltr'><strong>ﬁdes</strong></span> <span class='ocrx_word' id='word_1_106' title='bbox 1337 1402 1420 1444; x_wconf 88' lang='lat' dir='ltr'><strong>tua</strong></span> <span class='ocrx_word' id='word_1_107' title='bbox 1442 1389 1651 1460; x_wconf 78' lang='lat' dir='ltr'><strong>(Matth.</strong></span> <span class='ocrx_word' id='word_1_108' title='bbox 1673 1403 1761 1453; x_wconf 81' lang='lat' dir='ltr'><strong>xv,</strong></span> <span class='ocrx_word' id='word_1_109' title='bbox 1781 1384 1999 1453; x_wconf 71' lang='grc' dir='ltr'><strong>21οὲ8).</strong></span> 
     </span>
    </p>
   </div>
   <div class='ocr_carea' id='block_1_14' title="bbox 427 1474 2004 1562">
    <p class='ocr_par' dir='ltr' id='par_1_14' title="bbox 427 1474 2004 1562">
     <span class='ocr_line' id='line_1_14' title="bbox 427 1474 2004 1562; baseline -0.013 -14"><span class='ocrx_word' id='word_1_110' title='bbox 427 1494 719 1562; x_wconf 81' lang='lat' dir='ltr'><strong>(.‘oncupivit</strong></span> <span class='ocrx_word' id='word_1_111' title='bbox 755 1507 843 1544; x_wconf 78' lang='lat' dir='ltr'><strong>rex</strong></span> <span class='ocrx_word' id='word_1_112' title='bbox 877 1488 1087 1557; x_wconf 80' lang='lat' dir='ltr'><strong>speciem</strong></span> <span class='ocrx_word' id='word_1_113' title='bbox 1130 1494 1284 1538; x_wconf 83' lang='lat' dir='ltr'><strong>luant.</strong></span> <span class='ocrx_word' id='word_1_114' title='bbox 1320 1480 1386 1535; x_wconf 85' lang='lat' dir='ltr'><strong>Et</strong></span> <span class='ocrx_word' id='word_1_115' title='bbox 1426 1479 1706 1533; x_wconf 88' lang='lat' dir='ltr'><strong>adorabunt</strong></span> <span class='ocrx_word' id='word_1_116' title='bbox 1731 1492 1845 1531; x_wconf 87' lang='lat' dir='ltr'><strong>eum</strong></span> <span class='ocrx_word' id='word_1_117' title='bbox 1880 1474 2004 1543; x_wconf 75' lang='lat' dir='ltr'><strong>ﬁlia:</strong></span> 
     </span>
    </p>
   </div>
   <div class='ocr_carea' id='block_1_15' title="bbox 434 1566 2006 1657">
    <p class='ocr_par' dir='ltr' id='par_1_15' title="bbox 434 1566 2006 1657">
     <span class='ocr_line' id='line_1_15' title="bbox 434 1566 2006 1657; baseline -0.015 -16"><span class='ocrx_word' id='word_1_118' title='bbox 434 1588 555 1657; x_wconf 80' lang='lat' dir='ltr'><strong>Tyri</strong></span> <span class='ocrx_word' id='word_1_119' title='bbox 581 1586 633 1638; x_wconf 88' lang='lat' dir='ltr'><strong>in</strong></span> <span class='ocrx_word' id='word_1_120' title='bbox 662 1583 968 1637; x_wconf 81' lang='lat' dir='ltr'><strong>muneribus.</strong></span> <span class='ocrx_word' id='word_1_121' title='bbox 998 1579 1198 1646; x_wconf 81' lang='lat' dir='ltr'><strong>Quibus</strong></span> <span class='ocrx_word' id='word_1_122' title='bbox 1228 1572 1578 1657; x_wconf 74' lang='lat' dir='ltr'><strong>muneribus?</strong></span> <span class='ocrx_word' id='word_1_123' title='bbox 1603 1570 1691 1626; x_wconf 87' lang='lat' dir='ltr'><strong>Sic</strong></span> <span class='ocrx_word' id='word_1_124' title='bbox 1716 1568 1781 1624; x_wconf 89' lang='lat' dir='ltr'><strong>ad</strong></span> <span class='ocrx_word' id='word_1_125' title='bbox 1807 1582 1865 1623; x_wconf 86' lang='lat' dir='ltr'><strong>se</strong></span> <span class='ocrx_word' id='word_1_126' title='bbox 1893 1566 2006 1621; x_wconf 91' lang='lat' dir='ltr'><strong>vult</strong></span> 
     </span>
    </p>
   </div>
   <div class='ocr_carea' id='block_1_16' title="bbox 433 1654 2004 1739">
    <p class='ocr_par' dir='ltr' id='par_1_16' title="bbox 433 1654 2004 1739">
     <span class='ocr_line' id='line_1_16' title="bbox 433 1654 2004 1739; baseline -0.011 -12"><span class='ocrx_word' id='word_1_127' title='bbox 433 1654 600 1730; x_wconf 81' lang='lat' dir='ltr'><strong>veniri</strong></span> <span class='ocrx_word' id='word_1_128' title='bbox 641 1688 731 1728; x_wconf 82' lang='lat' dir='ltr'><strong>rex</strong></span> <span class='ocrx_word' id='word_1_129' title='bbox 778 1672 877 1726; x_wconf 80' lang='lat' dir='ltr'><strong>iste</strong></span> <span class='ocrx_word' id='word_1_130' title='bbox 902 1711 916 1734; x_wconf 91' lang='lat'><strong>,</strong></span> <span class='ocrx_word' id='word_1_131' title='bbox 942 1678 996 1723; x_wconf 90' lang='lat' dir='ltr'><strong>ct</strong></span> <span class='ocrx_word' id='word_1_132' title='bbox 1025 1668 1302 1731; x_wconf 71' lang='lat' dir='ltr'><strong>thesauros</strong></span> <span class='ocrx_word' id='word_1_133' title='bbox 1342 1678 1467 1718; x_wconf 81' lang='lat' dir='ltr'><strong>Suos</strong></span> <span class='ocrx_word' id='word_1_134' title='bbox 1511 1654 1719 1739; x_wconf 74' lang='lat' dir='ltr'><strong>impleri</strong></span> <span class='ocrx_word' id='word_1_135' title='bbox 1764 1658 1875 1711; x_wconf 88' lang='lat' dir='ltr'><strong>vult</strong></span> <span class='ocrx_word' id='word_1_136' title='bbox 1906 1674 1919 1709; x_wconf 89' lang='lat'><strong>:</strong></span> <span class='ocrx_word' id='word_1_137' title='bbox 1951 1664 2004 1710; x_wconf 90' lang='lat' dir='ltr'><strong>et</strong></span> 
     </span>
    </p>
   </div>
   <div class='ocr_carea' id='block_1_17' title="bbox 433 1747 2001 1835">
    <p class='ocr_par' dir='ltr' id='par_1_17' title="bbox 433 1747 2001 1835">
     <span class='ocr_line' id='line_1_17' title="bbox 433 1747 2001 1835; baseline -0.014 -15"><span class='ocrx_word' id='word_1_138' title='bbox 433 1769 547 1835; x_wconf 85' lang='lat' dir='ltr'><strong>ipse</strong></span> <span class='ocrx_word' id='word_1_139' title='bbox 570 1763 788 1819; x_wconf 87' lang='lat' dir='ltr'><strong>donavit</strong></span> <span class='ocrx_word' id='word_1_140' title='bbox 808 1760 947 1817; x_wconf 89' lang='lat' dir='ltr'><strong>unde</strong></span> <span class='ocrx_word' id='word_1_141' title='bbox 971 1759 1306 1827; x_wconf 77' lang='lat' dir='ltr'><strong>impleantur,</strong></span> <span class='ocrx_word' id='word_1_142' title='bbox 1325 1752 1431 1808; x_wconf 68' lang='lat' dir='ltr'><strong>et&#39;a</strong></span> <span class='ocrx_word' id='word_1_143' title='bbox 1451 1752 1599 1806; x_wconf 88' lang='lat' dir='ltr'><strong>vobis</strong></span> <span class='ocrx_word' id='word_1_144' title='bbox 1623 1747 2001 1815; x_wconf 80' lang='lat' dir='ltr'><strong>impleantur’.</strong></span> 
     </span>
    </p>
   </div>
   <div class='ocr_carea' id='block_1_18' title="bbox 434 1836 2001 1921">
    <p class='ocr_par' dir='ltr' id='par_1_18' title="bbox 434 1836 2001 1921">
     <span class='ocr_line' id='line_1_18' title="bbox 434 1836 2001 1921; baseline -0.013 -13"><span class='ocrx_word' id='word_1_145' title='bbox 434 1856 680 1918; x_wconf 79' lang='lat' dir='ltr'><strong>Veniant,</strong></span> <span class='ocrx_word' id='word_1_146' title='bbox 706 1853 895 1921; x_wconf 86' lang='lat' dir='ltr'><strong>inquit,</strong></span> <span class='ocrx_word' id='word_1_147' title='bbox 919 1848 1139 1903; x_wconf 84' lang='lat' dir='ltr'><strong>adorent</strong></span> <span class='ocrx_word' id='word_1_148' title='bbox 1161 1860 1281 1899; x_wconf 91' lang='lat' dir='ltr'><strong>eum</strong></span> <span class='ocrx_word' id='word_1_149' title='bbox 1304 1844 1355 1897; x_wconf 92' lang='lat' dir='ltr'><strong>in</strong></span> <span class='ocrx_word' id='word_1_150' title='bbox 1379 1840 1707 1895; x_wconf 83' lang='lat' dir='ltr'><strong>muneribus.</strong></span> <span class='ocrx_word' id='word_1_151' title='bbox 1739 1836 1872 1905; x_wconf 83' lang='lat' dir='ltr'><strong>Quid</strong></span> <span class='ocrx_word' id='word_1_152' title='bbox 1900 1843 2001 1898; x_wconf 89' lang='lat' dir='ltr'><strong>est,</strong></span> 
     </span>
    </p>
   </div>
   <div class='ocr_carea' id='block_1_19' title="bbox 430 1928 2003 2001">
    <p class='ocr_par' dir='ltr' id='par_1_19' title="bbox 430 1928 2003 2001">
     <span class='ocr_line' id='line_1_19' title="bbox 430 1928 2003 2001; baseline -0.016 0"><span class='ocrx_word' id='word_1_153' title='bbox 430 1947 483 2001; x_wconf 90' lang='lat' dir='ltr'><strong>in</strong></span> <span class='ocrx_word' id='word_1_154' title='bbox 513 1942 863 1998; x_wconf 79' lang='lat' dir='ltr'><strong>muneribus?</strong></span> <span class='ocrx_word' id='word_1_155' title='bbox 897 1939 1067 1993; x_wconf 87' lang='lat' dir='ltr'><strong>Nolite</strong></span> <span class='ocrx_word' id='word_1_156' title='bbox 1089 1935 1226 1990; x_wconf 93' lang='lat' dir='ltr'><strong>vobis</strong></span> <span class='ocrx_word' id='word_1_157' title='bbox 1251 1932 1463 1987; x_wconf 89' lang='lat' dir='ltr'><strong>condere</strong></span> <span class='ocrx_word' id='word_1_158' title='bbox 1483 1930 1739 1983; x_wconf 76' lang='lat' dir='ltr'><strong>thesauros</strong></span> <span class='ocrx_word' id='word_1_159' title='bbox 1768 1928 1821 1981; x_wconf 92' lang='lat' dir='ltr'><strong>in</strong></span> <span class='ocrx_word' id='word_1_160' title='bbox 1847 1936 2003 1991; x_wconf 87' lang='lat' dir='ltr'><strong>terra,</strong></span> 
     </span>
    </p>
   </div>
   <div class='ocr_carea' id='block_1_20' title="bbox 430 2018 2008 2099">
    <p class='ocr_par' dir='ltr' id='par_1_20' title="bbox 430 2018 2008 2099">
     <span class='ocr_line' id='line_1_20' title="bbox 430 2018 2008 2099; baseline -0.013 -10"><span class='ocrx_word' id='word_1_161' title='bbox 430 2037 513 2090; x_wconf 87' lang='lat' dir='ltr'><strong>ubi</strong></span> <span class='ocrx_word' id='word_1_162' title='bbox 541 2037 673 2088; x_wconf 85' lang='lat' dir='ltr'><strong>tinea</strong></span> <span class='ocrx_word' id='word_1_163' title='bbox 697 2042 742 2087; x_wconf 85' lang='lat' dir='ltr'><strong>et</strong></span> <span class='ocrx_word' id='word_1_164' title='bbox 764 2033 937 2099; x_wconf 84' lang='lat' dir='ltr'><strong>rubigo</strong></span> <span class='ocrx_word' id='word_1_165' title='bbox 979 2027 1309 2089; x_wconf 74' lang='lat' dir='ltr'><strong>exterminat,</strong></span> <span class='ocrx_word' id='word_1_166' title='bbox 1336 2032 1383 2077; x_wconf 89' lang='lat' dir='ltr'><strong>et</strong></span> <span class='ocrx_word' id='word_1_167' title='bbox 1406 2021 1489 2075; x_wconf 89' lang='lat' dir='ltr'><strong>ubi</strong></span> <span class='ocrx_word' id='word_1_168' title='bbox 1519 2021 1653 2090; x_wconf 83' lang='lat' dir='ltr'><strong>fures</strong></span> <span class='ocrx_word' id='word_1_169' title='bbox 1692 2018 1936 2085; x_wconf 74' lang='lat' dir='ltr'><strong>effodiunt</strong></span> <span class='ocrx_word' id='word_1_170' title='bbox 1961 2024 2008 2069; x_wconf 90' lang='lat' dir='ltr'><strong>et</strong></span> 
     </span>
    </p>
   </div>
   <div class='ocr_carea' id='block_1_21' title="bbox 433 2106 2007 2196">
    <p class='ocr_par' dir='ltr' id='par_1_21' title="bbox 433 2106 2007 2196">
     <span class='ocr_line' id='line_1_21' title="bbox 433 2106 2007 2196; baseline -0.013 -15"><span class='ocrx_word' id='word_1_171' title='bbox 433 2130 669 2196; x_wconf 88' lang='lat' dir='ltr'><strong>furantur</strong></span> <span class='ocrx_word' id='word_1_172' title='bbox 692 2141 709 2178; x_wconf 91' lang='lat'><em>:</em></span> <span class='ocrx_word' id='word_1_173' title='bbox 738 2123 825 2177; x_wconf 82' lang='lat' dir='ltr'><strong>sed</strong></span> <span class='ocrx_word' id='word_1_174' title='bbox 851 2118 1183 2173; x_wconf 77' lang='lat' dir='ltr'><strong>tltesaurizate</strong></span> <span class='ocrx_word' id='word_1_175' title='bbox 1213 2115 1345 2168; x_wconf 89' lang='lat' dir='ltr'><strong>vobis</strong></span> <span class='ocrx_word' id='word_1_176' title='bbox 1373 2113 1631 2169; x_wconf 82' lang='lat' dir='ltr'><strong>thesauros</strong></span> <span class='ocrx_word' id='word_1_177' title='bbox 1655 2110 1706 2164; x_wconf 90' lang='lat' dir='ltr'><strong>in</strong></span> <span class='ocrx_word' id='word_1_178' title='bbox 1735 2110 1857 2163; x_wconf 70' lang='lat' dir='ltr'><strong>caelo</strong></span> <span class='ocrx_word' id='word_1_179' title='bbox 1878 2149 1891 2172; x_wconf 93' lang='lat'><strong>,</strong></span> <span class='ocrx_word' id='word_1_180' title='bbox 1926 2106 2007 2161; x_wconf 89' lang='lat' dir='ltr'><strong>ubi</strong></span> 
     </span>
    </p>
   </div>
   <div class='ocr_carea' id='block_1_22' title="bbox 432 2200 2009 2286">
    <p class='ocr_par' dir='ltr' id='par_1_22' title="bbox 432 2200 2009 2286">
     <span class='ocr_line' id='line_1_22' title="bbox 432 2200 2009 2286; baseline -0.014 -14"><span class='ocrx_word' id='word_1_181' title='bbox 432 2233 588 2286; x_wconf 88' lang='lat' dir='ltr'><strong>neque</strong></span> <span class='ocrx_word' id='word_1_182' title='bbox 616 2218 701 2286; x_wconf 86' lang='lat' dir='ltr'><strong>fur</strong></span> <span class='ocrx_word' id='word_1_183' title='bbox 742 2228 898 2283; x_wconf 88' lang='lat' dir='ltr'><strong>neque</strong></span> <span class='ocrx_word' id='word_1_184' title='bbox 922 2210 1054 2263; x_wconf 86' lang='lat' dir='ltr'><strong>tinea</strong></span> <span class='ocrx_word' id='word_1_185' title='bbox 1089 2204 1381 2274; x_wconf 77' lang='lat' dir='ltr'><strong>corrumpit.</strong></span> <span class='ocrx_word' id='word_1_186' title='bbox 1429 2201 1523 2257; x_wconf 90' lang='lat' dir='ltr'><strong>Ubi</strong></span> <span class='ocrx_word' id='word_1_187' title='bbox 1544 2201 1680 2256; x_wconf 86' lang='lat' dir='ltr'><strong>enim</strong></span> <span class='ocrx_word' id='word_1_188' title='bbox 1713 2200 1861 2267; x_wconf 79' lang='lat' dir='ltr'><strong>fuerit</strong></span> <span class='ocrx_word' id='word_1_189' title='bbox 1901 2200 2009 2251; x_wconf 86' lang='lat' dir='ltr'><strong>tlte-</strong></span> 
     </span>
    </p>
   </div>
   <div class='ocr_carea' id='block_1_23' title="bbox 430 2290 2006 2369">
    <p class='ocr_par' dir='ltr' id='par_1_23' title="bbox 430 2290 2006 2369">
     <span class='ocr_line' id='line_1_23' title="bbox 430 2290 2006 2369; baseline -0.011 -7"><span class='ocrx_word' id='word_1_190' title='bbox 430 2324 610 2361; x_wconf 77' lang='lat' dir='ltr'><strong>saurus</strong></span> <span class='ocrx_word' id='word_1_191' title='bbox 637 2317 748 2359; x_wconf 89' lang='lat' dir='ltr'><strong>tuus</strong></span> <span class='ocrx_word' id='word_1_192' title='bbox 770 2344 786 2369; x_wconf 90' lang='lat'><strong>,</strong></span> <span class='ocrx_word' id='word_1_193' title='bbox 814 2303 919 2357; x_wconf 89' lang='lat' dir='ltr'><strong>illic</strong></span> <span class='ocrx_word' id='word_1_194' title='bbox 947 2302 1038 2353; x_wconf 75' lang='lat' dir='ltr'><strong>erit</strong></span> <span class='ocrx_word' id='word_1_195' title='bbox 1074 2309 1121 2353; x_wconf 89' lang='lat' dir='ltr'><strong>et</strong></span> <span class='ocrx_word' id='word_1_196' title='bbox 1141 2315 1226 2352; x_wconf 87' lang='lat' dir='ltr'><strong>cor</strong></span> <span class='ocrx_word' id='word_1_197' title='bbox 1249 2306 1389 2350; x_wconf 88' lang='lat' dir='ltr'><strong>tuum</strong></span> <span class='ocrx_word' id='word_1_198' title='bbox 1419 2293 1534 2362; x_wconf 90' lang='lat' dir='ltr'><strong>(Id.</strong></span> <span class='ocrx_word' id='word_1_199' title='bbox 1562 2310 1633 2356; x_wconf 77' lang='lat' dir='ltr'><strong>Vl,</strong></span> <span class='ocrx_word' id='word_1_200' title='bbox 1662 2291 1871 2361; x_wconf 68' lang='lat'><strong>19-21).</strong></span> <span class='ocrx_word' id='word_1_201' title='bbox 1904 2290 2006 2346; x_wconf 80' lang='lat' dir='ltr'><strong>Vc-</strong></span> 
     </span>
    </p>
   </div>
   <div class='ocr_carea' id='block_1_24' title="bbox 432 2380 2010 2461">
    <p class='ocr_par' dir='ltr' id='par_1_24' title="bbox 432 2380 2010 2461">
     <span class='ocr_line' id='line_1_24' title="bbox 432 2380 2010 2461; baseline -0.012 -7"><span class='ocrx_word' id='word_1_202' title='bbox 432 2404 540 2454; x_wconf 81' lang='lat' dir='ltr'><strong>uite</strong></span> <span class='ocrx_word' id='word_1_203' title='bbox 578 2414 697 2453; x_wconf 80' lang='lat' dir='ltr'><strong>eum</strong></span> <span class='ocrx_word' id='word_1_204' title='bbox 745 2394 1053 2450; x_wconf 88' lang='lat' dir='ltr'><strong>muneribus</strong></span> <span class='ocrx_word' id='word_1_205' title='bbox 1098 2410 1110 2445; x_wconf 88' lang='lat'><strong>:</strong></span> <span class='ocrx_word' id='word_1_206' title='bbox 1156 2390 1287 2461; x_wconf 71' lang='lat' dir='ltr'><strong>Date</strong></span> <span class='ocrx_word' id='word_1_207' title='bbox 1327 2380 1703 2456; x_wconf 72' lang='lat' dir='ltr'><strong>rleemosynas,</strong></span> <span class='ocrx_word' id='word_1_208' title='bbox 1754 2394 1800 2437; x_wconf 89' lang='lat' dir='ltr'><strong>et</strong></span> <span class='ocrx_word' id='word_1_209' title='bbox 1840 2383 2010 2436; x_wconf 85' lang='lat' dir='ltr'><strong>omnia</strong></span> 
     </span>
    </p>
   </div>
   <div class='ocr_carea' id='block_1_25' title="bbox 432 2464 2011 2553">
    <p class='ocr_par' dir='ltr' id='par_1_25' title="bbox 432 2464 2011 2553">
     <span class='ocr_line' id='line_1_25' title="bbox 432 2464 2011 2553; baseline -0.012 -9"><span class='ocrx_word' id='word_1_210' title='bbox 432 2492 618 2544; x_wconf 86' lang='lat' dir='ltr'><strong>munda</strong></span> <span class='ocrx_word' id='word_1_211' title='bbox 646 2499 759 2542; x_wconf 86' lang='lat' dir='ltr'><strong>sunt</strong></span> <span class='ocrx_word' id='word_1_212' title='bbox 790 2487 925 2541; x_wconf 85' lang='lat' dir='ltr'><strong>vobis</strong></span> <span class='ocrx_word' id='word_1_213' title='bbox 955 2485 1104 2553; x_wconf 86' lang='lat' dir='ltr'><strong>(Luc.</strong></span> <span class='ocrx_word' id='word_1_214' title='bbox 1134 2498 1184 2535; x_wconf 72' lang='lat' dir='ltr'><strong>tu</strong></span> <span class='ocrx_word' id='word_1_215' title='bbox 1211 2523 1225 2544; x_wconf 90' lang='lat'><strong>,</strong></span> <span class='ocrx_word' id='word_1_216' title='bbox 1258 2464 1373 2549; x_wconf 67' lang='lat' dir='ltr'><strong>bl).</strong></span> <span class='ocrx_word' id='word_1_217' title='bbox 1398 2477 1585 2533; x_wconf 70' lang='lat' dir='ltr'><strong>Venite</strong></span> <span class='ocrx_word' id='word_1_218' title='bbox 1619 2490 1741 2531; x_wconf 88' lang='lat' dir='ltr'><strong>eum</strong></span> <span class='ocrx_word' id='word_1_219' title='bbox 1773 2473 2011 2528; x_wconf 90' lang='lat' dir='ltr'><strong>muneri-</strong></span> 
     </span>
    </p>
   </div>
   <div class='ocr_carea' id='block_1_26' title="bbox 433 2560 2007 2648">
    <p class='ocr_par' dir='ltr' id='par_1_26' title="bbox 433 2560 2007 2648">
     <span class='ocr_line' id='line_1_26' title="bbox 433 2560 2007 2648; baseline -0.013 -12"><span class='ocrx_word' id='word_1_220' title='bbox 433 2586 529 2637; x_wconf 86' lang='lat' dir='ltr'><strong>bus</strong></span> <span class='ocrx_word' id='word_1_221' title='bbox 557 2583 622 2636; x_wconf 91' lang='lat' dir='ltr'><strong>ad</strong></span> <span class='ocrx_word' id='word_1_222' title='bbox 650 2596 770 2635; x_wconf 90' lang='lat' dir='ltr'><strong>eum</strong></span> <span class='ocrx_word' id='word_1_223' title='bbox 798 2578 885 2648; x_wconf 85' lang='lat' dir='ltr'><strong>qui</strong></span> <span class='ocrx_word' id='word_1_224' title='bbox 908 2576 1034 2630; x_wconf 83' lang='lat' dir='ltr'><strong>dicit</strong></span> <span class='ocrx_word' id='word_1_225' title='bbox 1058 2592 1070 2631; x_wconf 88' lang='lat'><strong>:</strong></span> <span class='ocrx_word' id='word_1_226' title='bbox 1105 2570 1507 2627; x_wconf 85' lang='lat' dir='ltr'><strong>Misericordiam</strong></span> <span class='ocrx_word' id='word_1_227' title='bbox 1534 2566 1645 2621; x_wconf 86' lang='lat' dir='ltr'><strong>volo</strong></span> <span class='ocrx_word' id='word_1_228' title='bbox 1666 2560 1827 2635; x_wconf 81' lang='lat' dir='ltr'><strong>magis</strong></span> <span class='ocrx_word' id='word_1_229' title='bbox 1856 2581 2007 2633; x_wconf 87' lang='lat' dir='ltr'><strong>quam</strong></span> 
     </span>
    </p>
   </div>
   <div class='ocr_carea' id='block_1_27' title="bbox 429 2656 2009 2743">
    <p class='ocr_par' dir='ltr' id='par_1_27' title="bbox 429 2656 2009 2743">
     <span class='ocr_line' id='line_1_27' title="bbox 429 2656 2009 2743; baseline -0.013 -13"><span class='ocrx_word' id='word_1_230' title='bbox 429 2674 732 2743; x_wconf 84' lang='lat' dir='ltr'><strong>sarrificium</strong></span> <span class='ocrx_word' id='word_1_231' title='bbox 778 2668 929 2736; x_wconf 75' lang='lat' dir='ltr'><strong>(Osee</strong></span> <span class='ocrx_word' id='word_1_232' title='bbox 994 2682 1042 2720; x_wconf 87' lang='lat' dir='ltr'><strong>vt</strong></span> <span class='ocrx_word' id='word_1_233' title='bbox 1062 2709 1076 2732; x_wconf 91' lang='lat'><strong>,</strong></span> <span class='ocrx_word' id='word_1_234' title='bbox 1107 2665 1141 2720; x_wconf 89' lang='grc'>6</span> <span class='ocrx_word' id='word_1_235' title='bbox 1165 2706 1179 2731; x_wconf 86' lang='grc'><em>,</em></span> <span class='ocrx_word' id='word_1_236' title='bbox 1208 2671 1253 2716; x_wconf 85' lang='lat' dir='ltr'><strong>et</strong></span> <span class='ocrx_word' id='word_1_237' title='bbox 1284 2660 1465 2715; x_wconf 77' lang='lat' dir='ltr'><strong>Matth.</strong></span> <span class='ocrx_word' id='word_1_238' title='bbox 1491 2674 1539 2713; x_wconf 72' lang='lat' dir='ltr'><strong>Ix</strong></span> <span class='ocrx_word' id='word_1_239' title='bbox 1562 2700 1577 2725; x_wconf 87' lang='lat'><strong>,</strong></span> <span class='ocrx_word' id='word_1_240' title='bbox 1606 2657 1717 2728; x_wconf 78' lang='grc'><strong>15).</strong></span> <span class='ocrx_word' id='word_1_241' title='bbox 1763 2657 1843 2711; x_wconf 87' lang='lat' dir='ltr'><strong>Ad</strong></span> <span class='ocrx_word' id='word_1_242' title='bbox 1884 2656 2009 2711; x_wconf 89' lang='lat' dir='ltr'><strong>illud</strong></span> 
     </span>
    </p>
   </div>
   <div class='ocr_carea' id='block_1_28' title="bbox 434 2746 2010 2836">
    <p class='ocr_par' dir='ltr' id='par_1_28' title="bbox 434 2746 2010 2836">
     <span class='ocr_line' id='line_1_28' title="bbox 434 2746 2010 2836; baseline -0.013 -14"><span class='ocrx_word' id='word_1_243' title='bbox 434 2768 687 2836; x_wconf 77' lang='lat' dir='ltr'><strong>templum</strong></span> <span class='ocrx_word' id='word_1_244' title='bbox 736 2762 876 2834; x_wconf 81' lang='lat' dir='ltr'><strong>quod</strong></span> <span class='ocrx_word' id='word_1_245' title='bbox 907 2768 1024 2821; x_wconf 81' lang='lat' dir='ltr'><strong>erat</strong></span> <span class='ocrx_word' id='word_1_246' title='bbox 1066 2766 1190 2813; x_wconf 88' lang='lat' dir='ltr'><strong>ante</strong></span> <span class='ocrx_word' id='word_1_247' title='bbox 1229 2753 1415 2809; x_wconf 89' lang='lat' dir='ltr'><strong>umbra</strong></span> <span class='ocrx_word' id='word_1_248' title='bbox 1465 2751 1628 2805; x_wconf 82' lang='lat' dir='ltr'><strong>futuri</strong></span> <span class='ocrx_word' id='word_1_249' title='bbox 1653 2791 1668 2816; x_wconf 94' lang='lat'><strong>,</strong></span> <span class='ocrx_word' id='word_1_250' title='bbox 1701 2746 2010 2804; x_wconf 85' lang='lat' dir='ltr'><strong>veniebatur</strong></span> 
     </span>
    </p>
   </div>
   <div class='ocr_carea' id='block_1_29' title="bbox 431 2839 2009 2912">
    <p class='ocr_par' dir='ltr' id='par_1_29' title="bbox 431 2839 2009 2912">
     <span class='ocr_line' id='line_1_29' title="bbox 431 2839 2009 2912; baseline -0.011 0"><span class='ocrx_word' id='word_1_251' title='bbox 431 2877 550 2912; x_wconf 88' lang='lat' dir='ltr'><strong>emn</strong></span> <span class='ocrx_word' id='word_1_252' title='bbox 606 2855 766 2911; x_wconf 79' lang='lat' dir='ltr'><strong>tauris</strong></span> <span class='ocrx_word' id='word_1_253' title='bbox 797 2863 850 2907; x_wconf 88' lang='lat' dir='ltr'><strong>et</strong></span> <span class='ocrx_word' id='word_1_254' title='bbox 889 2850 1181 2912; x_wconf 82' lang='lat' dir='ltr'><strong>arietibus,</strong></span> <span class='ocrx_word' id='word_1_255' title='bbox 1210 2841 1333 2902; x_wconf 86' lang='lat' dir='ltr'><strong>cum</strong></span> <span class='ocrx_word' id='word_1_256' title='bbox 1376 2843 1539 2898; x_wconf 85' lang='lat' dir='ltr'><strong>hircis</strong></span> <span class='ocrx_word' id='word_1_257' title='bbox 1563 2882 1577 2905; x_wconf 90' lang='lat'><strong>,</strong></span> <span class='ocrx_word' id='word_1_258' title='bbox 1610 2856 1731 2896; x_wconf 90' lang='lat' dir='ltr'><strong>cum</strong></span> <span class='ocrx_word' id='word_1_259' title='bbox 1781 2839 2009 2895; x_wconf 82' lang='lat' dir='ltr'><strong>diversis</strong></span> 
     </span>
    </p>
   </div>
   <div class='ocr_carea' id='block_1_30' title="bbox 414 2930 2007 3017">
    <p class='ocr_par' dir='ltr' id='par_1_30' title="bbox 414 2930 2007 3017">
     <span class='ocr_line' id='line_1_30' title="bbox 414 2930 2007 3017; baseline -0.011 -15"><span class='ocrx_word' id='word_1_260' title='bbox 414 2950 724 3017; x_wconf 73' lang='lat' dir='ltr'><strong>quibusque</strong></span> <span class='ocrx_word' id='word_1_261' title='bbox 753 2940 1072 2996; x_wconf 82' lang='lat' dir='ltr'><strong>animalibus</strong></span> <span class='ocrx_word' id='word_1_262' title='bbox 1097 2937 1234 3005; x_wconf 82' lang='lat' dir='ltr'><strong>aptis</strong></span> <span class='ocrx_word' id='word_1_263' title='bbox 1264 2935 1328 2990; x_wconf 84' lang='lat' dir='ltr'><strong>ad</strong></span> <span class='ocrx_word' id='word_1_264' title='bbox 1356 2933 1674 2988; x_wconf 90' lang='lat' dir='ltr'><strong>sacriticium</strong></span> <span class='ocrx_word' id='word_1_265' title='bbox 1702 2972 1717 2997; x_wconf 89' lang='lat'><strong>,</strong></span> <span class='ocrx_word' id='word_1_266' title='bbox 1743 2939 1799 2983; x_wconf 85' lang='lat' dir='ltr'><strong>ut</strong></span> <span class='ocrx_word' id='word_1_267' title='bbox 1824 2931 1876 2984; x_wconf 90' lang='lat' dir='ltr'><strong>in</strong></span> <span class='ocrx_word' id='word_1_268' title='bbox 1909 2930 2007 2984; x_wconf 90' lang='lat' dir='ltr'><strong>illo</strong></span> 
     </span>
    </p>
   </div>
   <div class='ocr_carea' id='block_1_31' title="bbox 431 3020 2007 3107">
    <p class='ocr_par' dir='ltr' id='par_1_31' title="bbox 431 3020 2007 3107">
     <span class='ocr_line' id='line_1_31' title="bbox 431 3020 2007 3107; baseline -0.011 -15"><span class='ocrx_word' id='word_1_269' title='bbox 431 3039 685 3107; x_wconf 73' lang='lat' dir='ltr'><strong>sanguine</strong></span> <span class='ocrx_word' id='word_1_270' title='bbox 706 3034 846 3087; x_wconf 84' lang='lat' dir='ltr'><strong>aliud</strong></span> <span class='ocrx_word' id='word_1_271' title='bbox 878 3034 1057 3090; x_wconf 87' lang='lat' dir='ltr'><strong>lieret,</strong></span> <span class='ocrx_word' id='word_1_272' title='bbox 1084 3027 1223 3094; x_wconf 80' lang='lat' dir='ltr'><strong>aliud</strong></span> <span class='ocrx_word' id='word_1_273' title='bbox 1253 3025 1662 3095; x_wconf 78' lang='lat' dir='ltr'><strong>signiﬁcaretur.</strong></span> <span class='ocrx_word' id='word_1_274' title='bbox 1706 3021 1860 3076; x_wconf 83' lang='lat' dir='ltr'><strong>Modo</strong></span> <span class='ocrx_word' id='word_1_275' title='bbox 1896 3020 2007 3090; x_wconf 82' lang='lat' dir='ltr'><strong>jam</strong></span> 
     </span>
    </p>
   </div>
   <div class='ocr_carea' id='block_1_32' title="bbox 432 3112 2006 3200">
    <p class='ocr_par' dir='ltr' id='par_1_32' title="bbox 432 3112 2006 3200">
     <span class='ocr_line' id='line_1_32' title="bbox 432 3112 2006 3200; baseline -0.013 -15"><span class='ocrx_word' id='word_1_276' title='bbox 432 3132 546 3200; x_wconf 88' lang='lat' dir='ltr'><strong>ipse</strong></span> <span class='ocrx_word' id='word_1_277' title='bbox 570 3125 782 3195; x_wconf 77' lang='lat' dir='ltr'><strong>sanguis</strong></span> <span class='ocrx_word' id='word_1_278' title='bbox 804 3163 818 3183; x_wconf 86' lang='lat'><strong>,</strong></span> <span class='ocrx_word' id='word_1_279' title='bbox 847 3135 1002 3191; x_wconf 86' lang='lat' dir='ltr'><strong>quem</strong></span> <span class='ocrx_word' id='word_1_280' title='bbox 1032 3117 1324 3187; x_wconf 78' lang='lat' dir='ltr'><strong>ﬁgurabant</strong></span> <span class='ocrx_word' id='word_1_281' title='bbox 1353 3115 1439 3168; x_wconf 90' lang='lat' dir='ltr'><strong>illa</strong></span> <span class='ocrx_word' id='word_1_282' title='bbox 1467 3113 1665 3178; x_wconf 85' lang='lat' dir='ltr'><strong>omnia,</strong></span> <span class='ocrx_word' id='word_1_283' title='bbox 1696 3112 1845 3166; x_wconf 80' lang='lat' dir='ltr'><strong>venit</strong></span> <span class='ocrx_word' id='word_1_284' title='bbox 1871 3129 1885 3166; x_wconf 89' lang='lat'><strong>:</strong></span> <span class='ocrx_word' id='word_1_285' title='bbox 1913 3127 2006 3165; x_wconf 87' lang='lat' dir='ltr'><strong>ve-</strong></span> 
     </span>
    </p>
   </div>
   <div class='ocr_carea' id='block_1_33' title="bbox 433 3203 2009 3284">
    <p class='ocr_par' dir='ltr' id='par_1_33' title="bbox 433 3203 2009 3284">
     <span class='ocr_line' id='line_1_33' title="bbox 433 3203 2009 3284; baseline -0.013 -8"><span class='ocrx_word' id='word_1_286' title='bbox 433 3225 509 3277; x_wconf 87' lang='lat' dir='ltr'><strong>nit</strong></span> <span class='ocrx_word' id='word_1_287' title='bbox 556 3221 665 3273; x_wconf 75' lang='lat' dir='ltr'><strong>lles</strong></span> <span class='ocrx_word' id='word_1_288' title='bbox 715 3218 865 3284; x_wconf 87' lang='lat' dir='ltr'><strong>ipse,</strong></span> <span class='ocrx_word' id='word_1_289' title='bbox 912 3221 965 3267; x_wconf 89' lang='lat' dir='ltr'><strong>et</strong></span> <span class='ocrx_word' id='word_1_290' title='bbox 1006 3212 1117 3280; x_wconf 89' lang='lat' dir='ltr'><strong>ipse</strong></span> <span class='ocrx_word' id='word_1_291' title='bbox 1156 3204 1391 3262; x_wconf 82' lang='lat' dir='ltr'><strong>munera</strong></span> <span class='ocrx_word' id='word_1_292' title='bbox 1419 3205 1553 3258; x_wconf 76' lang='lat' dir='ltr'><strong>mit.</strong></span> <span class='ocrx_word' id='word_1_293' title='bbox 1580 3206 1707 3272; x_wconf 76' lang='lat' dir='ltr'><strong>Qum</strong></span> <span class='ocrx_word' id='word_1_294' title='bbox 1750 3203 2009 3281; x_wconf 79' lang='lat' dir='ltr'><strong>munera?</strong></span> 
     </span>
    </p>
   </div>
   <div class='ocr_carea' id='block_1_34' title="bbox 433 3286 2010 3381">
    <p class='ocr_par' dir='ltr' id='par_1_34' title="bbox 433 3286 2010 3381">
     <span class='ocr_line' id='line_1_34' title="bbox 433 3286 2010 3381; baseline -0.014 -12"><span class='ocrx_word' id='word_1_295' title='bbox 433 3316 833 3381; x_wconf 78' lang='lat' dir='ltr'><strong>Eleemosynas.</strong></span> <span class='ocrx_word' id='word_1_296' title='bbox 864 3305 980 3373; x_wconf 89' lang='lat' dir='ltr'><strong>Ipse</strong></span> <span class='ocrx_word' id='word_1_297' title='bbox 1006 3310 1086 3357; x_wconf 89' lang='lat' dir='ltr'><strong>est</strong></span> <span class='ocrx_word' id='word_1_298' title='bbox 1107 3300 1248 3354; x_wconf 89' lang='lat' dir='ltr'><strong>enim</strong></span> <span class='ocrx_word' id='word_1_299' title='bbox 1279 3294 1638 3367; x_wconf 73' lang='lat' dir='ltr'><strong>iudicaturus,</strong></span> <span class='ocrx_word' id='word_1_300' title='bbox 1668 3293 1725 3349; x_wconf 76' lang='lat' dir='ltr'><strong>et</strong></span> <span class='ocrx_word' id='word_1_301' title='bbox 1750 3296 1861 3364; x_wconf 81' lang='lat' dir='ltr'><strong>ipse</strong></span> <span class='ocrx_word' id='word_1_302' title='bbox 1892 3286 2010 3348; x_wconf 88' lang='lat' dir='ltr'><strong>mu-</strong></span> 
     </span>
    </p>
   </div>
   <div class='ocr_carea' id='block_1_35' title="bbox 432 3383 2011 3471">
    <p class='ocr_par' dir='ltr' id='par_1_35' title="bbox 432 3383 2011 3471">
     <span class='ocr_line' id='line_1_35' title="bbox 432 3383 2011 3471; baseline -0.016 -9"><span class='ocrx_word' id='word_1_303' title='bbox 432 3422 559 3462; x_wconf 89' lang='lat' dir='ltr'><strong>nera</strong></span> <span class='ocrx_word' id='word_1_304' title='bbox 587 3399 865 3471; x_wconf 74' lang='lat' dir='ltr'><strong>impntabit</strong></span> <span class='ocrx_word' id='word_1_305' title='bbox 903 3392 1217 3467; x_wconf 76' lang='lat' dir='ltr'><strong>quibusdam</strong></span> <span class='ocrx_word' id='word_1_306' title='bbox 1243 3388 1287 3443; x_wconf 87' lang='grc'><strong>⁸.</strong></span> <span class='ocrx_word' id='word_1_307' title='bbox 1324 3387 1522 3450; x_wconf 84' lang='lat' dir='ltr'><strong>Venite,</strong></span> <span class='ocrx_word' id='word_1_308' title='bbox 1549 3386 1745 3456; x_wconf 87' lang='lat' dir='ltr'><strong>inquit,</strong></span> <span class='ocrx_word' id='word_1_309' title='bbox 1769 3383 2011 3441; x_wconf 84' lang='lat' dir='ltr'><strong>benedicti</strong></span> 
     </span>
    </p>
   </div>
   <div class='ocr_carea' id='block_1_36' title="bbox 432 3478 2009 3563">
    <p class='ocr_par' dir='ltr' id='par_1_36' title="bbox 432 3478 2009 3563">
     <span class='ocr_line' id='line_1_36' title="bbox 432 3478 2009 3563; baseline -0.016 -7"><span class='ocrx_word' id='word_1_310' title='bbox 432 3501 605 3556; x_wconf 86' lang='lat' dir='ltr'><strong>Patris</strong></span> <span class='ocrx_word' id='word_1_311' title='bbox 628 3496 741 3558; x_wconf 89' lang='lat' dir='ltr'><strong>mei,</strong></span> <span class='ocrx_word' id='word_1_312' title='bbox 771 3491 1015 3563; x_wconf 82' lang='lat' dir='ltr'><strong>percipite</strong></span> <span class='ocrx_word' id='word_1_313' title='bbox 1034 3501 1241 3558; x_wconf 72' lang='lat' dir='ltr'><strong>regnum</strong></span> <span class='ocrx_word' id='word_1_314' title='bbox 1269 3482 1403 3554; x_wconf 87' lang='lat' dir='ltr'><strong>quod</strong></span> <span class='ocrx_word' id='word_1_315' title='bbox 1432 3480 1569 3534; x_wconf 89' lang='lat' dir='ltr'><strong>vobis</strong></span> <span class='ocrx_word' id='word_1_316' title='bbox 1596 3488 1830 3550; x_wconf 82' lang='lat' dir='ltr'><strong>paratum</strong></span> <span class='ocrx_word' id='word_1_317' title='bbox 1852 3486 1922 3531; x_wconf 88' lang='lat' dir='ltr'><strong>est</strong></span> <span class='ocrx_word' id='word_1_318' title='bbox 1946 3478 2009 3531; x_wconf 91' lang='lat' dir='ltr'><strong>ab</strong></span> 
     </span>
    </p>
   </div>
   <div class='ocr_carea' id='block_1_37' title="bbox 430 3570 2011 3653">
    <p class='ocr_par' dir='ltr' id='par_1_37' title="bbox 430 3570 2011 3653">
     <span class='ocr_line' id='line_1_37' title="bbox 430 3570 2011 3653; baseline -0.018 -5"><span class='ocrx_word' id='word_1_319' title='bbox 430 3594 572 3648; x_wconf 89' lang='lat' dir='ltr'><strong>initio</strong></span> <span class='ocrx_word' id='word_1_320' title='bbox 602 3587 797 3644; x_wconf 89' lang='lat' dir='ltr'><strong>mundi.</strong></span> <span class='ocrx_word' id='word_1_321' title='bbox 829 3582 1045 3653; x_wconf 81' lang='lat' dir='ltr'><strong>Quare?</strong></span> <span class='ocrx_word' id='word_1_322' title='bbox 1077 3577 1297 3638; x_wconf 80' lang='lat' dir='ltr'><strong>Esttrivi,</strong></span> <span class='ocrx_word' id='word_1_323' title='bbox 1322 3584 1369 3629; x_wconf 89' lang='lat' dir='ltr'><strong>ct</strong></span> <span class='ocrx_word' id='word_1_324' title='bbox 1397 3574 1605 3627; x_wconf 83' lang='lat' dir='ltr'><strong>dedistis</strong></span> <span class='ocrx_word' id='word_1_325' title='bbox 1642 3571 1764 3624; x_wconf 85' lang='lat' dir='ltr'><strong>mihi</strong></span> <span class='ocrx_word' id='word_1_326' title='bbox 1795 3570 2011 3648; x_wconf 76' lang='lat' dir='ltr'><strong>mandu-</strong></span> 
     </span>
    </p>
   </div>
   <div class='ocr_carea' id='block_1_38' title="bbox 430 3660 2063 3749">
    <p class='ocr_par' dir='ltr' id='par_1_38' title="bbox 430 3660 2063 3749">
     <span class='ocr_line' id='line_1_38' title="bbox 430 3660 2063 3749; baseline -0.017 -8"><span class='ocrx_word' id='word_1_327' title='bbox 430 3701 582 3749; x_wconf 85' lang='lat' dir='ltr'><strong>care;</strong></span> <span class='ocrx_word' id='word_1_328' title='bbox 603 3681 733 3736; x_wconf 86' lang='lat' dir='ltr'><strong>sitivi</strong></span> <span class='ocrx_word' id='word_1_329' title='bbox 753 3721 767 3746; x_wconf 94' lang='lat'><strong>,</strong></span> <span class='ocrx_word' id='word_1_330' title='bbox 790 3687 835 3733; x_wconf 88' lang='lat' dir='ltr'><strong>et</strong></span> <span class='ocrx_word' id='word_1_331' title='bbox 861 3673 1067 3729; x_wconf 81' lang='lat' dir='ltr'><strong>dedistis</strong></span> <span class='ocrx_word' id='word_1_332' title='bbox 1095 3669 1217 3723; x_wconf 88' lang='lat' dir='ltr'><strong>mihi</strong></span> <span class='ocrx_word' id='word_1_333' title='bbox 1246 3669 1442 3731; x_wconf 81' lang='lat' dir='ltr'><strong>bibere;</strong></span> <span class='ocrx_word' id='word_1_334' title='bbox 1473 3664 1638 3728; x_wconf 83' lang='lat' dir='ltr'><strong>nudus</strong></span> <span class='ocrx_word' id='word_1_335' title='bbox 1667 3663 1763 3731; x_wconf 78' lang='lat' dir='ltr'><strong>fui,</strong></span> <span class='ocrx_word' id='word_1_336' title='bbox 1795 3671 1841 3714; x_wconf 89' lang='lat' dir='ltr'><strong>et</strong></span> <span class='ocrx_word' id='word_1_337' title='bbox 1862 3663 2012 3715; x_wconf 83' lang='lat' dir='ltr'><strong>vesti-</strong></span> <span class='ocrx_word' id='word_1_338' title='bbox 2058 3660 2063 3665; x_wconf 80' lang='grc'><em>’</em></span> 
     </span>
    </p>
   </div>
   <div class='ocr_carea' id='block_1_39' title="bbox 431 3752 2011 3839">
    <p class='ocr_par' dir='ltr' id='par_1_39' title="bbox 431 3752 2011 3839">
     <span class='ocr_line' id='line_1_39' title="bbox 431 3752 2011 3839; baseline -0.016 -8"><span class='ocrx_word' id='word_1_339' title='bbox 431 3779 521 3831; x_wconf 89' lang='lat' dir='ltr'><strong>stis</strong></span> <span class='ocrx_word' id='word_1_340' title='bbox 541 3791 653 3839; x_wconf 89' lang='lat' dir='ltr'><strong>me;</strong></span> <span class='ocrx_word' id='word_1_341' title='bbox 692 3773 871 3837; x_wconf 81' lang='lat' dir='ltr'><strong>hospes</strong></span> <span class='ocrx_word' id='word_1_342' title='bbox 895 3808 910 3832; x_wconf 92' lang='lat'><strong>,</strong></span> <span class='ocrx_word' id='word_1_343' title='bbox 934 3775 978 3819; x_wconf 90' lang='lat' dir='ltr'><strong>et</strong></span> <span class='ocrx_word' id='word_1_344' title='bbox 1006 3752 1292 3816; x_wconf 70' lang='lat' dir='ltr'><strong>adduxislis</strong></span> <span class='ocrx_word' id='word_1_345' title='bbox 1321 3772 1434 3821; x_wconf 90' lang='lat' dir='ltr'><strong>me;</strong></span> <span class='ocrx_word' id='word_1_346' title='bbox 1460 3754 1691 3823; x_wconf 82' lang='lat' dir='ltr'><strong>infirmus</strong></span> <span class='ocrx_word' id='word_1_347' title='bbox 1738 3763 1784 3808; x_wconf 89' lang='lat' dir='ltr'><strong>et</strong></span> <span class='ocrx_word' id='word_1_348' title='bbox 1817 3754 1869 3807; x_wconf 88' lang='lat' dir='ltr'><strong>in</strong></span> <span class='ocrx_word' id='word_1_349' title='bbox 1898 3770 2011 3806; x_wconf 88' lang='lat' dir='ltr'><strong>car-</strong></span> 
     </span>
    </p>
   </div>
   <div class='ocr_carea' id='block_1_40' title="bbox 434 3843 2011 3931">
    <p class='ocr_par' dir='ltr' id='par_1_40' title="bbox 434 3843 2011 3931">
     <span class='ocr_line' id='line_1_40' title="bbox 434 3843 2011 3931; baseline -0.016 -10"><span class='ocrx_word' id='word_1_350' title='bbox 434 3886 565 3931; x_wconf 73' lang='lat' dir='ltr'><strong>ct&#39;t‘t’,</strong></span> <span class='ocrx_word' id='word_1_351' title='bbox 624 3875 668 3917; x_wconf 83' lang='lat' dir='ltr'><strong>et</strong></span> <span class='ocrx_word' id='word_1_352' title='bbox 709 3859 947 3915; x_wconf 79' lang='lat' dir='ltr'><strong>risitastis</strong></span> <span class='ocrx_word' id='word_1_353' title='bbox 988 3870 1085 3908; x_wconf 89' lang='lat' dir='ltr'><strong>me.</strong></span> <span class='ocrx_word' id='word_1_354' title='bbox 1136 3851 1261 3905; x_wconf 87' lang='lat' dir='ltr'><strong>ll:ce</strong></span> <span class='ocrx_word' id='word_1_355' title='bbox 1309 3855 1434 3903; x_wconf 86' lang='lat' dir='ltr'><strong>sunt</strong></span> <span class='ocrx_word' id='word_1_356' title='bbox 1469 3860 1686 3899; x_wconf 87' lang='lat' dir='ltr'><strong>munera</strong></span> <span class='ocrx_word' id='word_1_357' title='bbox 1727 3844 1778 3897; x_wconf 90' lang='lat' dir='ltr'><strong>in</strong></span> <span class='ocrx_word' id='word_1_358' title='bbox 1817 3843 2011 3913; x_wconf 86' lang='lat' dir='ltr'><strong>quibus</strong></span> 
     </span>
    </p>
   </div>
   <div class='ocr_carea' id='block_1_41' title="bbox 434 3935 2025 4020">
    <p class='ocr_par' dir='ltr' id='par_1_41' title="bbox 434 3935 2025 4020">
     <span class='ocr_line' id='line_1_41' title="bbox 434 3935 2025 4020; baseline -0.016 -6"><span class='ocrx_word' id='word_1_359' title='bbox 434 3963 658 4014; x_wconf 84' lang='lat' dir='ltr'><strong>adorant</strong></span> <span class='ocrx_word' id='word_1_360' title='bbox 685 3956 801 4008; x_wconf 78' lang='lat' dir='ltr'><strong>lilia:</strong></span> <span class='ocrx_word' id='word_1_361' title='bbox 828 3949 953 4020; x_wconf 85' lang='lat' dir='ltr'><strong>Tyri</strong></span> <span class='ocrx_word' id='word_1_362' title='bbox 981 3961 1157 4016; x_wconf 78' lang='lat' dir='ltr'><strong>regem</strong></span> <span class='ocrx_word' id='word_1_363' title='bbox 1184 3962 1196 3995; x_wconf 93' lang='lat'>:</span> <span class='ocrx_word' id='word_1_364' title='bbox 1223 3943 1345 4012; x_wconf 87' lang='lat' dir='ltr'><strong>quia</strong></span> <span class='ocrx_word' id='word_1_365' title='bbox 1368 3955 1488 3995; x_wconf 90' lang='lat' dir='ltr'><strong>cum</strong></span> <span class='ocrx_word' id='word_1_366' title='bbox 1510 3938 1770 4002; x_wconf 83' lang='lat' dir='ltr'><strong>dicerent,</strong></span> <span class='ocrx_word' id='word_1_367' title='bbox 1795 3935 2025 4003; x_wconf 80' lang='lat' dir='ltr'><strong>Quando</strong></span> 
     </span>
    </p>
   </div>
   <div class='ocr_carea' id='block_1_42' title="bbox 436 4029 2007 4109">
    <p class='ocr_par' dir='ltr' id='par_1_42' title="bbox 436 4029 2007 4109">
     <span class='ocr_line' id='line_1_42' title="bbox 436 4029 2007 4109; baseline -0.016 -4"><span class='ocrx_word' id='word_1_368' title='bbox 436 4062 482 4106; x_wconf 89' lang='lat' dir='ltr'><strong>tc</strong></span> <span class='ocrx_word' id='word_1_369' title='bbox 504 4044 761 4103; x_wconf 83' lang='lat' dir='ltr'><strong>vidimus?</strong></span> <span class='ocrx_word' id='word_1_370' title='bbox 792 4043 880 4096; x_wconf 90' lang='lat' dir='ltr'><strong>ille</strong></span> <span class='ocrx_word' id='word_1_371' title='bbox 910 4040 996 4109; x_wconf 90' lang='lat' dir='ltr'><strong>qui</strong></span> <span class='ocrx_word' id='word_1_372' title='bbox 1025 4046 1081 4092; x_wconf 89' lang='lat' dir='ltr'><strong>et</strong></span> <span class='ocrx_word' id='word_1_373' title='bbox 1121 4049 1330 4089; x_wconf 83' lang='lat' dir='ltr'><strong>sursum</strong></span> <span class='ocrx_word' id='word_1_374' title='bbox 1367 4041 1449 4085; x_wconf 87' lang='lat' dir='ltr'><strong>est</strong></span> <span class='ocrx_word' id='word_1_375' title='bbox 1486 4039 1541 4085; x_wconf 91' lang='lat' dir='ltr'><strong>et</strong></span> <span class='ocrx_word' id='word_1_376' title='bbox 1566 4029 1814 4083; x_wconf 83' lang='lat' dir='ltr'><strong>deorsum</strong></span> <span class='ocrx_word' id='word_1_377' title='bbox 1838 4069 1850 4089; x_wconf 91' lang='lat'><strong>,</strong></span> <span class='ocrx_word' id='word_1_378' title='bbox 1883 4030 2007 4096; x_wconf 82' lang='lat' dir='ltr'><strong>pro-</strong></span> 
     </span>
    </p>
   </div>
   <div class='ocr_carea' id='block_1_43' title="bbox 436 4118 2014 4211">
    <p class='ocr_par' dir='ltr' id='par_1_43' title="bbox 436 4118 2014 4211">
     <span class='ocr_line' id='line_1_43' title="bbox 436 4118 2014 4211; baseline -0.015 -17"><span class='ocrx_word' id='word_1_379' title='bbox 436 4151 559 4211; x_wconf 85' lang='lat' dir='ltr'><strong>pter</strong></span> <span class='ocrx_word' id='word_1_380' title='bbox 576 4132 924 4190; x_wconf 71' lang='lat' dir='ltr'><strong>ascendentrs</strong></span> <span class='ocrx_word' id='word_1_381' title='bbox 944 4139 995 4182; x_wconf 92' lang='lat' dir='ltr'><strong>et</strong></span> <span class='ocrx_word' id='word_1_382' title='bbox 1023 4125 1424 4187; x_wconf 83' lang='lat' dir='ltr'><strong>descendentes,</strong></span> <span class='ocrx_word' id='word_1_383' title='bbox 1448 4120 1571 4174; x_wconf 83' lang='lat' dir='ltr'><strong>Cum</strong></span> <span class='ocrx_word' id='word_1_384' title='bbox 1596 4120 1704 4184; x_wconf 86' lang='lat' dir='ltr'><strong>uni,</strong></span> <span class='ocrx_word' id='word_1_385' title='bbox 1724 4118 1891 4187; x_wconf 83' lang='lat' dir='ltr'><strong>inquit</strong></span> <span class='ocrx_word' id='word_1_386' title='bbox 1915 4160 1929 4182; x_wconf 94' lang='lat'><strong>,</strong></span> <span class='ocrx_word' id='word_1_387' title='bbox 1950 4134 2014 4171; x_wconf 75' lang='lat' dir='ltr'><strong>ex</strong></span> 
     </span>
    </p>
   </div>
   <div class='ocr_carea' id='block_1_44' title="bbox 438 4208 2008 4292">
    <p class='ocr_par' dir='ltr' id='par_1_44' title="bbox 438 4208 2008 4292">
     <span class='ocr_line' id='line_1_44' title="bbox 438 4208 2008 4292; baseline -0.017 -8"><span class='ocrx_word' id='word_1_388' title='bbox 438 4208 656 4285; x_wconf 78' lang='lat' dir='ltr'><strong>minimis</strong></span> <span class='ocrx_word' id='word_1_389' title='bbox 678 4223 798 4278; x_wconf 86' lang='lat' dir='ltr'><strong>meis</strong></span> <span class='ocrx_word' id='word_1_390' title='bbox 826 4220 1031 4292; x_wconf 78' lang='lat' dir='ltr'><strong>fecistis,</strong></span> <span class='ocrx_word' id='word_1_391' title='bbox 1062 4216 1185 4269; x_wconf 87' lang='lat' dir='ltr'><strong>mihi</strong></span> <span class='ocrx_word' id='word_1_392' title='bbox 1204 4213 1390 4279; x_wconf 82' lang='lat' dir='ltr'><strong>fecistis</strong></span> <span class='ocrx_word' id='word_1_393' title='bbox 1416 4210 1623 4280; x_wconf 80' lang='lat' dir='ltr'><strong>(Matth.</strong></span> <span class='ocrx_word' id='word_1_394' title='bbox 1651 4224 1773 4272; x_wconf 79' lang='lat' dir='ltr'><strong>xxv,</strong></span> <span class='ocrx_word' id='word_1_395' title='bbox 1803 4208 2008 4273; x_wconf 60' lang='lat'><strong>521-40).</strong></span> 
     </span>
    </p>
   </div>
   <div class='ocr_carea' id='block_1_45' title="bbox 507 4299 2013 4377">
    <p class='ocr_par' dir='ltr' id='par_1_45' title="bbox 507 4299 2013 4377">
     <span class='ocr_line' id='line_1_45' title="bbox 507 4299 2013 4377; baseline -0.021 1"><span class='ocrx_word' id='word_1_396' title='bbox 507 4322 596 4377; x_wconf 69' lang='grc'><strong>28.</strong></span> <span class='ocrx_word' id='word_1_397' title='bbox 630 4302 920 4373; x_wconf 80' lang='lat' dir='ltr'><strong>Adorabunt</strong></span> <span class='ocrx_word' id='word_1_398' title='bbox 949 4326 1059 4364; x_wconf 88' lang='lat' dir='ltr'><strong>eum</strong></span> <span class='ocrx_word' id='word_1_399' title='bbox 1091 4308 1210 4376; x_wconf 73' lang='lat' dir='ltr'><strong>ﬁlia:</strong></span> <span class='ocrx_word' id='word_1_400' title='bbox 1231 4304 1357 4375; x_wconf 79' lang='lat' dir='ltr'><strong>Tyri</strong></span> <span class='ocrx_word' id='word_1_401' title='bbox 1384 4304 1436 4377; x_wconf 80' lang='lat' dir='ltr'><strong>in</strong></span> <span class='ocrx_word' id='word_1_402' title='bbox 1464 4300 1767 4356; x_wconf 88' lang='lat' dir='ltr'><strong>ntuueribas.</strong></span> <span class='ocrx_word' id='word_1_403' title='bbox 1799 4299 1866 4353; x_wconf 88' lang='lat' dir='ltr'><strong>Et</strong></span> <span class='ocrx_word' id='word_1_404' title='bbox 1894 4314 2013 4368; x_wconf 67' lang='lat' dir='ltr'><strong>qua:</strong></span> 
     </span>
    </p>
   </div>
   <div class='ocr_carea' id='block_1_46' title="bbox 437 4391 2011 4477">
    <p class='ocr_par' dir='ltr' id='par_1_46' title="bbox 437 4391 2011 4477">
     <span class='ocr_line' id='line_1_46' title="bbox 437 4391 2011 4477; baseline -0.018 -6"><span class='ocrx_word' id='word_1_405' title='bbox 437 4423 561 4470; x_wconf 88' lang='lat' dir='ltr'><strong>sunt</strong></span> <span class='ocrx_word' id='word_1_406' title='bbox 604 4411 722 4465; x_wconf 72' lang='lat' dir='ltr'><strong>lilia:</strong></span> <span class='ocrx_word' id='word_1_407' title='bbox 751 4405 875 4477; x_wconf 81' lang='lat' dir='ltr'><strong>Tyri</strong></span> <span class='ocrx_word' id='word_1_408' title='bbox 903 4445 916 4468; x_wconf 92' lang='lat'><strong>,</strong></span> <span class='ocrx_word' id='word_1_409' title='bbox 944 4409 1000 4456; x_wconf 89' lang='lat' dir='ltr'><strong>et</strong></span> <span class='ocrx_word' id='word_1_410' title='bbox 1021 4397 1289 4469; x_wconf 87' lang='lat' dir='ltr'><strong>quomodo</strong></span> <span class='ocrx_word' id='word_1_411' title='bbox 1328 4392 1619 4449; x_wconf 83' lang='lat' dir='ltr'><strong>adorabunt</strong></span> <span class='ocrx_word' id='word_1_412' title='bbox 1661 4407 1781 4447; x_wconf 89' lang='lat' dir='ltr'><strong>cum</strong></span> <span class='ocrx_word' id='word_1_413' title='bbox 1814 4391 1864 4445; x_wconf 92' lang='lat' dir='ltr'><strong>in</strong></span> <span class='ocrx_word' id='word_1_414' title='bbox 1892 4406 2011 4444; x_wconf 88' lang='lat' dir='ltr'><strong>mu-</strong></span> 
     </span>
    </p>
   </div>
   <div class='ocr_carea' id='block_1_47' title="bbox 439 4483 2011 4571">
    <p class='ocr_par' dir='ltr' id='par_1_47' title="bbox 439 4483 2011 4571">
     <span class='ocr_line' id='line_1_47' title="bbox 439 4483 2011 4571; baseline -0.018 -9"><span class='ocrx_word' id='word_1_415' title='bbox 439 4507 654 4562; x_wconf 86' lang='lat' dir='ltr'><strong>neribus</strong></span> <span class='ocrx_word' id='word_1_416' title='bbox 678 4544 693 4571; x_wconf 93' lang='lat'><strong>,</strong></span> <span class='ocrx_word' id='word_1_417' title='bbox 728 4498 933 4570; x_wconf 81' lang='lat' dir='ltr'><strong>planius</strong></span> <span class='ocrx_word' id='word_1_418' title='bbox 969 4491 1095 4547; x_wconf 90' lang='lat' dir='ltr'><strong>illud</strong></span> <span class='ocrx_word' id='word_1_419' title='bbox 1143 4488 1308 4542; x_wconf 88' lang='lat' dir='ltr'><strong>voluit</strong></span> <span class='ocrx_word' id='word_1_420' title='bbox 1346 4485 1525 4540; x_wconf 82' lang='lat' dir='ltr'><strong>dicere</strong></span> <span class='ocrx_word' id='word_1_421' title='bbox 1554 4503 1570 4559; x_wconf 10' lang='lat'><strong>7:</strong></span> <span class='ocrx_word' id='word_1_422' title='bbox 1625 4483 1830 4537; x_wconf 80' lang='lat' dir='ltr'><strong>Vultum</strong></span> <span class='ocrx_word' id='word_1_423' title='bbox 1871 4491 2011 4557; x_wconf 82' lang='lat' dir='ltr'><strong>tuum</strong></span> 
     </span>
    </p>
   </div>
   <div class='ocr_carea' id='block_1_48' title="bbox 440 4574 2016 4667">
    <p class='ocr_par' dir='ltr' id='par_1_48' title="bbox 440 4574 2016 4667">
     <span class='ocr_line' id='line_1_48' title="bbox 440 4574 2016 4667; baseline -0.016 -13"><span class='ocrx_word' id='word_1_424' title='bbox 440 4596 837 4667; x_wconf 74' lang='lat' dir='ltr'><strong>deprecabuntur</strong></span> <span class='ocrx_word' id='word_1_425' title='bbox 865 4587 1040 4641; x_wconf 84' lang='lat' dir='ltr'><strong>divites</strong></span> <span class='ocrx_word' id='word_1_426' title='bbox 1076 4581 1251 4652; x_wconf 85' lang='lat' dir='ltr'><strong>plebis.</strong></span> <span class='ocrx_word' id='word_1_427' title='bbox 1296 4578 1389 4632; x_wconf 68' lang='lat'><strong>“10</strong></span> <span class='ocrx_word' id='word_1_428' title='bbox 1419 4576 1539 4630; x_wconf 69' lang='lat' dir='ltr'><strong>lilia:</strong></span> <span class='ocrx_word' id='word_1_429' title='bbox 1562 4575 1685 4646; x_wconf 78' lang='lat' dir='ltr'><strong>&#39;l‘yti</strong></span> <span class='ocrx_word' id='word_1_430' title='bbox 1734 4574 2016 4629; x_wconf 81' lang='lat' dir='ltr'><strong>adorantes</strong></span> 
     </span>
    </p>
   </div>
   <div class='ocr_carea' id='block_1_49' title="bbox 442 4665 2017 4746">
    <p class='ocr_par' dir='ltr' id='par_1_49' title="bbox 442 4665 2017 4746">
     <span class='ocr_line' id='line_1_49' title="bbox 442 4665 2017 4746; baseline -0.018 -2"><span class='ocrx_word' id='word_1_431' title='bbox 442 4665 852 4746; x_wconf 25' lang='lat' dir='ltr'><strong>iu&#39;tnuneribus,</strong></span> <span class='ocrx_word' id='word_1_432' title='bbox 880 4678 1069 4733; x_wconf 79' lang='lat' dir='ltr'><strong>divites</strong></span> <span class='ocrx_word' id='word_1_433' title='bbox 1090 4680 1213 4727; x_wconf 91' lang='lat' dir='ltr'><strong>sunt</strong></span> <span class='ocrx_word' id='word_1_434' title='bbox 1243 4667 1431 4739; x_wconf 86' lang='lat' dir='ltr'><strong>plebis,</strong></span> <span class='ocrx_word' id='word_1_435' title='bbox 1462 4681 1596 4738; x_wconf 85' lang='lat' dir='ltr'><strong>quos</strong></span> <span class='ocrx_word' id='word_1_436' title='bbox 1624 4666 1710 4720; x_wconf 89' lang='lat' dir='ltr'><strong>ille</strong></span> <span class='ocrx_word' id='word_1_437' title='bbox 1732 4665 2017 4734; x_wconf 87' lang='lat' dir='ltr'><strong>alloquitur</strong></span> 
     </span>
    </p>
   </div>
   <div class='ocr_carea' id='block_1_50' title="bbox 441 4754 2015 4844">
    <p class='ocr_par' dir='ltr' id='par_1_50' title="bbox 441 4754 2015 4844">
     <span class='ocr_line' id='line_1_50' title="bbox 441 4754 2015 4844; baseline -0.017 -8"><span class='ocrx_word' id='word_1_438' title='bbox 441 4784 641 4836; x_wconf 85' lang='lat' dir='ltr'><strong>amicus</strong></span> <span class='ocrx_word' id='word_1_439' title='bbox 670 4775 850 4844; x_wconf 83' lang='lat' dir='ltr'><strong>sponsi</strong></span> <span class='ocrx_word' id='word_1_440' title='bbox 883 4792 896 4828; x_wconf 90' lang='lat'><strong>:</strong></span> <span class='ocrx_word' id='word_1_441' title='bbox 942 4754 1171 4837; x_wconf 67' lang='lat' dir='ltr'><strong>Pratripe</strong></span> <span class='ocrx_word' id='word_1_442' title='bbox 1211 4762 1443 4817; x_wconf 84' lang='lat' dir='ltr'><strong>divitibus</strong></span> <span class='ocrx_word' id='word_1_443' title='bbox 1483 4755 1634 4830; x_wconf 74' lang='lat' dir='ltr'><strong>hujus</strong></span> <span class='ocrx_word' id='word_1_444' title='bbox 1677 4754 1884 4822; x_wconf 80' lang='lat' dir='ltr'><strong>mundi,</strong></span> <span class='ocrx_word' id='word_1_445' title='bbox 1917 4774 2015 4811; x_wconf 90' lang='lat' dir='ltr'><strong>non</strong></span> 
     </span>
    </p>
   </div>
   <div class='ocr_carea' id='block_1_51' title="bbox 441 4846 2018 4943">
    <p class='ocr_par' dir='ltr' id='par_1_51' title="bbox 441 4846 2018 4943">
     <span class='ocr_line' id='line_1_51' title="bbox 441 4846 2018 4943; baseline -0.016 -16"><span class='ocrx_word' id='word_1_446' title='bbox 441 4872 648 4943; x_wconf 79' lang='lat' dir='ltr'><strong>superbe</strong></span> <span class='ocrx_word' id='word_1_447' title='bbox 673 4881 869 4936; x_wconf 78' lang='lat' dir='ltr'><strong>sapere,</strong></span> <span class='ocrx_word' id='word_1_448' title='bbox 892 4876 1051 4931; x_wconf 79' lang='lat' dir='ltr'><strong>neque</strong></span> <span class='ocrx_word' id='word_1_449' title='bbox 1076 4854 1279 4927; x_wconf 84' lang='lat' dir='ltr'><strong>sperare</strong></span> <span class='ocrx_word' id='word_1_450' title='bbox 1301 4854 1353 4907; x_wconf 91' lang='lat' dir='ltr'><strong>in</strong></span> <span class='ocrx_word' id='word_1_451' title='bbox 1370 4852 1558 4905; x_wconf 84' lang='lat' dir='ltr'><strong>incerto</strong></span> <span class='ocrx_word' id='word_1_452' title='bbox 1581 4846 1871 4901; x_wconf 78' lang='lat' dir='ltr'><strong>divitiarum</strong></span> <span class='ocrx_word' id='word_1_453' title='bbox 1885 4865 1904 4910; x_wconf 92' lang='lat'><strong><em>;</em></strong></span> <span class='ocrx_word' id='word_1_454' title='bbox 1930 4846 2018 4901; x_wconf 83' lang='lat' dir='ltr'><strong>sed</strong></span> 
     </span>
    </p>
   </div>
   <div class='ocr_carea' id='block_1_52' title="bbox 443 4940 2016 5025">
    <p class='ocr_par' dir='ltr' id='par_1_52' title="bbox 443 4940 2016 5025">
     <span class='ocr_line' id='line_1_52' title="bbox 443 4940 2016 5025; baseline -0.018 -6"><span class='ocrx_word' id='word_1_455' title='bbox 443 4940 636 5019; x_wconf 36' lang='lat' dir='ltr'><strong>lli—D80</strong></span> <span class='ocrx_word' id='word_1_456' title='bbox 669 4960 809 5019; x_wconf 88' lang='lat' dir='ltr'><strong>vivo,</strong></span> <span class='ocrx_word' id='word_1_457' title='bbox 841 4956 927 5025; x_wconf 87' lang='lat' dir='ltr'><strong>qui</strong></span> <span class='ocrx_word' id='word_1_458' title='bbox 967 4959 1167 5018; x_wconf 70' lang='lat' dir='ltr'><strong>prtustttt</strong></span> <span class='ocrx_word' id='word_1_459' title='bbox 1204 4946 1344 5002; x_wconf 86' lang='lat' dir='ltr'><strong>nobis</strong></span> <span class='ocrx_word' id='word_1_460' title='bbox 1382 4943 1552 4998; x_wconf 86' lang='lat' dir='ltr'><strong>omnia</strong></span> <span class='ocrx_word' id='word_1_461' title='bbox 1590 4941 1907 4995; x_wconf 86' lang='lat' dir='ltr'><strong>abundanter</strong></span> <span class='ocrx_word' id='word_1_462' title='bbox 1948 4940 2016 4991; x_wconf 91' lang='lat' dir='ltr'><strong>ad</strong></span> 
     </span>
    </p>
   </div>
   <div class='ocr_carea' id='block_1_53' title="bbox 444 5030 2016 5131">
    <p class='ocr_par' dir='ltr' id='par_1_53' title="bbox 444 5030 2016 5131">
     <span class='ocr_line' id='line_1_53' title="bbox 444 5030 2016 5131; baseline -0.018 -19"><span class='ocrx_word' id='word_1_463' title='bbox 444 5057 710 5131; x_wconf 80' lang='lat' dir='ltr'><strong>fruendum</strong></span> <span class='ocrx_word' id='word_1_464' title='bbox 738 5069 754 5104; x_wconf 92' lang='lat'><strong><em>:</em></strong></span> <span class='ocrx_word' id='word_1_465' title='bbox 780 5038 1066 5104; x_wconf 30' lang='lat' dir='ltr'><strong>divites&#39;siut</strong></span> <span class='ocrx_word' id='word_1_466' title='bbox 1089 5046 1138 5097; x_wconf 90' lang='lat' dir='ltr'><strong>in</strong></span> <span class='ocrx_word' id='word_1_467' title='bbox 1156 5041 1385 5112; x_wconf 82' lang='lat' dir='ltr'><strong>operibus</strong></span> <span class='ocrx_word' id='word_1_468' title='bbox 1404 5038 1565 5103; x_wconf 73' lang='lat' dir='ltr'><strong>bouis,</strong></span> <span class='ocrx_word' id='word_1_469' title='bbox 1601 5033 1749 5105; x_wconf 80' lang='lat' dir='ltr'><strong>facile</strong></span> <span class='ocrx_word' id='word_1_470' title='bbox 1778 5030 2016 5097; x_wconf 79' lang='lat' dir='ltr'><strong>tribuant,</strong></span> 
     </span>
    </p>
   </div>
   <div class='ocr_carea' id='block_1_54' title="bbox 443 5124 2019 5206">
    <p class='ocr_par' dir='ltr' id='par_1_54' title="bbox 443 5124 2019 5206">
     <span class='ocr_line' id='line_1_54' title="bbox 443 5124 2019 5206; baseline -0.02 0"><span class='ocrx_word' id='word_1_471' title='bbox 443 5124 1106 5206; x_wconf 25' lang='lat' dir='ltr'><strong>communicent.{Adurent</strong></span> <span class='ocrx_word' id='word_1_472' title='bbox 1148 5139 1198 5188; x_wconf 87' lang='lat' dir='ltr'><strong>in</strong></span> <span class='ocrx_word' id='word_1_473' title='bbox 1243 5130 1589 5192; x_wconf 88' lang='lat' dir='ltr'><strong>muneribus;</strong></span> <span class='ocrx_word' id='word_1_474' title='bbox 1619 5124 1714 5180; x_wconf 86' lang='lat' dir='ltr'><strong>sed</strong></span> <span class='ocrx_word' id='word_1_475' title='bbox 1757 5140 1860 5178; x_wconf 91' lang='lat' dir='ltr'><strong>non</strong></span> <span class='ocrx_word' id='word_1_476' title='bbox 1895 5137 2019 5191; x_wconf 89' lang='lat' dir='ltr'><strong>per-</strong></span> 
     </span>
    </p>
   </div>
   <div class='ocr_carea' id='block_1_55' title="bbox 509 5273 2022 5351">
    <p class='ocr_par' dir='ltr' id='par_1_55' title="bbox 509 5273 2022 5351">
     <span class='ocr_line' id='line_1_55' title="bbox 509 5273 2022 5351; baseline -0.019 -1"><span class='ocrx_word' id='word_1_477' title='bbox 509 5306 523 5336; x_wconf 72' lang='grc' dir='ltr'>ί</span> <span class='ocrx_word' id='word_1_478' title='bbox 562 5309 665 5351; x_wconf 76' lang='lat' dir='ltr'><strong>uss.</strong></span> <span class='ocrx_word' id='word_1_479' title='bbox 694 5293 825 5345; x_wconf 90' lang='lat' dir='ltr'><strong>nullo</strong></span> <span class='ocrx_word' id='word_1_480' title='bbox 848 5291 954 5341; x_wconf 77' lang='lat' dir='ltr'><strong>fere</strong></span> <span class='ocrx_word' id='word_1_481' title='bbox 980 5300 1127 5351; x_wconf 66' lang='lat' dir='ltr'><strong>cxcel</strong></span> <span class='ocrx_word' id='word_1_482' title='bbox 1147 5293 1212 5351; x_wconf 82' lang='lat' dir='ltr'><strong>to,</strong></span> <span class='ocrx_word' id='word_1_483' title='bbox 1244 5283 1372 5351; x_wconf 76' lang='lat' dir='ltr'><strong>Quia</strong></span> <span class='ocrx_word' id='word_1_484' title='bbox 1397 5277 1720 5351; x_wconf 41' lang='lat' dir='ltr'><strong>primo-canis</strong></span> <span class='ocrx_word' id='word_1_485' title='bbox 1751 5281 1863 5351; x_wconf 83' lang='lat' dir='ltr'><strong>erat</strong></span> <span class='ocrx_word' id='word_1_486' title='bbox 1891 5273 2022 5351; x_wconf 54' lang='lat' dir='ltr'><strong>apud</strong></span> 
     </span>
    </p>
   </div>
   <div class='ocr_carea' id='block_1_56' title="bbox 445 5336 2023 5430">
    <p class='ocr_par' dir='ltr' id='par_1_56' title="bbox 445 5336 2023 5430">
     <span class='ocr_line' id='line_1_56' title="bbox 445 5336 2023 5430; baseline -0.004 2"><span class='ocrx_word' id='word_1_487' title='bbox 445 5336 1575 5430; x_wconf 48' lang='lat' dir='ltr'><strong>pauentia;seisstatuastatuaat</strong></span> <span class='ocrx_word' id='word_1_488' title='bbox 1936 5336 2023 5386; x_wconf 68' lang='grc' dir='ltr'><strong>αε-</strong></span> 
     </span>
    </p>
   </div>
   <div class='ocr_carea' id='block_1_57' title="bbox 444 5406 1909 5483">
    <p class='ocr_par' dir='ltr' id='par_1_57' title="bbox 444 5406 1909 5483">
     <span class='ocr_line' id='line_1_57' title="bbox 444 5406 1909 5483; baseline 0.002 -32"><span class='ocrx_word' id='word_1_489' title='bbox 444 5406 897 5483; x_wconf 54' lang='grc' dir='ltr'><strong>ξξ;.ξιῆέ⁷ριέιίεηιίιυι,</strong></span> <span class='ocrx_word' id='word_1_490' title='bbox 920 5418 963 5463; x_wconf 86' lang='lat' dir='ltr'><strong>ct</strong></span> <span class='ocrx_word' id='word_1_491' title='bbox 987 5409 1229 5483; x_wconf 63' lang='lat' dir='ltr'><strong>credendo</strong></span> <span class='ocrx_word' id='word_1_492' title='bbox 1251 5406 1299 5483; x_wconf 74' lang='lat' dir='ltr'><strong>in</strong></span> <span class='ocrx_word' id='word_1_493' title='bbox 1319 5406 1593 5483; x_wconf 36' lang='lat' dir='ltr'><strong>illum,_‘ete.</strong></span> <span class='ocrx_word' id='word_1_494' title='bbox 1616 5468 1655 5483; x_wconf 35' lang='grc' dir='ltr'><strong>Δ.</strong></span> <span class='ocrx_word' id='word_1_495' title='bbox 1676 5435 1806 5483; x_wconf 33' lang='grc' dir='ltr'><strong>’ζ’-κη</strong></span> <span class='ocrx_word' id='word_1_496' title='bbox 1829 5433 1909 5483; x_wconf 36' lang='lat' dir='ltr'><strong>:m;</strong></span> 
     </span>
    </p>
   </div>
   <div class='ocr_carea' id='block_1_58' title="bbox 510 5458 2026 5546">
    <p class='ocr_par' dir='ltr' id='par_1_58' title="bbox 510 5458 2026 5546">
     <span class='ocr_line' id='line_1_58' title="bbox 510 5458 2026 5546; baseline -0.018 -10"><span class='ocrx_word' id='word_1_497' title='bbox 1029 5458 1158 5522; x_wconf 80' lang='lat' dir='ltr'><strong>vobis</strong></span> <span class='ocrx_word' id='word_1_498' title='bbox 1177 5458 1585 5531; x_wconf 50' lang='lat' dir='ltr'><strong>implenturfbuo,</strong></span> <span class='ocrx_word' id='word_1_499' title='bbox 1609 5468 1655 5514; x_wconf 85' lang='lat' dir='ltr'><strong>et</strong></span> <span class='ocrx_word' id='word_1_500' title='bbox 1676 5459 1806 5511; x_wconf 75' lang='lat' dir='ltr'><strong>nobis</strong></span> <span class='ocrx_word' id='word_1_501' title='bbox 1829 5458 2026 5522; x_wconf 83' lang='lat' dir='ltr'><strong>implen-</strong></span> 
     </span>
    </p>
   </div>
   <div class='ocr_carea' id='block_1_59' title="bbox 445 5558 2027 5684">
    <p class='ocr_par' dir='ltr' id='par_1_59' title="bbox 445 5558 2027 5684">
     <span class='ocr_line' id='line_1_59' title="bbox 445 5558 2027 5684; baseline -0.019 -25"><span class='ocrx_word' id='word_1_502' title='bbox 445 5558 539 5644; x_wconf 40' lang='grc' dir='ltr'><strong>ὣς</strong></span> <span class='ocrx_word' id='word_1_503' title='bbox 568 5616 691 5663; x_wconf 67' lang='lat' dir='ltr'><strong>Mss,</strong></span> <span class='ocrx_word' id='word_1_504' title='bbox 722 5609 773 5654; x_wconf 74' lang='lat' dir='ltr'><strong>Et</strong></span> <span class='ocrx_word' id='word_1_505' title='bbox 801 5599 906 5662; x_wconf 76' lang='lat' dir='ltr'><strong>ipsa</strong></span> <span class='ocrx_word' id='word_1_506' title='bbox 940 5607 1137 5646; x_wconf 75' lang='lat' dir='ltr'><strong>munera</strong></span> <span class='ocrx_word' id='word_1_507' title='bbox 1158 5584 1733 5684; x_wconf 34' lang='grc' dir='ltr'><strong>,ἱηιριιιιιινξτηίἱὺιςξάαγῃ.</strong></span> <span class='ocrx_word' id='word_1_508' title='bbox 1764 5590 1829 5650; x_wconf 75' lang='lat' dir='ltr'><strong>Tt</strong></span> <span class='ocrx_word' id='word_1_509' title='bbox 1854 5595 1913 5629; x_wconf 77' lang='lat' dir='ltr'><strong>ex</strong></span> <span class='ocrx_word' id='word_1_510' title='bbox 1944 5582 2027 5629; x_wconf 84' lang='lat' dir='ltr'><strong>iis-</strong></span> 
     </span>
     <span class='ocr_line' id='line_1_60' title="bbox 464 5646 2027 5684; baseline 0 0"><span class='ocrx_word' id='word_1_511' title='bbox 464 5674 473 5684; x_wconf 88' lang='lat'><strong>.</strong></span> <span class='ocrx_word' id='word_1_512' title='bbox 579 5678 611 5684; x_wconf 88' lang='lat'><strong>_.</strong></span> <span class='ocrx_word' id='word_1_513' title='bbox 724 5667 799 5684; x_wconf 48' lang='grc' dir='ltr'><strong>ιη</strong></span> <span class='ocrx_word' id='word_1_514' title='bbox 822 5678 833 5684; x_wconf 89' lang='grc'><strong>-</strong></span> <span class='ocrx_word' id='word_1_515' title='bbox 864 5661 877 5684; x_wconf 85' lang='lat'><strong>.&#39;</strong></span> <span class='ocrx_word' id='word_1_516' title='bbox 898 5656 1111 5684; x_wconf 68' lang='lat' dir='ltr'><strong>......t,.t..’t</strong></span> <span class='ocrx_word' id='word_1_517' title='bbox 1139 5652 1219 5684; x_wconf 73' lang='grc' dir='ltr'><strong>ιμιὸ</strong></span> <span class='ocrx_word' id='word_1_518' title='bbox 1239 5667 1303 5684; x_wconf 64' lang='grc' dir='ltr'><strong>ι...</strong></span> <span class='ocrx_word' id='word_1_519' title='bbox 1331 5652 1378 5684; x_wconf 66' lang='grc' dir='ltr'><strong>μ’,</strong></span> <span class='ocrx_word' id='word_1_520' title='bbox 1400 5659 1443 5684; x_wconf 75' lang='grc' dir='ltr'><em>ιη</em></span> <span class='ocrx_word' id='word_1_521' title='bbox 1496 5654 1663 5684; x_wconf 48' lang='grc' dir='ltr'><strong>Γνηπιλ</strong></span> <span class='ocrx_word' id='word_1_522' title='bbox 1691 5648 1861 5684; x_wconf 59' lang='lat' dir='ltr'><strong>)ttttml.</strong></span> <span class='ocrx_word' id='word_1_523' title='bbox 1890 5646 2027 5684; x_wconf 69' lang='lat' dir='ltr'><strong>imr-</strong></span> 
     </span>
    </p>
   </div>
   <div class='ocr_carea' id='block_1_60' title="bbox 446 5646 2028 5723">
    <p class='ocr_par' dir='ltr' id='par_1_60' title="bbox 446 5646 2028 5723">
     <span class='ocr_line' id='line_1_61' title="bbox 446 5646 2028 5723; baseline -0.02 -4"><span class='ocrx_word' id='word_1_524' title='bbox 446 5646 691 5719; x_wconf 37' lang='lat' dir='ltr'><strong>tletuiit‘ss.’</strong></span> <span class='ocrx_word' id='word_1_525' title='bbox 709 5646 834 5716; x_wconf 64' lang='lat' dir='ltr'><strong>dilui</strong></span> <span class='ocrx_word' id='word_1_526' title='bbox 862 5646 1111 5723; x_wconf 57' lang='lat' dir='ltr'><strong>inputabit</strong></span> <span class='ocrx_word' id='word_1_527' title='bbox 1137 5646 1305 5716; x_wconf 65' lang='lat' dir='ltr'><strong>quibus</strong></span> <span class='ocrx_word' id='word_1_528' title='bbox 1330 5652 1379 5701; x_wconf 76' lang='lat' dir='ltr'><strong>di</strong></span> <span class='ocrx_word' id='word_1_529' title='bbox 1400 5646 1463 5708; x_wconf 65' lang='lat' dir='ltr'><strong>&#39;t&#39;t,</strong></span> <span class='ocrx_word' id='word_1_530' title='bbox 1494 5646 1668 5706; x_wconf 61' lang='lat' dir='ltr'><strong>I&#39;cititc,</strong></span> <span class='ocrx_word' id='word_1_531' title='bbox 1691 5646 1861 5707; x_wconf 49' lang='lat' dir='ltr'><strong>inquit,</strong></span> <span class='ocrx_word' id='word_1_532' title='bbox 1890 5646 2028 5690; x_wconf 65' lang='lat' dir='ltr'><strong>trur-</strong></span> 
     </span>
    </p>
   </div>
   <div class='ocr_carea' id='block_1_61' title="bbox 446 5735 698 5797">
    <p class='ocr_par' dir='ltr' id='par_1_61' title="bbox 446 5735 698 5797">
     <span class='ocr_line' id='line_1_62' title="bbox 446 5735 698 5797; baseline -0.012 -14"><span class='ocrx_word' id='word_1_533' title='bbox 446 5735 581 5797; x_wconf 72' lang='lat' dir='ltr'><strong>dit&#39;lt,</strong></span> <span class='ocrx_word' id='word_1_534' title='bbox 605 5740 698 5783; x_wconf 85' lang='lat' dir='ltr'><strong>etc.</strong></span> 
     </span>
    </p>
   </div>
   <div class='ocr_carea' id='block_1_62' title="bbox 1647 263 2425 331">
    <p class='ocr_par' dir='ltr' id='par_1_62' title="bbox 1647 263 2425 331">
     <span class='ocr_line' id='line_1_63' title="bbox 1647 263 2425 331; baseline -0.018 0"><span class='ocrx_word' id='word_1_535' title='bbox 1647 273 1703 331; x_wconf 89' lang='lat' dir='ltr'><strong>S.</strong></span> <span class='ocrx_word' id='word_1_536' title='bbox 1733 264 2100 329; x_wconf 68' lang='lat' dir='ltr'><strong>AUGUS’I&#39;lNl</strong></span> <span class='ocrx_word' id='word_1_537' title='bbox 2130 263 2425 320; x_wconf 74' lang='lat' dir='ltr'><strong>El‘lSCOl‘l</strong></span> 
     </span>
    </p>
   </div>
   <div class='ocr_carea' id='block_1_63' title="bbox 3572 266 3677 322">
    <p class='ocr_par' dir='ltr' id='par_1_63' title="bbox 3572 266 3677 322">
     <span class='ocr_line' id='line_1_64' title="bbox 3572 266 3677 322; baseline 0.019 -2"><span class='ocrx_word' id='word_1_538' title='bbox 3572 266 3677 322; x_wconf 69' lang='lat' dir='ltr'><strong>M2</strong></span> 
     </span>
    </p>
   </div>
   <div class='ocr_carea' id='block_1_64' title="bbox 2105 380 3677 451">
    <p class='ocr_par' dir='ltr' id='par_1_64' title="bbox 2105 380 3677 451">
     <span class='ocr_line' id='line_1_65' title="bbox 2105 380 3677 451; baseline 0.001 -17"><span class='ocrx_word' id='word_1_539' title='bbox 2105 380 2237 434; x_wconf 89' lang='lat' dir='ltr'><strong>dunt</strong></span> <span class='ocrx_word' id='word_1_540' title='bbox 2267 399 2279 434; x_wconf 90' lang='lat'><strong>:</strong></span> <span class='ocrx_word' id='word_1_541' title='bbox 2310 381 2480 435; x_wconf 82' lang='lat' dir='ltr'><strong>securi</strong></span> <span class='ocrx_word' id='word_1_542' title='bbox 2514 391 2708 448; x_wconf 89' lang='lat' dir='ltr'><strong>ponant</strong></span> <span class='ocrx_word' id='word_1_543' title='bbox 2736 381 2823 436; x_wconf 88' lang='lat' dir='ltr'><strong>ubi</strong></span> <span class='ocrx_word' id='word_1_544' title='bbox 2859 396 3071 451; x_wconf 81' lang='lat' dir='ltr'><strong>semper</strong></span> <span class='ocrx_word' id='word_1_545' title='bbox 3112 381 3399 436; x_wconf 76' lang='lat' dir='ltr'><strong>inveniant.</strong></span> <span class='ocrx_word' id='word_1_546' title='bbox 3446 380 3677 436; x_wconf 81' lang='lat' dir='ltr'><strong>Thesau-</strong></span> 
     </span>
    </p>
   </div>
   <div class='ocr_carea' id='block_1_65' title="bbox 2102 471 3681 543">
    <p class='ocr_par' dir='ltr' id='par_1_65' title="bbox 2102 471 3681 543">
     <span class='ocr_line' id='line_1_66' title="bbox 2102 471 3681 543; baseline 0.004 -22"><span class='ocrx_word' id='word_1_547' title='bbox 2102 471 2259 524; x_wconf 76' lang='lat' dir='ltr'><strong>rizent</strong></span> <span class='ocrx_word' id='word_1_548' title='bbox 2282 471 2377 525; x_wconf 88' lang='lat' dir='ltr'><strong>sibi</strong></span> <span class='ocrx_word' id='word_1_549' title='bbox 2401 471 2786 541; x_wconf 80' lang='lat' dir='ltr'><strong>fundamentum</strong></span> <span class='ocrx_word' id='word_1_550' title='bbox 2812 473 2996 525; x_wconf 83' lang='lat' dir='ltr'><strong>bonum</strong></span> <span class='ocrx_word' id='word_1_551' title='bbox 3028 472 3082 525; x_wconf 86' lang='lat' dir='ltr'><strong>in</strong></span> <span class='ocrx_word' id='word_1_552' title='bbox 3118 473 3345 542; x_wconf 82' lang='lat' dir='ltr'><strong>futurum</strong></span> <span class='ocrx_word' id='word_1_553' title='bbox 3364 513 3379 539; x_wconf 95' lang='lat'><strong>,</strong></span> <span class='ocrx_word' id='word_1_554' title='bbox 3407 482 3462 525; x_wconf 85' lang='lat' dir='ltr'><strong>ut</strong></span> <span class='ocrx_word' id='word_1_555' title='bbox 3488 488 3681 543; x_wconf 72' lang='lat' dir='ltr'><strong>appre-</strong></span> 
     </span>
    </p>
   </div>
   <div class='ocr_carea' id='block_1_66' title="bbox 2103 562 3683 637">
    <p class='ocr_par' dir='ltr' id='par_1_66' title="bbox 2103 562 3683 637">
     <span class='ocr_line' id='line_1_67' title="bbox 2103 562 3683 637; baseline 0.003 -22"><span class='ocrx_word' id='word_1_556' title='bbox 2103 562 2326 616; x_wconf 87' lang='lat' dir='ltr'><strong>hettdant</strong></span> <span class='ocrx_word' id='word_1_557' title='bbox 2365 579 2533 616; x_wconf 88' lang='lat' dir='ltr'><strong>veram</strong></span> <span class='ocrx_word' id='word_1_558' title='bbox 2570 564 2721 617; x_wconf 86' lang='lat' dir='ltr'><strong>vitam</strong></span> <span class='ocrx_word' id='word_1_559' title='bbox 2748 564 2789 637; x_wconf 89' lang='grc' dir='ltr'><strong>(Ι</strong></span> <span class='ocrx_word' id='word_1_560' title='bbox 2824 563 2954 618; x_wconf 88' lang='lat' dir='ltr'><strong>Tim.</strong></span> <span class='ocrx_word' id='word_1_561' title='bbox 3003 580 3053 618; x_wconf 85' lang='lat' dir='ltr'><strong>vt</strong></span> <span class='ocrx_word' id='word_1_562' title='bbox 3080 606 3093 629; x_wconf 93' lang='lat'><strong>,</strong></span> <span class='ocrx_word' id='word_1_563' title='bbox 3124 565 3339 635; x_wconf 70' lang='lat'><strong>17-19).</strong></span> <span class='ocrx_word' id='word_1_564' title='bbox 3389 565 3683 620; x_wconf 75' lang='lat' dir='ltr'><strong>Adorando</strong></span> 
     </span>
    </p>
   </div>
   <div class='ocr_carea' id='block_1_67' title="bbox 2104 652 3681 723">
    <p class='ocr_par' dir='ltr' id='par_1_67' title="bbox 2104 652 3681 723">
     <span class='ocr_line' id='line_1_68' title="bbox 2104 652 3681 723; baseline 0.003 -16"><span class='ocrx_word' id='word_1_565' title='bbox 2104 652 2156 707; x_wconf 87' lang='lat' dir='ltr'><strong>in</strong></span> <span class='ocrx_word' id='word_1_566' title='bbox 2188 654 2513 715; x_wconf 86' lang='lat' dir='ltr'><strong>muneribus,</strong></span> <span class='ocrx_word' id='word_1_567' title='bbox 2537 655 2727 708; x_wconf 84' lang='lat' dir='ltr'><strong>vultum</strong></span> <span class='ocrx_word' id='word_1_568' title='bbox 2756 666 2893 708; x_wconf 85' lang='lat' dir='ltr'><strong>tuum</strong></span> <span class='ocrx_word' id='word_1_569' title='bbox 2916 654 3344 723; x_wconf 78' lang='lat' dir='ltr'><strong>deprecabuntur.</strong></span> <span class='ocrx_word' id='word_1_570' title='bbox 3386 655 3466 710; x_wconf 82' lang='lat' dir='ltr'><strong>Ad</strong></span> <span class='ocrx_word' id='word_1_571' title='bbox 3491 655 3681 711; x_wconf 84' lang='lat' dir='ltr'><strong>Eccle-</strong></span> 
     </span>
    </p>
   </div>
   <div class='ocr_carea' id='block_1_68' title="bbox 2094 736 3681 820">
    <p class='ocr_par' dir='ltr' id='par_1_68' title="bbox 2094 736 3681 820">
     <span class='ocr_line' id='line_1_69' title="bbox 2094 736 3681 820; baseline 0.004 -22"><span class='ocrx_word' id='word_1_572' title='bbox 2094 736 2236 798; x_wconf 59' lang='lat' dir='ltr'><strong>csiam</strong></span> <span class='ocrx_word' id='word_1_573' title='bbox 2275 746 2417 800; x_wconf 90' lang='lat' dir='ltr'><strong>enim</strong></span> <span class='ocrx_word' id='word_1_574' title='bbox 2465 748 2788 801; x_wconf 77' lang='lat' dir='ltr'><strong>concurrunt</strong></span> <span class='ocrx_word' id='word_1_575' title='bbox 2815 788 2830 813; x_wconf 95' lang='lat'><strong>,</strong></span> <span class='ocrx_word' id='word_1_576' title='bbox 2858 744 2912 802; x_wconf 79' lang='lat' dir='ltr'><strong>et</strong></span> <span class='ocrx_word' id='word_1_577' title='bbox 2936 748 3005 803; x_wconf 91' lang='lat' dir='ltr'><strong>ibi</strong></span> <span class='ocrx_word' id='word_1_578' title='bbox 3049 748 3418 820; x_wconf 83' lang='lat' dir='ltr'><strong>cleemosynas</strong></span> <span class='ocrx_word' id='word_1_579' title='bbox 3457 749 3681 804; x_wconf 82' lang='lat' dir='ltr'><strong>faciunt.</strong></span> 
     </span>
    </p>
   </div>
   <div class='ocr_carea' id='block_1_69' title="bbox 2103 833 3685 907">
    <p class='ocr_par' dir='ltr' id='par_1_69' title="bbox 2103 833 3685 907">
     <span class='ocr_line' id='line_1_70' title="bbox 2103 833 3685 907; baseline 0.006 -20"><span class='ocrx_word' id='word_1_580' title='bbox 2103 833 2181 888; x_wconf 87' lang='lat' dir='ltr'><strong>Ne</strong></span> <span class='ocrx_word' id='word_1_581' title='bbox 2207 844 2355 888; x_wconf 78' lang='lat' dir='ltr'><strong>extra</strong></span> <span class='ocrx_word' id='word_1_582' title='bbox 2383 836 2529 902; x_wconf 84' lang='lat' dir='ltr'><strong>liam,</strong></span> <span class='ocrx_word' id='word_1_583' title='bbox 2555 836 2603 889; x_wconf 87' lang='lat' dir='ltr'><strong>id</strong></span> <span class='ocrx_word' id='word_1_584' title='bbox 2635 850 2734 901; x_wconf 84' lang='lat' dir='ltr'><strong>est,</strong></span> <span class='ocrx_word' id='word_1_585' title='bbox 2760 853 2825 892; x_wconf 91' lang='lat' dir='ltr'><strong>ne</strong></span> <span class='ocrx_word' id='word_1_586' title='bbox 2851 848 3003 894; x_wconf 81' lang='lat' dir='ltr'><strong>extra</strong></span> <span class='ocrx_word' id='word_1_587' title='bbox 3033 839 3187 907; x_wconf 90' lang='lat' dir='ltr'><strong>positi</strong></span> <span class='ocrx_word' id='word_1_588' title='bbox 3214 836 3346 893; x_wconf 69' lang='lat' dir='ltr'><strong>iisut</strong></span> <span class='ocrx_word' id='word_1_589' title='bbox 3367 882 3381 905; x_wconf 96' lang='lat'><strong>,</strong></span> <span class='ocrx_word' id='word_1_590' title='bbox 3412 841 3468 893; x_wconf 86' lang='lat' dir='ltr'><strong>in</strong></span> <span class='ocrx_word' id='word_1_591' title='bbox 3496 840 3685 897; x_wconf 80' lang='lat' dir='ltr'><strong>Eccle-</strong></span> 
     </span>
    </p>
   </div>
   <div class='ocr_carea' id='block_1_70' title="bbox 2094 919 3683 999">
    <p class='ocr_par' dir='ltr' id='par_1_70' title="bbox 2094 919 3683 999">
     <span class='ocr_line' id='line_1_71' title="bbox 2094 919 3683 999; baseline 0.006 -22"><span class='ocrx_word' id='word_1_592' title='bbox 2094 922 2448 979; x_wconf 69' lang='lat' dir='ltr'><strong>‘sia&#39;l&#39;aeiant.</strong></span> <span class='ocrx_word' id='word_1_593' title='bbox 2502 919 2689 981; x_wconf 87' lang='lat' dir='ltr'><strong>Vultus</strong></span> <span class='ocrx_word' id='word_1_594' title='bbox 2727 922 2869 982; x_wconf 66' lang='lat' dir='ltr'><strong>enim</strong></span> <span class='ocrx_word' id='word_1_595' title='bbox 2920 928 3131 997; x_wconf 63' lang='lat' dir='ltr'><strong>sponsae</strong></span> <span class='ocrx_word' id='word_1_596' title='bbox 3182 928 3339 999; x_wconf 87' lang='lat' dir='ltr'><strong>hujus</strong></span> <span class='ocrx_word' id='word_1_597' title='bbox 3384 940 3440 985; x_wconf 85' lang='lat' dir='ltr'><strong>et</strong></span> <span class='ocrx_word' id='word_1_598' title='bbox 3482 932 3683 999; x_wconf 77' lang='lat' dir='ltr'><strong>regina:</strong></span> 
     </span>
    </p>
   </div>
   <div class='ocr_carea' id='block_1_71' title="bbox 2107 1015 3684 1091">
    <p class='ocr_par' dir='ltr' id='par_1_71' title="bbox 2107 1015 3684 1091">
     <span class='ocr_line' id='line_1_72' title="bbox 2107 1015 3684 1091; baseline 0.004 -22"><span class='ocrx_word' id='word_1_599' title='bbox 2107 1015 2342 1084; x_wconf 69' lang='lat' dir='ltr'><strong>proderit</strong></span> <span class='ocrx_word' id='word_1_600' title='bbox 2369 1015 2701 1071; x_wconf 67' lang='lat' dir='ltr'><strong>facientibus.</strong></span> <span class='ocrx_word' id='word_1_601' title='bbox 2743 1019 3029 1089; x_wconf 68' lang='lat' dir='ltr'><strong>Prdptcr&#39;ea</strong></span> <span class='ocrx_word' id='word_1_602' title='bbox 3062 1020 3134 1074; x_wconf 88' lang='lat' dir='ltr'><strong>illi</strong></span> <span class='ocrx_word' id='word_1_603' title='bbox 3160 1022 3249 1091; x_wconf 89' lang='lat' dir='ltr'><strong>qui</strong></span> <span class='ocrx_word' id='word_1_604' title='bbox 3286 1036 3372 1076; x_wconf 88' lang='lat' dir='ltr'><strong>res</strong></span> <span class='ocrx_word' id='word_1_605' title='bbox 3395 1020 3684 1076; x_wconf 80' lang='lat' dir='ltr'><strong>suas&#39;ven-</strong></span> 
     </span>
    </p>
   </div>
   <div class='ocr_carea' id='block_1_72' title="bbox 2104 1105 3681 1181">
    <p class='ocr_par' dir='ltr' id='par_1_72' title="bbox 2104 1105 3681 1181">
     <span class='ocr_line' id='line_1_73' title="bbox 2104 1105 3681 1181; baseline 0.003 -21"><span class='ocrx_word' id='word_1_606' title='bbox 2104 1105 2320 1171; x_wconf 87' lang='lat' dir='ltr'><strong>debant,</strong></span> <span class='ocrx_word' id='word_1_607' title='bbox 2349 1108 2549 1161; x_wconf 89' lang='lat' dir='ltr'><strong>vultum</strong></span> <span class='ocrx_word' id='word_1_608' title='bbox 2582 1107 2778 1179; x_wconf 74' lang='lat' dir='ltr'><strong>regine</strong></span> <span class='ocrx_word' id='word_1_609' title='bbox 2810 1110 2967 1177; x_wconf 89' lang='lat' dir='ltr'><strong>hujus</strong></span> <span class='ocrx_word' id='word_1_610' title='bbox 2989 1110 3415 1181; x_wconf 86' lang='lat' dir='ltr'><strong>deprccantes’iu</strong></span> <span class='ocrx_word' id='word_1_611' title='bbox 3448 1113 3681 1165; x_wconf 86' lang='lat' dir='ltr'><strong>muneri-</strong></span> 
     </span>
    </p>
   </div>
   <div class='ocr_carea' id='block_1_73' title="bbox 2096 1197 3682 1273">
    <p class='ocr_par' dir='ltr' id='par_1_73' title="bbox 2096 1197 3682 1273">
     <span class='ocr_line' id='line_1_74' title="bbox 2096 1197 3682 1273; baseline 0.003 -22"><span class='ocrx_word' id='word_1_612' title='bbox 2096 1197 2204 1252; x_wconf 71' lang='lat' dir='ltr'><strong>bus</strong></span> <span class='ocrx_word' id='word_1_613' title='bbox 2228 1198 2543 1263; x_wconf 83' lang='lat' dir='ltr'><strong>veniebant;</strong></span> <span class='ocrx_word' id='word_1_614' title='bbox 2577 1211 2627 1255; x_wconf 90' lang='lat' dir='ltr'><strong>et</strong></span> <span class='ocrx_word' id='word_1_615' title='bbox 2657 1203 2717 1255; x_wconf 80' lang='lat' dir='ltr'><strong>ea</strong></span> <span class='ocrx_word' id='word_1_616' title='bbox 2746 1214 2873 1271; x_wconf 77' lang='lat' dir='ltr'><strong>&#39;qu;u</strong></span> <span class='ocrx_word' id='word_1_617' title='bbox 2900 1204 3206 1273; x_wconf 76' lang='lat' dir='ltr'><strong>portabant,</strong></span> <span class='ocrx_word' id='word_1_618' title='bbox 3235 1203 3301 1257; x_wconf 86' lang='lat' dir='ltr'><strong>ad</strong></span> <span class='ocrx_word' id='word_1_619' title='bbox 3345 1203 3508 1272; x_wconf 84' lang='lat' dir='ltr'><strong>pedes</strong></span> <span class='ocrx_word' id='word_1_620' title='bbox 3532 1205 3577 1256; x_wconf 80' lang='grc' dir='ltr'><strong>’Λ</strong></span> <span class='ocrx_word' id='word_1_621' title='bbox 3589 1199 3682 1272; x_wconf 80' lang='lat' dir='ltr'><strong>po-</strong></span> 
     </span>
    </p>
   </div>
   <div class='ocr_carea' id='block_1_74' title="bbox 2104 1278 3682 1364">
    <p class='ocr_par' dir='ltr' id='par_1_74' title="bbox 2104 1278 3682 1364">
     <span class='ocr_line' id='line_1_75' title="bbox 2104 1278 3682 1364; baseline 0.003 -24"><span class='ocrx_word' id='word_1_622' title='bbox 2104 1288 2361 1342; x_wconf 83' lang='lat' dir='ltr'><strong>stolorum</strong></span> <span class='ocrx_word' id='word_1_623' title='bbox 2393 1278 2660 1359; x_wconf 82' lang='lat' dir='ltr'><strong>ponebant</strong></span> <span class='ocrx_word' id='word_1_624' title='bbox 2681 1290 2814 1364; x_wconf 83' lang='lat' dir='ltr'><strong>(Act.</strong></span> <span class='ocrx_word' id='word_1_625' title='bbox 2839 1307 2912 1356; x_wconf 87' lang='lat' dir='ltr'><strong>tv,</strong></span> <span class='ocrx_word' id='word_1_626' title='bbox 2939 1291 3051 1362; x_wconf 70' lang='grc'><strong>54).</strong></span> <span class='ocrx_word' id='word_1_627' title='bbox 3084 1290 3344 1346; x_wconf 82' lang='lat' dir='ltr'><strong>Fervebat</strong></span> <span class='ocrx_word' id='word_1_628' title='bbox 3383 1288 3604 1346; x_wconf 79' lang='lat' dir='ltr'><strong>dilectio</strong></span> <span class='ocrx_word' id='word_1_629' title='bbox 3631 1292 3682 1345; x_wconf 90' lang='lat' dir='ltr'><strong>in</strong></span> 
     </span>
    </p>
   </div>
   <div class='ocr_carea' id='block_1_75' title="bbox 2108 1379 3682 1454">
    <p class='ocr_par' dir='ltr' id='par_1_75' title="bbox 2108 1379 3682 1454">
     <span class='ocr_line' id='line_1_76' title="bbox 2108 1379 3682 1454; baseline 0.002 -20"><span class='ocrx_word' id='word_1_630' title='bbox 2108 1379 2383 1450; x_wconf 82' lang='lat' dir='ltr'><strong>Ecclesia,</strong></span> <span class='ocrx_word' id='word_1_631' title='bbox 2408 1383 2583 1437; x_wconf 86' lang='lat' dir='ltr'><strong>vultus</strong></span> <span class='ocrx_word' id='word_1_632' title='bbox 2626 1391 2742 1438; x_wconf 89' lang='lat' dir='ltr'><strong>erat</strong></span> <span class='ocrx_word' id='word_1_633' title='bbox 2780 1384 2975 1454; x_wconf 76' lang='lat' dir='ltr'><strong>reginae</strong></span> <span class='ocrx_word' id='word_1_634' title='bbox 3030 1384 3265 1438; x_wconf 85' lang='lat' dir='ltr'><strong>Ecclesia</strong></span> <span class='ocrx_word' id='word_1_635' title='bbox 3290 1424 3305 1449; x_wconf 89' lang='lat'><strong>,</strong></span> <span class='ocrx_word' id='word_1_636' title='bbox 3352 1383 3533 1437; x_wconf 82' lang='lat' dir='ltr'><strong>vultus</strong></span> <span class='ocrx_word' id='word_1_637' title='bbox 3571 1392 3682 1437; x_wconf 81' lang='lat' dir='ltr'><strong>erat</strong></span> 
     </span>
    </p>
   </div>
   <div class='ocr_carea' id='block_1_76' title="bbox 2107 1473 3681 1545">
    <p class='ocr_par' dir='ltr' id='par_1_76' title="bbox 2107 1473 3681 1545">
     <span class='ocr_line' id='line_1_77' title="bbox 2107 1473 3681 1545; baseline 0.002 -21"><span class='ocrx_word' id='word_1_638' title='bbox 2107 1473 2304 1542; x_wconf 68' lang='lat' dir='ltr'><strong>reginae</strong></span> <span class='ocrx_word' id='word_1_639' title='bbox 2361 1474 2674 1544; x_wconf 90' lang='lat' dir='ltr'><strong>obsequium</strong></span> <span class='ocrx_word' id='word_1_640' title='bbox 2722 1473 2947 1531; x_wconf 84' lang='lat' dir='ltr'><strong>ﬁliarum</strong></span> <span class='ocrx_word' id='word_1_641' title='bbox 3010 1474 3156 1545; x_wconf 79' lang='lat' dir='ltr'><strong>Tyri,</strong></span> <span class='ocrx_word' id='word_1_642' title='bbox 3209 1473 3261 1528; x_wconf 91' lang='lat' dir='ltr'><strong>id</strong></span> <span class='ocrx_word' id='word_1_643' title='bbox 3318 1485 3421 1538; x_wconf 87' lang='lat' dir='ltr'><strong>est,</strong></span> <span class='ocrx_word' id='word_1_644' title='bbox 3458 1473 3681 1527; x_wconf 86' lang='lat' dir='ltr'><strong>divitum</strong></span> 
     </span>
    </p>
   </div>
   <div class='ocr_carea' id='block_1_77' title="bbox 2107 1563 3678 1636">
    <p class='ocr_par' dir='ltr' id='par_1_77' title="bbox 2107 1563 3678 1636">
     <span class='ocr_line' id='line_1_78' title="bbox 2107 1563 3678 1636; baseline 0.003 -21"><span class='ocrx_word' id='word_1_645' title='bbox 2107 1563 2442 1618; x_wconf 82' lang='lat' dir='ltr'><strong>adorantium</strong></span> <span class='ocrx_word' id='word_1_646' title='bbox 2466 1565 2514 1618; x_wconf 88' lang='lat' dir='ltr'><strong>itt</strong></span> <span class='ocrx_word' id='word_1_647' title='bbox 2543 1565 2871 1620; x_wconf 88' lang='lat' dir='ltr'><strong>muneribus.</strong></span> <span class='ocrx_word' id='word_1_648' title='bbox 2910 1564 3115 1619; x_wconf 84' lang='lat' dir='ltr'><strong>Vultum</strong></span> <span class='ocrx_word' id='word_1_649' title='bbox 3161 1577 3301 1619; x_wconf 86' lang='lat' dir='ltr'><strong>tuum</strong></span> <span class='ocrx_word' id='word_1_650' title='bbox 3329 1566 3678 1636; x_wconf 86' lang='lat' dir='ltr'><strong>deprecabun-</strong></span> 
     </span>
    </p>
   </div>
   <div class='ocr_carea' id='block_1_78' title="bbox 2109 1645 3684 1726">
    <p class='ocr_par' dir='ltr' id='par_1_78' title="bbox 2109 1645 3684 1726">
     <span class='ocr_line' id='line_1_79' title="bbox 2109 1645 3684 1726; baseline 0.003 -19"><span class='ocrx_word' id='word_1_651' title='bbox 2109 1645 2191 1707; x_wconf 78' lang='lat' dir='ltr'><strong>tur</strong></span> <span class='ocrx_word' id='word_1_652' title='bbox 2228 1655 2403 1707; x_wconf 88' lang='lat' dir='ltr'><strong>divites</strong></span> <span class='ocrx_word' id='word_1_653' title='bbox 2449 1648 2623 1725; x_wconf 76' lang='lat' dir='ltr'><strong>plebis.</strong></span> <span class='ocrx_word' id='word_1_654' title='bbox 2676 1656 2739 1709; x_wconf 83' lang='lat' dir='ltr'><strong>Et</strong></span> <span class='ocrx_word' id='word_1_655' title='bbox 2780 1656 2869 1726; x_wconf 88' lang='lat' dir='ltr'><strong>qui</strong></span> <span class='ocrx_word' id='word_1_656' title='bbox 2907 1655 3333 1725; x_wconf 88' lang='lat' dir='ltr'><strong>deprecabuntur</strong></span> <span class='ocrx_word' id='word_1_657' title='bbox 3370 1657 3596 1722; x_wconf 90' lang='lat' dir='ltr'><strong>vultum,</strong></span> <span class='ocrx_word' id='word_1_658' title='bbox 3633 1667 3684 1711; x_wconf 91' lang='lat' dir='ltr'><strong>et</strong></span> 
     </span>
    </p>
   </div>
   <div class='ocr_carea' id='block_1_79' title="bbox 2108 1745 3684 1816">
    <p class='ocr_par' dir='ltr' id='par_1_79' title="bbox 2108 1745 3684 1816">
     <span class='ocr_line' id='line_1_80' title="bbox 2108 1745 3684 1816; baseline 0.001 -18"><span class='ocrx_word' id='word_1_659' title='bbox 2108 1746 2261 1813; x_wconf 84' lang='lat' dir='ltr'><strong>cujus</strong></span> <span class='ocrx_word' id='word_1_660' title='bbox 2321 1746 2518 1799; x_wconf 87' lang='lat' dir='ltr'><strong>vultum</strong></span> <span class='ocrx_word' id='word_1_661' title='bbox 2587 1745 3052 1815; x_wconf 71' lang='lat' dir='ltr'><strong>depreCabuntnr,</strong></span> <span class='ocrx_word' id='word_1_662' title='bbox 3108 1760 3296 1802; x_wconf 87' lang='lat' dir='ltr'><strong>omnes</strong></span> <span class='ocrx_word' id='word_1_663' title='bbox 3337 1762 3438 1801; x_wconf 91' lang='lat' dir='ltr'><strong>una</strong></span> <span class='ocrx_word' id='word_1_664' title='bbox 3465 1761 3684 1816; x_wconf 81' lang='lat' dir='ltr'><strong>sponsa,</strong></span> 
     </span>
    </p>
   </div>
   <div class='ocr_carea' id='block_1_80' title="bbox 2092 1832 3684 1906">
    <p class='ocr_par' dir='ltr' id='par_1_80' title="bbox 2092 1832 3684 1906">
     <span class='ocr_line' id='line_1_81' title="bbox 2092 1832 3684 1906; baseline -0.001 -14"><span class='ocrx_word' id='word_1_665' title='bbox 2092 1840 2295 1892; x_wconf 57' lang='lat' dir='ltr'><strong>“omnes</strong></span> <span class='ocrx_word' id='word_1_666' title='bbox 2345 1851 2445 1890; x_wconf 90' lang='lat' dir='ltr'><strong>una</strong></span> <span class='ocrx_word' id='word_1_667' title='bbox 2506 1838 2705 1906; x_wconf 79' lang='lat' dir='ltr'><strong>regina,</strong></span> <span class='ocrx_word' id='word_1_668' title='bbox 2769 1832 2939 1892; x_wconf 78' lang='lat' dir='ltr'><strong>mater</strong></span> <span class='ocrx_word' id='word_1_669' title='bbox 2971 1846 3023 1891; x_wconf 91' lang='lat' dir='ltr'><strong>et</strong></span> <span class='ocrx_word' id='word_1_670' title='bbox 3053 1836 3143 1890; x_wconf 81' lang='lat' dir='ltr'><strong>lilii</strong></span> <span class='ocrx_word' id='word_1_671' title='bbox 3198 1838 3354 1892; x_wconf 79' lang='lat' dir='ltr'><strong>simul</strong></span> <span class='ocrx_word' id='word_1_672' title='bbox 3397 1845 3566 1891; x_wconf 77' lang='lat' dir='ltr'><strong>totum</strong></span> <span class='ocrx_word' id='word_1_673' title='bbox 3617 1838 3684 1891; x_wconf 77' lang='lat' dir='ltr'><strong>ad</strong></span> 
     </span>
    </p>
   </div>
   <div class='ocr_carea' id='block_1_81' title="bbox 2098 1922 3286 1998">
    <p class='ocr_par' dir='ltr' id='par_1_81' title="bbox 2098 1922 3286 1998">
     <span class='ocr_line' id='line_1_82' title="bbox 2098 1922 3286 1998; baseline -0.001 -17"><span class='ocrx_word' id='word_1_674' title='bbox 2098 1927 2397 1981; x_wconf 75' lang='lat' dir='ltr'><strong>Christum&quot;</strong></span> <span class='ocrx_word' id='word_1_675' title='bbox 2413 1922 2701 1997; x_wconf 72' lang='lat' dir='ltr'><strong>pértinens,</strong></span> <span class='ocrx_word' id='word_1_676' title='bbox 2724 1928 2787 1983; x_wconf 86' lang='lat' dir='ltr'><strong>ad</strong></span> <span class='ocrx_word' id='word_1_677' title='bbox 2817 1924 3286 1998; x_wconf 74' lang='lat' dir='ltr'><strong>capnt&#39;pertineus.</strong></span> 
     </span>
    </p>
   </div>
   <div class='ocr_carea' id='block_1_82' title="bbox 2178 2014 3689 2092">
    <p class='ocr_par' dir='ltr' id='par_1_82' title="bbox 2178 2014 3689 2092">
     <span class='ocr_line' id='line_1_83' title="bbox 2178 2014 3689 2092; baseline 0.003 -20"><span class='ocrx_word' id='word_1_678' title='bbox 2178 2018 2267 2073; x_wconf 78' lang='lat'><strong>9.9.</strong></span> <span class='ocrx_word' id='word_1_679' title='bbox 2296 2018 2399 2073; x_wconf 78' lang='lat' dir='ltr'><strong>Sed</strong></span> <span class='ocrx_word' id='word_1_680' title='bbox 2430 2021 2548 2088; x_wconf 88' lang='lat' dir='ltr'><strong>quia</strong></span> <span class='ocrx_word' id='word_1_681' title='bbox 2571 2020 2700 2073; x_wconf 84' lang='lat' dir='ltr'><strong>lium.</strong></span> <span class='ocrx_word' id='word_1_682' title='bbox 2730 2022 2835 2075; x_wconf 86' lang='lat' dir='ltr'><strong>ista.</strong></span> <span class='ocrx_word' id='word_1_683' title='bbox 2855 2035 3016 2089; x_wconf 87' lang='lat' dir='ltr'><strong>opera</strong></span> <span class='ocrx_word' id='word_1_684' title='bbox 3034 2014 3602 2092; x_wconf 42' lang='lat' dir='ltr'><strong>et‘istzn‘el‘eemOSyua:</strong></span> <span class='ocrx_word' id='word_1_685' title='bbox 3620 2023 3689 2077; x_wconf 83' lang='lat' dir='ltr'><strong>ad</strong></span> 
     </span>
    </p>
   </div>
   <div class='ocr_carea' id='block_1_83' title="bbox 2096 2108 3690 2181">
    <p class='ocr_par' dir='ltr' id='par_1_83' title="bbox 2096 2108 3690 2181">
     <span class='ocr_line' id='line_1_84' title="bbox 2096 2108 3690 2181; baseline 0.003 -20"><span class='ocrx_word' id='word_1_686' title='bbox 2096 2108 2413 2178; x_wconf 75' lang='lat' dir='ltr'><strong>&#39;jaetantiam</strong></span> <span class='ocrx_word' id='word_1_687' title='bbox 2446 2110 2880 2176; x_wconf 77' lang='lat' dir='ltr'><strong>huminmn,‘inde</strong></span> <span class='ocrx_word' id='word_1_688' title='bbox 2906 2110 3033 2166; x_wconf 81' lang='lat' dir='ltr'><strong>dicit</strong></span> <span class='ocrx_word' id='word_1_689' title='bbox 3059 2112 3168 2179; x_wconf 88' lang='lat' dir='ltr'><strong>ipse</strong></span> <span class='ocrx_word' id='word_1_690' title='bbox 3192 2112 3445 2181; x_wconf 83' lang='lat' dir='ltr'><strong>Dominus</strong></span> <span class='ocrx_word' id='word_1_691' title='bbox 3470 2131 3482 2166; x_wconf 92' lang='lat'>:</span> <span class='ocrx_word' id='word_1_692' title='bbox 3509 2112 3690 2168; x_wconf 77' lang='lat' dir='ltr'><strong>Cavete</strong></span> 
     </span>
    </p>
   </div>
   <div class='ocr_carea' id='block_1_84' title="bbox 2111 2200 3687 2271">
    <p class='ocr_par' dir='ltr' id='par_1_84' title="bbox 2111 2200 3687 2271">
     <span class='ocr_line' id='line_1_85' title="bbox 2111 2200 3687 2271; baseline 0.004 -17"><span class='ocrx_word' id='word_1_693' title='bbox 2111 2202 2278 2271; x_wconf 80' lang='lat' dir='ltr'><strong>facere</strong></span> <span class='ocrx_word' id='word_1_694' title='bbox 2296 2204 2541 2269; x_wconf 85' lang='lat' dir='ltr'><strong>iustitiam</strong></span> <span class='ocrx_word' id='word_1_695' title='bbox 2568 2214 2779 2258; x_wconf 82' lang='lat' dir='ltr'><strong>vestram</strong></span> <span class='ocrx_word' id='word_1_696' title='bbox 2800 2200 2969 2261; x_wconf 85' lang='lat' dir='ltr'><strong>coram</strong></span> <span class='ocrx_word' id='word_1_697' title='bbox 3001 2207 3286 2261; x_wconf 85' lang='lat' dir='ltr'><strong>hominibus</strong></span> <span class='ocrx_word' id='word_1_698' title='bbox 3317 2216 3370 2259; x_wconf 88' lang='lat' dir='ltr'><strong>ut</strong></span> <span class='ocrx_word' id='word_1_699' title='bbox 3396 2207 3687 2265; x_wconf 65' lang='lat' dir='ltr'><strong>videamini</strong></span> 
     </span>
    </p>
   </div>
   <div class='ocr_carea' id='block_1_85' title="bbox 2109 2295 3691 2366">
    <p class='ocr_par' dir='ltr' id='par_1_85' title="bbox 2109 2295 3691 2366">
     <span class='ocr_line' id='line_1_86' title="bbox 2109 2295 3691 2366; baseline 0.004 -19"><span class='ocrx_word' id='word_1_700' title='bbox 2109 2296 2173 2349; x_wconf 88' lang='lat' dir='ltr'><strong>ab</strong></span> <span class='ocrx_word' id='word_1_701' title='bbox 2195 2297 2264 2349; x_wconf 83' lang='lat' dir='ltr'><strong>eis</strong></span> <span class='ocrx_word' id='word_1_702' title='bbox 2286 2295 2497 2365; x_wconf 73' lang='lat' dir='ltr'><strong>(Matth.</strong></span> <span class='ocrx_word' id='word_1_703' title='bbox 2520 2313 2592 2362; x_wconf 89' lang='lat' dir='ltr'><strong>vt,</strong></span> <span class='ocrx_word' id='word_1_704' title='bbox 2623 2297 2697 2365; x_wconf 83' lang='lat' dir='ltr'><strong>l).</strong></span> <span class='ocrx_word' id='word_1_705' title='bbox 2729 2297 3009 2363; x_wconf 82' lang='lat' dir='ltr'><strong>Quomodo</strong></span> <span class='ocrx_word' id='word_1_706' title='bbox 3041 2305 3220 2353; x_wconf 90' lang='lat' dir='ltr'><strong>autem</strong></span> <span class='ocrx_word' id='word_1_707' title='bbox 3260 2306 3314 2353; x_wconf 87' lang='lat' dir='ltr'><strong>et</strong></span> <span class='ocrx_word' id='word_1_708' title='bbox 3356 2298 3568 2366; x_wconf 89' lang='lat' dir='ltr'><strong>publice</strong></span> <span class='ocrx_word' id='word_1_709' title='bbox 3593 2297 3691 2353; x_wconf 86' lang='lat' dir='ltr'><strong>dc-</strong></span> 
     </span>
    </p>
   </div>
   <div class='ocr_carea' id='block_1_86' title="bbox 2111 2387 3691 2459">
    <p class='ocr_par' dir='ltr' id='par_1_86' title="bbox 2111 2387 3691 2459">
     <span class='ocr_line' id='line_1_87' title="bbox 2111 2387 3691 2459; baseline 0.001 -17"><span class='ocrx_word' id='word_1_710' title='bbox 2111 2389 2239 2442; x_wconf 83' lang='lat' dir='ltr'><strong>bcnt</strong></span> <span class='ocrx_word' id='word_1_711' title='bbox 2268 2389 2378 2441; x_wconf 85' lang='lat' dir='ltr'><strong>ticri</strong></span> <span class='ocrx_word' id='word_1_712' title='bbox 2403 2398 2619 2458; x_wconf 75' lang='lat' dir='ltr'><strong>propter</strong></span> <span class='ocrx_word' id='word_1_713' title='bbox 2645 2388 2848 2442; x_wconf 85' lang='lat' dir='ltr'><strong>vultum</strong></span> <span class='ocrx_word' id='word_1_714' title='bbox 2874 2403 3108 2458; x_wconf 67' lang='lat' dir='ltr'><strong>sponsae,</strong></span> <span class='ocrx_word' id='word_1_715' title='bbox 3136 2390 3211 2443; x_wconf 87' lang='lat' dir='ltr'><strong>ait</strong></span> <span class='ocrx_word' id='word_1_716' title='bbox 3240 2406 3254 2443; x_wconf 90' lang='lat'><strong>:</strong></span> <span class='ocrx_word' id='word_1_717' title='bbox 3283 2387 3511 2443; x_wconf 86' lang='lat' dir='ltr'><strong>Luceant</strong></span> <span class='ocrx_word' id='word_1_718' title='bbox 3534 2405 3691 2459; x_wconf 81' lang='lat' dir='ltr'><strong>opera</strong></span> 
     </span>
    </p>
   </div>
   <div class='ocr_carea' id='block_1_87' title="bbox 2111 2478 3689 2552">
    <p class='ocr_par' dir='ltr' id='par_1_87' title="bbox 2111 2478 3689 2552">
     <span class='ocr_line' id='line_1_88' title="bbox 2111 2478 3689 2552; baseline 0.002 -20"><span class='ocrx_word' id='word_1_719' title='bbox 2111 2478 2272 2532; x_wconf 70' lang='lat' dir='ltr'><strong>vestra</strong></span> <span class='ocrx_word' id='word_1_720' title='bbox 2288 2485 2456 2532; x_wconf 80' lang='lat' dir='ltr'><strong>coram</strong></span> <span class='ocrx_word' id='word_1_721' title='bbox 2481 2478 2781 2545; x_wconf 84' lang='lat' dir='ltr'><strong>hominibus,</strong></span> <span class='ocrx_word' id='word_1_722' title='bbox 2805 2490 2859 2534; x_wconf 91' lang='lat' dir='ltr'><strong>ut</strong></span> <span class='ocrx_word' id='word_1_723' title='bbox 2896 2480 3266 2534; x_wconf 62' lang='lat' dir='ltr'><strong>videaut‘bona</strong></span> <span class='ocrx_word' id='word_1_724' title='bbox 3310 2485 3448 2552; x_wconf 80' lang='lat' dir='ltr'><strong>facta</strong></span> <span class='ocrx_word' id='word_1_725' title='bbox 3490 2490 3689 2547; x_wconf 81' lang='lat' dir='ltr'><strong>vestra,</strong></span> 
     </span>
    </p>
   </div>
   <div class='ocr_carea' id='block_1_88' title="bbox 2112 2566 3690 2641">
    <p class='ocr_par' dir='ltr' id='par_1_88' title="bbox 2112 2566 3690 2641">
     <span class='ocr_line' id='line_1_89' title="bbox 2112 2566 3690 2641; baseline 0.001 -18"><span class='ocrx_word' id='word_1_726' title='bbox 2112 2569 2450 2638; x_wconf 76' lang='lat' dir='ltr'><strong>et&#39;gloriﬁcent</strong></span> <span class='ocrx_word' id='word_1_727' title='bbox 2476 2566 2698 2623; x_wconf 73' lang='lat' dir='ltr'><strong>‘Patrem</strong></span> <span class='ocrx_word' id='word_1_728' title='bbox 2736 2576 2953 2624; x_wconf 80' lang='lat' dir='ltr'><strong>vestrum</strong></span> <span class='ocrx_word' id='word_1_729' title='bbox 2984 2570 3070 2641; x_wconf 83' lang='lat' dir='ltr'><strong>qui</strong></span> <span class='ocrx_word' id='word_1_730' title='bbox 3090 2570 3143 2624; x_wconf 85' lang='lat' dir='ltr'><strong>in</strong></span> <span class='ocrx_word' id='word_1_731' title='bbox 3189 2569 3329 2629; x_wconf 73' lang='lat' dir='ltr'><strong>caelis</strong></span> <span class='ocrx_word' id='word_1_732' title='bbox 3365 2579 3441 2624; x_wconf 85' lang='lat' dir='ltr'><strong>est</strong></span> <span class='ocrx_word' id='word_1_733' title='bbox 3488 2569 3599 2640; x_wconf 83' lang='lat' dir='ltr'><strong>(Id.</strong></span> <span class='ocrx_word' id='word_1_734' title='bbox 3630 2586 3690 2638; x_wconf 73' lang='grc' dir='ltr'><strong>ν,</strong></span> 
     </span>
    </p>
   </div>
   <div class='ocr_carea' id='block_1_89' title="bbox 2113 2661 3696 2732">
    <p class='ocr_par' dir='ltr' id='par_1_89' title="bbox 2113 2661 3696 2732">
     <span class='ocr_line' id='line_1_90' title="bbox 2113 2661 3696 2732; baseline -0.001 -16"><span class='ocrx_word' id='word_1_735' title='bbox 2113 2661 2202 2731; x_wconf 80' lang='lat' dir='ltr'><strong>l6)</strong></span> <span class='ocrx_word' id='word_1_736' title='bbox 2233 2681 2247 2715; x_wconf 89' lang='lat'><strong>:</strong></span> <span class='ocrx_word' id='word_1_737' title='bbox 2282 2675 2385 2715; x_wconf 91' lang='lat' dir='ltr'><strong>non</strong></span> <span class='ocrx_word' id='word_1_738' title='bbox 2424 2669 2481 2715; x_wconf 92' lang='lat' dir='ltr'><strong>ut</strong></span> <span class='ocrx_word' id='word_1_739' title='bbox 2526 2661 2746 2731; x_wconf 74' lang='lat' dir='ltr'><strong>gloriam</strong></span> <span class='ocrx_word' id='word_1_740' title='bbox 2793 2670 3023 2717; x_wconf 87' lang='lat' dir='ltr'><strong>vestram</strong></span> <span class='ocrx_word' id='word_1_741' title='bbox 3051 2662 3302 2731; x_wconf 69' lang='lat' dir='ltr'><strong>qumratis</strong></span> <span class='ocrx_word' id='word_1_742' title='bbox 3355 2661 3407 2715; x_wconf 92' lang='lat' dir='ltr'><strong>in</strong></span> <span class='ocrx_word' id='word_1_743' title='bbox 3439 2661 3696 2732; x_wconf 84' lang='lat' dir='ltr'><strong>operibus</strong></span> 
     </span>
    </p>
   </div>
   <div class='ocr_carea' id='block_1_90' title="bbox 2111 2748 3697 2825">
    <p class='ocr_par' dir='ltr' id='par_1_90' title="bbox 2111 2748 3697 2825">
     <span class='ocr_line' id='line_1_91' title="bbox 2111 2748 3697 2825; baseline 0 -18"><span class='ocrx_word' id='word_1_744' title='bbox 2111 2752 2266 2808; x_wconf 87' lang='lat' dir='ltr'><strong>bouis</strong></span> <span class='ocrx_word' id='word_1_745' title='bbox 2317 2768 2436 2822; x_wconf 70' lang='lat' dir='ltr'><strong>qua:</strong></span> <span class='ocrx_word' id='word_1_746' title='bbox 2485 2748 2691 2823; x_wconf 81' lang='lat' dir='ltr'><strong>publice</strong></span> <span class='ocrx_word' id='word_1_747' title='bbox 2735 2751 2926 2816; x_wconf 78' lang='lat' dir='ltr'><strong>facitis,</strong></span> <span class='ocrx_word' id='word_1_748' title='bbox 2972 2751 3066 2808; x_wconf 85' lang='lat' dir='ltr'><strong>sed</strong></span> <span class='ocrx_word' id='word_1_749' title='bbox 3113 2761 3168 2806; x_wconf 86' lang='lat' dir='ltr'><strong>ut</strong></span> <span class='ocrx_word' id='word_1_750' title='bbox 3196 2752 3421 2825; x_wconf 80' lang='lat' dir='ltr'><strong>gloriam</strong></span> <span class='ocrx_word' id='word_1_751' title='bbox 3477 2752 3594 2807; x_wconf 85' lang='lat' dir='ltr'><strong>Dei.</strong></span> <span class='ocrx_word' id='word_1_752' title='bbox 3625 2752 3697 2807; x_wconf 79' lang='grc' dir='ltr'><strong>Ει</strong></span> 
     </span>
    </p>
   </div>
   <div class='ocr_carea' id='block_1_91' title="bbox 2111 2838 3695 2916">
    <p class='ocr_par' dir='ltr' id='par_1_91' title="bbox 2111 2838 3695 2916">
     <span class='ocr_line' id='line_1_92' title="bbox 2111 2838 3695 2916; baseline 0.001 -19"><span class='ocrx_word' id='word_1_753' title='bbox 2111 2842 2230 2916; x_wconf 85' lang='lat' dir='ltr'><strong>quis</strong></span> <span class='ocrx_word' id='word_1_754' title='bbox 2274 2845 2452 2907; x_wconf 88' lang='lat' dir='ltr'><strong>novit,</strong></span> <span class='ocrx_word' id='word_1_755' title='bbox 2491 2844 2698 2913; x_wconf 90' lang='lat' dir='ltr'><strong>inquit,</strong></span> <span class='ocrx_word' id='word_1_756' title='bbox 2742 2853 2917 2898; x_wconf 90' lang='lat' dir='ltr'><strong>utrum</strong></span> <span class='ocrx_word' id='word_1_757' title='bbox 2956 2838 3178 2914; x_wconf 80' lang='lat' dir='ltr'><strong>gloriam</strong></span> <span class='ocrx_word' id='word_1_758' title='bbox 3224 2844 3318 2899; x_wconf 88' lang='lat' dir='ltr'><strong>Dei</strong></span> <span class='ocrx_word' id='word_1_759' title='bbox 3358 2859 3576 2915; x_wconf 78' lang='lat' dir='ltr'><strong>quzcro,</strong></span> <span class='ocrx_word' id='word_1_760' title='bbox 3623 2858 3695 2899; x_wconf 85' lang='lat' dir='ltr'><strong>an</strong></span> 
     </span>
    </p>
   </div>
   <div class='ocr_carea' id='block_1_92' title="bbox 2101 2929 3696 3004">
    <p class='ocr_par' dir='ltr' id='par_1_92' title="bbox 2101 2929 3696 3004">
     <span class='ocr_line' id='line_1_93' title="bbox 2101 2929 3696 3004; baseline -0.001 -16"><span class='ocrx_word' id='word_1_761' title='bbox 2101 2929 2329 3004; x_wconf 82' lang='lat' dir='ltr'><strong>&#39;g&#39;loriam</strong></span> <span class='ocrx_word' id='word_1_762' title='bbox 2352 2932 2715 3001; x_wconf 72' lang='lat' dir='ltr'><strong>mc&#39;amYQuia</strong></span> <span class='ocrx_word' id='word_1_763' title='bbox 2737 2933 2806 2988; x_wconf 92' lang='lat' dir='ltr'><strong>do</strong></span> <span class='ocrx_word' id='word_1_764' title='bbox 2835 2935 3050 3003; x_wconf 85' lang='lat' dir='ltr'><strong>pauperi</strong></span> <span class='ocrx_word' id='word_1_765' title='bbox 3077 2975 3091 2998; x_wconf 94' lang='lat'><strong>,</strong></span> <span class='ocrx_word' id='word_1_766' title='bbox 3126 2933 3310 2988; x_wconf 86' lang='lat' dir='ltr'><strong>videor</strong></span> <span class='ocrx_word' id='word_1_767' title='bbox 3334 2950 3348 2986; x_wconf 90' lang='lat'><strong>:</strong></span> <span class='ocrx_word' id='word_1_768' title='bbox 3378 2949 3484 3004; x_wconf 90' lang='lat' dir='ltr'><strong>quo</strong></span> <span class='ocrx_word' id='word_1_769' title='bbox 3510 2935 3696 2987; x_wconf 88' lang='lat' dir='ltr'><strong>animo</strong></span> 
     </span>
    </p>
   </div>
   <div class='ocr_carea' id='block_1_93' title="bbox 2100 3018 3697 3096">
    <p class='ocr_par' dir='ltr' id='par_1_93' title="bbox 2100 3018 3697 3096">
     <span class='ocr_line' id='line_1_94' title="bbox 2100 3018 3697 3096; baseline 0.001 -16"><span class='ocrx_word' id='word_1_770' title='bbox 2100 3018 2263 3091; x_wconf 56' lang='lat' dir='ltr'><strong>&quot;dem,</strong></span> <span class='ocrx_word' id='word_1_771' title='bbox 2294 3027 2411 3096; x_wconf 89' lang='lat' dir='ltr'><strong>quis</strong></span> <span class='ocrx_word' id='word_1_772' title='bbox 2461 3022 2636 3080; x_wconf 77' lang='lat' dir='ltr'><strong>videt?</strong></span> <span class='ocrx_word' id='word_1_773' title='bbox 2664 3021 2915 3081; x_wconf 35' lang='lat' dir='ltr'><strong>‘Sul‘liciat</strong></span> <span class='ocrx_word' id='word_1_774' title='bbox 2954 3026 3045 3080; x_wconf 91' lang='lat' dir='ltr'><strong>tibi</strong></span> <span class='ocrx_word' id='word_1_775' title='bbox 3075 3026 3169 3095; x_wconf 84' lang='lat' dir='ltr'><strong>qui</strong></span> <span class='ocrx_word' id='word_1_776' title='bbox 3205 3024 3384 3091; x_wconf 86' lang='lat' dir='ltr'><strong>videt;</strong></span> <span class='ocrx_word' id='word_1_777' title='bbox 3418 3026 3507 3081; x_wconf 88' lang='lat' dir='ltr'><strong>ille</strong></span> <span class='ocrx_word' id='word_1_778' title='bbox 3547 3025 3697 3081; x_wconf 87' lang='lat' dir='ltr'><strong>videt</strong></span> 
     </span>
    </p>
   </div>
   <div class='ocr_carea' id='block_1_94' title="bbox 2111 3115 3697 3185">
    <p class='ocr_par' dir='ltr' id='par_1_94' title="bbox 2111 3115 3697 3185">
     <span class='ocr_line' id='line_1_95' title="bbox 2111 3115 3697 3185; baseline -0.001 -14"><span class='ocrx_word' id='word_1_779' title='bbox 2111 3117 2198 3185; x_wconf 90' lang='lat' dir='ltr'><strong>qui</strong></span> <span class='ocrx_word' id='word_1_780' title='bbox 2249 3115 2524 3171; x_wconf 88' lang='lat' dir='ltr'><strong>retribuet.</strong></span> <span class='ocrx_word' id='word_1_781' title='bbox 2571 3115 2717 3169; x_wconf 71' lang='lat' dir='ltr'><strong>Intus</strong></span> <span class='ocrx_word' id='word_1_782' title='bbox 2756 3125 2899 3169; x_wconf 85' lang='lat' dir='ltr'><strong>amat</strong></span> <span class='ocrx_word' id='word_1_783' title='bbox 2943 3115 3033 3185; x_wconf 89' lang='lat' dir='ltr'><strong>qui</strong></span> <span class='ocrx_word' id='word_1_784' title='bbox 3088 3116 3230 3169; x_wconf 88' lang='lat' dir='ltr'><strong>intus</strong></span> <span class='ocrx_word' id='word_1_785' title='bbox 3284 3115 3428 3169; x_wconf 87' lang='lat' dir='ltr'><strong>videt</strong></span> <span class='ocrx_word' id='word_1_786' title='bbox 3473 3133 3489 3169; x_wconf 73' lang='grc' dir='ltr'>ε</span> <span class='ocrx_word' id='word_1_787' title='bbox 3550 3117 3697 3170; x_wconf 82' lang='lat' dir='ltr'><strong>intus</strong></span> 
     </span>
    </p>
   </div>
   <div class='ocr_carea' id='block_1_95' title="bbox 2102 3208 3695 3280">
    <p class='ocr_par' dir='ltr' id='par_1_95' title="bbox 2102 3208 3695 3280">
     <span class='ocr_line' id='line_1_96' title="bbox 2102 3208 3695 3280; baseline -0.002 -14"><span class='ocrx_word' id='word_1_788' title='bbox 2102 3219 2288 3275; x_wconf 86' lang='lat' dir='ltr'><strong>&#39;amat,</strong></span> <span class='ocrx_word' id='word_1_789' title='bbox 2321 3211 2463 3264; x_wconf 91' lang='lat' dir='ltr'><strong>intus</strong></span> <span class='ocrx_word' id='word_1_790' title='bbox 2510 3218 2719 3263; x_wconf 85' lang='lat' dir='ltr'><strong>ametur</strong></span> <span class='ocrx_word' id='word_1_791' title='bbox 2760 3209 2848 3280; x_wconf 87' lang='lat' dir='ltr'><strong>qui</strong></span> <span class='ocrx_word' id='word_1_792' title='bbox 2882 3209 3191 3264; x_wconf 83' lang='lat' dir='ltr'><strong>interiorem</strong></span> <span class='ocrx_word' id='word_1_793' title='bbox 3242 3208 3367 3263; x_wconf 80' lang='lat' dir='ltr'><strong>facit</strong></span> <span class='ocrx_word' id='word_1_794' title='bbox 3412 3216 3467 3262; x_wconf 87' lang='lat' dir='ltr'><strong>et</strong></span> <span class='ocrx_word' id='word_1_795' title='bbox 3519 3208 3695 3278; x_wconf 87' lang='lat' dir='ltr'><strong>ipsam</strong></span> 
     </span>
    </p>
   </div>
   <div class='ocr_carea' id='block_1_96' title="bbox 2113 3294 3696 3375">
    <p class='ocr_par' dir='ltr' id='par_1_96' title="bbox 2113 3294 3696 3375">
     <span class='ocr_line' id='line_1_97' title="bbox 2113 3294 3696 3375; baseline 0 -18"><span class='ocrx_word' id='word_1_796' title='bbox 2113 3296 2576 3375; x_wconf 69' lang='lat' dir='ltr'><strong>pulchritudinem.</strong></span> <span class='ocrx_word' id='word_1_797' title='bbox 2608 3300 2738 3357; x_wconf 75' lang='lat' dir='ltr'><strong>Noli</strong></span> <span class='ocrx_word' id='word_1_798' title='bbox 2784 3294 2932 3372; x_wconf 84' lang='lat' dir='ltr'><strong>quasi</strong></span> <span class='ocrx_word' id='word_1_799' title='bbox 2975 3300 3144 3356; x_wconf 88' lang='lat' dir='ltr'><strong>oculis</strong></span> <span class='ocrx_word' id='word_1_800' title='bbox 3197 3300 3553 3357; x_wconf 78' lang='lat' dir='ltr'><strong>exterioribus</strong></span> <span class='ocrx_word' id='word_1_801' title='bbox 3599 3302 3696 3357; x_wconf 87' lang='lat' dir='ltr'><strong>dc-</strong></span> 
     </span>
    </p>
   </div>
   <div class='ocr_carea' id='block_1_97' title="bbox 2100 3390 3699 3467">
    <p class='ocr_par' dir='ltr' id='par_1_97' title="bbox 2100 3390 3699 3467">
     <span class='ocr_line' id='line_1_98' title="bbox 2100 3390 3699 3467; baseline -0.001 -16"><span class='ocrx_word' id='word_1_802' title='bbox 2100 3390 2315 3459; x_wconf 79' lang='lat' dir='ltr'><strong>lectari,</strong></span> <span class='ocrx_word' id='word_1_803' title='bbox 2332 3395 2453 3467; x_wconf 86' lang='lat' dir='ltr'><strong>quia</strong></span> <span class='ocrx_word' id='word_1_804' title='bbox 2466 3394 2679 3460; x_wconf 87' lang='lat' dir='ltr'><strong>videris,</strong></span> <span class='ocrx_word' id='word_1_805' title='bbox 2711 3394 2899 3466; x_wconf 87' lang='lat' dir='ltr'><strong>etquia</strong></span> <span class='ocrx_word' id='word_1_806' title='bbox 2926 3392 3193 3461; x_wconf 84' lang='lat' dir='ltr'><strong>laudaris;</strong></span> <span class='ocrx_word' id='word_1_807' title='bbox 3217 3393 3432 3448; x_wconf 86' lang='lat' dir='ltr'><strong>attende</strong></span> <span class='ocrx_word' id='word_1_808' title='bbox 3456 3393 3581 3463; x_wconf 86' lang='lat' dir='ltr'><strong>quid</strong></span> <span class='ocrx_word' id='word_1_809' title='bbox 3607 3393 3699 3449; x_wconf 89' lang='lat' dir='ltr'><strong>hic</strong></span> 
     </span>
    </p>
   </div>
   <div class='ocr_carea' id='block_1_98' title="bbox 2113 3486 3692 3561">
    <p class='ocr_par' dir='ltr' id='par_1_98' title="bbox 2113 3486 3692 3561">
     <span class='ocr_line' id='line_1_99' title="bbox 2113 3486 3692 3561; baseline -0.003 -16"><span class='ocrx_word' id='word_1_810' title='bbox 2113 3499 2364 3561; x_wconf 87' lang='lat' dir='ltr'><strong>sequatur</strong></span> <span class='ocrx_word' id='word_1_811' title='bbox 2400 3507 2415 3543; x_wconf 92' lang='lat'><strong>:</strong></span> <span class='ocrx_word' id='word_1_812' title='bbox 2464 3488 2641 3542; x_wconf 86' lang='lat' dir='ltr'><strong>Omnis</strong></span> <span class='ocrx_word' id='word_1_813' title='bbox 2685 3488 2845 3558; x_wconf 85' lang='lat' dir='ltr'><strong>gloria</strong></span> <span class='ocrx_word' id='word_1_814' title='bbox 2874 3489 2985 3554; x_wconf 76' lang='lat' dir='ltr'><strong>eius</strong></span> <span class='ocrx_word' id='word_1_815' title='bbox 3025 3486 3150 3556; x_wconf 75' lang='lat' dir='ltr'><strong>filia:</strong></span> <span class='ocrx_word' id='word_1_816' title='bbox 3193 3489 3326 3558; x_wconf 84' lang='lat' dir='ltr'><strong>regis</strong></span> <span class='ocrx_word' id='word_1_817' title='bbox 3367 3487 3692 3542; x_wconf 69' lang='lat' dir='ltr'><strong>intrinsecus.</strong></span> 
     </span>
    </p>
   </div>
   <div class='ocr_carea' id='block_1_99' title="bbox 2114 3571 3693 3645">
    <p class='ocr_par' dir='ltr' id='par_1_99' title="bbox 2114 3571 3693 3645">
     <span class='ocr_line' id='line_1_100' title="bbox 2114 3571 3693 3645; baseline -0.004 -9"><span class='ocrx_word' id='word_1_818' title='bbox 2114 3571 2459 3637; x_wconf 73' lang='lat' dir='ltr'><strong>Extrinsecus</strong></span> <span class='ocrx_word' id='word_1_819' title='bbox 2491 3572 2593 3635; x_wconf 83' lang='lat' dir='ltr'><strong>non</strong></span> <span class='ocrx_word' id='word_1_820' title='bbox 2621 3580 2790 3634; x_wconf 88' lang='lat' dir='ltr'><strong>solum</strong></span> <span class='ocrx_word' id='word_1_821' title='bbox 2817 3579 2981 3634; x_wconf 86' lang='lat' dir='ltr'><strong>vestis</strong></span> <span class='ocrx_word' id='word_1_822' title='bbox 2999 3589 3079 3632; x_wconf 84' lang='lat' dir='ltr'><strong>est</strong></span> <span class='ocrx_word' id='word_1_823' title='bbox 3106 3593 3265 3632; x_wconf 85' lang='lat' dir='ltr'><strong>aurea</strong></span> <span class='ocrx_word' id='word_1_824' title='bbox 3297 3587 3350 3633; x_wconf 89' lang='lat' dir='ltr'><strong>et</strong></span> <span class='ocrx_word' id='word_1_825' title='bbox 3379 3580 3521 3632; x_wconf 88' lang='lat' dir='ltr'><strong>varia</strong></span> <span class='ocrx_word' id='word_1_826' title='bbox 3548 3622 3563 3645; x_wconf 91' lang='lat'><strong>,</strong></span> <span class='ocrx_word' id='word_1_827' title='bbox 3597 3579 3693 3633; x_wconf 83' lang='lat' dir='ltr'><strong>sed</strong></span> 
     </span>
    </p>
   </div>
   <div class='ocr_carea' id='block_1_100' title="bbox 2102 3664 3699 3743">
    <p class='ocr_par' dir='ltr' id='par_1_100' title="bbox 2102 3664 3699 3743">
     <span class='ocr_line' id='line_1_101' title="bbox 2102 3664 3699 3743; baseline -0.002 -15"><span class='ocrx_word' id='word_1_828' title='bbox 2102 3664 2256 3728; x_wconf 75' lang='lat' dir='ltr'><strong>intus</strong></span> <span class='ocrx_word' id='word_1_829' title='bbox 2284 3664 2558 3743; x_wconf 81' lang='lat' dir='ltr'><strong>pulchram</strong></span> <span class='ocrx_word' id='word_1_830' title='bbox 2589 3672 2753 3738; x_wconf 87' lang='lat' dir='ltr'><strong>novit,</strong></span> <span class='ocrx_word' id='word_1_831' title='bbox 2778 3671 2866 3739; x_wconf 91' lang='lat' dir='ltr'><strong>qui</strong></span> <span class='ocrx_word' id='word_1_832' title='bbox 2894 3670 3124 3737; x_wconf 86' lang='lat' dir='ltr'><strong>speciem</strong></span> <span class='ocrx_word' id='word_1_833' title='bbox 3156 3669 3271 3738; x_wconf 86' lang='lat' dir='ltr'><strong>ejus</strong></span> <span class='ocrx_word' id='word_1_834' title='bbox 3298 3671 3519 3732; x_wconf 83' lang='lat' dir='ltr'><strong>amavit.</strong></span> <span class='ocrx_word' id='word_1_835' title='bbox 3561 3671 3699 3737; x_wconf 68' lang='lat' dir='ltr'><strong>Qua:</strong></span> 
     </span>
    </p>
   </div>
   <div class='ocr_carea' id='block_1_101' title="bbox 2114 3759 3698 3831">
    <p class='ocr_par' dir='ltr' id='par_1_101' title="bbox 2114 3759 3698 3831">
     <span class='ocr_line' id='line_1_102' title="bbox 2114 3759 3698 3831; baseline 0 -13"><span class='ocrx_word' id='word_1_836' title='bbox 2114 3772 2239 3818; x_wconf 82' lang='lat' dir='ltr'><strong>sunt</strong></span> <span class='ocrx_word' id='word_1_837' title='bbox 2264 3763 2514 3817; x_wconf 89' lang='lat' dir='ltr'><strong>interiora</strong></span> <span class='ocrx_word' id='word_1_838' title='bbox 2558 3760 3001 3831; x_wconf 83' lang='lat' dir='ltr'><strong>pulchritudinis?</strong></span> <span class='ocrx_word' id='word_1_839' title='bbox 3027 3759 3403 3815; x_wconf 64' lang='lat' dir='ltr'><strong>Conscientiae.</strong></span> <span class='ocrx_word' id='word_1_840' title='bbox 3446 3761 3519 3816; x_wconf 91' lang='lat' dir='ltr'><strong>lbi</strong></span> <span class='ocrx_word' id='word_1_841' title='bbox 3550 3762 3698 3817; x_wconf 85' lang='lat' dir='ltr'><strong>videt</strong></span> 
     </span>
    </p>
   </div>
   <div class='ocr_carea' id='block_1_102' title="bbox 2113 3849 3693 3920">
    <p class='ocr_par' dir='ltr' id='par_1_102' title="bbox 2113 3849 3693 3920">
     <span class='ocr_line' id='line_1_103' title="bbox 2113 3849 3693 3920; baseline -0.004 -7"><span class='ocrx_word' id='word_1_842' title='bbox 2113 3855 2373 3919; x_wconf 89' lang='lat' dir='ltr'><strong>Christus,</strong></span> <span class='ocrx_word' id='word_1_843' title='bbox 2403 3853 2471 3908; x_wconf 90' lang='lat' dir='ltr'><strong>ibi</strong></span> <span class='ocrx_word' id='word_1_844' title='bbox 2502 3861 2645 3907; x_wconf 88' lang='lat' dir='ltr'><strong>amat</strong></span> <span class='ocrx_word' id='word_1_845' title='bbox 2667 3849 2910 3905; x_wconf 81' lang='lat' dir='ltr'><strong>Christus</strong></span> <span class='ocrx_word' id='word_1_846' title='bbox 2929 3892 2943 3915; x_wconf 90' lang='lat'><strong>,</strong></span> <span class='ocrx_word' id='word_1_847' title='bbox 2984 3851 3053 3905; x_wconf 89' lang='lat' dir='ltr'><strong>ibi</strong></span> <span class='ocrx_word' id='word_1_848' title='bbox 3100 3850 3387 3920; x_wconf 87' lang='lat' dir='ltr'><strong>alloquitur</strong></span> <span class='ocrx_word' id='word_1_849' title='bbox 3410 3850 3651 3906; x_wconf 68' lang='lat' dir='ltr'><strong>Christm</strong></span> <span class='ocrx_word' id='word_1_850' title='bbox 3676 3895 3693 3915; x_wconf 84' lang='lat'><strong>,</strong></span> 
     </span>
    </p>
   </div>
   <div class='ocr_carea' id='block_1_103' title="bbox 2072 3939 3699 4017">
    <p class='ocr_par' dir='ltr' id='par_1_103' title="bbox 2072 3939 3699 4017">
     <span class='ocr_line' id='line_1_104' title="bbox 2072 3939 3699 4017; baseline -0.005 -16"><span class='ocrx_word' id='word_1_851' title='bbox 2072 4014 2077 4017; x_wconf 89' lang='lat'>_</span> <span class='ocrx_word' id='word_1_852' title='bbox 2122 3946 2405 4017; x_wconf 45' lang='lat' dir='ltr'><strong>ibi‘“punit</strong></span> <span class='ocrx_word' id='word_1_853' title='bbox 2455 3942 2718 4007; x_wconf 77' lang='lat' dir='ltr'><strong>Christus,</strong></span> <span class='ocrx_word' id='word_1_854' title='bbox 2769 3941 2837 3995; x_wconf 88' lang='lat' dir='ltr'><strong>ibi</strong></span> <span class='ocrx_word' id='word_1_855' title='bbox 2866 3949 3087 3995; x_wconf 80' lang='lat' dir='ltr'><strong>cor-mat</strong></span> <span class='ocrx_word' id='word_1_856' title='bbox 3129 3939 3395 3995; x_wconf 87' lang='lat' dir='ltr'><strong>Christus.</strong></span> <span class='ocrx_word' id='word_1_857' title='bbox 3443 3941 3523 3997; x_wconf 93' lang='lat' dir='ltr'><strong>Sit</strong></span> <span class='ocrx_word' id='word_1_858' title='bbox 3566 3958 3699 4009; x_wconf 72' lang='lat' dir='ltr'><strong>ergo</strong></span> 
     </span>
    </p>
   </div>
   <div class='ocr_carea' id='block_1_104' title="bbox 2098 4032 3700 4108">
    <p class='ocr_par' dir='ltr' id='par_1_104' title="bbox 2098 4032 3700 4108">
     <span class='ocr_line' id='line_1_105' title="bbox 2098 4032 3700 4108; baseline -0.005 -15"><span class='ocrx_word' id='word_1_859' title='bbox 2098 4039 2447 4108; x_wconf 76' lang='lat' dir='ltr'><strong>&#39;eleemosyua</strong></span> <span class='ocrx_word' id='word_1_860' title='bbox 2504 4044 2589 4088; x_wconf 90' lang='lat' dir='ltr'><strong>tua</strong></span> <span class='ocrx_word' id='word_1_861' title='bbox 2634 4034 2684 4088; x_wconf 92' lang='lat' dir='ltr'><strong>in</strong></span> <span class='ocrx_word' id='word_1_862' title='bbox 2727 4032 2960 4097; x_wconf 89' lang='lat' dir='ltr'><strong>occulto;</strong></span> <span class='ocrx_word' id='word_1_863' title='bbox 3006 4033 3125 4102; x_wconf 90' lang='lat' dir='ltr'><strong>quia</strong></span> <span class='ocrx_word' id='word_1_864' title='bbox 3172 4033 3333 4086; x_wconf 87' lang='lat' dir='ltr'><strong>omnis</strong></span> <span class='ocrx_word' id='word_1_865' title='bbox 3377 4033 3542 4101; x_wconf 83' lang='lat' dir='ltr'><strong>gloria</strong></span> <span class='ocrx_word' id='word_1_866' title='bbox 3587 4034 3700 4101; x_wconf 68' lang='lat' dir='ltr'><strong>ejus</strong></span> 
     </span>
    </p>
   </div>
   <div class='ocr_carea' id='block_1_105' title="bbox 2115 4121 3699 4197">
    <p class='ocr_par' dir='ltr' id='par_1_105' title="bbox 2115 4121 3699 4197">
     <span class='ocr_line' id='line_1_106' title="bbox 2115 4121 3699 4197; baseline -0.005 -15"><span class='ocrx_word' id='word_1_867' title='bbox 2115 4128 2237 4197; x_wconf 68' lang='lat' dir='ltr'><strong>ﬁlia:</strong></span> <span class='ocrx_word' id='word_1_868' title='bbox 2262 4130 2392 4197; x_wconf 69' lang='lat' dir='ltr'><strong>regis</strong></span> <span class='ocrx_word' id='word_1_869' title='bbox 2418 4125 2714 4178; x_wconf 74' lang='lat' dir='ltr'><strong>intrinsecus</strong></span> <span class='ocrx_word' id='word_1_870' title='bbox 2766 4121 2828 4175; x_wconf 86' lang='lat' dir='ltr'><strong>lu</strong></span> <span class='ocrx_word' id='word_1_871' title='bbox 2869 4122 3080 4190; x_wconf 85' lang='lat' dir='ltr'><strong>ﬁmbriis</strong></span> <span class='ocrx_word' id='word_1_872' title='bbox 3103 4121 3289 4185; x_wconf 83' lang='lat' dir='ltr'><strong>aureis,</strong></span> <span class='ocrx_word' id='word_1_873' title='bbox 3321 4123 3699 4174; x_wconf 74' lang='lat' dir='ltr'><strong>rircnmamictn</strong></span> 
     </span>
    </p>
   </div>
   <div class='ocr_carea' id='block_1_106' title="bbox 2104 4212 3696 4274">
    <p class='ocr_par' dir='ltr' id='par_1_106' title="bbox 2104 4212 3696 4274">
     <span class='ocr_line' id='line_1_107' title="bbox 2104 4212 3696 4274; baseline -0.006 0"><span class='ocrx_word' id='word_1_874' title='bbox 2104 4216 2369 4274; x_wconf 82' lang='lat' dir='ltr'><strong>varietate.</strong></span> <span class='ocrx_word' id='word_1_875' title='bbox 2399 4214 2737 4270; x_wconf 71' lang='lat' dir='ltr'><strong>P‘ulchritndu</strong></span> <span class='ocrx_word' id='word_1_876' title='bbox 2786 4214 3099 4267; x_wconf 72' lang='lat' dir='ltr'><strong>intrinsecus</strong></span> <span class='ocrx_word' id='word_1_877' title='bbox 3129 4233 3141 4266; x_wconf 92' lang='lat'><strong>:</strong></span> <span class='ocrx_word' id='word_1_878' title='bbox 3176 4215 3226 4267; x_wconf 91' lang='lat' dir='ltr'><strong>in</strong></span> <span class='ocrx_word' id='word_1_879' title='bbox 3263 4212 3487 4267; x_wconf 76' lang='lat' dir='ltr'><strong>fimbriis</strong></span> <span class='ocrx_word' id='word_1_880' title='bbox 3513 4223 3696 4266; x_wconf 85' lang='lat' dir='ltr'><strong>autem</strong></span> 
     </span>
    </p>
   </div>
   <div class='ocr_carea' id='block_1_107' title="bbox 2116 4300 3698 4374">
    <p class='ocr_par' dir='ltr' id='par_1_107' title="bbox 2116 4300 3698 4374">
     <span class='ocr_line' id='line_1_108' title="bbox 2116 4300 3698 4374; baseline -0.004 -10"><span class='ocrx_word' id='word_1_881' title='bbox 2116 4300 2291 4365; x_wconf 82' lang='lat' dir='ltr'><strong>aureis</strong></span> <span class='ocrx_word' id='word_1_882' title='bbox 2352 4308 2578 4361; x_wconf 89' lang='lat' dir='ltr'><strong>varietas</strong></span> <span class='ocrx_word' id='word_1_883' title='bbox 2643 4305 2978 4374; x_wconf 82' lang='lat' dir='ltr'><strong>linguarum,</strong></span> <span class='ocrx_word' id='word_1_884' title='bbox 3026 4304 3280 4358; x_wconf 71' lang='lat' dir='ltr'><strong>doctrinm</strong></span> <span class='ocrx_word' id='word_1_885' title='bbox 3332 4303 3520 4359; x_wconf 88' lang='lat' dir='ltr'><strong>decus.</strong></span> <span class='ocrx_word' id='word_1_886' title='bbox 3593 4302 3698 4357; x_wconf 79' lang='lat' dir='ltr'><strong>Ista</strong></span> 
     </span>
    </p>
   </div>
   <div class='ocr_carea' id='block_1_108' title="bbox 2074 4395 3704 4474">
    <p class='ocr_par' dir='ltr' id='par_1_108' title="bbox 2074 4395 3704 4474">
     <span class='ocr_line' id='line_1_109' title="bbox 2074 4395 3704 4474; baseline -0.007 -14"><span class='ocrx_word' id='word_1_887' title='bbox 2074 4396 2504 4474; x_wconf 56' lang='lat' dir='ltr'><strong>&quot;‘quid&#39;prosunt</strong></span> <span class='ocrx_word' id='word_1_888' title='bbox 2524 4441 2537 4466; x_wconf 92' lang='lat'><strong>,</strong></span> <span class='ocrx_word' id='word_1_889' title='bbox 2565 4400 2609 4454; x_wconf 92' lang='lat' dir='ltr'><strong>si</strong></span> <span class='ocrx_word' id='word_1_890' title='bbox 2637 4415 2740 4453; x_wconf 93' lang='lat' dir='ltr'><strong>non</strong></span> <span class='ocrx_word' id='word_1_891' title='bbox 2771 4400 2839 4453; x_wconf 89' lang='lat' dir='ltr'><strong>sit</strong></span> <span class='ocrx_word' id='word_1_892' title='bbox 2861 4396 3193 4467; x_wconf 89' lang='lat' dir='ltr'><strong>pulchritudo</strong></span> <span class='ocrx_word' id='word_1_893' title='bbox 3223 4397 3310 4451; x_wconf 89' lang='lat' dir='ltr'><strong>illa</strong></span> <span class='ocrx_word' id='word_1_894' title='bbox 3341 4395 3704 4451; x_wconf 81' lang='lat' dir='ltr'><strong>intrinsecus?</strong></span> 
     </span>
    </p>
   </div>
   <div class='ocr_carea' id='block_1_109' title="bbox 2190 4486 3699 4563">
    <p class='ocr_par' dir='ltr' id='par_1_109' title="bbox 2190 4486 3699 4563">
     <span class='ocr_line' id='line_1_110' title="bbox 2190 4486 3699 4563; baseline -0.009 -9"><span class='ocrx_word' id='word_1_895' title='bbox 2190 4497 2275 4553; x_wconf 77' lang='lat'><strong>30.</strong></span> <span class='ocrx_word' id='word_1_896' title='bbox 2300 4494 2584 4562; x_wconf 75' lang='lat' dir='ltr'><strong>Aﬂ&#39;erenlur</strong></span> <span class='ocrx_word' id='word_1_897' title='bbox 2626 4493 2729 4563; x_wconf 76' lang='lat' dir='ltr'><strong>rrgi</strong></span> <span class='ocrx_word' id='word_1_898' title='bbox 2766 4490 2979 4561; x_wconf 81' lang='lat' dir='ltr'><strong>virgines</strong></span> <span class='ocrx_word' id='word_1_899' title='bbox 3006 4498 3117 4558; x_wconf 79' lang='lat' dir='ltr'><strong>post</strong></span> <span class='ocrx_word' id='word_1_900' title='bbox 3158 4505 3287 4541; x_wconf 64' lang='lat' dir='ltr'><strong>eum.</strong></span> <span class='ocrx_word' id='word_1_901' title='bbox 3322 4487 3460 4543; x_wconf 85' lang='lat' dir='ltr'><strong>Vere</strong></span> <span class='ocrx_word' id='word_1_902' title='bbox 3500 4486 3699 4541; x_wconf 78' lang='lat' dir='ltr'><strong>factum</strong></span> 
     </span>
    </p>
   </div>
   <div class='ocr_carea' id='block_1_110' title="bbox 2120 4578 3701 4648">
    <p class='ocr_par' dir='ltr' id='par_1_110' title="bbox 2120 4578 3701 4648">
     <span class='ocr_line' id='line_1_111' title="bbox 2120 4578 3701 4648; baseline -0.009 -2"><span class='ocrx_word' id='word_1_903' title='bbox 2120 4598 2220 4646; x_wconf 76' lang='lat' dir='ltr'><strong>est.</strong></span> <span class='ocrx_word' id='word_1_904' title='bbox 2252 4586 2492 4643; x_wconf 87' lang='lat' dir='ltr'><strong>Credidit</strong></span> <span class='ocrx_word' id='word_1_905' title='bbox 2537 4583 2773 4640; x_wconf 87' lang='lat' dir='ltr'><strong>Ecclesia</strong></span> <span class='ocrx_word' id='word_1_906' title='bbox 2801 4623 2814 4648; x_wconf 92' lang='lat'><strong>,</strong></span> <span class='ocrx_word' id='word_1_907' title='bbox 2846 4580 2982 4634; x_wconf 81' lang='lat' dir='ltr'><strong>facta</strong></span> <span class='ocrx_word' id='word_1_908' title='bbox 3017 4590 3095 4634; x_wconf 86' lang='lat' dir='ltr'><strong>est</strong></span> <span class='ocrx_word' id='word_1_909' title='bbox 3129 4578 3363 4632; x_wconf 76' lang='lat' dir='ltr'><strong>Ecclesia</strong></span> <span class='ocrx_word' id='word_1_910' title='bbox 3392 4592 3485 4646; x_wconf 86' lang='lat' dir='ltr'><strong>per</strong></span> <span class='ocrx_word' id='word_1_911' title='bbox 3510 4590 3701 4631; x_wconf 78' lang='lat' dir='ltr'><strong>omnes</strong></span> 
     </span>
    </p>
   </div>
   <div class='ocr_carea' id='block_1_111' title="bbox 2106 4667 3696 4753">
    <p class='ocr_par' dir='ltr' id='par_1_111' title="bbox 2106 4667 3696 4753">
     <span class='ocr_line' id='line_1_112' title="bbox 2106 4667 3696 4753; baseline -0.011 -16"><span class='ocrx_word' id='word_1_912' title='bbox 2106 4692 2324 4753; x_wconf 59' lang='lat' dir='ltr'><strong>.gentes.</strong></span> <span class='ocrx_word' id='word_1_913' title='bbox 2353 4678 2509 4732; x_wconf 79' lang='lat' dir='ltr'><strong>Modo</strong></span> <span class='ocrx_word' id='word_1_914' title='bbox 2547 4668 2994 4746; x_wconf 87' lang='lat' dir='ltr'><strong>quemadmodum</strong></span> <span class='ocrx_word' id='word_1_915' title='bbox 3038 4668 3417 4738; x_wconf 88' lang='lat' dir='ltr'><strong>concupiscunt</strong></span> <span class='ocrx_word' id='word_1_916' title='bbox 3460 4667 3696 4737; x_wconf 72' lang='lat' dir='ltr'><strong>virgines</strong></span> 
     </span>
    </p>
   </div>
   <div class='ocr_carea' id='block_1_112' title="bbox 2121 4757 3704 4842">
    <p class='ocr_par' dir='ltr' id='par_1_112' title="bbox 2121 4757 3704 4842">
     <span class='ocr_line' id='line_1_113' title="bbox 2121 4757 3704 4842; baseline -0.008 -19"><span class='ocrx_word' id='word_1_917' title='bbox 2121 4773 2331 4842; x_wconf 85' lang='lat' dir='ltr'><strong>placere</strong></span> <span class='ocrx_word' id='word_1_918' title='bbox 2367 4766 2441 4822; x_wconf 85' lang='lat' dir='ltr'><strong>illi</strong></span> <span class='ocrx_word' id='word_1_919' title='bbox 2482 4766 2631 4836; x_wconf 83' lang='lat' dir='ltr'><strong>regi?</strong></span> <span class='ocrx_word' id='word_1_920' title='bbox 2672 4761 2819 4818; x_wconf 90' lang='lat' dir='ltr'><strong>Unde</strong></span> <span class='ocrx_word' id='word_1_921' title='bbox 2865 4758 3193 4815; x_wconf 76' lang='lat' dir='ltr'><strong>incitantur?</strong></span> <span class='ocrx_word' id='word_1_922' title='bbox 3238 4758 3370 4824; x_wconf 87' lang='lat' dir='ltr'><strong>Quia</strong></span> <span class='ocrx_word' id='word_1_923' title='bbox 3426 4757 3704 4827; x_wconf 68' lang='lat' dir='ltr'><strong>przcceSsit</strong></span> 
     </span>
    </p>
   </div>
   <div class='ocr_carea' id='block_1_113' title="bbox 2097 4846 3706 4923">
    <p class='ocr_par' dir='ltr' id='par_1_113' title="bbox 2097 4846 3706 4923">
     <span class='ocr_line' id='line_1_114' title="bbox 2097 4846 3706 4923; baseline -0.012 -5"><span class='ocrx_word' id='word_1_924' title='bbox 2097 4852 2378 4918; x_wconf 80' lang='lat' dir='ltr'><strong>&#39;Ecclesia.</strong></span> <span class='ocrx_word' id='word_1_925' title='bbox 2427 4855 2713 4923; x_wconf 76' lang='lat' dir='ltr'><strong>A/Tcrentur</strong></span> <span class='ocrx_word' id='word_1_926' title='bbox 2738 4852 2844 4921; x_wconf 75' lang='lat' dir='ltr'><strong>regi</strong></span> <span class='ocrx_word' id='word_1_927' title='bbox 2876 4850 3091 4919; x_wconf 85' lang='lat' dir='ltr'><strong>virgines</strong></span> <span class='ocrx_word' id='word_1_928' title='bbox 3129 4856 3238 4917; x_wconf 87' lang='lat' dir='ltr'><strong>post</strong></span> <span class='ocrx_word' id='word_1_929' title='bbox 3262 4863 3371 4901; x_wconf 82' lang='lat' dir='ltr'><strong>eam</strong></span> <span class='ocrx_word' id='word_1_930' title='bbox 3395 4862 3414 4900; x_wconf 90' lang='lat'><strong><em>:</em></strong></span> <span class='ocrx_word' id='word_1_931' title='bbox 3455 4846 3706 4917; x_wconf 69' lang='lat' dir='ltr'><strong>proximas</strong></span> 
     </span>
    </p>
   </div>
   <div class='ocr_carea' id='block_1_114' title="bbox 2123 4937 3706 5025">
    <p class='ocr_par' dir='ltr' id='par_1_114' title="bbox 2123 4937 3706 5025">
     <span class='ocr_line' id='line_1_115' title="bbox 2123 4937 3706 5025; baseline -0.011 -19"><span class='ocrx_word' id='word_1_932' title='bbox 2123 4955 2233 5025; x_wconf 84' lang='lat' dir='ltr'><strong>ejus</strong></span> <span class='ocrx_word' id='word_1_933' title='bbox 2262 4949 2536 5017; x_wconf 69' lang='lat' dir='ltr'><strong>afferentur</strong></span> <span class='ocrx_word' id='word_1_934' title='bbox 2584 4944 2691 4999; x_wconf 86' lang='lat' dir='ltr'><strong>tibi.</strong></span> <span class='ocrx_word' id='word_1_935' title='bbox 2724 4943 2838 4998; x_wconf 80' lang='lat' dir='ltr'><strong>Non</strong></span> <span class='ocrx_word' id='word_1_936' title='bbox 2868 4941 3009 4996; x_wconf 90' lang='lat' dir='ltr'><strong>enim</strong></span> <span class='ocrx_word' id='word_1_937' title='bbox 3037 4953 3156 5009; x_wconf 73' lang='lat' dir='ltr'><strong>qua:</strong></span> <span class='ocrx_word' id='word_1_938' title='bbox 3180 4937 3472 4993; x_wconf 70' lang='lat' dir='ltr'><strong>alieruntur</strong></span> <span class='ocrx_word' id='word_1_939' title='bbox 3514 4937 3706 4990; x_wconf 63' lang='lat' dir='ltr'><strong>alieni:</strong></span> 
     </span>
    </p>
   </div>
   <div class='ocr_carea' id='block_1_115' title="bbox 2106 5029 3705 5108">
    <p class='ocr_par' dir='ltr' id='par_1_115' title="bbox 2106 5029 3705 5108">
     <span class='ocr_line' id='line_1_116' title="bbox 2106 5029 3705 5108; baseline -0.011 -9"><span class='ocrx_word' id='word_1_940' title='bbox 2106 5054 2266 5108; x_wconf 86' lang='lat' dir='ltr'><strong>&#39;sunt,</strong></span> <span class='ocrx_word' id='word_1_941' title='bbox 2295 5042 2386 5097; x_wconf 90' lang='lat' dir='ltr'><strong>sed</strong></span> <span class='ocrx_word' id='word_1_942' title='bbox 2411 5040 2662 5108; x_wconf 71' lang='lat' dir='ltr'><strong>proximae</strong></span> <span class='ocrx_word' id='word_1_943' title='bbox 2688 5035 2837 5105; x_wconf 77' lang='lat' dir='ltr'><strong>ejus,</strong></span> <span class='ocrx_word' id='word_1_944' title='bbox 2860 5032 2927 5088; x_wconf 90' lang='lat' dir='ltr'><strong>ad</strong></span> <span class='ocrx_word' id='word_1_945' title='bbox 2957 5047 3074 5087; x_wconf 89' lang='lat' dir='ltr'><strong>eam</strong></span> <span class='ocrx_word' id='word_1_946' title='bbox 3103 5030 3452 5100; x_wconf 85' lang='lat' dir='ltr'><strong>pertinentes.</strong></span> <span class='ocrx_word' id='word_1_947' title='bbox 3486 5029 3552 5084; x_wconf 76' lang='lat' dir='ltr'><strong>Et</strong></span> <span class='ocrx_word' id='word_1_948' title='bbox 3579 5030 3705 5099; x_wconf 83' lang='lat' dir='ltr'><strong>quia</strong></span> 
     </span>
    </p>
   </div>
   <div class='ocr_carea' id='block_1_116' title="bbox 2125 5120 3713 5203">
    <p class='ocr_par' dir='ltr' id='par_1_116' title="bbox 2125 5120 3713 5203">
     <span class='ocr_line' id='line_1_117' title="bbox 2125 5120 3713 5203; baseline -0.013 -11"><span class='ocrx_word' id='word_1_949' title='bbox 2125 5132 2293 5200; x_wconf 75' lang='lat' dir='ltr'><strong>dixit,</strong></span> <span class='ocrx_word' id='word_1_950' title='bbox 2324 5134 2463 5203; x_wconf 80' lang='lat' dir='ltr'><strong>regi;</strong></span> <span class='ocrx_word' id='word_1_951' title='bbox 2492 5131 2555 5185; x_wconf 90' lang='lat' dir='ltr'><strong>ad</strong></span> <span class='ocrx_word' id='word_1_952' title='bbox 2603 5143 2724 5184; x_wconf 90' lang='lat' dir='ltr'><strong>eum</strong></span> <span class='ocrx_word' id='word_1_953' title='bbox 2767 5137 3057 5181; x_wconf 86' lang='lat' dir='ltr'><strong>conversus</strong></span> <span class='ocrx_word' id='word_1_954' title='bbox 3099 5122 3268 5190; x_wconf 80' lang='lat' dir='ltr'><strong>dixit,</strong></span> <span class='ocrx_word' id='word_1_955' title='bbox 3300 5120 3428 5175; x_wconf 87' lang='lat' dir='ltr'><strong>tibi:</strong></span> <span class='ocrx_word' id='word_1_956' title='bbox 3457 5120 3713 5191; x_wconf 67' lang='lat' dir='ltr'><strong>proxima</strong></span> 
     </span>
    </p>
   </div>
   <div class='ocr_carea' id='block_1_117' title="bbox 2125 5220 2745 5300">
    <p class='ocr_par' dir='ltr' id='par_1_117' title="bbox 2125 5220 2745 5300">
     <span class='ocr_line' id='line_1_118' title="bbox 2125 5220 2745 5300; baseline -0.019 -17"><span class='ocrx_word' id='word_1_957' title='bbox 2125 5231 2236 5300; x_wconf 83' lang='lat' dir='ltr'><strong>ejus</strong></span> <span class='ocrx_word' id='word_1_958' title='bbox 2265 5224 2537 5294; x_wconf 72' lang='lat' dir='ltr'><strong>afferentur</strong></span> <span class='ocrx_word' id='word_1_959' title='bbox 2563 5220 2672 5275; x_wconf 78' lang='lat' dir='ltr'><strong>tibi.</strong></span> <span class='ocrx_word' id='word_1_960' title='bbox 2742 5234 2745 5235; x_wconf 70' lang='lat'><strong><em>&#39;</em></strong></span> 
     </span>
    </p>
   </div>
   <div class='ocr_carea' id='block_1_118' title="bbox 2200 5303 3717 5393">
    <p class='ocr_par' dir='ltr' id='par_1_118' title="bbox 2200 5303 3717 5393">
     <span class='ocr_line' id='line_1_119' title="bbox 2200 5303 3717 5393; baseline -0.013 -17"><span class='ocrx_word' id='word_1_961' title='bbox 2200 5324 2288 5378; x_wconf 79' lang='lat'><strong>&#39;51.</strong></span> <span class='ocrx_word' id='word_1_962' title='bbox 2306 5318 2453 5393; x_wconf 85' lang='lat' dir='ltr'><strong>[vers.</strong></span> <span class='ocrx_word' id='word_1_963' title='bbox 2489 5309 2600 5387; x_wconf 66' lang='lat'><strong>[6.]</strong></span> <span class='ocrx_word' id='word_1_964' title='bbox 2621 5312 2908 5380; x_wconf 78' lang='lat' dir='ltr'><strong>Alferentur</strong></span> <span class='ocrx_word' id='word_1_965' title='bbox 2921 5309 2972 5363; x_wconf 91' lang='lat' dir='ltr'><strong>in</strong></span> <span class='ocrx_word' id='word_1_966' title='bbox 2990 5307 3164 5363; x_wconf 75' lang='lat' dir='ltr'><strong>lwtitia</strong></span> <span class='ocrx_word' id='word_1_967' title='bbox 3180 5314 3225 5361; x_wconf 89' lang='lat' dir='ltr'><strong>et</strong></span> <span class='ocrx_word' id='word_1_968' title='bbox 3245 5303 3600 5368; x_wconf 70' lang='lat' dir='ltr'><strong>exsultatione,</strong></span> <span class='ocrx_word' id='word_1_969' title='bbox 3618 5304 3717 5357; x_wconf 85' lang='lat' dir='ltr'><strong>ad-</strong></span> 
     </span>
    </p>
   </div>
   <div class='ocr_carea' id='block_1_119' title="bbox 2102 5395 3715 5479">
    <p class='ocr_par' dir='ltr' id='par_1_119' title="bbox 2102 5395 3715 5479">
     <span class='ocr_line' id='line_1_120' title="bbox 2102 5395 3715 5479; baseline -0.021 -9"><span class='ocrx_word' id='word_1_970' title='bbox 2102 5412 2442 5470; x_wconf 48' lang='lat' dir='ltr'><strong>&#39;dncenfurin</strong></span> <span class='ocrx_word' id='word_1_971' title='bbox 2470 5407 2709 5479; x_wconf 75' lang='lat' dir='ltr'><strong>templum</strong></span> <span class='ocrx_word' id='word_1_972' title='bbox 2734 5403 2885 5474; x_wconf 86' lang='lat' dir='ltr'><strong>regis.</strong></span> <span class='ocrx_word' id='word_1_973' title='bbox 2915 5398 3192 5468; x_wconf 89' lang='lat' dir='ltr'><strong>Templum</strong></span> <span class='ocrx_word' id='word_1_974' title='bbox 3221 5395 3361 5466; x_wconf 83' lang='lat' dir='ltr'><strong>regis</strong></span> <span class='ocrx_word' id='word_1_975' title='bbox 3389 5395 3500 5464; x_wconf 89' lang='lat' dir='ltr'><strong>ipsa</strong></span> <span class='ocrx_word' id='word_1_976' title='bbox 3525 5395 3715 5451; x_wconf 85' lang='lat' dir='ltr'><strong>Eccle-</strong></span> 
     </span>
    </p>
   </div>
   <div class='ocr_carea' id='block_1_120' title="bbox 2133 5484 3723 5569">
    <p class='ocr_par' dir='ltr' id='par_1_120' title="bbox 2133 5484 3723 5569">
     <span class='ocr_line' id='line_1_121' title="bbox 2133 5484 3723 5569; baseline -0.014 -7"><span class='ocrx_word' id='word_1_977' title='bbox 2133 5509 2233 5569; x_wconf 84' lang='lat' dir='ltr'><strong>sia,</strong></span> <span class='ocrx_word' id='word_1_978' title='bbox 2260 5501 2418 5558; x_wconf 78' lang='lat' dir='ltr'><strong>intrat</strong></span> <span class='ocrx_word' id='word_1_979' title='bbox 2441 5501 2493 5555; x_wconf 86' lang='lat' dir='ltr'><strong>in</strong></span> <span class='ocrx_word' id='word_1_980' title='bbox 2521 5497 2773 5566; x_wconf 90' lang='lat' dir='ltr'><strong>templum</strong></span> <span class='ocrx_word' id='word_1_981' title='bbox 2798 5494 2908 5563; x_wconf 91' lang='lat' dir='ltr'><strong>ipsa</strong></span> <span class='ocrx_word' id='word_1_982' title='bbox 2932 5488 3187 5545; x_wconf 82' lang='lat' dir='ltr'><strong>Ecclesia.</strong></span> <span class='ocrx_word' id='word_1_983' title='bbox 3215 5484 3367 5541; x_wconf 78' lang='lat' dir='ltr'><strong>Unde</strong></span> <span class='ocrx_word' id='word_1_984' title='bbox 3386 5486 3723 5540; x_wconf 87' lang='lat' dir='ltr'><strong>construitur</strong></span> 
     </span>
    </p>
   </div>
   <div class='ocr_carea' id='block_1_121' title="bbox 2135 5575 3724 5664">
    <p class='ocr_par' dir='ltr' id='par_1_121' title="bbox 2135 5575 3724 5664">
     <span class='ocr_line' id='line_1_122' title="bbox 2135 5575 3724 5664; baseline -0.013 -11"><span class='ocrx_word' id='word_1_985' title='bbox 2135 5592 2416 5664; x_wconf 86' lang='lat' dir='ltr'><strong>templum?</strong></span> <span class='ocrx_word' id='word_1_986' title='bbox 2431 5592 2505 5647; x_wconf 88' lang='lat' dir='ltr'><strong>De</strong></span> <span class='ocrx_word' id='word_1_987' title='bbox 2518 5585 2816 5644; x_wconf 87' lang='lat' dir='ltr'><strong>hominibus</strong></span> <span class='ocrx_word' id='word_1_988' title='bbox 2827 5583 2915 5655; x_wconf 90' lang='lat' dir='ltr'><strong>qui</strong></span> <span class='ocrx_word' id='word_1_989' title='bbox 2930 5583 3124 5638; x_wconf 90' lang='lat' dir='ltr'><strong>intrant</strong></span> <span class='ocrx_word' id='word_1_990' title='bbox 3138 5579 3189 5633; x_wconf 92' lang='lat' dir='ltr'><strong>in</strong></span> <span class='ocrx_word' id='word_1_991' title='bbox 3203 5576 3477 5646; x_wconf 87' lang='lat' dir='ltr'><strong>templum.</strong></span> <span class='ocrx_word' id='word_1_992' title='bbox 3493 5575 3724 5647; x_wconf 81' lang='lat' dir='ltr'><strong>Lapides</strong></span> 
     </span>
    </p>
   </div>
   <div class='ocr_carea' id='block_1_122' title="bbox 2134 5667 3728 5759">
    <p class='ocr_par' dir='ltr' id='par_1_122' title="bbox 2134 5667 3728 5759">
     <span class='ocr_line' id='line_1_123' title="bbox 2134 5667 3728 5759; baseline -0.013 -16"><span class='ocrx_word' id='word_1_993' title='bbox 2134 5690 2238 5743; x_wconf 81' lang='lat' dir='ltr'><strong>vivi</strong></span> <span class='ocrx_word' id='word_1_994' title='bbox 2267 5688 2353 5759; x_wconf 86' lang='lat' dir='ltr'><strong>qui</strong></span> <span class='ocrx_word' id='word_1_995' title='bbox 2376 5692 2518 5750; x_wconf 82' lang='lat' dir='ltr'><strong>sunt,</strong></span> <span class='ocrx_word' id='word_1_996' title='bbox 2549 5681 2648 5739; x_wconf 89' lang='lat' dir='ltr'><strong>nisi</strong></span> <span class='ocrx_word' id='word_1_997' title='bbox 2678 5677 2857 5734; x_wconf 82' lang='lat' dir='ltr'><strong>lidelcs</strong></span> <span class='ocrx_word' id='word_1_998' title='bbox 2888 5674 2976 5730; x_wconf 79' lang='lat' dir='ltr'><strong>Dei</strong></span> <span class='ocrx_word' id='word_1_999' title='bbox 3003 5672 3025 5726; x_wconf 86' lang='lat'><strong>?</strong></span> <span class='ocrx_word' id='word_1_1000' title='bbox 3052 5670 3375 5725; x_wconf 76' lang='lat' dir='ltr'><strong>Adduccntur</strong></span> <span class='ocrx_word' id='word_1_1001' title='bbox 3393 5667 3445 5722; x_wconf 88' lang='lat' dir='ltr'><strong>in</strong></span> <span class='ocrx_word' id='word_1_1002' title='bbox 3470 5667 3728 5741; x_wconf 76' lang='lat' dir='ltr'><strong>templum</strong></span> 
     </span>
    </p>
   </div>
  </div>
