4004 6200
281 391 390 448 5:55

277 507 430 578 regis.
457 506 592 572 Sunt.
613 508 752 569 enim
782 509 1009 578 virgines
1035 520 1182 564 extra
1213 511 1466 578 templum
1490 510 1646 579 regis,
1676 509 1849 563 lucre-

281 599 394 665 ticge
423 599 854 654 sanctimoniales
886 619 897 652 :
931 610 1053 653 sunt
1078 601 1291 670 quidem
1322 603 1573 670 virgines,
1603 601 1694 655 sed
1725 601 1850 670 quid

264 687 514 757 proderit
537 693 615 742 eis
648 690 746 743 nisi
773 691 1096 744 adducantur
1129 692 1180 744 in
1211 691 1462 760 templum
1494 691 1852 761 regis?Tem-

279 782 419 850 plum
471 780 610 850 regis
655 782 706 835 in
749 783 948 836 unitate
992 793 1072 837 est
1103 802 1116 836 :
1147 784 1402 853 templum
1450 785 1588 853 regis
1635 794 1852 838 nonest

279 874 582 935 ruinosum,
634 887 736 925 non
781 865 1099 938 dimissum,
1143 888 1246 926 non
1291 873 1539 927 divisum.
1599 873 1849 953 Junetura

278 963 510 1033 lapidum
551 964 1104 1034 viventiumeliaritas
1133 973 1231 1018 est.
1270 965 1594 1033 Adducentur
1640 965 1692 1018 in
1723 976 1848 1017 tem-

279 1056 414 1124 plum
441 1056 590 1126 regis.

347 1145 435 1199 5‘2.
483 1144 632 1216 (vers.
670 1143 784 1215 17.1
809 1142 908 1198 Pro
939 1145 1164 1214 patribus
1203 1146 1302 1200 tuis
1347 1146 1453 1198 nati
1483 1156 1598 1199 sunt
1629 1147 1716 1198 tibi
1732 1146 1846 1213 ﬁlii.

264 1215 415 1292 Nihil
442 1234 1198 1316 evidentius..Attenditejam
1242 1225 1432 1305 ipsum'
1461 1237 1713 1306 templum
1761 1253 1849 1290 re-

277 1328 374 1398 gis,
398 1326 518 1396 quia
550 1325 929 1394 indeloqnitur
960 1336 1172 1398 propter
1194 1327 1447 1400 unitatem
1470 1327 1710 1382 diffusam
1740 1337 1850 1382 toto

277 1417 405 1474 orbe
448 1426 706 1484 terrarum
739 1435 751 1469 :
785 1419 901 1485 quia
950 1419 1052 1472 illa:
1099 1435 1216 1487 qua:
1257 1421 1487 1490 virgines
1525 1435 1643 1474 esse
1670 1421 1850 1474 volue-

278 1517 418 1573 runt,
454 1507 552 1561 nisi
580 1508 906 1562 adducantur
933 1509 984 1564 in
1024 1510 1276 1578 templum
1315 1512 1474 1580 regis,
1505 1527 1700 1581 Sponso
1734 1515 1846 1581 pla-

276 1619 397 1662 cere
428 1618 531 1656 non
557 1611 795 1671 pessunt.
828 1601 932 1659 Pro
967 1605 1193 1672 patribus
1220 1605 1316 1657 tuis
1343 1606 1451 1681 nati
1481 1615 1597 1658 sunt
1623 1605 1709 1659 tibi
1728 1607 1843 1674 ﬁlii.

277 1693 583 1750 Genuerunt
615 1703 664 1747 te
705 1695 943 1762 Apostoli
980 1711 993 1748 :
1023 1695 1119 1762 ipsi
1165 1696 1308 1750 missi
1340 1706 1458 1750 sunt
1479 1738 1493 1761 ,
1527 1697 1624 1767 ipsi
1657 1698 1848 1766 praedi-

277 1793 546 1853 caverunt,
581 1784 899 1852 ipsipaues.
931 1784 1032 1849 Sed
1061 1787 1614 1855 numquidnohiscum
1646 1795 1844 1856 carpo-

279 1877 456 1938 raliter
497 1889 706 1941 semper
747 1889 865 1930 esse
912 1877 1232 1944 potuerunt?
1267 1877 1376 1931 Etsi
1432 1893 1565 1933 unus
1610 1880 1844 1947 ipsorum

276 1969 440 2024 dixit:
470 1965 629 2036 Cupio
654 1967 858 2029 dissolvi
881 2008 898 2027 ,
924 1977 971 2030 ct
996 1983 1102 2020 esse
1126 1984 1240 2020 cum
1277 1966 1474 2022 Christo
1506 1971 1660 2027 multo
1686 1973 1846 2040 magis

276 2059 518 2126 optimum
545 2067 617 2110 est
642 2073 658 2118 ;
683 2074 880 2110 manere
906 2057 957 2111 in
982 2074 1135 2111 carne
1173 2060 1502 2114 necessarium
1531 2071 1732 2130 prapter
1760 2077 1847 2116 vos

277 2149 532 2217 (Philipp.
563 2147 714 2213 1,25.
746 2147 858 2217 24)·
899 2148 1034 2220 Dixit
1066 2148 1166 2223 hoc
1189 2148 1399 2220 quidem
1424 2191 1439 2216 ,
1472 2151 1566 2204 sed
1596 2152 1844 2220 quamdiu

278 2241 360 2294 hic
389 2256 604 2295 manere
631 2240 799 2309 potuit
819 2241 842 2300 ?_
869 2239 1133 2311 Numquid
1164 2256 1330 2311 usque
1368 2242 1432 2295 ad
1470 2242 1571 2297 hoc
1599 2245 1846 2313 tempus?

238 2361 248 2370 κ
276 2331 527 2400 numquid
560 2346 724 2400 usque
765 2331 813 2384 in
845 2333 1157 2400 posterum?
1187 2332 1324 2403 Ergo
1353 2332 1562 2388 illorum
1594 2333 1846 2390 abscessu

274 2425 480 2494 deserta
509 2432 590 2476 est
612 2422 886 2478 Ecclesia?
911 2424 1080 2477 Absit.
1111 2422 1218 2478 Pro
1241 2424 1463 2492 patribus
1483 2425 1579 2478 tuis
1602 2427 1707 2478 nati
1729 2436 1847 2479 sunt

275 2515 358 2588 tibi
377 2515 492 2583 ﬁlii.
523 2514 660 2581 Quid
687 2524 787 2579 est,
823 2514 928 2566 Pro
956 2514 1178 2585 patribus
1202 2517 1298 2570 tuis
1324 2517 1428 2568 nati
1446 2525 1562 2569 sunt
1591 2516 1677 2569 tibi
1702 2515 1798 2584 filii
1821 2517 1847 2572 ?

275 2609 456 2662 Patres
505 2608 649 2661 missi
680 2615 803 2660 Sunt
836 2606 1071 2674 Apestoli
1102 2647 1116 2670 ,
1147 2622 1242 2674 pro
1292 2607 1561 2676 Apostolis
1605 2606 1696 2660 lilii
1737 2607 1847 2661 nati

274 2708 393 2753 sunt.
424 2698 551 2763 tibi,
575 2697 845 2755 censtituti
887 2705 1010 2751 sunt
1047 2696 1305 2765 episcopi.
1327 2697 1504 2755 «Hodie
1547 2697 1690 2751 enitn
1715 2698 1849 2766 -.epi-

274 2792 444 2857 scopi,
467 2791 554 2857 qui
583 2799 708 2841 sunt
744 2803 836 2857 per
860 2798 1026 2843 totum
1057 2775 1316 2841 mundum
1338 2829 1351 2851 ,
1383 2788 1522 2842 unde
1548 2788 1656 2841 nati
1685 2788 1846 2841 sunt?

273 2880 383 2952 [εδδ
415 2881 649 2944 Ecclesia
695 2891 872 2950 patres
899 2881 1016 2937 illos
1041 2880 1272 2948 appellat
1295 2921 1309 2945 ,
1331 2880 1446 2947 ipsa
1479 2880 1596 2933 illos
1620 2880 1802 2948 genuit
1826 2920 1842 2945 ,

272 2985 323 3038 et
351 2973 461 3041 ipsa
483 2972 600 3026 illos
620 2972 890 3026 constituit
919 2972 970 3024 in
1000 2971 1213 3025 sedibus
1245 2979 1469 3039 patrum.
1499 2970 1612 3025 Non
1639 2986 1764 3040 ergo
1794 2981 1846 3026 te

273 3073 424 3132 putes
459 3061 760 3126 desertam,
789 3063 909 3132 quia
961 3077 1064 3116 non
1096 3062 1243 3115 vides
1289 3062 1500 3120 Petrum
1524 3103 1537 3122 ,
1567 3063 1684 3132 quia
1739 3078 1844 3118 non

269 3153 418 3216 vides
444 3153 683 3214 Paulum,
712 3153 830 3221 quia
861 3167 965 3206 non
995 3152 1141 3205 vides
1171 3152 1291 3214 illos
1317 3169 1408 3220 per
1435 3168 1568 3224 quos
1595 3162 1714 3210 nata
1743 3167 1802 3207 es
1827 3171 1842 3207 :

269 3243 335 3297 de
366 3243 515 3311 prole
559 3253 642 3295 tua
677 3243 766 3296 tibi
803 3243 970 3304 crevit
1001 3243 1309 3312 paternitas.
1349 3242 1454 3297 Pro
1497 3243 1722 3313 patrihus
1747 3244 1843 3318 tuis

270 3335 374 3387 nati
399 3343 514 3386 sunt
539 3332 625 3398 tibi
652 3333 746 3401 ﬁlii
770 3349 788 3386 :
809 3335 1084 3400 constitues
1103 3350 1184 3388 eos
1205 3335 1454 3403 principes
1475 3351 1626 3403 super
1646 3351 1841 3390 onmem

272 3433 474 3476 terram.
503 3423 635 3477 Vide
662 3424 912 3492 templum
946 3425 1084 3494 regis
1111 3440 1266 3493 quam
1308 3425 1409 3479 late
1437 3425 1684 3486 dill'usum
1712 3413 1799 3500 cst
1824 3443 1837 3478 :

270 3523 324 3568 ut
354 3515 598 3584 noverint
627 3514 859 3587 virgines
879 3531 994 3584 qua:
1020 3531 1127 3582 non
1153 3515 1485 3584 adducuntur
1514 3517 1561 3569 in
1587 3519 1839 3586 templum

265 3606 426 3682 regis,
461 3621 570 3680 non
594 3620 652 3660 se
671 3605 741 3674 ad,
767 3606 893 3676 istas
925 3609 1134 3676 nuptias
1169 3609 1450 3675 pertinere.
1483 3608 1584 3662 Pro
1612 3611 1838 3678 patribus

267 3699 366 3756 tuis
391 3698 498 3750 nati
535 3707 650 3750 sunt
693 3696 778 3749 tibi
821 3697 914 3765 ﬁlii
940 3714 956 3750 :
987 3700 1256 3763 constitues
1291 3717 1372 3752 eos
1414 3701 1661 3778 principes
1687 3719 1839 3771 super

265 3805 462 3841 omnem
491 3797 693 3840 terram.
738 3787 861 3842 llaec
896 3795 978 3841 est
1005 3788 1262 3842 catholica
1292 3789 1525 3855 Ecclesia
1561 3807 1573 3844 :
1605 3791 1696 3844 lilii
1722 3792 1837 3857 ejus

265 3882 536 3934 constituti
577 3890 702 3934 sunt
741 3879 1005 3949 principes
1031 3896 1189 3948 super
1230 3895 1460 3934 omnem
1487 3891 1679 3936 terram
1704 3923 1717 3944 ,
1744 3883 1836 3938 lilii

263 3973 378 4041 ejus
404 3971 670 4027 coastituti
701 3981 822 4025 sunt
853 3987 948 4040 pro
976 3970 1230 4040 patribus.
1260 3973 1560 4040 Agnoscant
1585 3974 1672 4043 qui
1695 3990 1836 4039 pra:-

235 4066 362 4128 cisi
409 4074 571 4128 sunt,
602 4064 815 4118 veniant
853 4062 916 4116 ad
949 4063 1203 4116 unitatem
1229 4104 1244 4126 ,
1268 4063 1598 4117 adducantur
1623 4066 1672 4117 in
1704 4075 1835 4119 tem-

261 4157 407 4226 plum
441 4155 598 4225 regis.
627 4155 900 4222 Templum
929 4169 1082 4207 suum
1116 4153 1252 4207 Deus
1283 4153 1474 4222 ubique
1504 4155 1782 4209 collocavit
1807 4197 1822 4222 ,

261 4247 600 4301 fumiumcnta
642 4245 1022 4314 Prophetarum
1049 4254 1102 4296 et
1126 4244 1496 4312 Apostolorum
1527 4246 1718 4315 ubique
1747 4245 1834 4322 fir-

259 4341 444 4392 mavit.
510 4337 672 4390 Filios
731 4338 911 4405 genuit
959 4336 1229 4399 Ecclesia,
1280 4337 1550 4391 constituit
1600 4352 1692 4391 eos
1739 4353 1834 4407 pro

259 4429 502 4498 patribus
524 4427 635 4481 suis
663 4427 924 4496 principes
953 4440 1112 4494 super
1138 4441 1346 4479 omnem
1380 4436 1591 4498 terram.

332 4520 421 4574 55.
465 4517 616 4591 (vers.
664 4515 773 4587 18.]
818 4516 1062 4570 Illemores
1105 4527 1246 4572 erunt
1277 4518 1491 4570 nominis
1516 4519 1587 4570 tui
1614 4518 1665 4571 in
1697 4519 1834 4572 omni

257 4608 579 4679 generatione
600 4616 644 4658 et
664 4607 996 4674 generatione.
1027 4604 1296 4672 Pr0pterea
1318 4607 1491 4675 populi
1518 4609 1832 4675 conﬁtebun-

255 4709 340 4749 tur
369 4697 474 4749 tibi.
508 4695 642 4763 Quid
668 4711 793 4766 ergo
823 4695 1036 4766 prodest
1055 4696 1312 4762 confiteri,
1336 4706 1388 4750 et
1408 4707 1552 4751 extra
1577 4699 1830 4767 templum

250 4787 531 4843 confiteri?
563 4788 696 4854 Quid
722 4787 941 4866 prodes;
963 4789 1186 4858 precari,
1213 4800 1265 4844 et
1295 4791 1344 4843 in
1370 4800 1548 4845 monte
1575 4807 1678 4846 non
1696 4809 1829 4861 pre-

245 4879 403 4934 Cari?
443 4877 571 4930 Voce
591 4896 718 4943 utea,
749 4880 933 4950 inquit,
967 4881 1034 4940 ad
1058 4881 1325 4934 Dominum
1347 4883 1576 4948 clamavi,
1601 4893 1646 4936 et
1673 4902 1830 4938 exau-

243 4976 377 5022 dirtt
427 4987 504 5023 me
545 4975 606 5023 de
649 4983 817 5023 monte
854 4982 1024 5024 sancto
1059 4989 1149 5025 suo
1180 4972 1345 5044 (Psal.
1380 4991 1454 5037 Ill,
1485 4975 1562 5046 5).
1615 4977 1689 5029 De
1725 4993 1830 5046 quo

244 5061 469 5117 monte?
499 5063 570 5116 De
595 5077 700 5132 quo
721 5063 913 5116 dictum
935 5074 1012 5117 est
1036 5082 1048 5116 :
1076 5063 1191 5117 Non
1214 5075 1370 5134 potest
1394 5068 1564 5120 civitas
1591 5070 1830 5123 abscondi

239 5169 408 5219 supra
434 5164 650 5204 montem
671 5154 932 5206 constituta
953 5153 1158 5224 (Matth.
1185 5172 1234 5217 v,
1266 5157 1372 5226 Η).
1397 5158 1468 5211 De
1490 5175 1592 5227 quo
1616 5163 1828 5215 monte?

236 5245 416 5307 Quem
451 5241 581 5293 vidit
622 5243 800 5295 Daniel
849 5258 912 5296 ex
956 5259 1116 5311 parxo
1142 5245 1312 5313 lapide
1339 5249 1590 5314 crevisse,
1634 5260 1685 5302 et
1716 5250 1824 5305 fre-

231 5333 389 5398 gisse
430 5333 606 5396 ontnia
651 5347 807 5398 regna
855 5341 1132 5396 terrarum,
1183 5342 1235 5386 et
1272 5335 1568 5403 implevisse
1612 5353 1822 5394 omnem

236 5423 434 5475 faciem
471 5433 624 5475 teme
665 5421 825 5482 (Dan.
857 5437 909 5485 n,
952 5421 1064 5490 ὃὸ).
1118 5422 1188 5476 lbi
1219 5424 1402 5479 adoret
1430 5429 1518 5496 qui
1549 5429 1656 5483 vult
1683 5431 1821 5485 acci-

231 5530 394 5583 pere,
437 5513 506 5566 ibi
538 5522 680 5581 petat
708 5516 794 5582 qui
833 5512 943 5566 vult
971 5514 1227 5579 exaudiri,
1267 5517 1336 5570 ibi
1376 5521 1690 5575 confiteatur
1733 5525 1822 5590 qui

227 5605 359 5656 vnit
383 5604 480 5656 sibi
513 5605 730 5674 ignosci.
765 5604 1038 5671 Propterea
1065 5607 1239 5675 populi
1271 5609 1637 5677 conﬁtebuntur
1660 5614 1748 5665 tibi
1767 5615 1819 5668 in

226 5705 510 5754 arteruum,
560 5704 605 5746 et
660 5696 710 5748 in
761 5694 998 5748 swrulum
1037 5698 1230 5749 steculi.
1277 5700 1406 5764 Quia
1439 5711 1489 5752 et
1528 5703 1575 5756 in
1605 5703 1685 5755 illa
1715 5704 1817 5758 vita

221 5794 440 5838 aeterna
463 5801 567 5839 non
587 5797 686 5840 erit
711 5782 816 5850 jam
842 5785 1047 5854 quidem
1077 5787 1304 5856 gemitus
1333 5800 1686 5860 peccatorum,
1720 5796 1811 5850 sed

1364 397 1753 454 l-INARR.\TIO
1792 397 1853 454 IN
1894 395 2224 458 PSALMUM
2265 405 2419 461 XLV.

3432 431 3533 485 5M

1961 520 2134 566 unum
2168 515 2217 568 in
2243 517 2433 572 divinis
2461 521 2701 576 laudibus
2730 541 2974 594 superna:
3013 531 3150 587 illius
3181 549 3242 589 ac
3267 553 3532 607 perpetuat

1957 601 2186 657 civitatis
2216 623 2319 659 non
2350 609 2519 662 deerit
2547 616 2866 682 sempiterna
2897 620 3160 677 confessio
3185 601 3343 684 tautae
3365 601 3534 684 lelici-

1959 693 2098 746 tatis.
2143 694 2244 762 lpsi
2278 700 2417 752 enim
2474 702 2706 769 civitati,
2753 709 2834 759 cui
2878 710 3010 762 alius
3062 715 3292 779 psalmus
3329 729 3532 784 mantat,

1959 780 2189 837 Gloriosa
2209 786 2340 839 dicta
2365 800 2478 842 sunt
2506 791 2568 846 de
2592 803 2656 860 te,
2685 796 2857 851 civitas
2883 799 2972 851 Dei
2995 800 3161 864 (I’sal.
3193 821 3410 873 Lxxxvt,
3437 812 3492 876 5)

1959 873 2057 940 ipsi
2078 877 2634 954 sponsa:Cln-isti,i’psi
2662 888 2859 956 reginae
2908 891 3028 945 filiae
3058 897 3218 964 regis,
3252 873 3532 972 etconjugi

1957 969 2124 1031 regis;
2150 969 2269 1035 quia
2294 969 2554 1040 principes
2581 976 2693 1042 ejus
2721 989 2844 1036 sunt
2876 997 3138 1038 memores
3170 991 3396 1044 nominis
3417 969 3533 1060 ejus

1899 1127 1902 1130 ~
1956 1052 2007 1108 in
2036 1057 2178 1109 omni
2210 1063 2551 1124 generatione
2578 1075 2632 1117 et
2669 1071 3029 1137 generatione,
3068 1075 3115 1126 id
3147 1086 3246 1140 est,
3280 1052 3530 1147 quamdiu

1957 1151 2189 1199 transeat
2232 1147 2332 1201 hoc
2371 1153 2645 1218 sascnlnm,
2700 1159 2837 1224 quod
2888 1164 3066 1222 multis
3102 1171 3530 1233 generationibus

1953 1235 2142 1317 agitur,
2174 1250 2418 1308 gerentes
2447 1232 2540 1311 pro
2566 1247 2664 1300 illa
2690 1248 2964 1306 eliaritatis
2993 1270 3194 1322 curam,
3239 1270 3293 1312 ut
3325 1259 3391 1314 de
3423 1263 3542 1314 isto'

1953 1328 2147 1380 saeculo
2177 1330 2393 1384 liberata
2440 1334 2491 1386 in
2523 1346 2776 1391 maternum
2810 1342 2918 1394 Deo
2951 1358 3268 1416 conregnet;
3317 1361 3531 1420 propter

1954 1421 2054 1473 hoc
2099 1422 2270 1475 eidem
2323 1424 2416 1492 ipsi
2470 1430 2858 1487 confitebuntur
2909 1438 3080 1504 pepuli
3140 1442 3190 1492 in
3230 1439 3526 1507 "asternum,

1951 1512 2248 1579 conspicuis
2271 1526 2322 1567 et
2342 1517 2630 1573 manifestis
2647 1522 2749 1574 illic
2766 1526 3013 1580 cordibus
3037 1519 3269 1586 omnium
3301 1532 3528 1599 perlecta

1951 1601 2205 1677 charitate
2228 1604 2518 1671 intttinosis,
2551 1621 2680 1686 utsc
2710 1615 3006 1670 universam
3026 1613 3336 1686 plenissime
3364 1639 3528 1678 neve-

1951 1692 2038 1753 rit,
2067 1709 2184 1761 quae
2225 1695 2307 1750 hic
2338 1696 2387 1750 in
2419 1701 2597 1753 multis
2635 1703 2744 1756 Suis
2781 1707 3025 1782 partibus.
3052 1711 3255 1764 occulta
3288 1712 3386 1766 sibi
3424 1722 3524 1768 est.

1953 1781 2104 1838 Unde
2145 1785 2489 1842 admonemur
2527 1791 2591 1845 ab
2620 1792 2875 1861 Apostolo
2905 1797 3032 1852 nihil
3063 1810 3184 1854 ante
3208 1811 3411 1870 tempus
3436 1803 3526 1871 ju-

1950 1871 2150 1939 dicare,
2190 1875 2358 1931 donec
2385 1879 2557 1934 veniat
2598 1881 2868 1950 Dominus,
2921 1896 2976 1939 et
3012 1888 3271 1946 illuminc‘rt
3299 1892 3529 1947 abscon-

1950 1965 2055 2054 dita
2091 1969 2446 2037 tenebrarum,
2479 1983 2531 2026 et
2560 1975 3225 2054 manifestetlcogilationes
3247 1982 3444 2049 cerdis,
3474 1993 3527 2038 et

1949 2046 2017 2143 sit
2060 2059 2174 2114 laus
2224 2062 2501 2132 unicuique
2547 2081 2575 2120 a
2623 2067 2732 2122 Deo
2773 2046 3067 2140 (l'Cori'tv,
3099 2074 3175 2143 5).
3223 2075 3335 2144 ipsa
3383 2046 3524 2131 enim

1949 2141 2130 2206 sancta
2190 2154 2374 2208 civitas
2419 2156 2520 2210 sibi
2565 2159 2953 2228 quodammodo
3005 2165 3358 2232 confitebitur,
3403 2183 3523 2221 cum

1948 2243 2127 2310 populi
2153 2244 2269 2312 ejus
2300 2245 2490 2314 quibus
2516 2239 2736 2314 constat,
2787 2251 2884 2318 ipsi
2913 2253 3108 2308 civitati
3136 2255 3526 2313 confitebuntur

1949 2332 2003 2386 in
2026 2345 2318 2401 :eternum;
2355 2346 2411 2390 ut
2446 2353 2511 2393 ex
2535 2339 2676 2393 nulla
2714 2350 2862 2410 parte
2900 2359 2958 2398 se
2983 2345 3160 2412 lateat,
3206 2348 3345 2401 nullo
3382 2349 3430 2401 iu
3466 2364 3526 2403 se

1949 2423 2210 2480 existente
2234 2426 2599 2498 cujusaliquid
2626 2430 2804 2486 lateat.
3053 2447 3059 2451 ·
3168 2454 3194 2486 τ
3323 2455 3325 2457 ί

2356 2624 2434 2685 ΙΝ
2476 2617 3069 2693 ΡΞἈΙᾹΙΗΜΧΙΝ
3117 2624 3158 2632 ’⁷
3224 2629 3226 2631 ’

2381 2721 2387 2730 ’
2491 2709 2500 2742 ⁵
2546 2709 2956 2808 ENARRATIO.
3045 2717 3050 2720 ’

2465 2874 2638 2936 ssnuo
2675 2881 2743 2919 an
2781 2881 3004 2922 runca.

2025 2966 2073 3021 l.
2114 2966 2276 3039 [vers.'
2308 2969 2382 3043 1.]
2422 2973 2536 3030 Jam
2573 2975 2827 3034 Charitati
2861 2982 3058 3038 Vestrte
3097 2989 3336 3057 quaedam
3385 2993 3518 3045 sicut

1949 3061 2218 3140 notissima
2241 3063 2522 3134 loquimur,
2543 3069 2591 3122 in
2609 3071 2798 3139 quibus
2814 3074 3082 3131 immorari
3108 3083 3207 3133 non
3231 3081 3515 3138 debemus:

1946 3153 2066 3222 quia
2111 3169 2170 3208 ea
2210 3170 2328 3224 qua:
2365 3159 2545 3225 scitis,
2590 3162 2818 3218 breviter
2859 3169 3264 3226 commemorari
3303 3174 3516 3230 debent.

1948 3243 2109 3310 Filios
2130 3245 2266 3300 Core
2301 3263 2399 3302 nos
2433 3264 2553 3306 esse
2583 3252 2950 3324 intelligamus.
2979 3261 3346 3318 Commemoro
3376 3267 3516 3320 enim

1947 3349 2040 3388 vos
2061 3336 2304 3400 scientes,
2338 3338 2474 3395 Core
2508 3343 2840 3411 interpretari
2864 3347 3174 3416 Calvitinm;
3206 3356 3518 3410 Dominum-

1947 3439 2048 3493 que
2095 3435 2358 3492 nostrum,
2416 3432 2661 3509 quoniam
2711 3434 2761 3487 in
2792 3435 3204 3495 Calvarim'loco
3233 3447 3516 3502 crucifixus

1944 3526 2026 3571 est
2051 3519 2087 3582 ί,
2134 3519 2414 3575 adduxisse
2443 3522 2539 3576 sibi
2569 3525 2780 3591 multos,
2829 3528 3072 3598 tanquam
3106 3532 3230 3588 illud
3267 3551 3510 3604 granum,

1944 3608 2082 3676 quod
2115 3609 2212 3662 nisi
2245 3610 2613 3666 mortificatnm
2635 3626 2794 3678 esset,
2820 3619 2988 3671 solum
3012 3637 3309 3678 remaneret
3333 3625 3508 3695 (Joan.

1943 3714 2034 3760 χιι,
2062 3699 2186 3770 24);
2243 3710 2297 3762 et
2340 3718 2432 3782 eos
2477 3704 2567 3773 qui
2613 3705 2822 3761 adducti
2865 3718 3018 3773 sunt,
3061 3715 3343 3780 appellatos
3379 3716 3512 3772 filios

1941 3792 2076 3845 Core
2106 3811 2118 3844 :
2164 3792 2264 3850 hoc
2289 3795 2338 3848 in
2367 3797 2636 3866 mysterio.
2669 3799 2926 3853 Cmternm
2973 3801 3182 3857 fuerunt
3217 3808 3393 3860 nescio
3423 3811 3509 3876 qui

1941 3881 2034 3941 liti
2054 3884 2187 3938 Core
2205 3885 2294 3938 illo
2315 3895 2569 3954 tempore,
2593 3891 2802 3958 quando
2832 3891 2928 3945 ista
2956 3897 3300 3950 cantabantnr
3322 3899 3358 3968 (Ι
3385 3899 3508 3953 l’ur.

1942 3990 2092 4038 xxvi,
2126 3978 2177 4046 l)
2206 3993 2220 4029 :
2251 3978 2343 4034 sed
2389 3979 2600 4047 spiritus
2640 3996 2736 4036 nos
2768 3983 3029 4039 vivificare
3065 3984 3241 4051 debet,
3285 3981 3388 4041 non
3423 3982 3510 4043 lii-

1941 4050 2052 4124 ιερὰ
2085 4068 2261 4122 velare
2288 4066 2364 4140 (tt)
2393 4071 2460 4138 (ll
2487 4071 2602 4124 Car.
2637 4073 2716 4132 in,
2741 4073 2817 4141 6).
2846 4073 2952 4128 Nos
2981 4091 3106 4145 ergo
3132 4077 3217 4132 hic
3247 4078 3509 4150 intelliga-

1939 4173 2078 4221 mus,
2106 4168 2158 4212 et
2185 4159 2355 4214 videte
2377 4161 2420 4214 si
2444 4177 2502 4214 ea
2525 4179 2638 4230 qua:
2653 4151 2974 4233 sequuntur,
3002 4167 3051 4220 id
3077 4177 3176 4234 est,
3205 4185 3322 4239 qum
3353 4163 3510 4226 liabet

1939 4249 2123 4317 psalmi
2159 4251 2320 4328 ipsius
2346 4261 2643 4316 contextus,
2675 4268 2969 4324 congruunt
3003 4259 3152 4314 nobis
3186 4278 3198 4313 :
3227 4269 3279 4315 et
3308 4263 3510 4317 inveni-

1938 4355 2055 4393 mus
2083 4341 2167 4394 hic
2205 4356 2323 4404 nos,
2375 4343 2416 4396 si
2459 4351 2632 4398 tamen
2682 4346 3030 4403 inluereamus
3077 4353 3327 4406 membris
3369 4354 3504 4424 ejus,

1937 4435 2087 4502 cujus
2139 4435 2384 4503 corporis
2417 4445 2575 4503 caput
2619 4438 2668 4490 in
2701 4440 2834 4493 coelo
2878 4452 2978 4504 est,
3027 4457 3089 4496 ex
3134 4443 3219 4496 illa
3263 4445 3506 4512 passione

1937 4525 2248 4590 ascendens,
2293 4535 2346 4578 ut
2375 4542 2467 4580 eos
2506 4530 2591 4597 qui
2620 4529 2666 4580 in
2700 4530 2990 4586 humilitate
3020 4533 3284 4600 jacebant,
3327 4549 3504 4590 secum

1938 4614 1988 4676 in
2019 4614 2252 4668 ubertate
2281 4615 2524 4681 adducat,
2578 4620 2798 4672 b-nctum
2841 4620 3066 4675 ferentes
3109 4622 3158 4675 in
3207 4625 3501 4680 tolerantia.

1941 4706 2142 4760 Dictum
2173 4716 2254 4760 est
2283 4717 2457 4761 autem
2484 4726 2496 4760 :
2531 4708 2592 4761 In
2621 4712 2770 4776 ﬁnem
2797 4728 2886 4780 pro
2913 4713 3029 4778 ﬁliis
3055 4711 3198 4777 Core,
3224 4731 3315 4783 pro
3339 4717 3490 4769 occul-

1937 4796 2018 4858 tis,
2052 4795 2304 4850 Psalmus.
2345 4787 2617 4857 Occultuin
2655 4811 2917 4868 estergo;
2949 4802 3038 4854 sed
3077 4804 3163 4857 ille
3193 4805 3302 4873 ipse
3332 4807 3419 4876 qui
3453 4811 3500 4868 ir

1935 4888 2190 4955 Calvariaa
2212 4890 2328 4944 loco
2353 4891 2635 4945 crucifixus
2665 4901 2763 4956 est,
2807 4894 2973 4957 nostis
2999 4895 3115 4961 quia
3145 4896 3317 4949 velum
3342 4899 3499 4952 disci--

1935 4981 2030 5044 dit,
2064 4991 2117 5035 ut
2143 4983 2323 5049 templi
2365 4992 2566 5037 secreta
2600 4993 2927 5051 patescerent
2955 4987 3166 5053 (Matth.
3194 5005 3355 5056 xxvn,
3389 4991 3496 5062 5i).

1936 5073 2164 5126 Proinde
2204 5075 2324 5142 quia
2369 5089 2497 5127 crux
2549 5076 2753 5128 Domini
2797 5079 2959 5131 nostri
3010 5080 3172 5135 clavis
3218 5081 3334 5142 fuit.
3402 5100 3500 5153 qua

1934 5166 2108 5219 clausa
2136 5167 2503 5234 aperirentur;
2548 5163 2824 5221 credamus
2850 5170 3152 5246 adfuturum
3177 5190 3296 5228 eum
3327 5175 3498 5240 nobis,

1935 5265 1990 5310 ut
2018 5257 2112 5308 ista
2140 5256 2346 5309 ocrulta
2375 5257 2693 5311 revelentur.
2728 5258 2788 5311 lu
2818 5260 2970 5326 ﬁnem
2991 5263 3127 5328 quod
3160 5263 3333 5324 habet,
3363 5278 3500 5316 sem-

1934 5363 2025 5414 per
2051 5347 2315 5416 flliristtttn
2367 5347 2655 5416 intelligere
2698 5348 2971 5404 debemus.
3024 5351 3167 5406 Finis
3200 5355 3328 5406 enim
3356 5353 3501 5420 Legi!

1930 5437 2174 5501 Christus,
2208 5436 2275 5487 ad
2286 5436 2535 5504 justitiam
2560 5439 2695 5490 omni
2715 5439 2933 5492 credenti
2954 5440 3130 5508 (Rom.
3152 5458 3201 5504 x,
3230 5442 3330 5510 4.).
3357 5442 3499 5495 Finis

1929 5537 2104 5592 autem
2133 5528 2340 5591 dicitur,
2386 5545 2490 5583 non
2521 5530 2639 5600 qhia
2677 5531 2958 5590 consumit.
3007 5532 3097 5585 sed
3126 5533 3244 5600 quia
3274 5534 3494 5600 perficit.

1990 5663 2004 5692 ¹
2043 5667 2105 5728 tta
2127 5668 2230 5728 Mss.
2251 5669 2312 5728 ¹Αι
2335 5664 2462 5716 ΗΜ..
2491 5662 2838 5728 Hominumque
2857 5672 3068 5728 nostrum
3090 5661 3382 5728 signiﬁcare,
3415 5662 3496 5726 qui

1925 5722 1973 5773 in
1991 5723 2222 5773 Culmrite
2244 5721 2346 5773 loco
2367 5726 2628 5788 cruciﬁxus
2651 5721 2858 5776 adduxit
2877 5727 3062 5778 multos.

1993 5806 2063 5867 (ιι)
2089 5811 2244 5865 Forte,
2267 5817 2458 5855 necare.
