4004 6200
518 372 621 449 sis

521 488 651 544 Nam
677 493 731 542 et
766 482 967 559 finitum
992 480 1169 553 cibum
1208 477 1438 559 dicimus
1457 478 1547 548 qui
1578 452 2015 542 manducabaittr,
2037 452 2102 533 et

520 570 743 635 tinitam”
772 554 1000 629 tunicam
1038 562 1171 643 quae
1203 554 1527 627 texebatur:
1572 569 1705 626 illud
1745 562 1811 625 ad
1849 580 2104 625 consum-

520 663 777 741 ptioncm,
816 663 917 719 hoc
953 662 1021 717 ad
1052 660 1453 733 perfectionem.
1488 660 1638 727 'Quia
1676 676 1805 731 ergo
1833 660 1967 716 ultra
1992 676 2102 731 quo

523 760 797 816 tendamus
816 772 939 812 .non
968 756 1244 820 habemus,
1288 769 1409 809 cum
1453 753 1519 809 ad
1544 744 1814 809 Christum
1844 742 2103 823 pervene-

520 852 705 916 rimus,
737 851 852 920 ipse
876 864 1064 905 cursus
1094 849 1260 903 nostri
1283 848 1403 903 linis
1425 846 1640 903 dicitur.
1663 836 1774 902 Nec
1799 856 1984 917 putare
2003 845 2100 901 de-

512 932 728 1011 b‘emus,
751 934 1010 1013 quiacum
1032 943 1097 995 ad
1120 942 1268 997 illum
1301 933 1727 1011 pervenerimus,‘
1749 940 1946 1011 aliquid
1981 940 2099 992 am-

520 1034 658 1107 plius
682 1035 936 1090 debemus
962 1034 1052 1087 niti
1085 1042 1143 1089 ut
1162 1040 1218 1087 et
1240 1031 1308 1085 ad
1333 1023 1545 1107 Patrem
1567 1029 1958 1101 perveniamus.
1987 1029 2101 1085 lloc

519 1109 662 1182 enim
707 1125 911 1196 putavit
952 1132 1007 1180 et
1052 1120 1364 1193 Philippus,
1397 1135 1518 1176 cum
1555 1121 1603 1175 ei
1633 1120 1810 1174 dixit:
1861 1110 2096 1184 Domitre,

520 1217 723 1272 ostende
749 1216 890 1271 nobis
919 1214 1145 1280 Patrem,
1172 1222 1217 1268 et
1243 1214 1421 1284 stt/ﬁcit
1447 1212 1608 1268 nobis.
1636 1212 1767 1267 Cum
1793 1210 1958 1276 dicit,
1980 1213 2102 1282 suf-

522 1312 626 1377 licit
651 1311 813 1376 nobis,
843 1310 999 1364 finem
1027 1308 1216 1379 qumrit
1242 1306 1502 1362 satietatis
1529 1315 1585 1361 et
1628 1303 1987 1376 perfectionis.
2035 1304 2103 1358 Et

521 1402 630 1464 ille,
658 1410 814 1465 tanto,
843 1400 1032 1468 inquit,
1061 1406 1281 1468 tempore
1300 1395 1551 1450 uobiscum
1572 1410 1704 1459 sum,
1725 1384 1892 1447 etnon
1913 1390 2111 1463 cogito?

521 1493 659 1546 vistis
675 1492 796 1545 me?
818 1490 1076 1561 Philippe,
1098 1490 1184 1559 qui
1200 1487 1330 1544 videt
1350 1503 1446 1552 me,
1470 1488 1601 1542 uidet
1620 1495 1666 1540 et
1686 1485 1895 1541 Patrem
1915 1483 2097 1556 (Joan.

524 1600 636 1650 xiv,
664 1584 718 1650 8,
742 1582 820 1654 9).
851 1582 907 1639 in
937 1583 1029 1637 illo
1055 1597 1185 1653 ergo
1209 1581 1463 1637 habemus
1488 1580 1722 1645 Patrem,
1752 1579 1876 1650 quia
1907 1579 2020 1648 ipse
2047 1579 2097 1633 in

524 1665 703 1740 Patre,
742 1682 796 1729 et
821 1673 976 1730 Pater
1001 1671 1054 1728 in
1082 1672 1218 1741 ipso,
1263 1679 1318 1727 et
1353 1671 1467 1742 ipse
1508 1678 1564 1727 et
1590 1670 1750 1726 Pater
1776 1684 1937 1724 unum
1976 1670 2101 1726 Sunt

524 1745 630 1837 (id.
655 1780 703 1829 χ,
736 1763 846 1835 50).
1564 1757 1570 1766 ’
1618 1762 1621 1781 ³
2030 1748 2049 1761 ”

542 1842 645 1907 ³2.
687 1854 837 1927 [rem
865 1853 945 1927 2.]
994 1854 1131 1922 Quid
1163 1855 1324 1927 igitur
1365 1854 1451 1909 hic
1478 1853 1732 1908 admonet
1774 1852 1864 1921 qui
1894 1860 2095 1915 cantat,

524 1947 610 2002 ubi
661 1962 846 2001 vocem
897 1958 1133 2002 nostram
1185 1958 1475 2017 agnoscere
1512 1945 1791 2010 debemus,
1845 1944 1890 1999 si
1923 1945 2097 1998 tamen

527 2020 683 2106 liujus
713 2038 857 2092 vocis
885 2038 1131 2092 affectum
1171 2036 1468 2093 habemus?
1498 2036 1634 2090 Deus
1660 2045 1829 2091 noster
1848 2035 2100 2107 refugium

523 2138 568 2181 et
589 2128 760 2181 uirtus.
786 2127 921 2182 Sunt
941 2127 1182 2197 quaedam
1202 2127 1406 2198 refugio
1430 2127 1518 2181 ubi
1545 2142 1653 2181 non
1676 2135 1761 2183 est
1778 2128 1965 2194 virtus,
1995 2132 2101 2197 quo

523 2217 746 2287 quisque
770 2232 891 2272 cum
919 2217 1132 2288 fugerit,
1171 2218 1340 2288 magis
1369 2216 1668 2273 inﬁrmatur
1708 2233 1865 2289 quam
1904 2219 2102 2273 contir-

524 2314 715 2362 metur.
747 2305 1017 2378 Confugis,
1050 2307 1198 2364 verbi
1231 2307 1422 2378 gratia,
1465 2307 1533 2363 ad
1557 2308 1786 2377 aliquem
1822 2307 1873 2363 iu
1904 2309 2101 2363 smcuio

525 2412 793 2468 magnum,
815 2406 880 2452 .ut
907 2397 1070 2454 facias
1100 2397 1192 2453 tibi
1231 2405 1504 2469 potentem
1536 2397 1798 2464 amicum;
1839 2397 2099 2469 refugium

525 2486 619 2545 tibi
647 2489 871 2544 videtur.
911 2488 1079 2545 Tanta
1109 2497 1288 2547 tamen
1329 2489 1485 2561 hujus
1509 2490 1690 2546 satcuii
1720 2491 1921 2546 incerta
1954 2499 2099 2563 sunt,

524 2588 579 2634 et
614 2579 685 2634 ita
734 2589 1005 2650 potentum
1060 2580 1227 2637 ruina:
1276 2582 1598 2653 quotidiana:
1626 2584 1990 2649 crebrescunt,
2045 2590 2105 2639 ut

526 2672 646 2725 cum
699 2668 766 2724 ad
808 2670 913 2726 tale
964 2670 1225 2742 refugium
1256 2673 1586 2742 perveneris,
1626 2657 1859 2743 plusibl
1913 2674 2102 2731 timere

526 2752 763 2831 incipias.
787 2761 954 2817 Antea
981 2763 1122 2817 enim
1149 2776 1325 2818 causae
1348 2772 1452 2818 tua:
1470 2772 1672 2820 tantum
1696 2766 1948 2835 timebas;
1979 2768 2100 2823 cum

526 2859 655 2908 vero
680 2852 749 2907 ad
771 2853 932 2908 talem
959 2853 1236 2925 refugeris,
1270 2856 1329 2910 ἐι
1357 2855 1423 2910 de
1449 2852 1541 2910 illo
1570 2856 1662 2911 tibi
1695 2857 1924 2913 timebis:
1955 2859 2099 2914 Multi

525 2946 666 3000 enim
695 2960 816 3001 cum
864 2944 931 3002 ad
965 2945 1088 3003 talia
1132 2946 1331 3019 refugia
1370 2944 1750 3019 confugissent,
1789 2950 2101 3007 cadentibus

528 3033 631 3092 illis
666 3036 732 3092 ad
774 3052 909 3108 quos
934 3037 1303 3117 confugerant,
1335 3028 1390 3097 et
1417 3039 1517 3111 ipsi
1541 3042 1747 3112 quaesiti
1774 3051 1937 3101 sunt:
1965 3057 2101 3116 quos

527 3141 685 3209 nemo
708 3134 989 3196 quaereret,
1015 3128 1061 3184 si
1087 3142 1191 3183 non
1220 3128 1287 3183 ad
1316 3129 1440 3184 talia
1466 3130 1846 3202 confugissent.
1874 3132 1990 3189 Non
2018 3140 2105 3192 est

527 3215 787 3292 refugium
820 3226 1062 3278 nostrum
1094 3217 1218 3288 tale,
1245 3216 1339 3279 sed
1362 3217 1624 3295 refugium
1653 3230 1891 3282 nostrum
1928 3223 2103 3286 virtus

516 3321 630 3369 est.
660 3311 790 3367 Cum
821 3312 946 3369 illuc
970 3312 1384 3385 confugerimus,
1417 3314 1555 3370 firmi
1582 3315 1804 3372 erimus.
2001 3325 2007 3347 ί

538 3390 548 3421 ’ί
598 3404 653 3459 5.
679 3401 959 3475 Adjntorin
976 3402 1380 3459 tribulationibus
1396 3404 1912 3482 quainveneruntnos
1930 3408 2098 3479 nimis.

527 3495 704 3551 Multa:
733 3504 859 3550 sunt
883 3494 1285 3563 tribulationes,
1322 3504 1379 3551 et
1415 3496 1472 3552 in
1494 3497 1650 3552 omni
1674 3497 2017 3554 tribulatione
2032 3498 2101 3555 ad

530 3562 692 3642 ﬁcum
716 3584 1122 3657 confugiendum
1142 3595 1223 3641 est
1241 3562 1392 3642 :sive
1419 3587 1490 3642 sit
1513 3574 1779 3663 tribulatio
1795 3586 1848 3643 in
1865 3603 1926 3644 re
1950 3587 2105 3643 fami-

530 3677 664 3753 liari,
683 3678 792 3734 sive
803 3678 872 3733 sit
882 3678 932 3733 in
954 3677 1124 3735 salute
1142 3678 1401 3749 corporis,
1420 3679 1538 3737 sive
1551 3663 1874 3754 de‘periculo
1888 3670 2104 3736 carissi4

528 3768 754 3838 tuorum,
789 3770 902 3828 sive
924 3767 993 3827 de
1016 3770 1191 3842 aliqua
1209 3760 1350 3827 read
1371 3764 1529 3842 hujus
1543 3771 1667 3828 vita:
1685 3772 2101 3829 sustentaculum

526 3848 847 3925 necessaria,
867 3862 1085 3917 omnino
1100 3860 1255 3917 aliud
1272 3862 1531 3932 refugium
1560 3876 1667 3918 nou
1689 3862 1983 3921 debetesse
2001 3864 2103 3920 ho-

529 3946 658 4007 iuini
675 3950 966 4007 christiano
982 3966 1139 4026 quam
1164 3951 1408 4008 Salvator
1431 3954 1567 4023 ejus,
1606 3967 1767 4025 quam
1797 3955 1939 4011 Deus
1964 3955 2100 4026 eius,

526 4056 634 4111 quo
653 4054 778 4095 cum
786 4041 1094 4113 confugerit,
1111 4041 1264 4098 fortis
1275 4044 1362 4098 sit.
1379 4043 1496 4098 Non
1512 4044 1654 4098 enim
1674 4045 1788 4113 ipse
1807 4046 1859 4100 in
1877 4059 1936 4101 se
1951 4045 2104 4102 fortis

526 4131 863 4195 erittautsibi
879 4132 993 4203 ipse
1005 4131 1261 4189 fortitudo
1275 4135 1395 4198 erit;
1412 4134 1507 4189 sed
1525 4135 1615 4190 ille
1632 4135 1703 4188 illi
1719 4135 2102 4204 fortitudoerit,

528 4213 617 4297 qui
643 4217 904 4294 refugium
924 4222 1041 4292 ejus
1065 4222 1231 4279 factus
1257 4236 1359 4279 est.
1384 4223 1783 4293 Verumtamen,
1816 4228 2099 4296 carissimi,

528 4300 666 4385 inter
705 4329 892 4371 omnes
932 4313 1299 4371 tribulationes
1328 4315 1572 4373 humanm
1606 4318 1819 4383 animm,
1853 4318 1995 4374 nulla
2020 4324 2103 4375 erit

525 4404 697 4479 major
722 4407 990 4463 tribulatio
1018 4421 1177 4477 quam
1201 4408 1526 4463 conscientia
1556 4409 1891 4465 delictorum.
1934 4410 2101 4466 Nam-

525 4515 629 4570 que
651 4499 699 4555 si
722 4499 792 4554 ibi
814 4499 1005 4554 vulnus
1025 4511 1130 4553 non
1159 4498 1252 4565 sit,
1281 4512 1575 4570 sanumqne
1608 4501 1678 4557 sit
1706 4502 1849 4557 intus
1870 4502 2102 4559 hominis

526 4592 663 4661 quod
711 4591 1039 4648 conscientia
1079 4602 1330 4656 vocatur;
1386 4592 1703 4664 ubicumque
1748 4596 1871 4651 alibi
1915 4604 2100 4666 passus

526 4683 686 4738 fuerit
723 4685 1108 4751 tribulationes,
1158 4684 1282 4741 illuc
1323 4686 1610 4756 confugiet,
1644 4690 1714 4743 'et
1753 4689 1821 4743 ibi
1870 4685 2102 4747 inveniet

526 4773 712 4827 Deum.
757 4775 813 4830 Si
856 4786 1033 4831 autem
1076 4776 1149 4832 ibi
1179 4777 1392 4849 requies
1431 4792 1536 4832 non
1566 4787 1647 4833 est
1690 4791 1904 4849 propter
1930 4776 2099 4838 aheni

453 4868 468 4887 ’
525 4862 756 4917 dantiam
801 4865 1114 4935 iniquitatis,
1169 4850 1419 4938 quoniam
1468 4873 1535 4923 et'
1559 4868 1629 4923 ibi
1669 4869 1807 4925 Deus
1850 4887 1952 4925 non
1981 4883 2095 4937 est;

525 4951 645 5021 quid
672 4950 904 5009 facturus
925 4964 1008 5010 est
1034 4955 1227 5012 homo?
1259 4972 1366 5028 quo
1402 4957 1689 5029 confugiet,
1717 4974 1837 5014 cum
1877 4965 2099 5031 cmperit

524 5041 630 5110 pati
670 5040 1071 5100 tribulationes?
1120 5045 1307 5118 Fugiet
1349 5048 1417 5103 ab
1461 5040 1593 5119 agro
1636 5050 1701 5104 ad
1733 5050 2021 5116 civitatem,
2069 5068 2099 5108 a

524 5132 732 5202 publico
760 5131 825 5186 ad
852 5133 1089 5200 domum,
1119 5151 1147 5191 a
1172 5137 1332 5192 domo
1357 5137 1407 5193 iu
1434 5140 1757 5208 cubiculum,
1783 5151 1838 5196 et
1859 5144 2101 5212 sequitur

525 5224 809 5279 tribulatio.
846 5227 888 5280 A
914 5228 1156 5282 cubiculo
1177 5230 1284 5299 jam
1313 5247 1419 5300 quo
1445 5231 1613 5300 fugiat
1636 5248 1741 5288 non
1770 5234 1947 5301 habet,
1996 5236 2097 5291 nisi

470 5348 473 5351 η
525 5315 575 5369 in
603 5314 826 5371 interius
873 5317 1048 5373 cubile
1096 5335 1272 5374 suum.
1318 5321 1486 5377 Porro
1512 5325 1558 5379 si
1606 5323 1679 5379 ibi
1710 5325 1964 5380 tumultus
1992 5337 2096 5394 est,

522 5407 564 5461 si
606 5406 779 5463 fumus
817 5408 1128 5479 iniquitatis,
1177 5412 1220 5465 si
1260 5411 1471 5468 ﬂamma
1519 5416 1758 5483 sceleris,
1827 5432 1933 5473 non
1974 5419 2099 5475 illuc

522 5510 696 5571 potest
735 5500 1064 5574 confugere:
1119 5505 1332 5573 pellitur
1354 5505 1514 5574 inde;
1561 5520 1614 5564 et
1642 5524 1762 5565 cum
1796 5511 1917 5568 inde
1945 5515 2096 5584 pelli-

522 5603 626 5659 tur,
652 5609 682 5648 a
711 5595 888 5665 seipso
914 5596 1143 5667 pellitur.
1192 5597 1256 5653 Et
1290 5613 1416 5655 ecce
1455 5599 1661 5656 hostem
1694 5616 1849 5658 suum
1874 5605 2096 5676 invenit,

519 5699 625 5752 quo
667 5685 1018 5758 confugerat:
1066 5689 1299 5761 seipsum
1338 5705 1445 5760 quo
1490 5691 1748 5764 fugiturus
1785 5696 1913 5750 est?
1949 5698 2096 5764 Quo-

519 5789 745 5846 cumque
790 5779 1001 5863 fugerit,
1050 5797 1109 5838 se
1154 5781 1314 5836 trahit
1355 5794 1477 5856 post
1524 5770 1612 5846 se:
1661 5776 1715 5845 et
1761 5784 2096 5862 quocumque

1758 362 1815 445 s.
1854 361 2218 455 succensi
2260 363 2555 449 EPISCOEI
3643 383 3724 438 sua

2213 465 2368 534 talem
2402 482 2622 535 traxerit
2655 497 2735 547 se,
2790 482 2993 538 cruciat
3018 498 3078 539 se
3104 481 3170 539 de
3194 500 3267 540 se.
3314 485 3437 556 ipsa:
3453 502 3563 544 sunt
3584 494 3727 547 trifui-

2207 571 2468 626 latinnes‘
2506 586 2624 642 ane
2648 567 2925 629 inireni'unt
2954 574 3220 629 hominem
3242 570 3428 632 nimis:
3465 583 3728 640 acerbiores

2205 657 2492 718 enimnon
2527 672 2695 719 sunt:
2745 660 2895 720 tanto
2921 680 3027 720 non
3053 675 3178 720 sunt
3215 668 3521 737 acerbiores,
3559 687 3727 741 quanto

2206 754 2312 810 non
2339 763 2464 808 sunt
2489 754 2785 811 interiores.
2818 754 3027 822 Videte,
3056 757 3335 824 carissimi,
3373 772 3487 813 cum
3508 762 3625 832 ligna
3646 765 3743 818 ἀεί

2200 836 2458 915 jiciuntur
2481 848 2502 877 ³
2532 841 2595 900 et
2618 845 2908 915 probantur
2932 861 2961 900 a
2988 845 3184 912 fabris;
3206 846 3478 918 aliquando
3501 850 3547 904 in
3570 865 3725 921 supcr-

2205 936 2324 991 ficic
2376 935 2625 991 videntur
2674 938 2825 1007 quasi
2860 937 3093 992 iaesa‘et
3138 937 3358 1005 putria:
3402 938 3539 994 faber
3584 952 3743 997 autem-

2205 1027 2419 1099 inspicit
2467 1038 2715 1100 tanquam
2762 1027 3048 1084 medullam
3105 1029 3407 1084 interiorem
3447 1029 3579 1100 ligni,
3617 1035 3730 1087 etsi

2203 1116 2331 1173 sanxi
2360 1119 2591 1173 interius
2631 1111 2771 1189 ligna
2794 1119 3126 1188 cognoverit,
3156 1115 3413 1188 promittit
3437 1133 3494 1174 ea
3522 1120 3569 1173 in
3592 1120 3731 1174 adiﬁ-

2203 1207 2290 1264 cio
2317 1208 2607 1275 duratura;
2641 1222 2740 1263 nec
2769 1208 2928 1264 valde
2947 1208 3050 1263 erit
3078 1208 3145 1263 de
3179 1209 3450 1282 sqperticie
3478 1208 3590 1263 laesa
3610 1211 3731 1262 sultis

2202 1298 2358 1366 citus,
2401 1300 2614 1370 quando
2641 1299 2692 1354 id
2721 1288 2863 1369 quod
2910 1286 3132 1375 interius
3160 1310 3245 1356 est
3280 1315 3460 1357 sanum
3488 1294 3728 1354 renuntiat

2204 1391 2371 1465 Porro
2425 1391 2621 1451 homini
2675 1390 2899 1461 interius
2958 1391 3283 1448 conscientia
3322 1405 3424 1445 non
3467 1390 3732 1446 invenitur:

2202 1478 2326 1555 qnid
2355 1481 2513 1552 igitur
2539 1480 2775 1551 prodest,
2817 1482 2861 1534 si
2897 1478 3042 1551 quad
3071 1474 3156 1538 est
3191 1483 3422 1542 exterius
3450 1494 3618 1553 sanum
3652 1470 3734 1546 en,

2200 1582 2257 1629 et
2284 1572 2577 1643 putrefacta
2617 1584 2701 1630 est
2733 1573 2962 1628 medulla
2982 1562 3350 1629 “conscientiae
3372 1573 3397 1625 'l
3434 1574 3593 1627 Arelas
3624 1572 3736 1637 ista,

2201 1673 2257 1720 et
2304 1664 2647 1721 vehementes
2695 1652 2933 1728 omnino,
2992 1675 3046 1721 et
3075 1666 3212 1721 sicut
3250 1666 3477 1736 psalmus
3523 1658 3624 1734 ipse
3660 1662 3735 1729 ait,

2203 1745 2381 1814 nimiae
2434 1760 2799 1815 tribulationes
2843 1770 3010 1817 sunt:
3060 1770 3238 1817 tamen
3281 1762 3427 1818 et'in
3466 1760 3741 1829 his‘adjutor

2203 1850 2502 1929 factusest
2550 1838 2805 1907 Dominus
2852 1851 3170 1909 dimitteudo
3206 1862 3433 1924 peccata.
3477 1851 3743 1920 iniquorum

2202 1943 2344 1999 enim
2369 1944 2725 2001 conscientias
2749 1958 2855 1999 non
2881 1942 3034 1999 sanat
3058 1946 3157 1999 nisi
3187 1943 3522 2014 indulgentia.
3548 1940 3600 1997 Si
3623 1939 3740 1994 enim

2202 2038 2420 2106 magnas
2443 2035 2808 2092 tribulationes
2838 2036 3034 2092 habere
3052 2049 3112 2092 se
3130 2035 3259 2092 dicit
3284 2022 3484 2091 debitor
3510 2032 3611 2087 fisci
3632 2044 3743 2086 cono

2203 2127 2376 2201 fessus
2389 2128 2430 2194 ³,
2465 2138 2520 2185 et
2546 2129 3064 2199 intuens'angustias
3091 2131 3169 2184 rei
3205 2127 3471 2183 familiaris
3498 2139 3617 2189 sum,
3639 2137 3747 2177 cum

2202 2208 2263 2274 se
2281 2218 2546 2274 videtnon
2569 2232 2726 2289 posse
2750 2234 2871 2275 esse
2891 2220 3148 2274 solvendo
3170 2237 3186 2286 ;
3215 2223 3427 2289 propter
3446 2216 3744 2271 imminentes

2202 2308 2348 2363 omni
2376 2319 2523 2363 anno
2543 2309 2928 2379 compulsores,
2958 2311 3556 2379 tribulationes‘magnas
3580 2320 3632 2361 se
3657 2304 3749 2374 pati

2202 2398 2350 2473 dicit,
2402 2414 2501 2457 nec
2529 2415 2750 2472 usquam
2793 2401 3025 2473 respirat
3058 2396 3161 2458 nisi
3185 2396 3257 2456 ‘in
3289 2414 3399 2471 'spe
3440 2392 3750 2469 indulgentia:1

2204 2482 2383 2544 rerum
2411 2498 2741 2545 terrenarum
2758 2490 2781 2525 ⁸
2807 2508 2819 2545 :
2860 2499 3059 2562 quanto
3091 2476 3262 2563 magis
3284 2490 3489 2547 debitor
3510 2499 3747 2559 pmttarum

2203 2578 2273 2634 de
2305 2578 2625 2635 abundantia
2657 2580 2994 2646 delictorum,
3022 2582 3245 2653 ‘quando
3297 2579 3479 2638 reddet
3503 2578 3632 2649 quod
3667 2577 3746 2630 dc-

2205 2667 2296 2738 bet
2329 2668 2401 2723 de‘
2429 2670 2568 2726 mala
2594 2671 2936 2735 conscientia,
2986 2672 3205 2742 quando
3252 2672 3297 2728 si
3322 2668 3617 2725 ’reddiderit
3655 2667 3748 2736 ipse

2204 2759 2378 2829 perit?
2408 2760 2519 2816 lioc
2540 2762 2699 2816 enim
2741 2762 2979 2819 debitum
3005 2764 3257 2833 reddere,
3295 2776 3475 2837 pinnas
3506 2762 3637 2815 luere
3661 2758 3745 2814 esti

2203 2838 2392 2907 Restat
2419 2866 2547 2923 ergo
2574 2861 2633 2907 ut
2668 2852 2736 2908 de
2766 2853 2931 2923 ipsius
2956 2854 3282 2926 indulgentia
3317 2853 3489 2909 securi
3513 2864 3623 2907 esse
3645 2861 3748 2921 pm.

2203 2942 2416 3007 simus:
2460 2944 2504 2998 si
2552 2950 2727 3015 tamen
2752 2956 2967 3015 accepta
3016 2934 3343 3019 indulgentia
3380 2959 3481 3001 non
3507 2954 3674 2998 rursus
3693 2936 3753 3030 ad

2203 3033 2380 3089 debita
2402 3027 2763 3091 contrahenda
2784 3035 3112 3093 redeamus.’
3433 3057 3457 3064 ε·
3747 3027 3752 3061 λ

2273 3118 2331 3185 ις
2368 3125 2457 3181 lsti
2484 3142 2611 3198 ergo
2643 3125 2735 3181 lilii
2761 3126 2899 3183 Core
2920 3127 3146 3185 fortasse
3169 3118 3746 3200 intelligunturesseilli.

2194 3217 2395 3293 quibus
2432 3218 2638 3278 luattus
2681 3206 2999 3279 cst‘Petrus
3030 3220 3086 3276 in
3125 3223 3348 3278 Actibus
3388 3216 3747 3294 Apostolorum}

2203 3313 2325 3367 cum
2360 3312 2548 3369 intenti
2576 3313 2698 3369 facti
2736 3323 2918 3371 essent
2938 3300 3007 3371 ad
3037 3315 3303 3373 mirabilia
3328 3315 3579 3369 adventus
3601 3307 3752 3381 Spiri-

2205 3413 2291 3459 tus
2312 3404 2502 3472 sancti,
2540 3418 2663 3461 eum
2690 3420 2878 3462 omnes
2908 3407 2961 3461 in
2987 3421 3121 3479 quos
3157 3416 3377 3465 venerat
3401 3405 3583 3476 linguis
3600 3399 3740 3455 omni.

2203 3495 2305 3552 bus
2355 3495 2716 3569 loquerentur.
2765 3488 3114 3555 Annuntiavit
3158 3502 3304 3557 enim
3344 3499 3446 3555 illis
3490 3496 3743 3575 Christum;

2204 3591 2325 3659 eum
2343 3586 2447 3656 qui‘
2459 3595 2601 3642 tanta
2618 3580 3142 3657 patuissetmittendo
3155 3589 3410 3663 Spiritum
3426 3598 3669 3644 sanctum.
3686 3579 3748 3637 llli

2204 3673 2361 3745 quem
2388 3678 2487 3748 ipsi
2514 3679 2884 3735 crucifixemnt
2908 3682 3149 3738 manibus
3171 3674 3305 3749 suis,
3322 3683 3603 3753 cogitantes
3616 3688 3747 3747 quam

2204 3769 2617 3838 contemptibilis
2628 3780 2787 3833 esset,
2805 3785 2924 3826 cum
2936 3772 3005 3827 ab
3018 3772 3097 3828 eis
3110 3773 3461 3838 occideretur,
3479 3778 3624 3843 quam
3634 3767 3748 3821 altus

2206 3867 2260 3914 et
2282 3858 2676 3930 'oxcelsusapud
2694 3862 2855 3916 Demu
2874 3862 3045 3919 factus
3064 3875 3228 3932 esset,
3252 3864 3341 3937 qui
3356 3864 3547 3934 Spiritu
3564 3855 3749 3915 sanrtO'

2206 3950 2395 4006 idiotas
2423 3950 2685 4021 impleret,
2711 3959 2765 4006 et
2792 3953 2993 4020 linguas
3021 3952 3302 4009 infantium
3321 3955 3514 4008 faceret
3534 3951 3747 4009 disertas,

2204 4042 2507 4113 compuncti
2527 4042 2706 4110 corde,
2728 4042 3002 4101 dixerunt:
3031 4045 3169 4110 Quid
3187 4045 3468 4115 faciemus?
3493 4042 3605 4098 Ista:
3628 4043 3751 4094 erant

2206 4132 2383 4189 nimim
2412 4132 2794 4199 tribulationes,
2830 4148 2951 4203 qua:
2978 4134 3097 4189 illos
3124 4136 3461 4192 invenerant.
3496 4132 3604 4189 Non
3632 4128 3749 4185 cnim

2208 4221 2305 4293 ipsi
2333 4222 2648 4278 invenerunt
2679 4232 2892 4291 peccata
2922 4238 3038 4288 sua,
3082 4224 3178 4280 sed
3211 4220 3429 4282 inventa
3466 4223 3519 4280 in
3544 4222 3616 4277 eis
3652 4224 3752 4273 sunt

2203 4311 2709 4367 commemoratione
2737 4312 3134 4382 Apostolorum.
3160 4314 3290 4376 ideo
3314 4316 3621 4371 invenerunt
3655 4308 3752 4363 illos

2207 4403 2591 4470 tribulationes,
2623 4418 2727 4458 non
2759 4405 2858 4474 ipsi
2887 4406 3205 4464 invenerunt
3224 4407 3605 4464 tribulationcs.
3642 4400 3752 4457 Nam

2204 4488 2416 4571 quando
2442 4494 2558 4549 sine
2582 4494 2806 4565 alicujus
2832 4496 3199 4554 admonitione
3217 4500 3333 4569 ipse
3358 4499 3517 4553 homo
3544 4492 3754 4550 consile-

2206 4595 2288 4640 rat
2316 4584 2509 4642 factum
2529 4600 2706 4651 suum,
2733 4594 2791 4641 et
2810 4595 2959 4657 rogat
2979 4586 3166 4657 Deum,
3189 4589 3316 4660 quid
3341 4589 3512 4645 dicit?
3549 4582 3753 4641 Tribnlao

2204 4677 2389 4730 tionem
2432 4686 2480 4731 et
2512 4676 2737 4733 dolorem
2764 4678 2950 4746 inveni,
3003 4688 3050 4733 et
3087 4697 3270 4737 nomen
3310 4681 3522 4737 Domini
3559 4673 3754 4733 invocari

2205 4765 2375 4843 (Paul.
2399 4778 2541 4832 cxlv,‘
2567 4770 2621 4833 5,
2643 4766 2722 4838 4).
2753 4768 2867 4824 Alia
2891 4778 2972 4824 est
2997 4766 3125 4842 ergo
3153 4772 3425 4827 tribulatio
3446 4785 3603 4843 quam
3623 4777 3668 4822 tu
3692 4765 3755 4818 in-

2204 4859 2373 4925 venis,
2394 4858 2496 4914 alia
2522 4874 2641 4933 quae
2667 4869 2718 4915 te
2739 4860 2957 4916 invenit.
2988 4861 3045 4916 In
3075 4872 3303 4935 utraque
3322 4863 3630 4919 tamcn‘sive
3654 4869 3755 4927 qltte
3814 4884 3824 4895 -

2205 4957 2258 5003 te
2286 4950 2503 5015 invenit,
2528 4944 2645 5006 sive
2662 4967 2817 5021 quam
2850 4960 2903 5006 tu
2929 4953 3153 5020 invenis,
3202 4964 3265 5010 ut
3290 4964 3568 5024 utramque
3590 4946 3753 5019 depol.

2206 5041 2295 5105 lat,
2347 5041 2437 5097 ille
2469 5041 2736 5113 rogandus
2767 5045 2962 5113 estqui
3003 5053 3087 5099 est
3111 5044 3324 5115 adiutor
3349 5049 3400 5100 lu
3421 5032 3754 5098 'tt‘ilmlatibui-

2204 5131 2320 5185 bus.
2350 5131 2481 5213 Nam
2511 5128 2680 5201 efille
2702 5147 2822 5189 cum
2854 5133 3134 5211 inveniret,
3169 5137 3271 5191 hoc
3294 5134 3444 5202 dixit,
3500 5130 3563 5187 Et
3601 5142 3753 5186 arma

2267 5310 2475 5380 '__sicinr
2497 5317 2604 5360 Mss.
2642 5317 2705 5380 _At
2741 5311 2792 5363 in
2822 5312 2957 5373 add,
2996 5320 3296 5380 Quocumque
3324 5313 3503 5380 fugent
3534 5306 3756 5380 scutulas

2202 5369 2349 5438 trahit
2368 5379 2477 5433 post
2491 5385 2542 5422 se
2566 5384 2584 5422 :
2606 5377 2653 5422 et
2673 5369 2967 5438 quoctmtque
2988 5369 3133 5433 talem
3152 5369 3364 5437 traxerit
3378 5369 3469 5435 'se,
3492 5370 3665 5425 crttciat
3695 5378 3754 5418 se.

2201 5435 2293 5483 sed
2316 5445 2346 5482 a
2366 5438 2520 5495 setpao
2535 5440 2640 5483 sunt
2658 5433 3000 5494 tribulationes,
3022 5444 3118 5487 etc.

2268 5497 2288 5527 ¹
2320 5496 2393 5544 sic
2426 5502 2535 5544 uss.
2558 5502 2613 5544 Αι
2634 5495 2767 5555 βω,
2787 5495 3111 5549 demittatur.

2268 5557 2289 5621 ξ
2319 5557 2608 5621 Quindecim
2627 5562 2754 5621 uss,
2774 5558 3033 5621 confossus.
3068 5568 3186 5619 Duo,
3209 5559 3451 5620 cmfustts.
3483 5559 3615 5614 Tres,
3643 5561 3758 5621 ἰωῇ·

2203 5616 2678 5728 ριῖιςςιιδ.μ1ναυειεεῐηιὶ
2708 5616 2828 5671 vero
2858 5616 3040 5672 habent
3069 5629 3124 5672 ut
3155 5616 3203 5671 in
3227 5616 3362 5683 ald,
3389 5623 3658 5684 cmifessns:
3681 5616 3760 5663 nec

2204 5693 2251 5728 m
2272 5692 2364 5728 nus
2418 5692 2532 5728 ene.
2591 5722 2596 5727 .
3612 5726 3620 5728 μ

2204 5692 2364 5729 nimus
2383 5692 2532 5728 nene.
2591 5722 2596 5727 .

2266 5726 2289 5835 ξ
2313 5726 2571 5849 ἷὲεωοέἷὲι
2592 5726 2725 5804 Mss,
2761 5754 2929 5808 regum
2951 5750 3272 5796 terrenarum.
3612 5726 3639 5764 κ

2413 5837 2446 5860 .,
2469 5814 2569 5852 sua.
