4004 6200
285 393 386 450 511

283 505 488 560 Domini
507 500 778 568 invocari;
805 509 858 557 et
887 497 938 554 hi
973 498 1022 552 in
1053 493 1490 554 tribulationibus,
1523 507 1552 546 a
1577 491 1767 560 quibus
1793 504 1852 568 se

281 601 522 653 inventos
551 607 670 649 esse
697 594 958 654 dixerunt,
989 590 1087 644 hoc
1115 587 1381 648 dixerunt,
1424 584 1553 638 Deus
1589 592 1754 636 noster
1775 599 1854 636 re-

278 690 475 758 fugium
497 697 542 740 et
564 686 741 751 virtus,
771 683 973 753 adjutor
999 682 1047 733 in
1077 675 1476 732 tribulationibus
1514 689 1623 743 qua:
1645 675 1849 726 invene-

275 755 406 832 runt.
437 795 528 831 nos
575 777 742 832 nimis.
796 773 897 828 S'd
945 771 1065 841 quia
1105 767 1313 838 adjutor
1365 765 1532 820 lactus
1564 775 1664 840 est,
1711 755 1872 838 unde.

276 852 442 926 factus
479 869 596 925 est?
629 867 946 936 Contpuncti,
985 865 1173 934 inquit,
1215 861 1365 916 corde
1397 859 1671 914 dixerunt:
1713 843 1850 921 Quid

273 960 560 1032 faciemus?
593 959 862 1028 Tanquam
903 970 1088 1024 magna
1114 949 1500 1022 desperatione.
1541 946 1630 1003 lllc
1671 957 1863 1022 tantus.

270 1061 368 1116 est,
401 1039 557 1122 quem
588 1064 684 1103 nos
713 1047 1021 1111 occidimus,
1055 1044 1262 1113 nosubi
1286 1041 1613 1116 erimulet
1637 1040 1841 1106 Petrus,

270 1143 416 1213 Agite
439 1139 796 1208 paenitentiam,
827 1147 872 1198 et
897 1136 1173 1203 baptizetur
1201 1133 1532 1214 unusquisque
1551 1140 1764 1184 vestrum
1791 1129 1863 1182 in~

269 1232 471 1287 nomine
496 1229 696 1282 Domini
721 1228 876 1302 nostri
906 1224 1028 1279 Iesu
1058 1222 1261 1287 Christi,
1308 1232 1351 1275 et
1374 1221 1690 1274 dimittuntur
1709 1218 1853 1286 vobis,

270 1331 474 1387 peccata
497 1330 655 1391 vestra
681 1317 812 1391 (Aet.
846 1333 901 1381 u,
930 1316 982 1379 4,
1008 1315 1096 1376 57,
1126 1311 1237 1382 58).
1272 1310 1577 1391 Nihileuim
1601 1308 1702 1362 hoc
1723 1322 1843 1376 pec-

267 1425 384 1475 cato
414 1395 626 1483 gravius
645 1412 876 1480 cogitare
907 1415 1204 1478 potuerunt.
1231 1403 1382 1475 Quod
1411 1401 1621 1473 gravius
1649 1415 1839 1468 pecca-

268 1517 377 1576 tum
427 1504 576 1574 aegri,
623 1517 780 1572 quam
826 1500 1013 1554 medici
1066 1493 1397 1552 interfectio?
1460 1491 1582 1562 quid
1629 1492 1840 1561 gravius

267 1607 442 1665 potest
473 1609 614 1664 mger
637 1594 826 1658 facere,
871 1607 1026 1661 quam
1057 1589 1101 1645 si
1132 1587 1391 1642 medicum
1423 1601 1573 1640 suum
1603 1583 1840 1652 occidat?

267 1688 396 1742 Cum
440 1685 545 1738 1100
581 1683 881 1748 dimittitur,
931 1681 1056 1751 quid
1100 1694 1206 1732 non
1259 1676 1578 1731 dimittitur?
1618 1675 1700 1730 Ab
1750 1675 1838 1729 illo

266 1794 392 1851 ergo
445 1777 529 1829 cui
575 1776 768 1839 dictum
806 1782 908 1842 est,
953 1756 1480 1851 ltefugiumet..virtus,
1522 1773 1846 1843 acceperunt,

267 1849 510 1939 magnam
553 1869 905 1923 securitatem.
941 1849 1232 1934 Baptizetur
1265 1863 1603 1931 unusquisque
1622 1869 1836 1925 vestrum

263 1965 313 2015 in
340 1963 542 2016 nomine
566 1961 764 2015 Domini
790 1959 946 2013 nostri
963 1958 1086 2012 Jesu
1113 1956 1298 2010 Christi
1323 1971 1340 2009 :
1387 1955 1438 2008 in
1465 1953 1601 2006 illius
1623 1952 1837 2028 nomine

263 2069 422 2123 quem
449 2052 738 2117 occidistis,
767 2048 1123 2118 baptizamini,
1151 2057 1198 2101 et
1219 2046 1537 2102 dimittuntur
1555 2033 1689 2098 vobis
1716 2059 1833 2112 pec-

262 2157 376 2198 cata
397 2155 578 2199 vestra.
615 2143 874 2198 Medicum
905 2141 984 2196 vel
1026 2149 1205 2209 postea
1231 2136 1569 2208 cognovistis,
1601 2135 1711 2206 jam
1750 2149 1836 2189 se-

261 2237 373 2308 curi
400 2235 561 2302 bibite
585 2234 888 2303 sanguinem
919 2246 1074 2302 quem
1098 2229 1322 2286 fudistis.

330 2317 386 2380 5.
430 2323 587 2396 [vers.
631 2321 717 2395 5.]
779 2322 1010 2389 Denique
1065 2328 1276 2388 accepta
1335 2325 1478 2372 tanta
1527 2316 1830 2384 securitate,

260 2417 386 2486 quid
427 2414 646 2469 dicunt?
693 2412 968 2481 PrOpterea
1005 2428 1104 2465 non
1147 2409 1441 2475 timebimus,
1471 2425 1586 2462 cum
1626 2419 1832 2462 contur-

259 2508 462 2570 babitur
512 2515 662 2559 terra.
709 2504 870 2558 Paulo
915 2512 1038 2557 ante
1079 2501 1310 2564 solliciti,
1346 2501 1520 2556 subito
1545 2501 1738 2573 securi,
1763 2514 1835 2577 ex

260 2599 688 2654 tribulationibus
719 2597 894 2650 nimiis
924 2597 974 2650 in
1007 2610 1192 2664 magna
1224 2593 1603 2667 tranquillitate
1648 2591 1829 2661 positi.

261 2692 568 2746 θοι-1111011111
621 2691 760 2746 enim
812 2689 918 2744 illis
963 2688 1229 2752 Christus,
1281 2687 1399 2744 ideo
1451 2685 1826 2750 turbabantur:

258 2786 522 2854 excitatus
573 2791 655 2837 est
702 2781 968 2850 Christus,
1021 2779 1157 2834 sicut
1185 2777 1374 2832 'modo
1421 2776 1724 2855 audivimus.
1774 2775 1826 2829 in

258 2876 567 2945 Evangelio,
612 2873 890 2942 imperavit
931 2871 1123 2935 ventis,
1166 2878 1219 2924 et
1259 2869 1573 2938 quieverunt
1612 2865 1838 2937 (Meum

256 2983 370 3030 vut,
413 2964 627 3032 24-26).
677 2964 936 3032 Quoniam
979 2961 1219 3033 Christus
1268 2960 1320 3013 in
1363 2958 1622 3029 cujusque
1668 2955 1829 3012 corde

257 3075 353 3130 per
394 3057 549 3111 ﬁdem
588 3063 687 3119 est,
725 3054 1079 3124 significatum
1116 3058 1199 3106 est
1225 3049 1398 3119 nobis,
1424 3049 1544 3119 quia
1578 3046 1696 3116 ejus
1736 3061 1830 3102 cor

256 3159 510 3217 tanquam
539 3146 684 3200 navis
718 3145 769 3199 in
798 3144 953 3212 hujus
977 3141 1154 3217 smculi
1183 3149 1494 3210 tempestate
1522 3139 1819 3206 turbatur‘,

252 3240 342 3307 qui
379 3237 536 3291 [idem
578 3251 724 3290 suam
766 3234 1135 3289 obliviscitur:
1181 3241 1426 3300 tanquam
1467 3229 1678 3303 Christo
1702 3227 1824 3288 dor-

255 3331 458 3384 miente
507 3328 774 3390 turbatur;
817 3326 1044 3381 excitato
1081 3333 1256 3378 autem
1296 3320 1529 3388 Christo,
1572 3310 1630 3375 111
1672 3331 1822 3376 tran-

251 3418 512 3487 quillitas.
547 3416 778 3486 Denique
807 3425 860 3470 et
893 3415 1013 3484 ipse,
1033 3413 1286 3492 Dominus
1309 3411 1432 3490 quid
1473 3409 1584 3465 ait?
1627 3398 1723 3466 Ubi
1752 3420 1826 3465 est

251 3511 382 3577 ﬁdes
409 3517 570 3562 vestra
610 3506 756 3577 (Luc.
786 3521 897 3570 vut,
931 3504 1066 3574 2-5)?
1113 3504 1385 3558 Excitatus
1419 3501 1658 3556 Christus
1682 3501 1826 3556 exci-

253 3600 384 3654 tavit
431 3598 586 3652 lidcm
617 3613 630 3650 :
673 3606 730 3651 ut
765 3596 903 3666 quod
949 3595 999 3649 in
1030 3595 1146 3650 navi
1191 3594 1384 3649 Pactum
1411 3601 1545 3657 erat,
1577 3591 1727 3647 ﬁeret
1769 3593 1822 3646 in

249 3689 504 3743 cordibus
541 3703 745 3742 eorum.
771 3685 989 3755 Atljutor
1023 3685 1075 3738 in
1115 3683 1510 3738 tribulationibus
1538 3697 1650 3752 qua:
1688 3683 1823 3735 inve-

250 3788 434 3833 nerunt
478 3795 567 3830 nos
615 3777 803 3831 uanis:
837 3775 889 3830 id
931 3777 1038 3846 egit
1079 3784 1137 3830 ut
1165 3773 1237 3829 ibi
1284 3783 1426 3830 esset
1470 3771 1822 3841 tranquillitas

252 3885 467 3935 magna.

319 3962 372 4016 6.
422 3959 606 4013 Videte
635 3959 799 4027 ipsam
833 3956 1263 4027 tranquillitatem
1297 3972 1311 4008 :
1341 3953 1615 4023 Pr0pterea
1636 3969 1733 4022 non
1760 3952 1824 4016 ti—

247 4052 510 4109 mebimus,
527 4066 637 4101 cum
650 4048 1181 4109 conturbabiturterra,
1197 4054 1243 4099 et
1256 4045 1617 4117 transferentur
1632 4050 1823 4107 montes

243 4144 296 4194 in
325 4159 416 4194 cor
444 4141 615 4192 maris.
637 4140 784 4193 Tunc
810 4153 912 4192 non
938 4119 1263 4197 timebimus.
1283 4134 1590 4201 Qumramus
1610 4141 1818 4186 montes

244 4230 573 4291 translatos;
613 4237 666 4282 et
711 4228 754 4280 si
804 4226 1041 4281 invenire
1090 4224 1434 4292 potuerimus,
1482 4221 1817 4276 manifestum

240 4321 476 4391 estquia
522 4321 630 4387 ipsa
672 4328 752 4374 est
793 4318 1049 4372 securitas
1089 4325 1286 4369 nostra.
1332 4315 1585 4369 Dominus
1624 4313 1819 4383 quippe

239 4413 378 4466 divit
402 4411 714 4478 discipulis:
752 4397 812 4463 Si
841 4407 1107 4462 habueritis
1147 4407 1297 4474 [idem
1338 4407 1463 4460 sicut
1507 4391 1817 4476 9101111111ίεὶ-

237 4505 414 4572 napis,
445 4502 618 4554 dicetis
646 4500 802 4566 monti
847 4499 982 4564 huic,
1027 4499 1222 4552 Tollere
1269 4508 1315 4551 et
1352 4499 1543 4552 mittere
1569 4498 1620 4550 in
1660 4512 1816 4563 mare,

236 4605 282 4645 et
311 4595 403 4660 ﬁet
439 4591 654 4659 (Matth.
682 4606 814 4652 xvn,
849 4591 958 4657 19).
992 4587 1173 4654 Forte,
1202 4589 1358 4642 monti
1391 4589 1526 4650 huic,
1548 4587 1614 4642 de
1639 4587 1817 4655 seipso

230 4684 410 4745 dixit;
443 4681 616 4734 dictus
646 4690 726 4734 cst
752 4679 890 4750 0111111
930 4694 1082 4732 1110118
1108 4698 1120 4734 :
1152 4678 1262 4748 Erit
1304 4679 1355 4731 in
1385 4678 1663 4751 novissimis
1694 4689 1819 4746 tent-

233 4771 452 4838 poribus
479 4770 772 4839 manifestus
799 4785 939 4821 mons
960 4769 1182 4842 Domini.
1207 4768 1308 4834 Sed
1345 4769 1443 4841 iste
1479 4781 1630 4840 mons
1656 4761 1817 4842 super

229 4867 374 4918 alios
400 4838 926 4917 montesicollocatus
953 4838 1061 4915 est:
1089 4838 1208 4930 quia
1237 4868 1290 4914 ct
1321 4838 1552 4926 Apostuli
1583 4838 1812 4934 montes,

228 4965 516 5024 portantes
540 4963 771 5007 montem
801 4953 957 5006 hunc.
989 4951 1110 5005 Ideo
1139 4950 1395 5018 sequitur,
1428 4947 1536 4999 Erit
1568 4947 1619 4999 in
1646 4947 1814 4999 novis-

225 5048 381 5101 simis
423 5046 746 5114 temporibus,
777 5046 1070 5114 manifestus
1097 5058 1238 5094 mons
1268 5040 1487 5104 Domini,
1518 5049 1724 5106 paratus
1763 5038 1815 5091 in

220 5139 504 5192 cacumine
535 5137 774 5189 montium
802 5135 954 5202 (lsai.
984 5150 1040 5196 11,
1071 5133 1148 5200 2).
1181 5129 1528 5186 Transcendit
1566 5144 1693 5199 ergo
1720 5145 1812 5182 ca-

220 5229 451 5284 cumina
500 5227 755 5280 montium
788 5213 1043 5281 omnium.
1075 5231 1128 5277 et
1171 5221 1222 5274 in
1265 5221 1536 5274 cacumine
1576 5221 1809 5272 omnium

219 5316 502 5372 montium
539 5315 829 5369 collocatus
865 5323 977 5375 est;
1008 5310 1255 5380 quoniam
1305 5319 1510 5364 montes
1550 5319 1674 5362 sunt
1715 5325 1812 5362 an-

219 5407 548 5461 nuntiantes
570 5415 827 5458 montem.
860 5403 1002 5456 Mare
1028 5409 1201 5455 autem
1229 5400 1488 5469 signiﬁcat
1517 5400 1617 5454 hoc
1645 5413 1815 5454 810011-

217 5499 370 5560 111111,
401 5498 450 5550 111
481 5497 633 5566 cujus
662 5497 823 5550 maris
847 5494 1238 5562 comparatione
1267 5501 1514 5563 tanquam
1562 5500 1702 5547 terra
1731 5479 1810 5545 vi-

287 5650 306 5681 ¹
355 5655 425 5697 tta
448 5657 550 5698 uss.
580 5655 632 5698 At
653 5647 786 5706 111111,
811 5645 861 5696 in
890 5644 1232 5708 cujuscumque
1255 5645 1400 5694 corde
1431 5656 1518 5706 per
1552 5642 1707 5708 ﬁdem
1722 5655 1816 5708 non

212 5719 315 5761 est.
343 5708 675 5772 significatum
698 5705 925 5760 estnobis
947 5705 1062 5772 quia
1082 5705 1186 5767 ejus
1217 5719 1299 5772 cat;
1323 5705 1561 5772 tanquam
1597 5705 1732 5756 navis
1762 5707 1814 5756 in

213 5775 387 5839 huius
397 5763 574 5820 "ste'cnli
595 5777 869 5836 tempestate
894 5763 1127 5819 turbatur.
1153 5767 1242 5824 Qui
1264 5763 1412 5823 ﬁdem
1426 5763 1581 5821 suam.
1600 5776 1696 5819 etc.
1767 5780 1780 5789 '

1385 359 1778 456 autumno
1818 373 1884 430 IN
1925 376 2240 441 PSAIMUM
2270 387 2427 452 XLV.

3429 408 3534 472 5.18

1961 493 2183 594 dabatur
2204 515 2334 570 gens
2363 502 2684 561 Judznorum.
2718 509 2832 564 Non
2863 512 3002 567 enim
3044 515 3352 572 idololatriae
3378 535 3527 576 ama-

1957 585 2186 642 ritudine
2215 590 2503 658 tegebatur,
2535 597 2626 650 sed
2657 608 2772 652 erat
2817 608 3062 670 tanquam
3093 607 3238 660 arida
3266 614 3523 665 amaritu-

1957 671 2079 728 dine
2107 675 2354 733 Gentium
2400 690 2646 752 tanquam
2693 689 2824 742 mari
2869 691 3212 754 circumdata.
3262 697 3521 754 Futurum

1957 771 2072 818 erat
2097 775 2154 820 ut
2183 767 2490 857 turbaretur
2506 765 2664 850 terra,
2691 775 2741 830 id
2768 787 2850 832 est
2893 779 2978 833 illa
3008 781 3116 850 ipsa
3151 799 3282 852 gens
3313 785 3546 854 judcea;

1954 865 2007 946 et
2035 858 2448 915 transferrentur
2472 873 2680 920 montes
2704 866 2756 921 in
2795 882 2891 924 cor
2929 873 3110 937 maris,
3139 874 3188 928 id
3223 887 3303 929 est
3347 878 3518 946 primo

1953 944 2065 1013 ipse
2113 963 2266 1035 monts
2310 966 2530 1023 magnus
2575 967 2789 1024 paratus
2826 949 2881 1014 in
2923 965 3195 1020 cacumine
3234 944 3516 1024 montium.

1951 1036 2195 1113 Deseruit
2217 1040 2357 1094 enim
2395 1053 2603 1112 gentem
2625 1046 2877 1114 judaaam,
2901 1060 2954 1105 et
2989 1051 3154 1109 factus
3180 1066 3262 1110 est
3298 1058 3348 1111 in
3374 1058 3518 1114 Gen-

1953 1125 2123 1216 tibus;
2174 1130 2457 1216 translatus
2494 1142 2575 1187 est
2601 1128 2928 1214 deteri-apud
2969 1158 3134 1198 mare.
3165 1143 3520 1204 Transfcren-

1950 1213 2089 1282 tibus
2115 1217 2304 1285 quibus
2321 1213 2354 1271 ’1⁷
2383 1216 2668 1296 Apostolis,
2692 1215 2882 1294 quibus
2903 1214 3128 1299 dixerat,
3155 1233 3217 1289 Si
3244 1237 3515 1291 habueritis

1946 1306 2100 1374 ﬁdem
2126 1308 2177 1362 in
2205 1311 2340 1363 vobis
2384 1322 2619 1383 tanquam
2659 1332 2873 1385 granum
2917 1321 3126 1392 sinapis,
3157 1327 3328 1382 dicetis
3357 1331 3516 1383 monti

1946 1397 2080 1487 huic,
2110 1398 2310 1468 Tollere
2335 1412 2383 1456 et
2427 1407 2617 1462 mittere
2658 1409 2710 1461 in
2742 1426 2898 1476 more,
2932 1422 2978 1465 et
3017 1414 3102 1479 ﬁet
3139 1430 3158 1469 .'
3198 1407 3247 1470 id
3291 1406 3391 1484 081,
3421 1435 3516 1487 per

1945 1485 2302 1544 ﬁdelissimam
2322 1503 2549 1563 vestram
2573 1499 2996 1566 prmdicationem
3026 1503 3115 1559 ﬁet
3138 1515 3192 1559 ut
3219 1505 3370 1564 mens
3395 1485 3510 1574 iste,

1945 1578 2046 1669 hoc
2096 1590 2176 1635 est
2232 1596 2329 1656 ego
2384 1585 2495 1656 ipse
2549 1589 2804 1658 0110111001-
2844 1594 2894 1648 111
2936 1594 3210 1661 Gentibus,
3247 1599 3512 1669 8101111001-

1943 1668 1994 1724 111
2028 1670 2301 1739 Gentibus,
2333 1690 2585 1744 agnoscar
2615 1680 2665 1733 in
2689 1682 2963 1752 Gentibus,
2987 1695 3039 1742 01
3064 1688 3153 1741 litt
3173 1691 3309 1759 quod
3333 1693 3399 1746 de
3426 1708 3510 1746 me

1943 1763 2251 1832 prtcdictum
2275 1776 2376 1833 est,
2399 1765 2629 1837 Populus
2645 1788 2789 1840 quem
2807 1791 2905 1828 non
2922 1779 3146 1848 cognovi,
3166 1781 3360 1834 servivit
3387 1783 3508 1836 mihi

1941 1852 2113 1922 (Psal;
2145 1871 2270 1917 xvtt,
2301 1858 2651 1928 45).Quaudo
2678 1874 2853 1918 autem
2888 1878 2940 1920 et
2977 1854 3062 1921 illi
3089 1877 3296 1924 mentes
3328 1881 3502 1926 trans-

1941 1941 2029 1996 lati
2058 1945 2218 1998 sunt?
2247 1946 2310 2000 Et
2338 1949 2434 2002 hoc
2457 1950 2651 2004 indicet
2677 1955 2826 2008 nobis
2848 1955 3113 2025 Scriptura
3144 1959 3255 2013 Dei.
3281 1959 3504 2027 Quando

1938 2032 2224 2102 Apostolus
2272 2039 2589 2104 praedicabat
2624 2040 2840 2106 Iuda-is,
2885 2059 3198 2114 respueruut
3251 2050 3502 2116 verbum;

1939 2131 1993 2176 et
2029 2122 2102 2176 ait
2142 2126 2410 2214 apostolus
2456 2129 2646 2184 Paulus
2684 2148 2696 2184 :
2729 2132 2806 2186 Ad
2851 2150 2937 2188 vos
2978 2136 3115 2190 missi
3161 2153 3376 2204 eramus,
3417 2141 3506 2194 sed

1937 2212 2056 2280 quia
2085 2214 2340 2290 respuistis
2381 2212 2580 2293 verbum
2628 2220 2740 2287 Dei,
2772 2223 2901 2276 imus
2924 2225 2991 2278 ad
3016 2217 3194 2281 Gentes
3225 2228 3355 2296 (Act.
3392 2245 3498 2293 xm,

1937 2303 2046 2372 46).
2077 2302 2338 2359 Translati
2368 2318 2492 2382 sunt
2531 2319 2734 2363 montes
2762 2312 2812 2366 in
2853 2328 2946 2368 cor
2975 2316 3151 2370 maris.
3183 2315 3322 2371 Vere
3362 2319 3502 2373 enim

1937 2391 2130 2448 Gentes
2183 2395 2521 2452 crediderunt
2575 2401 2874 2476 montibus,
2923 2414 2980 2458 ut
3033 2405 3083 2460 in
3135 2407 3295 2462 corde
3342 2409 3504 2462 maris

1936 2493 2112 2538 essent
2140 2495 2346 2540 montes
2377 2487 2450 2542 illi
2476 2507 2488 2542 :
2522 2505 2623 2544 non
2645 2491 2780 2546 sicut
2804 2481 2991 2560 Judmi,
3011 2495 3076 2548 de
3096 2496 3284 2565 quibus
3304 2495 3523 2553 dictum'

1935 2585 2036 2642 est,
2069 2575 2296 2646 Populus
2339 2581 2420 2632 hic
2463 2566 2605 2636 labiis
2635 2601 2711 2636 me
2749 2585 2980 2651 honorat,
3009 2603 3095 2640 cor
3137 2598 3298 2642 autem
3327 2607 3501 2644 eorum

1936 2664 2082 2738 longe
2107 2679 2178 2722 est
2206 2686 2237 2721 a
2277 2687 2355 2724 me
2385 2670 2530 2736 (Isai.
2564 2689 2710 2738 χχιχ,
2752 2677 2838 2740 15,
2867 2687 2910 2730 et
2941 2677 3124 2731 Matth.
3156 2696 3241 2746 xv,
3275 2681 3350 2750 8).
3393 2682 3503 2738 Hoc

1933 2759 2072 2811 enim
2108 2767 2162 2812 et
2185 2760 2251 2814 de
2274 2759 2426 2816 Novo
2451 2761 2788 2818 Testamento
2818 2769 3073 2835 promittit
3111 2770 3384 2838 Dominus,
3408 2789 3502 2842 per

1933 2848 2244 2917 prophetam
2267 2843 2481 2906 dicens:
2514 2851 2657 2906 Dabo
2684 2849 2812 2924 leges
2843 2874 2976 2910 meas
3002 2859 3052 2911 in
3075 2859 3306 2913 cordibus
3330 2879 3502 2915 eorum

1934 2935 2144 3027 (larem.
2182 2957 2326 3021 xxxi,
2363 2943 2452 3008 55,
2495 2953 2541 2996 et
2576 2943 2733 2998 Hebr.
2765 2962 2874 3011 vut,
2911 2947 3017 3015 10).
3063 2949 3152 3002 lla:
3197 2950 3356 3019 leges,
3389 2951 3502 3006 111110

1931 3037 2190 3097 prtecepta
2224 3046 2315 3099 per
2345 3033 2626 3110 Apostolus
2655 3034 2814 3087 indita
2846 3037 3078 3090 omnium
3101 3039 3346 3092 Gentium
3376 3039 3498 3094 ﬁdei

1930 3124 1987 3173 et
2011 3119 2331 3187 credulitati,
2350 3132 2555 3177 montes
2576 3123 2698 3178 dicti
2724 3134 2845 3178 sunt
2871 3126 3106 3180 translati
3131 3128 3180 3180 in
3199 3143 3292 3183 cor
3317 3130 3511 3184 maris.”

1929 3210 2079 3265 Tunc
2123 3225 2218 3267 nos
2258 3227 2359 3267 non
2410 3213 2728 3268 timebimus.
2762 3216 2862 3282 Qui
2909 3231 3010 3270 non
3057 3218 3395 3273 timebimus?
3425 3219 3510 3274 llli‘

1929 3302 2015 3371 qui
2045 3303 2345 3370 compuncti
2384 3317 2566 3358 sumus
2599 3305 2779 3371 corde,
2814 3320 2877 3360 ne
2919 3304 3161 3361 1101οῐ11118
3185 3309 3251 3363 110
3279 3305 3510 3363 numero

1928 3392 2270 3464 reproborum
2320 3392 2651 3461 Judazorum,
2698 3405 2941 3464 tanquam
2985 3412 3250 3450 ramorum
3301 3399 3497 3453 fracto-

1927 3494 2066 3544 rum.
2111 3479 2460 3537 Crediderunt
2505 3483 2645 3537 enim
2690 3485 2904 3552 quidam
2959 3485 3190 3549 illorum,
3222 3498 3274 3540 et
3312 3487 3494 3541 adhic-

1928 3580 2112 3628 serunt
2161 3559 2429 3641 Apostolis
2468 3573 2927 3642 prtedicantibus’.
2972 3575 3213 3628 Timcant
3252 3591 3377 3643 ergo
3418 3577 3492 3629 illi

1927 3675 2059 3729 quos
2087 3658 2432 3716 deseruerunt
2461 3671 2667 3717 montes
2697 3680 2710 3714 :
2756 3678 2852 3716 nos
2880 3678 2907 3714 a
2947 3664 3210 3717 montibus
3255 3679 3358 3729 non
3404 3673 3491 3717 re;

1926 3754 2210 3818 cessimus;
2242 3765 2294 3831 et
2310 3755 2518 3826 quando
2545 3755 2777 3809 translati
2803 3765 2925 3807 sunt
2947 3755 2995 3808 in
3015 3769 3107 3809 cor
3129 3742 3309 3827 maris”,
3327 3739 3490 3831 secuti

1927 3862 2126 3903 sumus.
2255 3828 2258 3831 l
3181 3830 3185 3838 ’
3343 3828 3356 3846 ”
3388 3836 3392 3840 ’

1997 3938 2049 3991 7.
2091 3935 2245 4009 [vers.
2269 3934 2347 4008 4.]
2385 3935 2518 4003 Quid
2556 3936 2663 4005 jam
2703 3934 2939 4004 sequitur
2962 3949 3026 4009 ex
3054 3949 3117 3987 eo
3145 3934 3283 4004 quod
3319 3943 3492 3988 trans-

1926 4027 2016 4082 lati
2059 4005 2181 4082 sunt
2224 4005 2430 4083 montes
2475 4029 2526 4080 in
2569 4042 2662 4081 cor
2707 4005 3488 4101 111111181111101111110011111010

1927 4116 2222 4172 veritatem.
2272 4117 2394 4172 11ωο
2434 4118 2571 4171 0111111
2617 4116 2824 4187 quando
2884 4115 3206 4178 dicebautur,
3265 4118 3485 4172 obscura

1926 4218 2093 4273 erant,
2138 4210 2258 4279 quia
2304 4209 2532 4264 nondum
2577 4197 2940 4274 contigerant:
2976 4224 3112 4261 nunc
3150 4221 3322 4262 autem
3371 4200 3491 4282 quis

1920 4299 2028 4368 jam
2051 4300 2182 4354 facta
2212 4298 2648 4374 noncognmcat?
2680 4297 2833 4351 Liber
2861 4291 2951 4350 tibi
2979 4300 3046 4351 sit
3077 4301 3258 4368 pagina
3287 4286 3489 4364 divina,

1924 4399 1982 4443 ut
2008 4390 2120 4444 hare
2147 4373 2328 4444 audias
2357 4407 2369 4442 :
2401 4388 2532 4442 liber
2571 4387 2658 4440 tibi
2699 4387 2765 4440 sit
2792 4387 2933 4439 orbis
2963 4395 3240 4447 terrarum.
3272 4399 3327 4442 111
3371 4377 3487 4445 huic

1926 4480 2126 4536 videas.
2156 4479 2213 4534 In
2235 4479 2348 4534 istis
2366 4467 2631 4532 codicibus
2658 4491 2760 4529 non
2791 4491 2850 4529 ea
2880 4477 3072 4544 legunt,
3097 4478 3196 4530 nisi
3227 4479 3313 4546 qui
3346 4479 3484 4533 litte-

1925 4585 2011 4624 ras
2039 4578 2294 4623 noverunt
2317 4585 2330 4621 :
2359 4568 2407 4620 in
2433 4575 2540 4619 toto
2559 4565 2751 4618 mundo
2774 4566 2974 4633 legatct
2999 4564 3158 4617 idiota
3199 4567 3331 4634 Quid
3359 4569 3484 4638 ergo

1925 4659 2115 4713 factum
2143 4665 2240 4720 est,
2265 4657 2388 4711 dum
2419 4655 2650 4709 translati
2683 4664 2803 4706 sunt
2839 4666 3041 4708 montes
3081 4655 3128 4706 in
3162 4658 3255 4718 cor
3289 4638 3485 4724 maris?

1926 4748 2213 4802 Sonuerunt
2237 4756 2281 4798 et
2309 4745 2518 4798 turbata:
2545 4754 2661 4796 sunt
2705 4758 2847 4812 oqute
2883 4743 3008 4810 ejus.
3041 4732 3262 4811 Quandb
3291 4745 3482 4814 ρειτιιάῑ-

1923 4830 2138 4903 cabatur
2176 4835 2508 4905 Evangelium
2534 4831 2630 4904 ((1),
2664 4832 2800 4897 Quid
2827 4842 2897 4884 est
2925 4832 3015 4884 hoc
3033 4833 3058 4884 ?
3096 4819 3480 4902 Peregrinarum

1923 4929 2280 4984 dwntoniorum
2319 4926 2509 4978 videtur
2538 4923 2999 4976 iste-annuntiator
3036 4939 3141 4976 esse
3181 4925 3312 4994 (Act.
3355 4942 3482 4993 xv",

1926 5023 2052 5090 l8):
2085 5019 2185 5072 hoc
2227 5016 2594 5070 Atheuienses.
2637 5012 2853 5081 Ephesii
2895 5023 3066 5067 autem
3112 5029 3218 5083 quo
3257 5017 3485 5070 tumultu

1919 5111 2162 5168 occidere
2196 5107 2473 5176 Apostolus
2500 5105 2800 5168 voluerunt,
2824 5105 3033 5174 quando
3067 5106 3116 5160 in
3145 5107 3351 5162 theatro
3389 5124 3486 5176 pro

1925 5205 2082 5258 Diana
2114 5217 2202 5255 sua
2234 5209 2431 5253 tantum
2473 5198 2747 5265 strepitum
2796 5196 3048 5262 fecerunt,
3077 5209 3132 5252 ut
3159 5199 3482 5254 clamarent:

1925 5293 2113 5362 Magna
2152 5289 2315 5342 Diana
2347 5285 2566 5355 Ephesia
2596 5285 2701 5354 (Id.
2737 5303 2845 5351 xtx,
2868 5287 2999 5357 28)?
3044 5288 3183 5342 inter
3211 5305 3345 5359 quos
3390 5280 3486 5351 llu-

1921 5395 2038 5437 ctus
2065 5391 2117 5436 01
2143 5379 2342 5435 sonitus
2383 5377 2540 5430 maris
2579 5391 2680 5429 non
2713 5376 2986 5443 timebant,
3015 5378 3101 5448 qui
3128 5381 3193 5431 ad
3226 5371 3483 5446 refugium

1985 5518 2000 5548 ί
2023 5521 2223 5575 Quatuor
2245 5519 2370 5570 uss,
2413 5508 2731 5575 crediderunt
2762 5510 2902 5564 enim.
2946 5517 2994 5564 et
3033 5517 3333 5561 accesserunt
3363 5521 3480 5573 μίμο-

1921 5570 2053 5630 διοιὶἶ
2069 5576 2149 5624 Alii
2172 5575 2277 5623 fere
2301 5570 2812 5633 omnes,credidernnt
2834 5575 2958 5621 enim
2980 5581 3024 5622 et
3047 5578 3346 5622 aecmserum
3364 5570 3484 5633 Apo-

1921 5637 2063 5690 stolis.
2089 5645 2181 5687 Nec
2204 5633 2396 5693 habent,
2421 5632 2616 5696 quidam
2659 5633 2850 5683 illorum
2863 5646 2882 5694 ;
2923 5647 3012 5683 nec
3037 5634 3260 5692 verbum,
3304 5632 3480 5696 prdidi-

1922 5698 2146 5751 cantibus.

1988 5762 2058 5816 ta)
2081 5757 2282 5810 Subaud.
2329 5755 2574 5805 dixerunt.
