4004 6200
459 427 591 514 illud
616 455 983 526 confugerant.
1023 451 1258 521 Denique
1300 448 1570 520 apostolus
1607 447 1801 502 Paulus
1831 447 2038 500 volebat

459 551 657 604 intrare
697 549 748 602 in
791 531 1087 614 theatrum,
1107 552 1161 598 et
1203 558 1235 595 a
1275 541 1548 611 discipulis
1591 548 1870 620 revocatus
1915 547 2034 600 est,

457 642 576 711 quia
631 621 988 692 necessarium
1033 644 1148 690 erat
1190 633 1363 688 adlmc
1405 641 1461 685 ut
1501 619 1552 685 in
1596 645 1757 698 carne
1797 617 2038 710 maneret

457 719 858 802 propteripsos.
911 726 1016 781 Sed
1062 735 1238 780 tamen
1268 724 1558 780 Sonuerunt
1595 731 1642 774 et
1681 722 1894 774 turbata:
1921 727 2038 800 sunt

455 794 602 894 anno}
624 807 736 892 ejus
761 836 780 874 :
808 819 1089 874 conturbati
1129 825 1244 872 sunt
1284 825 1474 893 montes
1502 814 1554 866 in
1587 812 1880 883 fortitudine
1905 811 2033 880 ejus.

453 915 661 984 Cujus?
704 912 1092 978 Numquidnam
1123 909 1306 974 maris,
1339 922 1404 961 an
1453 906 1625 975 potius
1669 905 1782 968 Dei,
1825 902 1890 957 de
1930 916 2036 972 quo

453 1008 652 1064 diettun
683 1015 763 1060 est
793 1023 806 1058 :
860 1003 1126 1074 Refugium
1153 1009 1197 1055 et
1229 999 1410 1076 virtus,
1438 993 1644 1075 adiutor
1662 997 1715 1068 in
1753 994 2037 1076 tribulatio-

457 1097 599 1150 nibus
625 1112 740 1166 quis
769 1073 1060 1148 invenerunt
1103 1107 1194 1148 nos
1235 1089 1384 1143 nimis
1399 1073 1428 1142 i?
1467 1073 1684 1142 Turbati
1728 1073 1868 1140 enim
1913 1092 2038 1156 sunt

455 1196 685 1252 montes,
707 1187 755 1240 id
783 1195 864 1240 est
891 1191 1182 1254 potestates
1212 1180 1367 1248 hujus
1391 1177 1595 1232 surculi.
1619 1175 1718 1228 Alii
1745 1182 1870 1230 sunt
1889 1174 2032 1228 enim

455 1287 662 1332 montes
695 1277 807 1342 Dei,
840 1277 926 1330 alii
955 1282 1077 1327 sunt
1103 1275 1310 1325 montes
1341 1268 1520 1324 saeculi
1547 1285 1560 1321 :
1590 1274 1796 1319 montes
1831 1263 2032 1343 saeculi,

455 1369 644 1438 quibus
689 1376 846 1436 caput
889 1351 1168 1426 diabolus;
1215 1366 1424 1418 montes
1483 1359 1599 1426 Dei,
1641 1357 1832 1440 quibus
1879 1363 2036 1440 eaput

455 1459 715 1514 Christus.
741 1457 845 1513 Sed
874 1473 966 1527 per
992 1457 1120 1511 istos
1149 1440 1578 1508 montcs‘turbati
1612 1457 1744 1503 sunt
1774 1446 1845 1501 illi
1878 1462 2032 1501 mou-

457 1563 556 1606 tes.
575 1552 723 1605 Tunc
739 1550 1000 1604 dederunt
1027 1562 1184 1601 voces
1199 1547 1214 1576 ¹
1243 1553 1426 1598 contra
1454 1542 1801 1602 Christianos,
1823 1537 2033 1607 quando

457 1642 648 1697 turbati
677 1647 800 1694 sunt
826 1647 1033 1711 montes
1074 1635 1385 1714 sonantibus
1415 1631 1660 1686 ﬂuctibus
1687 1649 1700 1684 :
1733 1636 1800 1714 et.
1825 1635 2034 1686 montes

455 1743 593 1786 snnt'
617 1732 828 1795 turbati,
861 1738 916 1784 et
953 1709 1126 1790 laetus
1155 1709 1236 1784 est
1265 1739 1486 1795 magnus
1523 1733 1676 1778 terra:
1708 1709 1883 1774 molus
1910 1733 2030 1773 cum

454 1817 598 1876 motu
629 1808 800 1891 aqum.
827 1818 932 1876 Sed
959 1819 1044 1873 cui
1071 1818 1221 1872 hmo?
1247 1815 1459 1870 Civitati
1509 1813 1580 1867 illi
1615 1809 1844 1866 fundatae
1873 1822 2034 1879 super

457 1923 679 1981 petram.
729 1913 930 1986 Sonant
977 1925 1163 1977 aqum,
1212 1908 1490 1960 turbantur
1537 1910 1772 1964 montes,
1821 1914 2030 1954 annun-

455 2005 582 2057 tiato
614 2002 920 2072 Evangelia.
949 1999 1085 2066 Quid
1129 2009 1182 2050 tu
1213 1997 1398 2051 civitas
1443 1993 1573 2048 Dei?
1613 1991 1750 2046 Audi
1777 1990 1918 2060 quod
1948 2004 2034 2042 se-

452 2077 647 2163 quitur.
994 2133 998 2136 η

523 2183 574 2238 8.
618 2181 774 2254 [rem
805 2180 884 2252 5.]
929 2179 1177 2258 Fluiitittis
1219 2177 1435 2256 impetus
1479 2174 1738 2255 [letiﬁcant
1783 2172 2030 2249 civitatem

456 2263 566 2341 Dei.
597 2274 724 2344 Cum
757 2271 1067 2325 turbantur’
1109 2276 1339 2346 montes,
1367 2281 1486 2319 cum
1535 2263 1685 2318 sazvit
1725 2278 1891 2327 mare,
1925 2276 2028 2314 non

450 2363 650 2418 deserit
688 2363 828 2416 Deus
861 2355 1128 2414 civitatem
1167 2372 1315 2412 sn-m
1367 2371 1462 2426 per
1505 2355 1733 2424 impetus
1775 2351 2029 2406 ﬂuminis.

448 2456 548 2526 Qui
575 2465 698 2512 sunt
727 2453 809 2508 isti
839 2453 1068 2521 impetus
1095 2448 1360 2504 ﬂuminis?
1390 2433 1667 2518 Inundatio
1693 2444 1779 2522 illa
1798 2443 2028 2521 Spiritus

449 2547 638 2610 sancti,
668 2545 735 2619 de
771 2559 872 2620 qua
905 2542 1157 2613 Dominus
1183 2537 1392 2616 dicebat
1425 2555 1438 2591 :
1473 2537 1534 2592 Si
1558 2537 1669 2620 quis
1711 2535 1834 2600 sitit,
1860 2535 2028 2587 veniat

447 2650 493 2693 et
522 2639 655 2692 bibat
679 2617 1000 2706 equi-credit.
1020 2633 1071 2686 in
1096 2648 1194 2698 me,
1220 2623 1434 2702 [lumina
1468 2617 1613 2699 aquis
1635 2628 1756 2682 vitae
1783 2629 1940 2697 ﬂuent
1965 2626 2029 2680 de

447 2709 613 2784 venire
654 2731 782 2799 ejus.
828 2727 969 2796 Ergo
1019 2709 1140 2780 haec
1186 2707 1400 2778 ﬂumina
1450 2720 1684 2775 ﬂuebant
1727 2718 1796 2774 de
1843 2729 2027 2775 ventre

448 2823 613 2881 Pauli.
648 2821 808 2883 Petri,
844 2803 1082 2882 Joannis,
1114 2817 1338 2872 aliorum
1369 2814 1764 2884 Apostolorum,
1801 2813 2028 2866 aliorum

449 2914 898 2984 Evangelistarum
931 2911 1184 2965 ﬁdelium.
1227 2909 1352 2964 “me
1392 2907 1606 2962 ﬂumina
1649 2921 1769 2961 cum
1801 2905 2028 2959 ﬂuerent.

419 3007 512 3067 _ab
549 3020 652 3058 uno
690 3003 928 3069 ﬂumine,
957 3001 1106 3055 multi
1155 3001 1371 3068 impetus
1411 2997 1634 3067 ﬂuminis
1665 2996 1922 3064 la'tiﬁcant
1954 2995 2025 3047 ei-

444 3097 642 3150 vilatem
689 3093 804 3159 Dei.
833 3091 964 3146 Nam
995 3099 1052 3144 ut
1089 3089 1344 3144 noveritis
1381 3087 1482 3142 hoc
1503 3091 1570 3141 de
1597 3086 1794 3155 Spiritu
1838 3093 2024 3140 sancto

444 3188 662 3248 dictum,
687 3185 737 3236 in
769 3183 955 3238 eodem
987 3181 1269 3250 Evangelio
1295 3187 1684 3249 consequenter
1702 3178 1828 3234 dicit
1851 3178 2024 3232 Evan-

443 3277 626 3346 gelisla
659 3293 670 3326 :
707 3273 817 3327 Hoc
841 3283 1010 3326 autem
1037 3269 1229 3324 dicebat
1254 3271 1316 3324 de
1353 3269 1570 3340 Spiritu,
1598 3285 1740 3338 quem
1771 3270 2024 3338 accepturi

442 3376 584 3426 erant
627 3365 678 3418 hi
719 3365 804 3434 qui
848 3363 900 3416 in
939 3379 1052 3417 eum
1095 3369 1235 3416 erant
1279 3361 1554 3434 credituri.-
1589 3359 1812 3430 S‘piritus
1855 3369 2022 3413 autem

443 3455 666 3510 nonduin
692 3465 798 3508 erat
828 3454 997 3521 datus,
1025 3453 1142 3522 quia
1167 3451 1317 3506 Iesus
1352 3451 1574 3504 nondum
1617 3459 1723 3504 erat
1765 3449 2022 3521 gloriﬁca-

443 3559 522 3601 tus
550 3546 725 3616 (Joan.
760 3541 1094 3614 Vll,'57’-'59).
1127 3541 1434 3598 Gloriﬂcato
1465 3540 1588 3596 Jesu
1633 3551 1752 3611 post
1779 3555 2019 3596 resurre-

441 3641 694 3703 etionem,
742 3635 1034 3707 gloriticato
1083 3644 1204 3703 post
1247 3631 1638 3697 ascensionem,
1685 3630 1771 3684 die
1822 3629 2017 3686 Pente-

442 3741 616 3785 rostes
667 3728 813 3782 venit
857 3725 1086 3796 Spiritus
1133 3732 1378 3786 sanctus,
1433 3721 1670 3790 implevit
1715 3720 2016 3786 credentes,

445 3821 602 3876 locuti
637 3797 768 3874 sunt
814 3815 1006 3885 linguis
1049 3813 1182 3886 (Act.
1225 3829 1281 3877 tt,
1322 3815 1398 3884 4).
1441 3812 1733 3882 prmdicare
1779 3813 2020 3882 Evange-

443 3915 568 3966 lium
595 3916 872 3978 enipi-runt
894 3905 1174 3960 Gentibus.
1215 3903 1346 3958 lliuc
1375 3903 1558 3957 civitas
1591 3904 1686 3958 Dei
1716 3903 2018 3958 lmtiﬂcaha-

443 4014 546 4068 tur,
577 4002 702 4054 dum
745 4013 890 4052 mare
933 3997 1234 4069 turbaretur
1270 3997 1444 4050 sonitu
1483 4011 1738 4065 aquarum
1775 4011 2012 4062 suarum,

441 4096 568 4149 dum
597 4099 804 4144 montes
831 4088 1274 4140 conturbarentur
1299 4097 1596 4154 qmerentes
1618 4085 1744 4156 quid
1774 4096 2012 4155 agerent,

441 4182 707 4256 quomodo
732 4194 922 4234 novam
949 4177 1240 4242 doctrinam
1271 4179 1546 4246 pellerent,
1570 4178 1837 4248 quomodo
1861 4180 2016 4232 Chri-

440 4281 731 4334 stianorum
766 4284 933 4341 genus
963 4269 1029 4322 de
1055 4277 1191 4322 terra
1223 4269 1570 4324 eradicarent.
1593 4269 1789 4324 Contra
1815 4271 2014 4339 quem?

438 4361 912 4425 Contra'ﬂumiuis
959 4359 1186 4428 impetus
1227 4358 1554 4429 laetiﬂcantes
1583 4361 1849 4416 civitatem
1897 4363 2010 4428 Dei.

443 4463 572 4516 llinc
611 4457 772 4512 etiam
817 4450 1050 4506 Oslelttlll.
1101 4448 1166 4503 de
1208 4463 1313 4518 quo
1357 4449 1572 4506 ﬂumine
1616 4452 1844 4517 diceret,
1890 4455 2010 4524 quia

439 4553 680 4624 Spiritum
709 4555 949 4603 sanctum
993 4540 1344 4612 signiﬁcabat,
1373 4540 1618 4598 Fluminis
1644 4544 1856 4612 impetus
1883 4545 2011 4601 la’ti-

436 4645 592 4712 [icant
621 4641 869 4693 civitatem
919 4633 1030 4688 Dei.
1064 4631 1130 4687 Et
1158 4629 1283 4700 quid
1337 4631 1612 4698 sequitur?
1665 4633 2009 4702 Sttnctiﬁcavit

438 4732 811 4785 tabernaculum
841 4742 987 4780 suum
1029 4723 1335 4776 Altissimus.
1368 4721 1421 4775 Si
1461 4738 1586 4792 ergo
1625 4726 1860 4794 sequitur
1888 4743 2006 4780 san-

439 4820 774 4876 ctiﬂcationis
821 4832 1045 4879 nomen,
1093 4813 1428 4867 manifestum
1479 4821 1562 4866 est
1607 4813 1838 4869 ﬂuminis
1890 4817 2008 4872 illos

435 4917 668 4981 impetus
695 4909 761 4964 de
787 4909 984 4978 Spiritu
1026 4914 1213 4960 sancto
1252 4903 1638 4974 intelligendos,
1672 4922 1778 4975 quo
1815 4911 2010 4962 sancti—

436 5005 623 5059 ﬂcatur
647 5001 819 5054 omnis
849 5001 930 5067 pia
976 4997 1150 5052 anima
1188 4995 1412 5052 credens
1437 4996 1491 5048 in
1519 4994 1806 5065 CltriStnm,
1836 5008 1889 5052 ut
1919 5004 2006 5054 tiat

434 5098 566 5154 civis
605 5093 832 5150 civitatis
861 5092 975 5146 Dei.
1281 5102 1292 5108 ο
1798 5149 1803 5153 ι

504 5191 555 5245 9.
599 5186 756 5260 [vers
788 5185 866 5254 6.1
911 5183 1044 5238 Deus
1084 5183 1135 5236 in
1179 5181 1341 5236 medio
1383 5183 1512 5251 ejus,
1543 5194 1588 5248 et
1615 5183 1634 5215 ³
1663 5201 1760 5238 non
1787 5202 2006 5239 comma.

432 5284 640 5340 rebitur.
673 5277 868 5334 Steviat
897 5291 1062 5340 mare,
1092 5273 1480 5328 conturbentur
1515 5275 1720 5354 alentes
1748 5294 1761 5330 :
1792 5278 1926 5333 Deus
1952 5283 2004 5334 in

496 5445 510 5471 ι
537 5444 730 5501 septem
750 5442 877 5501 Mss,
903 5431 1046 5501 leges.

493 5504 512 5534 ²
535 5494 610 5550 διό
627 5506 731 5548 Mss.
751 5494 1008 5560 quibusin
1053 5495 1210 5560 hocce
1225 5495 1272 5556 7.
1307 5494 1357 5551 5,
1380 5495 1622 5560 consentit
1650 5503 1805 5560 (gl-mea
1849 5501 2001 5552 inter-

429 5563 638 5628 prolatio
659 5554 785 5609 LXXI
811 5566 868 5608 At
897 5558 1030 5620 prius
1051 5555 1162 5604 Edd.
1187 5554 1366 5616 ferunt,
1405 5554 1616 5619 [arti/ictu
1639 5556 1870 5610 tilitatem
1896 5564 2000 5614 Dei.

425 5625 791 5680 conturbantur,
819 5629 912 5670 etc.

493 5690 511 5720 ³
537 5686 645 5734 nlo.
667 5676 834 5748 mrem
856 5676 1086 5746 particula
1105 5683 1168 5732 et.
1194 5677 1381 5733 uabent
1401 5685 1509 5729 Mss.
1527 5690 1583 5730 ac
1605 5685 1712 5732 LXX
1737 5681 1783 5730 in
1821 5681 2002 5748 aliquot

423 5750 598 5796 Grzecis
615 5747 877 5796 codicibus.
1839 5783 1843 5788 .

1659 333 1716 390 s.
1759 333 2126 420 Al'GllS'l‘i-Sl
2166 333 2467 420 EPlSCOP-t
2548 331 2551 334 '

2149 449 2312 501 medio
2357 451 2484 521 ejus.
2527 458 2572 502 et
2602 464 2700 503 non
2747 452 3152 508 commovebitur.
3182 451 3316 520 Quid
3347 461 3446 516 est,
3479 454 3533 508 in
3568 441 3727 510 medio

2144 539 2296 608 ejus?
2325 540 2598 612 Tanquam
2629 537 2768 596 Deus
2798 525 2856 596 in.
2881 535 2988 598 uno
3017 537 3135 621 loco
3161 537 3368 618 stet,‘et
3397 545 3726 602 circumdent

2145 647 2265 686 eum
2293 633 2382 702 qui
2419 632 2644 688 credunt
2685 634 2735 688 in
2775 651 2918 692 eum.
2961 624 3104 706 Ergo
3131 629 3363 691 ambitur
3401 637 3522 692 loco
3565 637 3742 703 Dens,.

2143 731 2212 804 et.
2235 722 2335 774 lata
2378 731 2643 794 suntquae
2679 723 3032 789 circumdant,
3065 726 3116 780 in
3146 735 3372 795 angusto
3397 735 3478 780 est
3505 728 3592 798 qui
3620 729 3718 783 cir-

2143 812 2462 888 cumdatur?
2509 813 2677 868 Absit.
2723 814 2862 869 Nihil
2921 816 3026 869 tale
3071 813 3314 886 cogitetis
3345 807 3423 886 "de
3463 817 3598 880 Deo,
3633 821 3720 887 qui

2145 903 2290 981 nullo
2316 892 2541 981 capitur
2565 905 2701 967 loco,
2733 905 2816 958 cui
2843 905 3000 960 sedes
3025 914 3107 960 est
3139 906 3460 962 conscientia
3486 906 3710 981 piorum:

2141 978 2196 1065 et
2223 994 2292 1046 ita
2318 978 2588 1049 sed'es'Dei
2619 1002 2700 1048 est
2721 994 2771 1048 iu
2799 993 3050 1048 cordibus
3090 995 3382 1059 hominum,
3415 1007 3471 1050 ut
3493 978 3716 1051 sii‘h'omo

2142 1083 2395 1138 ceciderit
2419 1101 2449 1140 a
2479 1085 2607 1150 Deo,
2636 1089 2775 1139 Deus
2803 1085 2856 1138 in
2891 1101 2950 1139 se
2987 1095 3218 1150 maneat,
3242 1103 3344 1141 non
3375 1087 3525 1156 quasi
3549 1087 3736 1152 cadat,-

2147 1191 2251 1228 uon
2284 1175 2604 1231 inveniendo
2631 1177 2718 1231 ubi
2748 1177 2834 1230 sit.
2853 1177 3015 1245 Magis
3045 1179 3185 1230 enim
3217 1188 3267 1231 te
3293 1177 3554 1252 subit-vat,
3590 1189 3641 1230 ut
3669 1179 3716 1232 in

2145 1267 2236 1338 illo
2279 1269 2373 1330 sis,
2401 1283 2557 1338 quam
2611 1269 2662 1322 in
2713 1259 2764 1322 te
2807 1255 3087 1328 incumbit,
3122 1270 3250 1322 utsi
3285 1277 3335 1321 te
3383 1269 3716 1335 Suliduxeris,

2143 1358 2316 1412 cadat.
2360 1359 2452 1436 ille
2482 1358 2527 1412 si
2568 1374 2637 1434 se,
2661 1342 2991 1426 subtlnilcrit,
3020 1359 3178 1436 cades
3206 1368 3296 1414 tu:
3330 1369 3382 1412 tu
3417 1371 3467 1412 te
3511 1359 3556 1414 si
3596 1361 3718 1412 sub-

2142 1448 2374 1510 duxeris,
2412 1431 2516 1530 non
2537 1431 2696 1507 cach
2718 1439 2829 1504 "ille:
2856 1431 3147 1528 Quidergo
3173 1459 3276 1514 est,
3309 1449 3444 1504 Deus
3483 1451 3534 1501 in
3563 1450 3718 1502 medio

2139 1541 2290 1608 ejus?
2340 1525 2457 1613 lloc'
2489 1525 2751 1612 signiﬁcat
2788 1541 2925 1608 t‘plod
2957 1525 3140 1608 {equus
3178 1549 3258 1613 est
3287 1541 3532 1594 omnibus
3563 1540 3716 1602 Deus,

2139 1639 2196 1706 et
2235 1613 2486 1699 personas
2520 1615 2624 1684 non
2657 1609 3540 1707 'aeeipiti'QumnodoIe‘nim'illud
3581 1629 3716 1700 quod

2139 1703 2192 1776 in
2225 1721 2400 1776 medio
2433 1731 2533 1788 est,
2563 1723 2706 1794 paria
2753 1719 2910 1776 habet
2935 1725 3100 1793 spatia
3129 1723 3194 1776 ad
3223 1738 3409 1777 omnes
3435 1703 3620 1790 lin-esi
3651 1723 3716 1777 ita

2141 1813 2284 1868 Deus
2325 1812 2531 1868 medius
2584 1829 2703 1869 esse
2741 1813 2950 1877 dicitur,
2994 1805 3268 1884 azqualiler
3305 1814 3552 1870 omnibus
3593 1829 3718 1870 con-

2118 1903 2338 1958 sulens.
2365 1901 2502 1958 Deus
2523 1904 2574 1956 in
2601 1905 2768 1958 medio
2792 1905 2922 1974 ejus,
2946 1915 2991 1958 et
3017 1920 3119 1958 non
3141 1905 3543 1958 commovebitur.
3569 1903 3719 1960 Unde

2139 2012 2242 2050 non
2265 1997 2722 2060 commovebitur?
2751 1997 2881 2064 Quia
2914 1997 2964 2050 in
3005 1995 3182 2051 medio
3208 1997 3321 2066 ejus
3355 1997 3510 2051 Deus.
3552 1996 3717 2066 Adju-

2138 2089 2273 2160 tsabil
2296 2101 2408 2150 eam
2452 2087 2588 2140 Deus
2612 2087 2750 2141 vultu
2787 2105 2898 2142 suo.
2939 2087 3032 2142 ille
3058 2097 3159 2152 est,
3181 2087 3385 2158 adjutor
3408 2088 3462 2140 in
3499 2087 3714 2142 tribula-

2137 2166 2374 2242 tionibus,
2402 2195 2514 2248 ante
2534 2164 2828 2232 invenerunt
2846 2196 2936 2232 nos
2961 2178 3128 2257 nimis.
3157 2175 3427 2256 Adjueabit
3449 2197 3558 2232 eam
3582 2179 3720 2233 Deus

2136 2269 2275 2322 vultu
2319 2285 2430 2323 suo.
2469 2269 2604 2337 Quid
2631 2253 2737 2342 est,
2765 2253 3069 2346 vultuisud?
3113 2253 3571 2346 Detimnstratione
3599 2263 3712 2323 sua.

2135 2359 2412 2443 Quomodo
2441 2376 2500 2438 se
2526 2351 2862 2433 demonstrat
2887 2345 3049 2422 Detis,
3078 2355 3356 2434 ct'vullut'n
3388 2362 3502 2430 ejus
3529 2362 3714 2418 videa-

2137 2445 2292 2504 mus?
2319 2445 2435 2506 Jam
2465 2447 2846 2518 commemoro,
2874 2449 3135 2506 didicistis
3178 2448 3710 2531 priesontemDeum,

2135 2540 2414 2616 didicimus
2444 2558 2539 2614 per
2565 2559 2748 2614 opera.
2775 2543 2996 2610 Quando
3013 2543 3087 2600 ab
3129 2543 3222 2598 illo
3249 2523 3452 2612 aliquid
3470 2523 3709 2622 adjutorii

2134 2635 2442 2704 accipimus,
2475 2636 2545 2690 ita
2585 2645 2642 2690 ut
2683 2635 2902 2690 omnino
2945 2649 3048 2688 non
3089 2633 3392 2689 dubitemus
3421 2650 3450 2687 a
3487 2617 3711 2711 Domitio

2134 2729 2286 2782 nobis
2313 2743 2432 2783 esse
2459 2743 2794 2793 concessum,
2826 2728 2996 2781 vultus
3026 2727 3118 2781 Dei
3150 2726 3426 2800 nobiseum
3463 2737 3566 2780 est.
3607 2728 3710 2780 Att-

2122 2817 2320 2889 juvabit
2348 2800 2458 2876 eam
2487 2817 2624 2873 Deus
2652 2819 2790 2872 vultu
2812 2834 2923 2872 suo.

2205 2909 2290 2979 10,
2332 2908 2478 2981 [rers.
2506 2909 2589 2984 7.]
2623 2909 2942 2964 Conturbator
2980 2919 3095 2962 sunt
3131 2917 3318 2981 gentes.
3348 2907 3416 2964 Et
3445 2909 3708 2980 quomodo

2130 2984 2487 3072 conturbata?
2527 3000 2708 3070 utquid
2752 2994 3117 3054 eontuﬁbataz?
3158 3000 3222 3056 Ut
3257 3000 3548 3067 deji'cerent
3585 3001 3710 3054 civi-

2131 3095 2291 3142 tatem
2322 3085 2436 3155 Dei,
2465 3090 2518 3143 in
2550 3089 2698 3158 cujus
2723 3089 2898 3172 medio
2925 3089 3103 3144 Deus?
3130 3096 3186 3143 ut
3209 3089 3712 3143 everterent'taberk

2129 3175 2373 3236 naculum
2405 3172 2810 3248 sanctiﬁcatum,
2833 3169 2976 3252 quod
3000 3182 3216 3250 adjuvat
3240 3181 3378 3236 Deus
3399 3179 3544 3235 vultu
3570 3197 3664 3234 suo
3682 3181 3710 3234 ἲ

2127 3273 2262 3352 Non.
2311 3272 2414 3328 Sed
2459 3273 2566 3342 jam
2619 3269 2906 3352 salubriter
2943 3273 3267 3327 conturbata:
3309 3281 3517 3344 gentes.
3567 3271 3709 3352 Quid

2126 3347 2267 3439 enim
2293 3366 2566 3438 sequitur?
2595 3348 2666 3436 Et
2681 3364 2926 3419 inclinata
2951 3374 3069 3418 sum
3105 3380 3281 3434 regna.
3313 3362 3592 3430 Inclinato,
3623 3347 3716 3419 in;

2124 3458 2258 3536 quit,
2287 3467 2400 3514 sunt
2437 3441 2590 3529 regna
2619 3473 2636 3512 :
2657 3459 2766 3528 jam
2805 3474 2910 3511 non
2946 3466 3142 3523 erecta,
3173 3465 3230 3510 ut
3266 3457 3542 3531 suavis-th
3566 3455 3708 3520 ςερά

2126 3531 2481 3617 ἰιίριίητιῐτί,ὐι
2510 3549 2814 3604 adorarent.
2841 3547 3062 3621 Quando
3080 3537 3328 3618 inclinata
3355 3557 3481 3603 sunt
3506 3551 3710 3618 regna?

2123 3638 2344 3708 Quando
2360 3620 2646 3694 factumest
2665 3639 2803 3709 quod
2832 3628 3135 3708 praedituum
3163 3640 3316 3694 estin
3340 3639 3442 3694 alio
3470 3641 3716 3710 psalmo:

2133 3729 2424 3784 Adorabunt
2463 3747 2574 3784 eum
2613 3717 2785 3784 omnes
2813 3747 2953 3800 reges
2992 3739 3156 3796 terrm,
3198 3747 3370 3785 omnes
3403 3741 3574 3803 gentes
3603 3749 3710 3786 sero

2123 3822 2254 3875 rient
2281 3822 2326 3874 ei
2359 3821 2528 3892 (Psal.
2564 3838 2710 3886 Lm,
2743 3818 2852 3892 Η).
2883 3822 3012 3889 Quae
3038 3837 3124 3876 res
3150 3817 3276 3876 fecit
3305 3829 3362 3876 ut
3387 3821 3708 3877 inclinaren—

2125 3913 2432 3985 tur'rcgna?
2461 3914 2590 3980 Quae
2625 3929 2732 3974 res.
2760 3913 2880 3968 audi
2909 3932 2921 3968 :
2953 3912 3103 3986 Dedit
3137 3930 3306 3968 vocem
3328 3931 3472 3967 suam
3507 3915 3708 3968 Altissi-

2121 4023 2254 4080 mus,
2289 4015 2336 4061 et
2375 4017 2510 4060 mota
2536 4015 2606 4060 est
2633 4016 2784 4059 terra.
2829 4005 3102 4074 Arreptitii
3148 3987 3408 4060 idolorum
3451 4014 3706 4076 tanquam

2121 4113 2263 4150 rana:
2291 4097 2358 4162 de
2394 4097 2671 4167 paludibus
2703 4097 3076 4164 personabant,
3113 4103 3258 4149 tanto
3302 4095 3704 4161 tumultuosius,

2119 4200 2316 4259 quanto
2341 4189 2611 4252 sordidius
2641 4187 2706 4242 de
2735 4189 2847 4241 luto
2889 4195 2943 4240 et
2983 4202 3158 4242 emno.
3197 4169 3260 4240 Et
3283 4185 3410 4255 quid
3447 4188 3706 4261 strepitus

2120 4295 2365 4334 ranarum
2397 4278 2461 4332 ad
2493 4279 2722 4332 tonitrua
2765 4279 3021 4332 nubium?
3049 4277 3174 4332 inde
3200 4277 3342 4330 enim
3373 4277 3513 4332 dedit
3536 4265 3705 4336 vocent

2117 4388 2262 4427 suam
2303 4371 2610 4432 Altissimus,
2639 4381 2684 4422 et
2712 4379 2846 4422 mota
2871 4378 2942 4422 est
2973 4377 3104 4422 terra
3134 4384 3152 4422 :
3179 4357 3348 4422 toﬁuit
3375 4367 3442 4422 de
3469 4370 3708 4425 nubibus

2117 4463 2247 4516 suis.
2277 4462 2405 4529 Qum
2434 4470 2557 4514 sunt
2579 4461 2746 4514 nubes
2771 4460 2920 4530 ejus?
2945 4459 3350 4529 Apostoli'ojns,
3383 4459 3702 4528 prmdicato-

2117 4571 2204 4608 res
2248 4557 2384 4621 ejus,
2427 4553 2494 4606 de
2521 4552 2714 4622 quibus
2746 4551 3016 4626 intonabat
3045 4549 3349 4620 praeceptis,
3383 4537 3708 4626 coruscaliat

2115 4648 2402 4704 miraculis.
2433 4646 2534 4714 ipsi
2565 4645 2730 4710 nubes
2759 4645 2848 4724 qui
2886 4654 2940 4698 et
2965 4625 3170 4697 montes
3197 4659 3210 4695 :
3241 4651 3448 4696 montes
3481 4655 3709 4712 propter

2115 4739 2444 4806 altitudinem
2475 4747 2530 4792 et.
2561 4737 2886 4799 ﬁrmitatem,
2925 4735 3094 4790 nubes
3137 4743 3354 4806 propter
3383 4735 3620 4803 pluviam
3656 4748 3712 4790 ct

2115 4832 2434 4900 ubertatem.
2465 4827 2820 4899 lrrigaverunt
2845 4827 2988 4881 enim
3018 4835 3212 4882 terram
3253 4825 3420 4880 nubes
3460 4824 3602 4892 istas,
3641 4827 3712 4880 de

2113 4919 2304 4987 quibus
2329 4917 2527 4980 dictum
2572 4927 2672 4985 est,
2717 4917 2868 4990 Dedit
2906 4932 3074 4970 vocem
3115 4931 3260 4976 suam
3298 4913 3612 4976 Altissimus,
3663 4925 3710 4970 et

2115 5019 2250 5076 mata
2279 5018 2350 5061 cst
2379 5017 2529 5062 terra.
2575 5007 2650 5062 De
2682 5007 2761 5060 his
2791 5007 2930 5060 enim
2960 5005 3188 5060 nubibus
3225 5005 3456 5059 minatur
3479 5005 3706 5060 cuidam

2110 5098 2278 5160 vineae
2308 5097 2493 5160 sterili,
2530 5095 2667 5150 unde
2705 5095 2942 5150 translati
2979 5103 3102 5149 sunt
3131 5104 3338 5148 montes
3374 5093 3424 5147 in
3451 5109 3548 5148 cor
3579 5111 3671 5148 ma
3691 5129 3704 5136 -

2111 5187 2220 5240 ris:
2251 5185 2530 5251 Mandabo,
2576 5183 2783 5256 inquit,~
2816 5184 3026 5261 nubibus
3065 5185 3186 5240 meis
3231 5199 3292 5238 ne
3317 5187 3498 5255 pluant
3544 5203 3710 5258 sup»

2109 5295 2216 5339 eam
2245 5279 2458 5342 imbrem
2480 5276 2702 5349 (Isai.-v,
2730 5277 2806 5347 6).
2850 5277 3247 5348 liocimpletum
3269 5285 3350 5332 est
3377 5275 3428 5330 in
3455 5291 3524 5332 eo
3551 5279 3704 5348 quod

2107 5367 2660 5431 commemoravimus,
2695 5369 2904 5438 quando
2949 5368 3185 5423 translati
3229 5376 3350 5423 sunt
3379 5379 3597 5423 montes
3646 5370 3703 5423 in

2106 5475 2200 5514 cor
2229 5460 2422 5513 maris:
2447 5458 2656 5530 quando
2681 5459 2881 5514 dictum
2921 5469 3024 5526 est,
3057 5460 3137 5513 Ad
3173 5476 3258 5516 vos
3287 5459 3428 5512 missi
3462 5477 3701 5531 eramus,

2104 5550 2192 5604 sed
2206 5551 2324 5620 quia
2346 5551 2602 5619 respuistis
2628 5550 2828 5603 verbum
2853 5549 2964 5617 Dei,
2988 5552 3116 5606 imus
3135 5553 3202 5605 ad
3217 5562 3387 5622 gentes
3405 5550 3542 5622 (Act.
3569 5569 3598 5604 Χ
3614 5569 3701 5620 tu,

2103 5640 2196 5712 46)
2222 5658 2234 5694 :
2261 5639 2532 5708 impletum
2577 5649 2677 5707 est,
2709 5639 2966 5696 Mandabo
2993 5642 3206 5697 nubibus
3237 5642 3376 5707 meis,
3410 5657 3474 5696 ne
3511 5643 3704 5712 pluunt

2173 5757 2188 5789 ι
2215 5756 2286 5806 sic
2303 5763 2406 5806 uss.
2435 5761 2486 5804 Αῑ
2504 5753 2637 5813 edd,
2659 5752 2976 5818 superbirent.
