4004 6200
228 332 332 391 521

230 465 380 519 super
406 466 516 504 eam
544 451 771 507 imbrem.
796 453 1032 524 Denique
1052 454 1161 524 ipsa
1190 470 1319 525 gens
1342 456 1524 510 Judaza
1552 456 1711 511 modo
1729 456 1807 511 sic

231 543 507 609 remansit,
556 551 805 614 tanquam
837 545 1002 600 vellus
1039 546 1237 600 siccum
1283 546 1336 599 iu
1386 561 1530 602 area.
1580 546 1711 601 Nam
1755 557 1809 602 et

230 632 328 688 hoc
355 634 524 689 nostis
553 637 837 707 contigisse
865 638 914 691 in
939 637 1162 707 quodam
1192 639 1471 693 miraculo.
1500 640 1637 695 Area
1666 641 1805 695 sicca

227 735 357 791 erat,
400 728 571 783 vellus
615 732 787 783 solum
830 731 1118 786 madebat:
1152 733 1245 787 sed
1294 733 1466 802 pluvia
1512 735 1564 788 in
1609 728 1807 791 vellere

230 834 331 874 non
375 821 668 890 apparebat
692 821 881 889 (Iudic.
916 840 986 886 vi,
1021 824 1108 887 57,
1142 824 1253 895 58).
1284 826 1372 880 Sic
1409 834 1463 880 et
1498 840 1803 882 sacramen-

229 925 335 967 tum
363 912 494 966 Novi
526 913 848 969 Testamcnti
882 932 984 969 non
1011 917 1298 987 apparebat
1327 918 1378 972 in
1405 928 1560 987 gente
1588 920 1803 976 Judteo-

225 1021 362 1059 rum.
393 1005 543 1069 Quod
566 1007 673 1062 illic
700 1008 884 1072 vellus,
912 1009 996 1063 hic
1018 1011 1192 1065 velum
1217 1027 1230 1063 :
1260 1011 1486 1066 velatum
1519 1013 1658 1067 enim
1688 1022 1804 1069 erat

226 1108 615 1153 sacramentum
662 1102 712 1154 in
743 1102 956 1157 vellere.
1010 1103 1062 1157 ln
1110 1119 1231 1158 arca
1262 1119 1409 1170 vero,
1458 1106 1508 1158 in
1557 1107 1803 1162 omnibus

225 1189 483 1245 Gentibus
510 1202 654 1257 patet
685 1194 1023 1263 Evangelium
1054 1195 1246 1250 Christi
1275 1216 1286 1251 :
1320 1197 1490 1264 pluvia
1523 1198 1799 1253 manifesta

223 1293 324 1349 est,
358 1284 497 1338 nuda
524 1296 605 1338 cst
629 1287 793 1354 gratia
826 1285 1095 1349 Christi‘;
1132 1302 1238 1340 non
1259 1287 1399 1342 enim
1432 1289 1628 1359 tegitur
1654 1290 1799 1344 vela-

223 1387 421 1431 mento.
454 1375 523 1432 Ut
564 1386 739 1432 autem
781 1380 951 1434 exiret
982 1379 1102 1435 inde
1144 1380 1335 1447 pluvia,
1369 1396 1677 1451 expressum
1721 1393 1802 1437 est

222 1469 409 1523 vellus.
461 1469 559 1524 Per
581 1483 881 1539 prcssuram
916 1471 1056 1525 enim
1089 1486 1117 1524 a
1166 1486 1226 1526 se
1267 1472 1606 1527 excluserunt
1642 1471 1798 1527 Chri-

223 1570 383 1627 stum,
428 1571 485 1617 et
525 1562 775 1617 Dominus
819 1562 928 1632 jam
979 1563 1047 1617 de
1098 1564 1325 1619 nubibus
1378 1566 1489 1619 suis
1544 1566 1799 1636 compluit

220 1666 420 1718 arcam,
443 1652 611 1707 vellus
630 1653 828 1707 siccum
858 1654 1132 1709 remansit.
1165 1653 1290 1710 inde
1312 1668 1439 1726 ergo
1467 1656 1603 1709 dedit
1632 1673 1797 1710 vocem

222 1759 363 1797 suam
392 1744 696 1812 Altissimus,
740 1743 807 1798 de
845 1744 961 1799 istis
989 1746 1235 1811 nubibus,
1267 1761 1363 1815 per
1404 1762 1562 1816 quam
1609 1762 1791 1803 vocem

222 1848 375 1904 regna
409 1834 808 1900 inclinarentur,
848 1843 903 1890 et
929 1835 1255 1891 adorarent“

261 1905 374 1980 ’11.
417 1926 566 1998 [νει-δ.
606 1925 683 1999 8.]
725 1926 971 1982 Dominus
1018 1929 1258 1982 virtutum
1309 1928 1585 1993 nobiscum,
1625 1945 1792 1984 susce-

220 2026 331 2088 ptor
372 2026 537 2072 noster
578 2018 713 2073 Deus
739 2017 920 2072 Iacob.
954 2018 1070 2073 Non
1113 2019 1431 2090 quicumque
1461 2019 1640 2085 homo,
1682 2037 1788 2075 non

218 2116 450 2177 potestas
482 2109 752 2179 quaelibet,
800 2125 905 2165 non
935 2109 1163 2180 denique
1196 2110 1436 2181 angelus,
1479 2127 1582 2166 non
1613 2112 1788 2182 aliqua

217 2208 476 2265 creatura,
521 2199 634 2254 sive
679 2211 908 2267 terrena,
962 2200 1074 2255 sive
1114 2202 1369 2267 caelestis,
1418 2200 1512 2256 sed
1546 2201 1788 2258 Dominus

217 2289 449 2342 virtutum
486 2289 762 2356 nobiscum,
807 2299 1065 2361 susceptor
1092 2299 1261 2345 noster
1298 2290 1432 2346 Deus
1464 2290 1645 2346 Iacob.
1686 2292 1787 2361 Qui

216 2380 355 2434 misit
389 2381 640 2451 Angelos,
681 2383 825 2436 venit
853 2391 970 2451 post
995 2384 1245 2453 Angelos,
1269 2385 1415 2439 venit
1457 2394 1514 2438 ut
1542 2386 1588 2439 ei
1621 2386 1788 2440 servi-

213 2481 329 2526 rent
361 2472 571 2541 Angeli,
595 2473 742 2527 venit
771 2481 828 2527 ut
858 2472 1099 2527 homines
1127 2474 1322 2529 faceret
1345 2475 1579 2545 mquales
1607 2476 1784 2546 Ange-

215 2563 295 2616 lis.
321 2563 502 2633 Magna
528 2563 718 2632 gratia.
746 2563 803 2619 Si
826 2564 962 2618 Deus
988 2579 1083 2634 pro
1108 2564 1279 2630 nobis,
1302 2565 1418 2635 quis
1438 2575 1623 2621 contra
1653 2566 1784 2620 nos?

214 2651 458 2706 Dominus
500 2654 739 2706 virtutum
785 2654 1059 2708 nobiscum.
1106 2654 1234 2721 Quis
1270 2654 1519 2710 Dominus
1546 2658 1785 2711 uirtutum

212 2744 481 2799 nobiscum.
537 2745 593 2800 Si
626 2746 766 2800 Deus
811 2762 907 2816 pro
947 2746 1119 2811 nobis,
1164 2748 1399 2817 inquam,
1435 2748 1556 2818 quis
1597 2757 1781 2805 contra

211 2838 341 2891 nos?
365 2837 463 2905 Qui
495 2836 628 2892 Filio
652 2852 751 2893 suo
779 2839 996 2908 proprio
1022 2853 1126 2893 non
1156 2838 1415 2909 pepercit,
1442 2839 1537 2895 sed
1571 2855 1668 2911 pro
1694 2857 1781 2895 no.

208 2927 286 2981 bis
314 2928 560 2983 omnibus
585 2929 801 2984 tradidit
828 2930 996 2997 illum,
1025 2930 1289 3000 quomodo
1317 2944 1422 2987 non
1449 2940 1503 2987 et
1528 2946 1649 2987 cum
1689 2933 1780 2989 illo

208 3023 377 3076 omnia
404 3021 557 3076 nobis
583 3021 798 3076 donavit
825 3022 995 3092 (Rom.
1027 3038 1141 3088 vui,
1165 3024 1254 3089 51,
1275 3023 1403 3093 52)?
1435 3024 1575 3097 Ergo
1603 3026 1777 3081 securi

206 3112 385 3176 simus,
413 3112 465 3166 in
496 3111 876 3181 tranquillitate
900 3111 1077 3166 cordis
1100 3113 1399 3168 nutriamus
1428 3113 1619 3170 bonam
1649 3130 1777 3171 con-

205 3204 471 3259 scientiam
520 3204 588 3259 de
633 3219 767 3273 pane
822 3204 1049 3258 Domini.
1110 3202 1359 3259 Dominus
1403 3207 1638 3260 uirtutum
1678 3225 1775 3261 no-

205 3295 410 3362 biscum,
453 3306 712 3365 susceptor
750 3304 914 3349 noster
958 3293 1096 3349 Deus
1131 3293 1310 3350 Iacob.
1340 3296 1777 3368 Quantacumque

204 3390 270 3441 sit
307 3388 589 3442 inﬁrmitas
636 3396 744 3450 tua,
792 3386 911 3442 vide
955 3386 1074 3456 quis
1117 3395 1167 3442 te
1211 3389 1484 3458 suscipiat.
1531 3389 1778 3460 AEgrotat

206 3480 378 3535 nescio
403 3472 544 3549 quis,
572 3478 852 3533 adhibetur
877 3478 1114 3533 medicus
1137 3496 1152 3543 ;
1175 3489 1480 3549 susceptum
1510 3496 1663 3535 suum
1692 3486 1773 3538 di-

203 3572 272 3624 cit
296 3572 530 3625 medicus
556 3579 834 3640 aegrotum.
862 3569 992 3637 Quis
1009 3586 1129 3624 eum
1155 3572 1427 3642 suscepit?
1445 3570 1559 3627 Ille.
1587 3573 1770 3643 Magna

202 3677 321 3731 epes
341 3663 547 3727 salutis,
578 3676 795 3731 magnus
827 3660 1060 3715 medicus
1080 3676 1199 3716 eum
1227 3664 1478 3732 suscepit.
1507 3664 1635 3732 Quis
1661 3681 1770 3718 mc-

201 3754 383 3809 dicus?
413 3753 597 3808 Omnis
618 3751 854 3808 medicus
874 3762 1065 3822 praeter
1090 3754 1238 3808 illum
1268 3754 1429 3810 homo
1453 3766 1534 3811 est
1560 3774 1573 3810 :
1596 3758 1771 3836 omnis

201 3846 433 3901 medicus
470 3846 560 3916 qui
604 3846 749 3900 venit
788 3845 852 3899 ad
898 3846 1185 3909 inlirmum,
1235 3846 1336 3899 alia
1375 3846 1464 3901 die
1512 3848 1767 3902 inﬁrmari

200 3949 390 4008 potest,
432 3948 624 4009 prmter
670 3939 840 3993 illum.
888 3938 1164 4009 Susceptor
1212 3947 1379 3992 noster
1408 3938 1547 3993 Deus
1585 3940 1764 3994 Iacob.

198 4029 301 4085 Fac
327 4040 378 4085 te
409 4031 657 4085 infantem
684 4029 958 4099 parvulum
1001 4030 1240 4094 omnino,
1268 4029 1451 4099 quales
1476 4045 1505 4083 a
1535 4033 1767 4098 parenti-

195 4121 292 4176 bus
319 4122 697 4190 suscipiuntur.
740 4120 841 4187 Qui
872 4120 1012 4175 enim
1058 4136 1160 4173 non
1188 4120 1567 4189 suscipiuntur,
1600 4137 1765 4192 expo-

195 4224 395 4269 nuntur
422 4233 435 4265 :
465 4215 552 4284 qui
581 4214 963 4283 suscipiuntur,
992 4213 1317 4269 nutriuntur.
1353 4214 1583 4271 Putasne
1609 4217 1687 4271 sic
1716 4229 1767 4273 te

192 4309 428 4378 suscepit
454 4309 611 4373 Deus,
641 4306 909 4378 quomodo
944 4306 1195 4362 infantem
1239 4316 1292 4362 te
1321 4309 1554 4378 suscepit
1598 4318 1767 4365 mater

193 4401 319 4454 tua?
344 4400 459 4454 Non
486 4400 583 4464 sic,
623 4398 717 4454 sed
749 4400 801 4452 iu
835 4408 1113 4453 teternum.
1147 4398 1257 4453 Tua
1299 4400 1442 4455 enim
1474 4416 1573 4454 vox
1605 4411 1684 4455 est
1712 4403 1763 4457 in

190 4492 282 4547 illo
312 4494 517 4563 psalmo
540 4510 554 4546 :
586 4491 835 4557 Quoniam
864 4500 1007 4561 pater
1033 4507 1173 4545 meus
1198 4502 1243 4545 et
1264 4502 1421 4545 mater
1447 4510 1556 4547 mea
1582 4493 1761 4547 dereli-

186 4593 403 4655 querunt
427 4602 523 4649 me,
556 4583 804 4637 Dominus
828 4592 992 4646 autem
1029 4585 1298 4654 assumpsit
1326 4601 1405 4639 me
1428 4584 1598 4655 (Psal.
1619 4604 1762 4654 xxvn,

187 4676 301 4745 10).
336 4676 611 4745 Susceptor
638 4684 805 4729 noster
823 4673 961 4729 Deus
982 4673 1160 4728 Iacob.

258 4767 349 4821 12.
394 4765 541 4840 [verm
570 4764 649 4839 9.]
700 4766 885 4829 Venite,
928 4774 976 4821 et
1018 4766 1178 4821 videte
1204 4783 1358 4836 Opera
1398 4766 1619 4822 Domini.
1645 4769 1760 4824 Iam

180 4860 248 4914 de
278 4860 383 4913 bac
408 4860 745 4928 susceptione
763 4858 888 4929 quid
914 4857 1035 4913 fecit
1068 4860 1360 4913 Dominus?
1382 4859 1763 4918 Animadverte

179 4951 372 5005 orbem
405 4960 686 5016 terrarum,
724 4951 865 5016 veni,
913 4960 966 5004 et
993 4950 1131 5005 vide.
1177 4951 1231 5009 Si
1278 4953 1421 5006 enim
1454 4968 1558 5008 non
1589 4956 1758 5019 venis,

180 5058 290 5094 non
324 5040 507 5105 vides;
536 5040 579 5093 si
607 5055 712 5094 non
756 5040 925 5105 vides,
954 5056 1060 5094 non
1096 5043 1303 5105 credis;
1347 5044 1392 5096 si
1432 5058 1535 5097 non
1566 5046 1758 5109 credis,

178 5132 342 5201 longe
390 5142 538 5185 stas:
571 5132 613 5186 si
643 5132 840 5195 credis,
882 5132 1061 5191 venis;
1108 5134 1151 5186 si
1193 5133 1386 5195 Credis,
1420 5135 1586 5192 vides.
1629 5139 1764 5204 Quo-

178 5224 350 5278 modo
382 5226 520 5278 cnim
550 5225 754 5278 venitur
779 5223 843 5276 ad
878 5232 1108 5276 montem
1151 5224 1344 5278 istum?
1375 5225 1634 5296 Numquid
1666 5244 1761 5297 pe-

174 5314 380 5369 dibus?
411 5314 662 5384 numquid
696 5314 949 5367 navibus?
978 5315 1229 5383 uumqttid
1257 5318 1481 5384 pennis?
1510 5321 1760 5388 numquid

176 5410 335 5475 equis
357 5405 380 5459 ?
405 5406 667 5470 Quantum
700 5407 887 5460 attinet
923 5404 988 5459 ad
1019 5406 1254 5460 locorum
1285 5410 1473 5477 spatia,
1508 5426 1572 5464 nc
1619 5423 1760 5465 sata-

241 5602 256 5668 _'
290 5607 363 5651 tta
386 5602 432 5649 in
459 5609 562 5651 Mss.
589 5608 639 5648 At
678 5602 727 5649 in
760 5600 891 5660 edd,
916 5613 970 5668 eo
991 5600 1115 5668 quod
1139 5600 1238 5652 illic
1262 5602 1409 5655 vellus
1442 5612 1562 5664 erat,
1588 5606 1653 5657 ibi
1673 5606 1762 5658 hoc

172 5662 393 5729 aetatum
414 5670 517 5712 erat
541 5669 892 5729 sacitanentum
913 5662 963 5710 in
984 5662 1170 5713 vellere.
1203 5675 1254 5729 In
1284 5680 1399 5723 arca
1432 5662 1559 5725 vero,
1598 5669 1650 5718 id
1673 5677 1757 5729 est,

171 5725 223 5775 in
247 5725 475 5795 anulith
494 5722 727 5795 geminus,
755 5723 835 5795 ubi
870 5730 997 5795 patet
1035 5722 1339 5795 eamagetiwn
1370 5722 1563 5790 Christi,
1599 5722 1761 5792 pluvia

162 5787 429 5849 numifesta
449 5786 535 5843 est,
562 5794 692 5835 muta
713 5792 782 5835 est
804 5798 920 5834 area
940 5786 1133 5837 Christi.

497 5865 759 5923 ΡΑτιιοι..
795 5863 1089 5923 XXXVI.

1305 339 1695 397 ΕΝΑΠΚᾹΊἹΟ
1726 341 1788 396 ΙΝ
1826 342 2142 403 PSALMUM
2178 348 2338 405 XLV.

3386 386 3490 444 522

1918 474 2031 527 gas,
2076 477 2144 517 ne
2191 464 2543 533 conturberis,
2594 470 2709 541 ipse
2751 474 2815 528 ad
2857 484 2908 531 te
2950 478 3114 533 venit.
3170 480 3377 538 Etenim
3413 500 3480 545 et:

1913 550 2086 620 lapide
2116 569 2279 622 parvo
2309 560 2495 627 crevit,
2526 571 2580 616 et
2600 562 2767 620 factus
2788 577 3044 624 estmons
3073 587 3309 642 magnus,
3334 579 3407 631 ita
3434 590 3490 633 ut

1912 641 2155 712 impleret
2196 648 2499 706 universam
2540 652 2729 710 faciem
2775 666 2953 714 terrm.
2996 662 3129 730 Quid
3163 641 3243 720 vis
3266 681 3393 740 ergo
3421 670 3487 724 ad

1909 748 2030 789 eum
2057 750 2151 803 per
2170 745 2342 793 terras
2368 743 2569 809 venire,
2595 746 2685 815 qui
2718 756 2886 804 terras
2912 750 3188 822 implevit?
3216 757 3356 814 Ecce
3377 759 3487 829 jam

1909 828 2092 893 venit;
2140 830 2326 901 evigila
2362 850 2374 887 :
2404 837 2697 894 crescendo
2724 850 2777 895 et
2802 842 3133 902 dormientes
3175 850 3346 917 pulsat
3365 828 3413 913 ’ῖς
3441 856 3487 909 si

1910 926 2083 975 tamen
2116 939 2221 977 non
2250 933 2426 981 tantus
2464 928 2517 981 in
2561 929 2642 985 eis
2668 948 2886 990 somnus
2912 946 3014 1002 est,
3045 942 3133 1007 qui
3163 942 3323 997 etiam
3353 960 3487 1001 con-

1910 1019 1988 1065 tra
2023 1024 2257 1071 montem
2299 1018 2599 1075 venientem
2651 1023 3030 1096 obdurescunt,
3078 1034 3172 1087 sed
3218 1037 3433 1092 audiant
3468 1056 3483 1092 :

1909 1101 2075 1172 Surge
2098 1106 2184 1173 qui
2212 1106 2422 1173 dormis,
2453 1120 2499 1163 et
2527 1128 2739 1185 exsurge
2778 1133 2809 1169 a
2845 1123 3074 1187 mortuis,
3106 1134 3149 1176 et
3175 1125 3481 1182 illuminabu

1908 1202 1953 1243 te
1978 1192 2201 1249 Christus
2228 1196 2439 1268 (Ep/tes.
2469 1218 2522 1269 v,
2558 1206 2666 1275 14).
2708 1206 2924 1263 Multum
2959 1213 3099 1266 enim
3140 1225 3255 1270 erat
3279 1218 3481 1275 JUdlBlS

1906 1282 2087 1339 videre
2115 1287 2361 1355 lapidem.
2399 1291 2557 1361 Lapis
2589 1294 2729 1349 enim
2760 1298 2848 1353 ille
2876 1300 3049 1356 adhuc
3079 1318 3270 1373 parvus
3320 1320 3473 1365 erat:
3560 1294 3561 1301 ‘

1905 1375 2096 1431 merito
2138 1389 2191 1431 et
2229 1394 2446 1445 parvum
2478 1394 2931 1457 contempserunt,
2961 1399 3349 1454 contemnendo
3386 1402 3475 1455 of-

1902 1461 2202 1531 fenderunt,
2234 1479 2288 1523 ct
2330 1471 2648 1530 offendendo
2673 1482 2908 1547 quassati
2943 1492 3099 1547 sunt;
3142 1497 3305 1543 restat
3331 1500 3385 1545 ut
3422 1502 3471 1549 et

1901 1565 2267 1615 conterantur.
2297 1561 2409 1617 l-loc
2429 1566 2567 1619 enim
2596 1568 2664 1621 de
2689 1570 2863 1640 lapide
2888 1573 2981 1629 illo
3009 1574 3207 1632 dictum
3233 1589 3346 1635 est:
3373 1582 3475 1649 Qui

1900 1645 2165 1713 offenderit
2196 1651 2249 1703 in
2286 1651 2505 1724 lapidem
2546 1657 2713 1725 illum,
2758 1667 3103 1732 conquassabit
3142 1686 3288 1735 eum;
3323 1645 3464 1743 super

1898 1753 2042 1805 quem
2085 1742 2290 1809 uenerit,
2336 1756 2550 1801 conteret
2588 1766 2699 1802 eum
2748 1753 2892 1819 (Luc.
2926 1768 3022 1822 xx,
3056 1758 3165 1830 18).
3198 1762 3352 1818 Aliud
3387 1742 3469 1820 est

1896 1833 2257 1899 conquassari,
2308 1835 2451 1891 aliud
2504 1844 3120 1916 conterizconquassari
3170 1853 3345 1909 minus
3387 1870 3460 1910 est

1894 1934 2053 1987 quam
2095 1926 2333 1979 conteri:
2366 1928 2460 1983 sed
2505 1933 2773 1989 neminem
2816 1941 3042 1995 conterit
3091 1946 3333 2000 excelsus
3373 1965 3461 2003 vc-

1893 2011 2086 2079 niens,
2144 2016 2246 2070 nisi
2296 2032 2455 2088 quem
2508 2028 2945 2093 conquassaverit
2998 2030 3212 2089 humilis
3259 2035 3460 2106 jacens.

1891 2100 2049 2158 Modo
2077 2107 2525 2191 enim'antequam
2547 2116 2722 2170 veniat
2742 2117 2994 2176 Dominus
3022 2132 3220 2190 noster,
3256 2129 3457 2185 humili-

1892 2201 1975 2249 ter
1996 2194 2162 2265 jacuit
2205 2198 2423 2269 Judteis,
2474 2213 2529 2258 et
2562 2206 2898 2265 oll'enderuut
2926 2213 2979 2267 in
3017 2215 3188 2283 illum,
3236 2229 3287 2275 et
3331 2237 3432 2278 con

1890 2293 2121 2356 quassati
2167 2297 2543 2363 sunttveuiet
2570 2309 2753 2367 postea
2805 2303 2860 2358 in
2894 2304 3097 2374 judicio
3141 2324 3238 2365 suo
3287 2313 3463 2369 clarus

1887 2386 2049 2447 atque
2072 2380 2231 2447 altus,
2263 2399 2484 2455 magnus
2511 2399 2563 2442 et
2596 2399 2814 2456 potens;
2842 2409 2949 2449 non
2980 2396 3218 2454 inﬁrmus
3243 2402 3463 2471 utjudio‘

1888 2478 2059 2536 cetur,
2096 2472 2189 2526 sed
2229 2474 2382 2530 tortis
2407 2488 2465 2531 ut
2491 2478 2713 2549 judicet,
2742 2492 2796 2538 et
2835 2495 3075 2543 conterat
3099 2506 3192 2546 eos
3217 2495 3307 2563 qui
3333 2511 3463 2551 con-

1886 2564 2119 2630 quassati
2163 2576 2286 2621 sunt
2328 2570 2380 2622 in
2406 2586 2526 2625 eum
2556 2573 2896 2631 oll‘endendo.
2941 2579 3099 2649 Lapis
3126 2584 3267 2640 enim
3295 2587 3460 2642 clien-

1884 2651 2051 2708 sionis
2098 2663 2151 2709 et
2196 2666 2343 2725 petra
2398 2662 2635 2717 scandali
2683 2679 2787 2719 non
2841 2668 3179 2726 credentibus
3223 2675 3336 2744 ipse
3376 2691 3458 2734 est

1889 2740 1929 2806 (l
1954 2741 2097 2797 Petr.
2129 2761 2187 2811 ιι,
2215 2748 2292 2817 8).
2325 2748 2486 2820 Ergo,
2515 2754 2794 2821 carissimi,
2833 2773 2938 2813 non
2967 2740 3259 2819 estmirum
3286 2769 3330 2821 si
3356 2768 3455 2823 Ju-

1882 2832 1982 2888 daei
2018 2851 2121 2891 non
2163 2852 2490 2927 agnoverunt
2524 2861 2681 2915 quem
2722 2857 2967 2919 tauquam
3010 2856 3289 2922 parvulum
3318 2858 3454 2931 lapi-

1880 2928 2002 2981 dem
2038 2939 2162 2985 ante
2202 2916 2363 3001 pedes
2404 2949 2529 2991 suos
2563 2938 2829 3007 iacentem
2874 2954 3308 3018 contempserunt
3334 2972 3347 3008 :
3373 2916 3455 3010 “illi

1880 3018 2107 3074 mirandi
2137 3031 2261 3076 sunt
2286 3025 2374 3093 qui
2400 3026 2572 3083 adhuc
2598 3037 2702 3083 tam
2728 3047 2976 3102 magnum
3007 3048 3241 3095 montem
3270 3044 3458 3101 nolunt

1879 3123 2189 3179 agnoscere.
2236 3115 2404 3171 Iudaei
2445 3119 2496 3173 in
2543 3121 2769 3190 lapidem
2818 3140 3036 3193 parvum
3082 3146 3186 3186 non
3227 3133 3456 3192 videndo

1878 3200 2235 3271 offenderunt,
2260 3206 2493 3264 haeretici
2512 3209 2562 3264 in
2591 3222 2826 3269 montem
2849 3216 3145 3275 oﬂ‘eudunt.
3171 3222 3287 3278 Iam
3308 3228 3450 3281 enim

1876 3292 2046 3345 crevit
2075 3293 2164 3349 ille
2194 3294 2355 3364 lapis;
2381 3297 2487 3367 jam
2526 3300 2754 3357 dicimus
2790 3305 2915 3374 illis,
2945 3309 3082 3365 Ecce
3116 3312 3328 3384 impleta
3367 3328 3453 3372 est

1877 3384 2153 3451 prophetia
2193 3385 2445 3451 Dauielis,
2484 3387 2643 3459 Lupis
2690 3394 2777 3448 ille
2814 3397 2902 3465 qui
2945 3408 3062 3454 erat
3102 3408 3314 3470 parvus,
3364 3411 3450 3476 fu-

1876 3484 1983 3527 ctus
2024 3488 2095 3529 est
2131 3494 2272 3531 mons
2316 3496 2544 3550 magnus,
2592 3494 2639 3536 et
2680 3484 2903 3555 implevit
2943 3491 3225 3547 uniuersam
3264 3505 3448 3551 terram

1879 3565 2036 3637 (Dan.
2069 3585 2125 3632 ll,
2154 3570 2266 3640 55).
2302 3573 2477 3637 Quare
2504 3574 2554 3627 iu
2586 3576 2730 3631 illum
2769 3578 3054 3649 oll‘enditis,
3087 3594 3139 3638 et
3167 3600 3269 3641 non
3300 3588 3351 3641 in
3380 3590 3447 3643 il-

1877 3658 1983 3713 lum
2014 3662 2344 3717 ascenditis?
2372 3664 2501 3730 Quis
2532 3676 2638 3721 tam
2681 3685 2855 3725 cmcus
2893 3682 2976 3727 est
3014 3687 3069 3728 ut
3117 3677 3351 3732 oﬂ‘endat
3388 3684 3441 3735 in

1876 3760 2108 3806 montem
2126 3753 2149 3805 ?
2168 3753 2327 3820 Quasi
2359 3756 2480 3811 ideo
2499 3758 2565 3812 ad
2598 3768 2649 3814 te
2669 3763 2877 3816 venerit
2906 3774 2960 3818 ut
2988 3764 3188 3823 habeas
3209 3769 3261 3823 in
3286 3786 3440 3839 quem

1873 3843 2128 3910 oll‘endas,
2178 3856 2230 3900 et
2272 3863 2375 3901 non
2422 3850 2617 3904 habeas
2659 3855 2711 3906 in
2757 3870 2913 3923 quem
2937 3859 3211 3915 ascendas.
3252 3860 3443 3929 Venite,

1872 3935 2201 3988 ascendamus
2226 3937 2293 3989 ad
2318 3949 2534 3992 montem
2562 3939 2764 3995 Domini
2792 3943 2942 4014 (Isai.
2969 3964 3025 4013 ιι,
3054 3950 3127 4017 5).
3160 3950 3320 4008 Isaias
3346 3954 3447 4010 ltoc

1872 4026 2000 4081 dicit
2024 4044 2039 4080 :
2076 4026 2269 4096 Venite,
2295 4031 2644 4088 aacendamus.
2676 4036 2814 4104 Quid
2840 4045 2941 4101 est,
2985 4038 3173 4108 Venite,
3201 4049 3448 4102 ascenda-

1874 4120 2033 4174 mus?
2073 4120 2264 4189 Venite,
2305 4134 2387 4179 est
2426 4126 2666 4193 credite;
2707 4132 3054 4200 ascendamus,
3084 4136 3442 4204 proﬁciamus-

1872 4209 1961 4266 lsti
2008 4222 2183 4268 autem
2227 4230 2326 4270 nec
2364 4217 2546 4272 venire
2591 4219 2797 4286 volunt,
2850 4237 2951 4277 nec
2994 4216 3300 4294 ascendere,
3344 4246 3445 4287 nec

1870 4304 2111 4370 credere,
2142 4322 2240 4362 nec
2264 4309 2541 4377 prolicere.
2573 4312 2792 4368 Latraut
2826 4326 3009 4371 contra
3040 4332 3297 4391 montem.
3323 4325 3438 4379 .lam

1871 4395 1922 4447 iu
1965 4395 2112 4451 illum
2157 4399 2314 4453 toties
2353 4400 2675 4457 oll’endendo
2702 4408 2934 4474 quassati
2983 4419 3125 4472 sunt,
3166 4420 3222 4465 et
3259 4414 3445 4470 nolunt

1870 4486 2180 4549 ascendere,
2210 4503 2423 4559 semper
2442 4491 2697 4561 eligentes
2728 4495 3018 4551 oll'endere.
3053 4499 3298 4555 Dicamus
3321 4502 3443 4567 iilis,

1883 4576 2070 4643 Venite,
2099 4588 2144 4632 et
2166 4580 2322 4634 videte
2350 4598 2503 4652 opera
2528 4583 2753 4645 Domini,
2775 4603 2889 4656 qua:
2908 4590 3073 4658 posuit
3101 4593 3334 4664 prodigia
3359 4612 3431 4649 su-

1868 4687 1957 4739 per
1981 4680 2185 4725 terram.
2226 4673 2468 4744 Prodigia
2499 4676 2767 4741 dicuntur,
2800 4680 2940 4748 quod
2990 4682 3184 4753 aliquid
3222 4697 3444 4756 porten-

1868 4764 2016 4831 dant,
2048 4766 2199 4837 signa
2231 4768 2317 4822 illa
2359 4770 2732 4827 miraculorum
2764 4789 2882 4843 quae
2921 4774 3055 4830 facta
3083 4788 3205 4834 sunt
3231 4785 3443 4851 quandu

1868 4856 2097 4911 mundus
2134 4859 2379 4915 credidit.
2424 4860 2493 4915 Et
2519 4862 2643 4931 quid
2690 4864 2813 4918 inde
2861 4864 3055 4922 factum
3096 4880 3198 4935 est,
3236 4876 3441 4944 etquid

1869 4950 2292 5017 portendebant?

1911 5088 1916 5093 .
1938 5043 2025 5096 15.
2051 5040 2199 5115 [νοτε.
2229 5042 2339 5116 10.]
2367 5043 2610 5117 Auferen:
2628 5047 2755 5100 bella
2770 5065 2924 5119 usque
2939 5052 3007 5104 ad
3015 5053 3140 5121 ﬁnes
3153 5064 3315 5111 terras.
3332 5058 3443 5117 Hoc

1869 5133 2102 5186 nondum
2132 5134 2369 5189 videmus
2396 5150 2514 5191 esse
2547 5138 2897 5207 completum:
2927 5156 3048 5198 sunt
3073 5146 3249 5203 adhuc
3284 5150 3437 5213 bella,

1868 5235 1989 5277 sunt
2006 5226 2141 5279 inter
2156 5236 2339 5294 gentes
2363 5242 2454 5293 pro
2474 5244 2638 5297 regno
2659 5247 2671 5293 ;
2694 5231 2827 5285 inter
2846 5244 3035 5299 sectas,
3058 5237 3196 5293 inter
3208 5240 3437 5304 Judtcos,

1871 5315 2129 5383 Pagina-ts,
2170 5315 2516 5381 Christianos,
2549 5320 2845 5389 hmreticos,
2887 5336 3009 5379 sunt
3039 5329 3195 5393 bella,
3224 5331 3441 5385 crebre-

1868 5418 2017 5461 scunt
2034 5408 2165 5461 bella
2188 5425 2201 5472 ;
2219 5409 2335 5463 aliis
2354 5428 2445 5478 pro
2459 5415 2697 5480 veritate,
2714 5417 2829 5471 aliis
2849 5433 2944 5487 pro
2961 5420 3184 5478 falsitate
3197 5426 3443 5478 certanti-

1933 5609 1949 5640 ι
1975 5606 2277 5677 Εᾱςι.,ειιίςιῇια
2289 5611 2547 5677 credendo,
2561 5613 2833 5675 evigiltmtes
2849 5616 3023 5677 pulsat.
3038 5622 3139 5664 Mss.
3169 5631 3279 5665 vero
3292 5620 3439 5667 unde-

1866 5671 1977 5736 cim,
2003 5669 2531 5736 etaormientespalsat
2561 5687 2577 5721 :
2599 5669 2749 5736 atque
2779 5669 2926 5724 iidem
2949 5690 3055 5723 cum
3080 5692 3136 5729 (st
3153 5687 3271 5725 teris
3295 5690 3434 5729 vetn-

1867 5734 1955 5807 stis
1976 5732 2081 5780 cdd.
2108 5730 2231 5807 loco,
2251 5730 2509 5805 credendo,
2536 5730 2752 5807 habent,
2772 5737 3032 5807 crescendo
3059 5750 3077 5785 :
3100 5740 3225 5807 quod
3249 5739 3435 5794 scilicet

1869 5794 2080 5843 refertur
2102 5794 2159 5842 ad
2184 5798 2433 5857 superiora
2457 5799 2621 5849 verba.
2650 5794 2896 5857 cx'laptde
2922 5811 3067 5857 parvo
3084 5794 3247 5849 crevit.

2744 5878 3151 5947 {Dim-seut.)
