4004 6200
542 338 647 403 διδ

546 458 661 510 bus.
678 450 916 507 Nondum
935 463 1061 520 ergo
1076 447 1394 518 completum
1413 455 1512 507 est,
1536 444 1780 516 Auferens
1805 444 1933 498 bella
1951 459 2106 513 usque

541 547 608 599 ml
634 547 757 612 fines
780 540 1067 596 terransed
1095 539 1318 596 fortasse
1356 537 1725 608 complebitur.
1754 538 1834 590 An
1862 545 1918 591 et
1951 537 2109 589 modo

541 636 858 704 completum
905 632 1021 689 est?
1071 632 1126 686 In
1170 630 1480 703 quibusdam
1536 629 1853 699 completum
1904 639 2022 683 est:
2055 629 2108 682 in

540 727 713 780 tritico
734 727 1050 794 completum
1077 734 1180 790 est,
1209 725 1265 778 in
1291 722 1505 777 zizaniis
1532 722 1762 775 nondmn
1785 720 2106 789 completum

538 825 640 871 est.
670 814 803 882 Quid
838 823 925 870 ‘est
952 813 1054 869 hoc
1080 814 1226 885 ergo,
1270 812 1513 883 Auferens
1542 809 1672 865 bella
1709 826 1863 881 usque
1889 808 1956 863 ad
1977 810 2107 878 ﬁnes

539 909 719 961 terrm?
750 906 891 961 Bella
931 906 1079 971 dicit,
1118 905 1308 974 quibus
1356 904 1578 958 bellatur
1610 902 1864 957 adversus
1894 900 2107 955 Deum?

539 1001 666 1068 Quis
706 1000 847 1054 enim
878 998 1039 1054 bellat
1070 996 1323 1051 adversus
1349 994 1552 1050 Deum?
1580 995 1859 1065 Impietasa
1893 994 1957 1048 Et
1981 992 2106 1064 quid

542 1102 713 1161 potest
742 1091 913 1146 facere
958 1092 1067 1144 Deo
1113 1087 1398 1159 impietas?
1432 1086 1593 1141 Nihil.
1620 1084 1757 1154 Quid
1795 1086 1921 1139 facit
1946 1085 2107 1139 fictile

540 1200 632 1238 vas
656 1180 843 1239 elisum
868 1181 933 1236 ad
959 1191 1182 1253 petram,
1213 1179 1450 1249 quamvis
1478 1180 1820 1233 vehementer
1843 1176 2106 1231 elidatur?

538 1278 710 1331 Tanto
744 1277 943 1346 majore
969 1275 1106 1329 malo
1135 1289 1231 1328 suo
1255 1273 1415 1337 venit,
1448 1282 1645 1341 quanto
1671 1270 1871 1341 majore
1907 1272 2104 1338 impetu

541 1367 764 1423 venerit.
801 1367 926 1421 llznc
952 1366 1088 1420 bella
1127 1379 1313 1435 magna
1337 1373 1507 1429 erant,
1554 1362 1738 1417 crebra
1769 1373 1938 1417 erant.
1967 1362 2106 1415 Con-

540 1468 618 1513 tra
647 1460 809 1513 Deum
838 1457 1079 1527 impietas
1105 1455 1407 1519 dimicabat,
1437 1463 1490 1509 et
1510 1468 1633 1508 vasa
1661 1454 1839 1508 fictilia
1868 1462 2107 1507 contere-

536 1550 764 1604 bantur:
794 1542 1166 1621 prm‘sumendo
1193 1546 1261 1601 de
1302 1560 1361 1601 se
1401 1544 1662 1611 homines,
1693 1543 1759 1599 de
1787 1545 1980 1599 virtute
2007 1558 2101 1599 sua

541 1646 760 1700 multum
817 1634 1170 1714 prccvalendo.
1222 1639 1382 1709 Cujus
1423 1639 1498 1693 rei
1548 1646 1752 1693 scutum
1789 1637 1958 1696 ,etiam
2004 1636 2104 1691 Job

539 1737 671 1791 dixit
712 1735 780 1790 de
820 1733 1045 1804 quodam
1088 1730 1290 1800 impio:
1324 1730 1554 1784 Cucurrit
1580 1729 1816 1781 adversus
1844 1727 2006 1781 Deum
2049 1729 2103 1781 in

538 1844 706 1884 crassa
748 1827 932 1881 cervice
974 1825 1103 1879 scuti
1153 1824 1232 1877 sui
1282 1820 1402 1890 (Job
1448 1818 1672 1891 xv,9.6).
1715 1818 1846 1887 Quid
1897 1830 1998 1883 est,
2049 1821 2103 1873 in

537 1936 706 1973 crassa
731 1918 915 1972 cervice
938 1917 1060 1970 scuti
1096 1913 1213 1968 sui?
1238 1911 1465 1966 Nimium
1493 1909 1859 1981 prmsumendo
1880 1910 1946 1966 de
1973 1925 2099 1979 pro-

541 2011 765 2065 lectione
794 2023 907 2061 sua.
951 2004 1339 2075 Numquidnam
1380 2003 1464 2057 isti
1490 2001 1624 2056 tales
1668 2001 1927 2068 erantqui
1953 2000 2101 2055 dicc-

537 2103 698 2157 bant:
730 2098 864 2153 Deus
893 2106 1060 2152 uoster
1081 2095 1331 2167 refugium
1363 2103 1408 2147 et
1433 2094 1607 2157 virtus,
1629 2093 1834 2165 adiutor
1859 2093 1912 2146 in
1941 2092 2100 2146 tribu-

538 2192 803 2247 lationibus
848 2206 958 2259 qua:
1000 2190 1304 2243 invenerunt
1362 2203 1454 2241 nos
1506 2186 1692 2241 nimis?
1744 2194 1836 2241 aut
1886 2185 1937 2240 in
1996 2187 2100 2242 alio

535 2284 779 2356 psalmo:
807 2280 929 2336 Non
963 2281 1092 2334 enim
1130 2281 1184 2333 in
1222 2294 1347 2333 arcu
1383 2294 1491 2332 meo
1515 2278 1745 2348 sperabo,
1774 2289 1819 2332 et
1842 2278 2100 2333 brachium

534 2377 699 2430 meum
727 2389 827 2427 non
851 2370 1058 2426 salvabit
1096 2386 1176 2425 me
1212 2368 1380 2441 (Psal.
1404 2384 1550 2438 xuu,
1581 2367 1639 2439 7)
1656 2367 1683 2421 Υ
1704 2368 1925 2437 Quando
1951 2368 2099 2440 quis-

534 2482 636 2537 que
673 2464 944 2536 cognoscit
969 2463 1089 2533 quia
1127 2462 1180 2517 in
1208 2460 1383 2531 Seipso
1413 2458 1544 2515 nihil
1570 2467 1673 2527 est,
1704 2468 1758 2515 et
1781 2459 2098 2529 adjutorium

531 2556 598 2611 de
618 2570 675 2610 se
705 2554 904 2609 nullum
933 2550 1109 2618 habet,
1139 2565 1284 2605 arma
1311 2549 1363 2604 in
1391 2549 1482 2604 illo
1500 2547 1767 2604 confracta
1796 2557 1937 2617 sunt,
1962 2549 2098 2606 bella

531 2648 711 2703 sedata
753 2658 897 2700 sunt.
939 2644 1085 2700 Talia
1128 2657 1254 2713 ergo
1284 2641 1418 2698 bella
1456 2640 1653 2697 delevit
1674 2656 1779 2697 vox
1808 2641 1892 2697 illa
1937 2643 2100 2697 Altis-

530 2738 649 2792 simi
674 2737 743 2792 de
770 2736 995 2791 nubibus
1027 2736 1244 2799 sanctis,
1286 2747 1389 2803 qua
1425 2740 1564 2787 terra
1608 2740 1871 2787 commota
1914 2726 2023 2799 est,
2043 2743 2098 2788 et

530 2829 779 2884 inclinata
802 2834 924 2881 sunt
954 2839 1111 2894 regna
1143 2840 1158 2877 :
1184 2821 1400 2878 abstulit
1426 2821 1540 2878 haec
1579 2821 1713 2878 bella
1736 2837 1903 2894 usque
1926 2823 1990 2878 ad
2029 2823 2095 2878 fi-

528 2934 624 2973 nes
648 2926 820 2972 tcrrze.
848 2915 1033 2973 Arcum
1058 2920 1297 2979 conteret,
1322 2921 1369 2967 et
1386 2912 1665 2985 confringet
1686 2929 1851 2981 arma,
1880 2924 1928 2967 et
1952 2924 2095 2969 scuta

526 3009 779 3064 comburat
815 3008 941 3077 igni.
972 3009 1159 3069 Arcus,
1205 3019 1374 3069 arma,
1403 3013 1574 3070 scuta,
1602 3004 1759 3075 ignis.
1789 3006 1960 3061 Arcus
1985 3014 2089 3073 est,

529 3099 766 3165 insidiae;
818 3112 983 3161 arma,
1031 3095 1236 3165 publica
1278 3094 1631 3166 oppugnatio;
1678 3103 1927 3163 scutum,
1958 3112 2091 3152 vana

528 3189 955 3262 przesumptionis
982 3188 1293 3258 protectio‘.
1321 3186 1460 3257 ignis
1499 3203 1604 3258 quo
1637 3188 1733 3243 ista
1773 3191 2093 3247 comburun-

527 3292 631 3347 tur,
657 3290 742 3338 est
779 3280 847 3337 de
885 3293 991 3351 quo
1030 3274 1281 3333 Dominus
1310 3279 1382 3332 ait
1408 3295 1422 3333 :
1446 3277 1625 3350 Ignem
1662 3281 1774 3334 veni
1809 3282 2001 3337 mittere
2038 3285 2092 3339 in

527 3386 710 3429 terram
738 3372 889 3446 (Luc.
918 3388 1010 3436 xu.
1038 3369 1149 3443 l9).
1175 3371 1249 3425 De
1285 3384 1390 3441 quo
1422 3369 1543 3441 igne
1560 3370 1688 3426 dicit
1717 3371 1949 3442 psalmus
1977 3393 1991 3429 :
2025 3375 2091 3430 Et

525 3485 625 3524 non
660 3477 732 3523 est
759 3467 846 3539 qui
869 3483 921 3522 se
943 3464 1213 3520 abscondat
1238 3481 1268 3517 a
1305 3464 1474 3520 calore
1495 3465 1604 3536 ejus
1624 3464 1795 3537 (Psal.
1827 3484 1977 3537 xvm,
2006 3468 2081 3542 7).

526 3560 784 3615 Fervente
827 3558 945 3627 igne
986 3558 1105 3621 isto,
1153 3555 1295 3611 nulla
1337 3555 1388 3609 in
1433 3554 1584 3610 nobis
1624 3555 1906 3626 impietatis
1938 3574 2083 3616 arma

522 3651 886 3714 remanebunt,
938 3662 1155 3703 necesse
1207 3654 1289 3702 est
1335 3654 1392 3700 ut
1437 3645 1612 3701 omnia
1657 3648 2077 3719 confringautur,

520 3750 883 3807 conterantur,
935 3739 1329 3796 comburantur.
1383 3737 1677 3795 Remaneas
1719 3740 1935 3797 inermis
1980 3759 2083 3799 non

521 3828 722 3891 habens
750 3834 913 3888 ullum
936 3832 1255 3902 adjutorium
1284 3840 1426 3885 tuum
1457 3849 1470 3885 :
1499 3842 1551 3886 et
1581 3841 1776 3900 quanto
1805 3835 1969 3906 magis
1998 3836 2082 3890 in;-

521 3927 702 3979 lirmus
722 3938 803 3989 es,
832 3922 974 3978 nulla
996 3930 1083 3976 tua
1110 3936 1255 3976 arma
1285 3913 1504 3986 habens,
1526 3929 1669 3977 tanto
1695 3925 1856 3994 magis
1886 3936 1935 3979 te
1963 3942 2081 3982 sus-

519 4017 663 4085 cipit,
693 4015 760 4070 de
808 4006 1135 4085 quordictum
1162 4023 1242 4069 est
1271 4031 1284 4068 :
1318 4012 1595 4083 Susceptor
1623 4024 1788 4070 noster
1814 4016 1954 4072 Deus
1979 4017 2077 4073 Ja-

517 4108 626 4161 cob.
662 4105 879 4159 Valebas
913 4105 1052 4159 enim
1092 4105 1239 4175 quasi
1280 4120 1373 4174 per
1419 4116 1491 4170 te,
1536 4109 1867 4162 conturbaris
1909 4110 1961 4164 in
1996 4121 2075 4179 1e.

520 4196 685 4253 Perde
726 4210 868 4249 arma
898 4194 1089 4263 quibus
1114 4195 1469 4263 praesumebas
1503 4214 1516 4250 :
1547 4196 1666 4250 audi
1697 4197 1972 4253 Dominum
1999 4200 2081 4255 di.-

516 4296 744 4354 contem,
772 4285 966 4356 Sufﬁcit
987 4284 1072 4338 tibi
1101 4285 1265 4355 gratia
1291 4302 1416 4338 mea.
1450 4286 1541 4341 Dic
1562 4295 1614 4341 et
1644 4297 1717 4352 tu,
1763 4287 1975 4351 Quando
2001 4291 2080 4345 itt-

515 4384 709 4450 firmor,
738 4390 855 4432 tunc
874 4377 1024 4447 fortis
1046 4391 1175 4428 sum.
1204 4377 1438 4444 Apostoli
1460 4393 1559 4429 vox
1591 4387 1690 4431 est.
1720 4376 1904 4433 Omnia
1932 4396 2075 4437 arma

513 4488 604 4529 sua
634 4469 938 4544 perdiderat
981 4477 1228 4538 tanquam
1269 4468 1586 4522 fortitudinis
1625 4484 1756 4535 suae,
1802 4472 1887 4540 qui
1934 4473 2075 4529 (licc-

513 4565 621 4629 bat,
668 4563 778 4635 Ego
819 4560 983 4619 autem
1020 4576 1119 4615 non
1157 4559 1428 4631 gloriabor,
1474 4561 1570 4615 nisi
1614 4562 1665 4615 in
1704 4564 2075 4632 inﬁrmitatibus

513 4660 635 4712 meis
664 4658 725 4730 (ll
753 4656 867 4712 Cor.
894 4673 986 4724 xu,
1010 4654 1065 4719 9,
1100 4653 1188 4727 10)
1223 4671 1235 4708 :
1269 4654 1410 4708 velut
1446 4655 1489 4707 si
1528 4654 1745 4721 diceret,
1777 4657 1889 4713 Non
1917 4676 2073 4715 curro

512 4752 759 4806 adversus
787 4752 950 4807 Deum
978 4750 1029 4804 in
1053 4762 1229 4804 crassa
1259 4746 1464 4801 cervice
1488 4746 1619 4801 scuti
1663 4749 1785 4809 mei,
1826 4751 1911 4818 qui
1940 4754 2077 4818 prius

517 4845 589 4904 (ui
614 4844 950 4914 blasphemus,
991 4854 1040 4896 et
1076 4849 1380 4911 persecutor,
1426 4850 1472 4893 et
1504 4839 1814 4909 injuriosus;
1849 4843 1937 4896 sed
1963 4846 2073 4899 ideo

511 4936 901 4989 misericordiam
920 4944 1207 4991 consecutus
1230 4951 1362 4999 sum,
1386 4943 1438 4987 ut
1463 4935 1514 4987 in
1541 4951 1617 4988 me
1636 4936 1908 4991 ostenderet
1934 4937 2075 4993 Citri-

512 5020 789 5081 stuslesus
824 5022 1019 5078 omnem
1058 5024 1478 5096 longanimitatem
1515 5025 1565 5078 in
1612 5041 1695 5079 eos
1718 5022 1805 5095 qui
1839 5029 2075 5083 credituri

512 5127 625 5174 sunt
649 5117 728 5172 illi
751 5118 804 5170 in
835 5118 987 5171 vitam
1014 5127 1247 5171 aeternam
1274 5117 1311 5181 (Ι
1346 5116 1475 5170 Tim.
1503 5134 1536 5182 t,
1568 5119 1653 5183 l3,
1689 5118 1797 5189 16).
1829 5122 2071 5190 Auferens

510 5210 639 5264 bella
676 5223 831 5278 usque
854 5210 922 5260 ad
949 5208 1073 5276 ﬁnes
1108 5218 1269 5261 terrae.
1298 5208 1521 5274 Quando
1549 5217 1723 5263 autem
1766 5226 1860 5265 nos
1901 5211 2076 5265 Domi-

512 5300 687 5355 minus
734 5294 973 5369 suseipit,
1024 5297 1273 5366 numquid
1326 5298 1555 5352 inermes
1596 5298 1848 5353 dimittit?
1889 5302 2075 5357 Armat

512 5406 629 5453 nos,
663 5389 755 5444 sed
784 5388 901 5443 aliis
930 5388 1112 5451 armis,
1145 5387 1481 5455 evangelicis,
1511 5390 1769 5453 veritatis,
1798 5392 2073 5446 continen-

509 5483 617 5548 tite,
642 5480 844 5544 salutis,
868 5480 1001 5549 Spei,
1032 5476 1173 5544 fidei,
1214 5477 1506 5531 charitatis.
1540 5477 1661 5531 Haec
1688 5494 1833 5533 arma
1863 5480 2075 5537 habetn-

508 5590 646 5645 mus,
676 5573 767 5631 sed
794 5587 896 5628 non
932 5586 961 5623 a
989 5568 1159 5624 nobis.
1196 5568 1353 5621 Arma
1397 5575 1572 5622 autem
1608 5583 1722 5637 qua:
1750 5584 1778 5623 a
1808 5572 1957 5627 nobis
1985 5573 2075 5627 ba-

555 5712 586 5819 ;
612 5718 683 5775 sic
718 5718 817 5758 MSS.
855 5714 909 5756 Αι
947 5704 1086 5764 edd.,
1111 5709 1265 5763 scuta,
1303 5714 1421 5752 vana
1454 5700 1763 5766 prwsumrtio
1797 5716 1898 5755 sua?
1922 5714 2075 5767 prote-

572 5783 683 5819 ottts.

506 5779 683 5821 cllottts.

1768 329 1821 385 S.
1862 326 2218 385 AUGUSTI?"
2259 329 2555 388 EPISCOPI
3625 348 3703 404 52)

2216 442 2446 508 buimus,
2486 456 2730 501 arserunt
2762 465 2775 501 :
2802 449 2847 505 si
2874 458 3047 505 tamen
3082 449 3199 521 igne
3233 452 3317 508 illo
3339 453 3543 523 Spiritus
3564 461 3706 513 sancti

2214 534 2426 588 accensi
2468 550 2673 604 sumus,
2712 539 2781 594 de
2823 556 2930 609 quo
2977 542 3187 605 dicitur,
3229 543 3289 597 Et
3332 556 3460 607 scuta
3491 548 3710 603 comburat

2212 623 2336 694 igni.
2362 624 2461 692 Qui
2494 629 2710 711 potens‘~
2742 628 2793 683 in
2818 638 2869 684 te
2896 646 3014 686 esse
3039 632 3299 700 cupiebas,
3326 634 3564 689 infmnum
3589 648 3631 690 te
3657 639 3698 692 fe

2212 716 2285 769 cit
2309 716 2468 785 Dens,
2498 728 2555 773 ut
2580 719 2768 779 fortem
2789 730 2841 778 te
2863 722 3059 779 faceret
3081 724 3149 779 de
3170 741 3244 789 sc,
3273 727 3387 796 quia
3411 727 3711 783 inlirrnabaris

2211 805 2372 862 (lete.

2282 899 2369 953 M.
2424 898 2591 972 [vers.
2624 902 3073 976 ll.]-Quidergo
3115 907 3381 976 sequitur?
3431 907 3611 964 Vacua.
3648 908 3712 967 Ad

2210 1005 2365 1060 quam
2392 994 2546 1048 rem?
2571 993 2639 1049 Et
2663 996 2820 1050 videte
2843 998 3080 1065 quoniam
3104 1015 3193 1069 ego
3216 1016 3324 1054 sum
3351 1001 3494 1054 Deus.
3512 1001 3614 1057 Hoc
3633 1012 3713 1063 est.

2208 1082 2323 1137 Non
2354 1099 2466 1150 vos,
2495 1086 2587 1141 sed
2610 1103 2709 1159 ego
2734 1104 2850 1144 sum
2877 1091 3012 1145 Deus
3037 1108 3051 1144 :
3083 1107 3180 1161 ego
3200 1093 3395 1159 creavi,
3418 1108 3718 1163 egorecrco:

2210 1189 2309 1243 ego
2339 1174 2591 1240 formavi,
2618 1194 2718 1248 ego
2756 1181 3026 1245 reformo;
3063 1197 3162 1252 ego
3188 1182 3317 1248 feci,
3359 1199 3452 1251 ego
3478 1184 3653 1238 reficio.
3676 1184 3719 1237 Si

2209 1282 2312 1319 non
2345 1270 2562 1336 potuisti
2608 1270 2778 1326 facere
2810 1282 2858 1325 te
2881 1314 2896 1337 ,
2945 1274 3208 1342 quomodo
3251 1283 3397 1343 potes
3434 1274 3629 1330 reticere
3651 1276 3721 1343 te?

2209 1356 2322 1412 lloc
2347 1374 2452 1414 non
2479 1360 2620 1415 videt
2645 1362 2898 1417 tumultus
2922 1365 3283 1419 contentiosns
3319 1364 3469 1418 animi
3486 1364 3685 1425 immani
3711 1379 3723 1418 :

2208 1451 2290 1504 cui
2324 1453 2570 1507 tumultui
2597 1457 2930 1510 contentioso
2955 1456 3147 1511 dicitur
3169 1497 3185 1521 ,
3226 1455 3423 1520 Vacate,
3460 1456 3507 1510 id
3542 1466 3632 1519 est,
3658 1473 3725 1511 τεο

2210 1542 2421 1611 primito
2462 1546 2670 1601 animos
2716 1556 2922 1602 vestros
2959 1563 2988 1601 a
3033 1548 3543 1604 contradictionibus.
3583 1548 3732 1623 Nolito

2206 1638 2561 1705 argumentari
2595 1647 2651 1695 et
2676 1648 2921 1710 tanquam
2964 1642 3155 1695 armari
3184 1650 3376 1697 contra
3407 1642 3559 1696 Deum
3585 1658 3597 1693 :
3624 1640 3731 1699 alio-

2205 1728 2330 1796 quin
2363 1728 2542 1783 vivunt
2564 1744 2709 1784 arma
2728 1731 2969 1787 nondum
3000 1733 3090 1787 illo
3118 1733 3240 1801 igne
3264 1732 3547 1791 combusta.
3576 1731 3625 1785 Si
3652 1746 3734 1785 au-

2208 1827 2312 1870 tem
2340 1818 2612 1873 combusta
2649 1830 2809 1889 sunt,
2851 1820 3070 1886 Vacate;
3110 1823 3230 1891 quia
3269 1838 3371 1877 non
3403 1823 3594 1879 habetis
3618 1823 3734 1876 unde

2208 1908 2469 1977 pugnctis.
2500 1909 2557 1965 Si
2586 1919 2764 1968 autem
2796 1914 3110 1969 vacaveritis
3142 1914 3194 1969 in
3224 1914 3397 1991 vobis,
3427 1921 3481 1971 et
3511 1928 3538 1967 a
3563 1928 3640 1973 me
3661 1928 3737 1982 pe-

2211 2000 2399 2055 tieritis
2426 2004 2637 2069 omnia,
2672 2004 2762 2074 qui
2788 2006 2809 2037 ²
2841 2007 3014 2076 primo
3054 2006 3123 2062 de
3158 2007 3311 2061 vobis
3339 2006 3735 2076 praesumebatis.

2213 2088 2416 2155 Vacate,
2441 2102 2486 2147 et
2514 2093 2756 2151 videbitis
2780 2097 3017 2171 quoniam
3043 2113 3136 2168 ego
3163 2114 3279 2152 sunt
3308 2096 3464 2153 Deus.

2278 2181 2366 2235 lii.
2410 2183 2572 2255 (vers.
2606 2183 2716 2259 12.]
2748 2184 3024 2241 Emaltabor
3049 2188 3101 2241 in
3130 2187 3360 2258 gentibus
3384 2229 3399 2253 ,
3428 2196 3475 2243 et
3509 2184 3738 2255 excitator

2201 2274 2255 2328 in
2285 2284 2436 2329 terra.
2464 2276 2626 2330 Paulo
2652 2288 2776 2333 ante
2802 2278 3037 2333 dixeram
3064 2288 3223 2336 terra:
3248 2280 3462 2336 nomine
3484 2276 3741 2350 signiﬁcari

2201 2356 2411 2433 gentem
2453 2365 2781 2433 Judzeorum,
2825 2369 2987 2424 maris
3030 2371 3252 2427 nomine
3302 2378 3521 2425 cmteras
3564 2378 3742 2440 gentes.

2203 2455 2463 2511 Translati
2490 2468 2612 2513 sunt
2637 2468 2844 2515 montes
2872 2462 2921 2514 in
2951 2475 3044 2515 cor
3069 2461 3236 2518 maris
3268 2477 3281 2515 :
3310 2462 3626 2516 conturbata:
3643 2460 3745 2513 Suul

2200 2554 2384 2617 gentes
2403 2587 2420 2614 ,
2453 2548 2701 2615 inclinata
2720 2561 2851 2605 sunt
2876 2566 3039 2621 regna
3065 2594 3080 2614 ,
3113 2552 3264 2608 dedit
3289 2566 3476 2627 .vocem
3505 2566 3644 2627 suam
3668 2549 3746 2603 ΑΙ-

2200 2636 2466 2703 tissimus,
2498 2648 2551 2693 et
2577 2649 2719 2694 mota
2745 2651 2825 2695 est
2851 2650 3010 2697 terra.
3056 2641 3313 2698 Dominus
3343 2643 3577 2701 uirtutum
3600 2640 3747 2697 ποωε-

2200 2745 2330 2797 eum,
2358 2740 2615 2802 susceptor
2642 2741 2809 2786 noster
2828 2731 2964 2789 Deus
2988 2732 3171 2787 Iacob.
3203 2733 3365 2789 Facta
3388 2732 3748 2791 suntmiracula

2200 2819 2252 2873 in
2298 2821 2561 2890 gentibus,
2608 2822 2855 2893 impletur
2899 2823 3029 2878 fides
3068 2825 3353 2893 gentium,
3400 2823 3583 2885 ardent
3620 2837 3748 2876 arma

2200 2913 2626 2981 praesumptionis
2672 2912 2918 2969 humanae
2960 2932 2974 2968 :
3018 2924 3238 2971 vacatur
3290 2916 3342 2970 in
3400 2914 3751 2986 tranquillitate

2197 3003 2371 3059 cordis
2396 3045 2412 3071 ,
2454 3014 2512 3059 ut
2538 3015 2886 3075 cognoscatur
2914 3017 3108 3063 auctor
3139 3007 3282 3062 Deus
3311 3007 3548 3061 omnium
3582 3019 3749 3059 mune—

2197 3111 2313 3150 rum
2339 3110 2576 3150 suorum.
2608 3097 2673 3151 Et
2698 3106 2819 3166 post
2843 3098 2995 3153 istam
3018 3098 3494 3163 clarificationcm,
3523 3094 3751 3167 nquItid

2193 3184 2392 3241 deserit
2411 3196 2464 3243 et
2495 3186 2699 3256 plebem
2718 3187 3040 3256 Judzeorum,
3066 3190 3137 3245 de
3161 3208 3265 3261 qua
3294 3191 3428 3249 dicit
3454 3187 3753 3259 Apostolus:

2193 3276 2322 3333 Dico
2346 3278 2475 3331 enim
2495 3278 2649 3343 vobis,
2675 3287 2730 3332 ut
2757 3295 2858 3333 non
2880 3280 2989 3335 sitis
3011 3281 3147 3335 vobis
3181 3282 3468 3353 sapientes,
3494 3280 3609 3350 quia
3632 3277 3760 3332 ccci-

2192 3378 2269 3424 tas
2295 3384 2359 3424 ea:
2393 3378 2534 3441 parte
2556 3368 2723 3425 Israel
2746 3371 2881 3441 facta
2904 3380 3010 3440 est,
3038 3372 3205 3431 donec
3241 3374 3509 3445 plenitudo
3546 3371 3756 3437 Canium

2191 3461 2397 3515 intraret
2416 3461 2444 3514 7
2460 3459 2517 3516 ld
2538 3469 2637 3529 est,
2658 3461 3055 3519 donecmontes
3072 3463 3183 3521 huc
3209 3463 3652 3531 transferrentur,
3676 3477 3760 3521 nu-

2191 3550 2285 3607 bes
2305 3551 2390 3608 hic
2417 3552 2680 3623 pluerent,
2710 3553 2794 3609 hic
2821 3555 3071 3611 Dominus
3102 3558 3352 3615 tonitruo
3378 3574 3478 3615 suo
3504 3572 3658 3628 regna
3684 3557 3756 3610 in-

2189 3642 2430 3710 olinaret,
2472 3644 2629 3701 donec
2672 3645 2930 3716 plenitudo
2976 3646 3222 3704 Gentium
3268 3652 3511 3721 intraret.
3552 3651 3619 3709 Et
3652 3648 3759 3720 quid

2188 3743 2370 3821 postea
2391 3736 2413 3790 ?
2432 3734 2501 3790 Et
2525 3736 2597 3791 sic
2625 3738 2785 3791 omnis
2813 3736 2978 3794 Israel
3000 3740 3175 3802 salvus
3196 3742 3350 3811 ﬁeret
3381 3743 3559 3815 (Rom.
3590 3759 3658 3809 XI,
3681 3740 3758 3802 25.

2186 3825 2303 3895 26).
2336 3825 2459 3882 Ideo
2485 3835 2539 3882 et
2567 3828 2653 3883 hic
2677 3828 2847 3897 ipsum
2886 3829 3125 3886 ordinem
3156 3847 3419 3901 servans,
3460 3833 3726 3895 Exaltabor
3747 3872 3760 3894 ,

2188 3916 2375 3988 inquit,
2401 3920 2454 3972 in
2476 3918 2719 3989 gentibus,
2764 3932 2811 3974 et
2852 3920 3109 3977 exaltabor
3146 3925 3209 3979 in
3240 3936 3383 3983 terra
3414 3944 3428 3981 :
3462 3926 3513 3981 id
3544 3934 3695 3993 est,et
3712 3924 3762 3976 in

2185 4009 2316 4064 mari
2345 4017 2399 4063 et
2424 4009 2474 4063 in
2509 4020 2676 4075 terra;
2727 4018 2783 4064 ut
2803 4010 2916 4080 jam
2943 4011 2965 4043 ³
2993 4027 3186 4070 omnes
3213 4017 3405 4073 dicant
3432 4017 3577 4090 quod
3603 4015 3762 4086 sequi-

2186 4108 2296 4165 tur,
2327 4097 2573 4155 Dominus
2592 4101 2827 4155 tn'rtutum
2852 4102 3122 4168 nobiscum.
3151 4118 3434 4179 susceptor
3459 4119 3627 4165 noster
3643 4105 3766 4169 De!“

2182 4190 2212 4244 J
2220 4192 2360 4246 acab.

2191 4347 3768 4373 mw

2612 4421 2691 4483 IN
2733 4423 3109 4515 PSALMUM
3152 4430 3371 4496 XLVI

2762 4543 3175 4630 ENABRaTIO.

2708 4666 2874 4709 SElUlO
2893 4670 2960 4710 AD
2986 4671 3214 4715 PLEBEI.

2256 4764 2304 4817 l.
2340 4764 2592 4819 Dominus
2620 4766 2759 4819 Deus
2798 4775 2979 4822 noster
3006 4768 3162 4824 fidem
3198 4773 3256 4827 in
3301 4793 3414 4845 qua
3448 4780 3781 4846 vivimus,‘et

2181 4869 2247 4909 ex
2277 4869 2378 4924 qua
2410 4856 2652 4919 vivimus,
2688 4873 2781 4926 per
2808 4856 2994 4913 Libros
3032 4870 3283 4929 sanctos,
3322 4867 3642 4940 Scriptum
3668 4885 3783 4925 san-

2181 4957 2293 5000 ctas
2319 4947 2683 5019 multipliciter
2710 4950 2859 5005 nobis
2886 4952 3133 5023 varieque
3160 4956 3422 5028 diffudit;
3457 4974 3785 5021 sacramenta

2181 5038 2399 5105 quidem
2431 5040 2713 5095 verborum
2746 5042 2992 5110 varians,
3023 5044 3182 5101 fidem
3221 5059 3421 5109 tamen
3452 5073 3620 5113 unam
3655 5074 3785 5113 cont-

2182 5130 2457 5185 mendans.
2493 5133 2602 5186 Una
2629 5137 2769 5187 enim
2795 5134 3088 5206 eademque
3118 5154 3209 5194 res
3238 5141 3373 5199 ideo
3406 5150 3599 5205 multis
3626 5149 3791 5205 modis

2180 5221 2389 5289 dicitur,
2421 5230 2477 5277 ut
2506 5224 2661 5279 modo
2692 5225 2808 5295 ipso
2840 5226 2860 5257 ⁸
2888 5226 3097 5283 dicendi
3124 5245 3368 5302 prnplcr
3395 5239 3681 5297 {inuidiam
3710 5258 3793 5289 νο.-

2214 5402 2356 5511 ἰὲὺῖιῑέ
2373 5402 2585 5463 quinque
2610 5408 2713 5452 Mss.
2737 5402 2849 5452 add.
2873 5416 3008 5465 vero,
3026 5405 3145 5466 Quid
3163 5418 3348 5469 postea
3367 5413 3393 5465 ?
3416 5425 3475 5468 In
3510 5425 3562 5470 te
3606 5434 3711 5472 esse
3730 5432 3800 5469 cu-

2181 5476 2356 5524 pteoas.

2243 5525 2262 5588 ξ
2283 5524 2460 5588 satiati.
2480 5532 2623 5574 vetus
2644 5524 2817 5585 codex,
2844 5539 2969 5588 (ιιιω.

2244 5585 2263 5655 Ϋ
2286 5586 2357 5655 ξῗο
2377 5584 2557 5655 elisum
2579 5592 2685 5655 “5?:
2703 5594 2759 5638 Μ’
2781 5584 2911 5646 (εδδ-ς
2926 5591 3120 5655 ,υιὶηζῑηι
3134 5604 3315 5644 omnes
3344 5598 3553 5655 dicunt.
3583 5612 3683 5655 etc.

2225 5640 2566 5727 .i?‘.‘°..if§§?.f}
2596 5640 2999 5727 999139.720?“
3029 5640 3131 5714 ibist
3144 5640 3805 5727 ίῤεῖτῖιάῗῦῗὸὶῶἷῗίαεα·

2182 5706 2314 5815 illi:th
2355 5707 2559 5757 vat'utur
2576 5742 2591 5767 ,
2622 5710 2705 5759 sed
2730 5720 2922 5773 propter
2956 5706 3274 5767 concordiam
3314 5706 3801 5787 νιὶίιαΓίῖἅὲξλέῆξίῖο
