4004 6200
267 403 370 460 525

267 523 461 586 rictur,
491 519 582 575 sed
613 529 824 593 propter
851 510 1185 578 concordiam
1217 534 1318 573 una
1347 527 1606 573 teneatur.
1642 516 1819 585 Itaque

268 616 319 670 in
349 615 449 670 hoc
474 616 677 684 psalmo
721 632 879 685 quem
905 623 1173 670 cantatum
1199 611 1495 667 audivimus
1519 651 1533 673 ,
1576 609 1657 664 cui
1698 617 1826 663 cau-

269 706 425 760 tando
454 706 843 771 reSpondimus,
876 720 938 760 ea
967 718 1148 759 sumus
1170 701 1359 757 dicturi
1388 716 1505 771 quae
1532 698 1697 753 nostis
1729 716 1742 752 :
1773 705 1828 752 et

265 805 440 852 tamen
461 798 695 851 fortassis
705 798 952 868 aliquam,
969 796 1248 866 adjuvante
1265 801 1318 848 et
1336 792 1564 848 donante
1579 791 1821 855 Domino,

262 888 576 941 suavitatem
596 887 805 941 ailatnri
835 898 1018 941 smnus
1043 884 1213 950 vobis,
1233 883 1445 954 quando
1466 897 1532 938 ea
1561 894 1681 952 quae
1701 882 1822 937 alibi

260 989 320 1032 et
345 979 467 1032 alibi
509 979 790 1037 noveratis,
831 979 990 1032 etiam
1018 971 1330 1032 commoniti
1362 975 1657 1030 tinnit-tatis.
1692 973 1822 1028 Nam

259 1079 318 1122 et
348 1070 457 1138 ipsa
480 1069 833 1122 ruminatione
855 1109 869 1128 ,
911 1069 964 1122 in
1006 1079 1108 1138 qua
1144 1067 1409 1137 signiticet
1457 1065 1594 1121 Deus
1627 1063 1822 1118 munda

259 1161 530 1226 animalia,
553 1159 654 1214 hoc
673 1160 836 1213 νυιυη
862 1161 1146 1224 insinuare,
1164 1159 1290 1229 quia
1311 1159 1482 1212 Omnis
1500 1157 1661 1212 immo
1683 1157 1821 1226 quod

258 1254 408 1306 audit
433 1255 509 1306 sic
532 1252 688 1307 debet
715 1253 764 1305 in
794 1268 888 1307 cor
905 1252 1132 1312 mittere,
1160 1255 1222 1305 ut
1243 1265 1354 1304 non
1377 1251 1526 1321 piger
1547 1251 1618 1304 sit
1643 1258 1820 1319 po‘st‘ea

260 1344 384 1398 inde
429 1345 659 1414 cogitare
687 1361 702 1398 :
726 1353 784 1398 ut
819 1343 1028 1413 quando
1061 1342 1231 1405 audit;
1267 1343 1338 1396 sit
1376 1342 1562 1396 similis
1601 1340 1822 1403 mandu-

258 1436 435 1498 canti;
465 1450 583 1488 cum
626 1443 798 1488 autem
826 1434 1000 1487 audita
1031 1434 1083 1486 in
1117 1433 1426 1486 memoriam
1472 1439 1684 1488 revecat
1705 1471 1720 1495 ,
1767 1440 1820 1485 et

258 1523 578 1593 cogitatione
605 1523 907 1578 dulcissima
935 1523 1150 1588 recolit,
1184 1521 1273 1576 liat
1299 1522 1488 1577 sitniiis
1515 1523 1816 1576 minitanti.

257 1617 382 1670 Alio
406 1631 534 1686 ergo
556 1616 713 1670 modo
737 1615 920 1670 eadem
951 1615 1216 1681 dicuntur,
1243 1623 1300 1671 ct
1321 1615 1516 1670 iaciunt
1540 1627 1636 1670 nos
1655 1615 1818 1669 dulci-

261 1715 343 1759 ter
385 1707 615 1775 cogitare
659 1719 775 1774 qua:
816 1706 1096 1770 novimus,
1129 1713 1186 1759 et
1228 1704 1410 1759 eadem
1455 1705 1567 1776 ipsa
1598 1704 1820 1759 libenter

257 1796 478 1859 audire;
505 1796 624 1863 quia
664 1796 849 1850 modus
885 1793 1091 1851 dicendi
1124 1797 1354 1851 variatur
1376 1836 1391 1862 ,
1417 1805 1470 1852 et
1493 1808 1580 1852 res
1604 1797 1816 1867 antiqua

257 1886 376 1954 ipso
403 1888 558 1940 modo
581 1887 784 1941 dicendi
816 1898 1114 1941 renovatur.

329 1975 384 2029 9..
417 1973 564 2049 [rem
597 1975 672 2048 1.]
701 1977 904 2031 Titulus
940 1977 1132 2031 Psaimi
1167 1978 1245 2032 sic
1284 1991 1343 2032 se
1388 1977 1546 2032 habet
1584 1993 1599 2030 :
1640 1975 1708 2032 In
1748 1979 1815 2046 ﬁ-

251 2084 371 2121 nem
409 2085 500 2138 pro
527 2069 646 2137 [iliis
687 2068 846 2142 Core,
888 2066 1124 2123 Psalmus
1157 2069 1257 2139 ipsi
1284 2067 1465 2122 Dauid.
1497 2069 1658 2125 Filios
1687 2070 1816 2125 istos

252 2161 394 2216 Core
423 2161 614 2216 habent
640 2161 776 2216 tituli
807 2161 1140 2246 Psalmqrum
1165 2161 1326 2215 etiam
1355 2161 1442 2215 alii
1467 2161 1724 2227 nonnulli,
1763 2170 1816 2216 et

253 2251 490 2305 indicant
515 2251 665 2306 dulce
695 2252 1000 2322 mysterium
1021 2292 1038 2314 ,
1073 2251 1338 2305 insinuant
1363 2265 1606 2320 magmtm
1630 2263 1814 2306 saeta-

250 2352 496 2400 mcntutn
525 2362 539 2398 :
568 2343 654 2399 ubi
679 2352 734 2398 et
759 2358 854 2397 nos
893 2344 1036 2412 ipsos
1079 2342 1303 2398 libenter
1341 2342 1734 2413 intelligamus,
1758 2351 1816 2396 et

247 2449 601 2506 agnoscamus
627 2434 678 2487 in
703 2433 853 2488 titulo
887 2447 983 2488 nos
1008 2433 1095 2503 qui
1121 2432 1365 2487 audimus
1389 2441 1445 2487 et
1471 2433 1692 2502 legimus
1711 2472 1727 2495 ,
1754 2439 1808 2486 et

246 2535 500 2595 tanquam
526 2524 739 2593 speculo
762 2523 1033 2593 proposito
1051 2523 1142 2592 qui
1158 2534 1347 2577 sumus
1377 2523 1662 2576 intuentur.
1693 2521 1810 2576 Filii

246 2615 391 2669 Core
408 2613 494 2682 qui
511 2613 667 2666 sunt?
690 2611 810 2667 Fuit
825 2613 982 2666 homo
995 2611 1204 2682 quidam
1227 2611 1364 2666 Core
1390 2611 1600 2666 nurnine
1625 2610 1809 2683 (Num.

243 2719 364 2770 XVI,
383 2703 457 2775 l),
477 2704 552 2757 sic
574 2703 711 2758 enim
732 2702 1016 2758 vocabatur
1032 2701 1218 2772 aliquis
1240 2702 1396 2755 homo
1417 2717 1431 2756 :
1451 2711 1809 2758 verumtamen

242 2813 374 2852 cum
411 2797 652 2867 leguntur
677 2811 794 2866 quae
821 2796 1012 2865 scripta
1041 2806 1190 2862 sunt,
1227 2803 1284 2850 et
1326 2795 1588 2850 invenitur
1635 2809 1810 2850 sermo

241 2891 462 2945 divinus
473 2890 615 2959 loqui
642 2888 706 2943 ad
731 2874 1010 2959 quosdam,
1034 2888 1120 2958 qui
1142 2903 1248 2941 non
1272 2887 1426 2942 valde
1449 2886 1812 2957 intelliguntur

240 2983 344 3037 lilii
372 2994 494 3037 esse
518 2981 660 3036 illius
689 2981 840 3036 unius
860 2980 1087 3036 hominis
1109 2982 1200 3051 qui
1220 2981 1506 3035 Vocabatur
1527 2981 1698 3046 Core;
1723 2997 1810 3036 re-

239 3073 416 3128 currit
437 3073 646 3126 animus
669 3071 733 3131 ad
758 3072 1084 3142 mysterium,
1103 3080 1164 3125 ut
1184 3079 1386 3139 quaerat
1405 3071 1529 3140 quid
1550 3070 1809 3140 signiticet

237 3165 404 3220 Core.
433 3163 562 3232 Quia
588 3164 726 3217 enim
756 3163 973 3217 verbum
1000 3161 1266 3216 hebrzcum
1289 3171 1391 3225 est,
1415 3161 1603 3216 dicitur
1629 3163 1807 3231 utique

236 3266 301 3309 et
328 3255 703 3322 interpretatur
724 3253 774 3306 in
800 3267 1025 3323 grzccam
1051 3251 1280 3322 linguam
1306 3260 1360 3306 et
1388 3253 1440 3306 in
1468 3253 1682 3306 latinam
1709 3253 1810 3308 liti-

237 3362 423 3418 guunt.
457 3346 523 3399 Et
561 3343 753 3399 factum
784 3352 865 3398 est
885 3343 1024 3412 jam;
1054 3344 1214 3397 multa
1241 3343 1454 3398 nomina
1487 3343 1692 3399 hehrma
1721 3345 1805 3398 in-

240 3448 533 3510 terpretata
557 3447 678 3493 sunt
721 3437 873 3502 nobis
903 3453 916 3490 :
944 3445 999 3492 et
1023 3437 1328 3506 inspicimus
1353 3477 1369 3502 ,
1415 3445 1470 3491 et
1511 3437 1805 3493 invenimus

237 3531 380 3587 Core
420 3529 751 3599 interpretari
793 3526 1031 3584 Calvum.
1061 3527 1222 3583 Multo
1269 3527 1436 3598 magis
1481 3527 1802 3582 attendistis.

236 3623 540 3679 Obscurum
569 3627 682 3676 erat
709 3634 827 3674 cum
847 3618 1147 3674 dicerentur
1171 3618 1261 3672 ﬁlii
1301 3618 1437 3674 Core
1454 3659 1469 3685 ,
1501 3633 1680 3674 nonne
1705 3619 1804 3672 ob-

236 3715 450 3770 scurius
476 3721 560 3766 est
581 3726 699 3765 cum
736 3709 982 3764 dicuntur
1011 3709 1099 3763 lilii
1123 3709 1299 3763 calvi?
1324 3709 1424 3775 Qui
1449 3720 1572 3764 sunt
1597 3709 1684 3766 isti
1715 3709 1806 3764 lilii

235 3807 416 3864 calvi?
441 3806 525 3859 An
571 3803 704 3857 forte
744 3803 834 3856 lilii
877 3801 1098 3870 sponsi?
1141 3800 1273 3868 Quia
1315 3816 1544 3870 sponsus
1593 3803 1644 3857 in
1690 3802 1808 3858 loco

235 3898 503 3952 Calvaria:
539 3892 818 3948 cruciﬁxus
863 3901 962 3946 est.
1006 3892 1242 3946 Recolite
1293 3892 1630 3962 Evangeliutn
1654 3931 1682 3960 ,ρ
1717 3894 1806 3949 ubi

237 3989 531 4045 Dominum
557 3984 944 4046 crucilixernnt,
968 3989 1022 4035 et
1043 3981 1318 4036 invenietis
1337 3992 1456 4035 eum
1478 3984 1531 4036 in
1557 3983 1672 4038 loco
1689 3981 1808 4038 Cal.

236 4083 406 4135 variae
453 4076 760 4131 crucifixum
808 4073 1020 4141 (Manli.
1068 4088 1238 4134 xxvu,
1285 4073 1394 4141 53).
1439 4073 1668 4130 Proinde
1713 4075 1801 4146 qui

232 4185 460 4225 crucem
489 4167 604 4234 ejus
632 4165 868 4223 irrident,
897 4180 924 4215 a
953 4163 1280 4217 dzemouibns
1303 4171 1546 4234 tanquam
1569 4181 1597 4218 a
1627 4166 1808 4221 beSiiis

230 4264 586 4316 devorantur.
629 4254 756 4308 Nam
803 4253 1116 4322 signiﬁcavit
1152 4263 1208 4308 et
1243 4253 1345 4309 hoc
1382 4255 1620 4324 quredam
1659 4257 1806 4312 Scri-

230 4364 419 4424 plura.
448 4349 580 4404 Cum
605 4345 914 4401 ascenderet
943 4345 1197 4415 propheta
1223 4346 1311 4401 Dei
1341 4347 1582 4415 Elisaeus,
1601 4349 1802 4417 clama-

229 4445 369 4499 bant
402 4448 521 4510 post
539 4451 658 4492 eum
682 4438 826 4506 pueri
853 4437 1150 4503 irridentes,
1173 4438 1395 4492 dicende
1417 4441 1573 4507 calve,
1599 4443 1809 4496 ascende

227 4535 384 4589 calve
411 4550 424 4585 :
455 4531 544 4584 ille
568 4538 743 4582 autem
781 4539 883 4581 non
916 4536 1020 4581 tam
1053 4529 1336 4583 crudeliter
1359 4546 1514 4598 quam
1545 4532 1764 4602 mystice
1787 4573 1803 4595 ,

226 4626 369 4680 fecit
413 4622 534 4676 illos
560 4633 749 4690 pueros
785 4619 852 4673 ab
890 4618 1025 4672 ursis
1059 4619 1372 4673 exeuntibus
1415 4620 1657 4674 devorari
1703 4621 1795 4685 (IV

225 4719 374 4788 Reg.
397 4731 456 4778 tt,
481 4713 572 4775 2'5,
597 4711 712 4766 24L
743 4710 798 4765 Si
826 4726 930 4764 non
955 4709 1336 4765 devorarentur
1360 4709 1432 4763 illi
1455 4711 1624 4778 pueri,
1655 4727 1808 4764 num-

220 4807 369 4879 quid
403 4821 570 4872 usque
603 4803 774 4855 adhuc
797 4801 1073 4856 viverent?
1099 4809 1191 4854 aut
1229 4815 1331 4854 non
1362 4807 1575 4868 possent
1604 4810 1803 4856 morta-

219 4904 314 4955 ιρς
351 4898 460 4949 nati
498 4897 652 4949 etiam
680 4892 826 4948 febre
865 4892 1481 4963 intercipiHlysterium
1526 4892 1578 4946 in
1619 4894 1698 4948 eis
1724 4905 1805 4949 ta-

219 5006 367 5046 men
397 5003 504 5040 non
529 4984 914 5046 ostenderetur,
941 4984 1028 5038 ubi
1056 4984 1248 5052 posteri
1273 4993 1614 5038 terrerentur.
1635 4985 1804 5042 Nemo

213 5095 373 5151 ergo
401 5077 616 5131 irrideat
641 5091 850 5129 crucem
881 5075 1088 5128 Domini
1118 5091 1131 5127 :
1161 5073 1329 5128 Judaei
1364 5065 1744 5145 sunt’possessi
1771 5094 1802 5134 a

212 5167 580 5226 daemonibus
603 5175 658 5218 et
679 5165 932 5220 devorati.
965 5163 1094 5217 Nam
1123 5164 1173 5218 in
1199 5162 1455 5219 Calvariw
1483 5167 1601 5222 loco
1626 5171 1802 5224 cruci-

214 5264 472 5333 ligetttes
497 5257 785 5320 Christum,
815 5264 870 5309 et
893 5256 1122 5310 levantes
1147 5256 1200 5308 in
1223 5269 1400 5322 cruce,
1431 5266 1675 5326 tanquam
1706 5262 1805 5330 ipsi

209 5350 495 5408 dicebant
521 5363 680 5404 sensu
713 5347 893 5415 puerili
914 5386 928 5411 ,
959 5362 1060 5400 non
1088 5347 1444 5417 intelligentes
1465 5351 1587 5419 quid
1617 5353 1802 5422 loque-

210 5450 454 5500 rentur,
484 5437 706 5491 Ascende
730 5441 883 5490 calve.
915 5436 1048 5501 Quid
1077 5447 1158 5491 est
1181 5439 1323 5492 enim
1343 5479 1357 5502 ,
1389 5440 1613 5495 Ascende
1631 5443 1656 5494 ?
1677 5441 1806 5498 Cru-

207 5535 413 5602 ciﬁge,
435 5530 670 5599 cruci/ige
691 5527 840 5600 (Luc.
865 5544 1011 5592 χχιιι,
1036 5525 1148 5600 2|).
1178 5529 1490 5599 Proponitur
1511 5534 1651 5588 enim
1681 5547 1807 5603 pue-

207 5625 360 5681 ritia
390 5620 456 5674 ad
488 5621 796 5675 imitandum
833 5620 1177 5675 humilitatem
1197 5663 1210 5688 ,
1251 5631 1308 5676 ct
1343 5624 1466 5678 item
1494 5608 1802 5695 proponitur

207 5711 473 5787 pueritia
510 5710 573 5764 ad
602 5711 892 5766 cavendum
927 5710 1242 5767 fatuitatem.
1273 5714 1542 5784 Proposita
1575 5721 1800 5786 pueritia

187 5805 292 5861 “ad
325 5801 650 5858 imitandum
677 5802 1022 5858 humilitatem
1053 5819 1081 5858 a
1105 5804 1326 5862 Domino
1352 5817 1451 5874 cst,
1473 5809 1682 5873 quando
1708 5826 1802 5866 vo-

1301 403 1685 460 ENARRATIO
1725 401 1788 454 iN
1825 392 2143 457 PSALMUM
2182 397 2360 462 XLVI.

3391 417 3494 480 516

1934 517 2072 569 cavit
2107 515 2171 570 ad
2200 533 2259 573 se
2281 532 2474 587 pueros
2495 562 2508 584 ,
2558 530 2610 576 et
2643 535 2768 579 cum
2805 527 3216 594 prohiberentur
3247 535 3315 591 ab
3353 539 3445 595 illo
3465 581 3481 601 ,

1932 605 2104 660 dixit‘:
2137 608 2301 662 Sinite
2319 623 2400 663 eos
2423 613 2588 666 vem're
2611 615 2678 667 ad
2706 633 2800 683 me,
2824 620 2998 673 talium
3028 634 3100 676 est
3126 627 3254 679 enim
3281 643 3487 700 regnum

1929 699 2165 751 calorum
2210 699 2420 768 (Matth.
2463 717 2610 772 xvni,
2657 705 2713 769 2,
2763 720 2811 762 et
2835 719 2946 772 'x'tx,
2995 715 3104 784 li).
3151 699 3486 788 Propositum

1928 791 2498 885 crepitantia—pueriles
2525 796 2589 850 ad
2616 800 2902 856 cavendam
2933 803 3224 864 ﬁrmitatem
3243 812 3314 865 ab
3343 815 3485 885 Apo-

1929 879 2037 932 tolo
2065 891 2147 934 est
2173 899 2186 933 :
2212 881 2437 950 Fratres,
2459 887 2613 941 nolite
2627 890 2774 958 pueri
2796 905 2899 945 esse
2923 896 3161 950 sensibus.
3193 901 3258 954 Et
3272 879 3484 959 rursum

1929 973 2176 1039 proponit
2209 972 2276 1026 ad
2299 974 2614 1031 imitandum
2649 996 2664 1033 :
2695 979 2802 1034 Sed
2825 984 3020 1038 ntuliu‘a
3046 987 3268 1059 infantes
3295 1005 3445 1050 estote
3468 1036 3484 1057 ,

1929 1062 2252 1154 mittentibus
2275 1067 2484 1136 perfecti
2524 1069 2632 1122 ritis
2663 1068 2705 1142 (Ι
2747 1071 2864 1126 Cor.
2902 1087 3023 1142 xw,
3053 1077 3170 1149 ΞΟ).
3215 1078 3322 1138 Pro
3365 1088 3484 1154 ﬁnis

1927 1149 2073 1205 Core.
2121 1154 2360 1211 Psalmus
2385 1160 2592 1215 canitur
2615 1173 2633 1215 ‘:
2665 1175 2792 1234 ergo
2818 1175 2920 1235 pro
2941 1168 3262 1229 Christianis
3304 1149 3485 1234 canta-

1927 1250 2008 1297 tus
2049 1253 2148 1298 est.
2170 1247 2467 1305 Audiamus
2493 1261 2624 1307 eum
2673 1262 2918 1326 tanquam
2964 1259 3055 1314 lilii
3095 1267 3274 1333 sponsi
3304 1267 3441 1325 illius
3466 1313 3481 1336 ,

1927 1347 2082 1402 quem
2113 1337 2259 1404 pueri
2290 1339 2538 1396 insensati
2568 1343 2619 1396 in
2647 1343 2899 1402 Calvaria:
2943 1350 3064 1405 loco
3081 1357 3483 1418 crtteili'xertmt.

1923 1420 1998 1475 liii
2028 1425 2168 1478 enim
2194 1439 2507 1486 "meruerunt
2542 1445 2570 1486 a
2599 1433 2784 1491 bestiis
2809 1438 3087 1507 devorari,
3131 1461 3226 1500 nos
3266 1451 3335 1505 ab
3375 1455 3484 1507 An-

1919 1513 2051 1583 gelis
2075 1516 2336 1572 coronari.
2368 1523 2715 1591 Agnoscimus
2735 1529 2876 1584 enim
2893 1533 3244 1593 humilitatem
3274 1541 3481 1600 Domini

1921 1605 2106 1667 nostri,
2136 1614 2188 1660 et
2213 1620 2323 1663 non
2358 1609 2425 1664 de
2449 1612 2534 1666 illa
2561 1615 2941 1675 erubescimus.
2968 1623 3082 1679 Non
3115 1629 3481 1689 “erubescimus

1919 1691 1988 1746 dc
2015 1693 2103 1748 illo
2123 1697 2396 1765 appellato
2413 1704 2640 1773 'myStice
2670 1707 2840 1776 calvo,
2886 1722 3102 1783 propter
3119 1716 3376 1778 Calvariie
3403 1726 3482 1778 lo-

1918 1796 2059 1836 cum.
2107 1785 2220 1855 Ipsa
2264 1789 2405 1844 enim
2448 1803 2604 1850 cruce
2641 1796 2694 1850 in
2741 1814 2843 1868 qua
2893 1802 2969 1856 illi
3013 1806 3316 1865 insultatum
3355 1829 3475 1880 est,

1921 1880 2293 1974 non
2316 1884 2516 1940 calvam
2542 1899 2660 1942 esse
2682 1884 2907 1949 frontem
2933 1904 3188 1968 nostram,
3215 1907 3340 1974 quia
3361 1922 3476 1964 eam

1919 1983 2016 2066 suo
2043 1971 2233 2066 ligno}
2255 1976 2503 2046 "signavit.
2531 1975 2769 2052 Denique
2791 1996 2852 2041 ut
2876 1993 3144 2060 noveritis,
3319 2003 3474 2058 nobis
3565 2028 3573 2041 ο

1917 2059 2166 2116 dicuntur
2191 2063 2324 2131 haec,
2357 2069 2531 2125 videte
2551 2073 2677 2141 quid
2691 2075 2912 2134 dicitur.

1988 2151 2042 2206 5.
2079 2149 2226 2224 [rem
2245 2154 2530 2228 2.]0mnea
2557 2171 2741 2232 gentes,
2773 2169 2996 2237 plaudite
3027 2177 3277 2234 manibus.
3313 2179 3478 2238 Num-

1922 2242 2043 2311 quid
2063 2245 2284 2312 populus
2300 2247 2599 2307 indecorum
2620 2266 2808 2311 omnes
2825 2267 3012 2328 gentes
3033 2269 3223 2323 erant?
3245 2270 3348 2326 Sed
3372 2281 3475 2328 ere-

1918 2332 2047 2386 citas
2070 2345 2133 2388 ett
2161 2347 2308 2406 parte
2330 2339 2490 2396 ismel
2515 2336 2648 2398 lii'cta
2675 2355 2756 2401 est
2779 2389 2794 2413 ,
2826 2358 2882 2404 at
2909 2354 3058 2420 pueri
3093 2355 3345 2416 insensati
3366 2364 3476 2418 ela-

1918 2437 2140 2523 marent,
2163 2426 2329 2523 (.‘atoe,
2347 2432 2513 2499 calve;
2538 2444 2694 2506 atque
2709 2439 2783 2493 ita
2816 2433 3065 2500 Dominus
3085 2451 3478 2523 cmeiﬂg‘ere’tur

1918 2514 1968 2568 in
1998 2515 2251 2610 φθίνει-ἰαὶ
2277 2520 2418 2588 loco,
2449 2533 2507 2578 ut
2534 2527 2787 2596 sanguine
2812 2525 2928 2587 fuso
2949 2545 3134 2604 gentes
3159 2514 3439 2599 redimet-et
3457 2586 3472 2610 ,

1915 2611 1970 2702 et
2009 2605 2313 2702 impleretur
2350 2614 2486 2679 quod
2525 2615 2598 2669 ait
2635 2619 2958 2686 Apostolus:
2989 2624 3199 2682 Electra:
3236 2645 3300 2685 ea:
3338 2605 3478 2702 parte

1913 2691 2080 2793 Israel
2101 2697 2234 2793 facta
2257 2709 2362 2793 est,
2395 2711 2446 2754 tu
2483 2704 2737 2771 plenitudo
2775 2708 3008 2767 Gentium
3043 2717 3251 2773 intraret

1911 2799 1984 2850 xi,
2099 2786 2138 2855 ).
2170 2786 2422 2882 lustiltent
2445 2807 2574 2864 ergo
2602 2798 2718 2850 vani
2745 2808 2800 2854 et
2823 2799 3072 2872 hebetes,
3108 2815 3162 2862 et
3199 2784 3472 2882 insensati,
3516 2841 3520 2847 -

1911 2887 1966 2931 et
1991 2878 2185 2944 dicant,
2209 2877 2374 2947 Calve,
2405 2885 2541 2939 catae
2570 2901 2590 2940 :
2613 2903 2705 2943 vos
2724 2899 2897 2948 autem
2915 2899 3166 2967 sanguine
3193 2903 3331 2959 illius
3355 2877 3476 2961 red;

1910 2969 2105 3066 empti,
2146 2971 2234 3040 qui
2269 2971 2414 3066 iustis
2437 2985 2521 3031 est
2545 2977 2598 3031 in
2621 2980 2872 3038 (hirci-ite
2908 2982 3045 3052 loco,
3077 2988 3262 3048 Omnes
3303 3007 3474 3066 gentes

1911 3056 2137 3128 plaudite
2155 3062 2396 3124 manibus,
2415 3069 2718 3134 pervenisse
2737 3071 2801 3126 ad
2821 3089 2914 3128 vos
2933 3079 3151 3146 gratiam
3171 3083 3286 3139 Dei.
3303 3056 3473 3139 ἷιδιαυ-

1910 3148 2012 3202 dite
2033 3149 2280 3244 manibus.
2296 3153 2440 3244 Quid
2467 3165 2570 3224 est,
2599 3159 2859 3227 piaudt'te.’
2891 3165 3151 3224 Gaudete.
3177 3170 3279 3227 Sed
3307 3185 3472 3244 quare

1909 3240 2172 3296 manibus?
2207 3243 2337 3312 Quia
2377 3245 2529 3302 bonis
2555 3251 2822 3318 operibus.
2849 3253 2926 3310 Ne
2951 3258 3220 3325 gaudeatis
3243 3240 3370 3328 me,
3414 3278 3472 3322 ει

1907 3334 2125 3388 cessetis
2153 3335 2409 3392 manibus.
2438 3337 2494 3393 Si
2523 3341 2794 3410 gaudetis,
2823 3346 3046 3413 plaudite
3068 3355 3316 3409 manibus.
3355 3353 3474 3412 Ma-

1909 3437 2010 3513 nus
2033 3426 2264 3513 gentium
2292 3427 2500 3497 videat,
2535 3431 2624 3502 qui
2659 3435 2844 3503 gaudia
2872 3438 3070 3496 donare
3095 3442 3337 3513 dignatus
3365 3460 3465 3502 est.

1909 3511 2045 3580 Quid
2085 3524 2199 3580 est,
2234 3531 2421 3573 manus
2455 3522 2726 3589 gentium?
2761 3523 2919 3582 Facta
2949 3528 3085 3584 bene
3107 3511 3466 3603 operantium.

1913 3605 2096 3662 Omne:
2114 3617 2301 3678 gentes,
2342 3610 2565 3680 plaudite
2596 3615 2827 3670 manibus
2853 3633 2872 3671 :
2889 3619 3109 3690 jubt'late
3143 3622 3252 3678 Deo
3277 3625 3328 3678 in
3352 3642 3468 3681 voce

1908 3698 2272 3754 “saltationis.
2301 3699 2369 3754 Et
2397 3716 2545 3766 voce,
2575 3713 2629 3759 et
2668 3706 2928 3762 manibus.
2967 3709 3021 3766 Si
3060 3722 3262 3766 tant-itm
3302 3730 3463 3782 voce,

1909 3803 2013 3842 non
2040 3789 2202 3854 bene;
2244 3791 2365 3859 quia
2395 3793 2554 3862 pigra:
2579 3802 2704 3848 sunt
2735 3811 2923 3852 manus
2954 3816 2968 3852 :
2995 3799 3041 3854 si
3065 3810 3264 3856 tantum
3291 3807 3466 3862 mani-

1908 3879 2028 3946 bus,
2061 3895 2158 3935 nec
2180 3881 2279 3934 hoc
2300 3881 2462 3948 bene;
2493 3885 2614 3953 quia
2639 3894 2780 3940 muta
2807 3899 2890 3942 est
2913 3889 3087 3960 lingua
3111 3896 3465 3954 :concort‘lent

1910 3983 2096 4025 manus
2118 3978 2171 4024 et
2191 3970 2395 4041 lingua;
2425 3973 2509 4026 illa
2539 3974 2873 4044 conﬁteatur,
2902 3979 3006 4035 illa:
3033 3993 3338 4053 cperetttur.
3361 3988 3463 4043 lu-

1907 4061 2054 4115 bilate
2077 4061 2180 4117 Deo
2199 4063 2250 4115 in
2268 4077 2383 4118 voce
2405 4065 2764 4122 multuit'tmia.

1981 4152 2032 4206 4.
2066 4149 2213 4223 Intra.
2242 4150 2320 4224 5.]
2366 4151 2617 4220 Quoniam
2661 4155 2904 4212 Dominus
2945 4162 3169 4218 melius
3211 4167 3464 4224 terribilia.

1913 4241 2164 4296 Excelsus
2207 4243 2314 4306 ille,
2355 4244 2503 4313 quasi
2548 4245 2807 4302 irrisibilis
2848 4249 3232 4320 descendendo,
3281 4273 3466 4314 ascen-

1909 4331 2080 4388 dendo
2104 4333 2155 4387 in
2179 4333 2371 4389 coelum
2402 4333 2566 4389 factus
2593 4346 2674 4390 est
2698 4339 2963 4396 terribilis.
3006 4343 3117 4398 Rea:
3139 4362 3348 4417 mgnus
3379 4367 3469 4404 au-

1911 4442 1996 4493 per
2023 4442 2216 4480 onmem
2253 4435 2454 4480 terram.
2492 4426 2606 4482 Non
2647 4438 2848 4485 tantum
2878 4448 3037 4503 super
3066 4434 3276 4490 Judieos
3301 4456 3314 4492 :
3345 4455 3465 4495 nam

1910 4525 1964 4568 et
1990 4529 2148 4583 super
2174 4515 2290 4569 illos
2312 4531 2426 4570 rex.
2460 4516 2586 4573 lude
2603 4520 2744 4575 enim
2764 4529 2817 4576 et
2844 4524 3080 4592 Apostoli
3107 4527 3463 4592 crediderunt,

1910 4604 2032 4660 inde
2061 4615 2111 4661 ct
2137 4606 2296 4660 multa
2330 4607 2488 4661 millia
2521 4607 2790 4664 hominum
2821 4627 2906 4667 res
2930 4629 3054 4669 suas
3081 4617 3427 4673 vendiderunt
3449 4663 3463 4686 ,

1910 4705 1962 4751 ct
1999 4697 2162 4765 pretia
2205 4696 2269 4752 ad
2307 4698 2468 4768 pedes
2495 4701 2863 4770 Apostolorum
2893 4713 3180 4770 posuerunt
3213 4708 3358 4777 (Act.
3389 4727 3470 4781 ιν,

1911 4789 1999 4857 54)
2031 4806 2043 4841 :
2072 4799 2125 4841 et
2153 4787 2420 4857 impletum
2448 4800 2530 4844 est
2555 4791 2608 4844 in
2633 4790 2762 4854 illis,
2786 4791 2924 4861 quod
2952 4801 3066 4847 erat
3092 4794 3146 4850 in
3177 4797 3325 4852 titulo
3343 4815 3465 4854 cru-

1910 4881 1988 4935 cis
2011 4882 2385 4949 entiseriptum,
2414 4882 2522 4936 Rea:
2541 4880 2836 4937 ludteorum
2862 4888 2878 4951 (
2900 4883 3084 4940 Matth.
3113 4904 3300 4956 xxvnt,
3330 4893 3396 4946 57
3419 4893 3463 4964 ).

1909 4970 2022 5026 Rex
2046 4981 2124 5025 est
2143 4972 2281 5025 enim
2304 4981 2358 5026 et
2374 4971 2695 5026 Judreorum.
2726 4973 2827 5028 Sed
2847 4989 3031 5046 parum
3045 4977 3465 5038 estJudieorum.

1914 5063 2096 5118 Omnes
2107 5075 2274 5133 gentes
2289 5063 2515 5133 plaudite
2529 5065 2754 5141 manibus
2767 5069 3030 5136 :quam’mn
3047 5074 3306 5128 rwomnia
3321 5083 3467 5130 terra:

1910 5154 2066 5210 Deus.
2097 5156 2208 5208 Non
2238 5157 2378 5210 enim
2404 5156 2474 5209 illi
2501 5154 2694 5210 sullicit
2719 5172 2876 5212 unam
2904 5169 3112 5229 gentem
3150 5164 3346 5222 habere
3367 5169 3466 5222 sub

1909 5262 1968 5300 se
1997 5265 2010 5298 :
2041 5247 2158 5299 ideo
2196 5255 2393 5298 tantum
2427 5247 2651 5314 pretium
2691 5263 2755 5302 ex
2795 5249 2962 5306 latere
2995 5251 3155 5318 dedit,
3185 5267 3241 5309 ut
3268 5268 3468 5314 emeret

1909 5338 2090 5393 orbem
2121 5346 2396 5390 terrarum.
2425 5335 2538 5390 Rea:
2563 5354 2774 5408 magna:
2801 5355 2952 5410 super
2974 5357 3168 5398 omnem
3191 5355 3392 5399 terram.

1979 5429 2032 5483 5.
2061 5427 2206 5500 litera.
2234 5425 2312 5499 4.]
2339 5426 2559 5497 Subjccit
2588 5429 2750 5496 plebes
2775 5433 2933 5493 nobis,
2951 5443 2998 5486 et
3021 5437 3304 5504 gentessttb
3329 5439 3446 5505 pedi
3455 5468 3470 5480 -

1910 5522 1999 5574 bus
2026 5521 2226 5574 nostris.
2268 5521 2406 5587 Quas
2448 5521 2704 5589 subjecit,
2733 5532 2786 5577 et
2812 5523 3038 5592 quibus?
3076 5525 3174 5594 Qui
3217 5537 3341 5580 sunt
3379 5529 3468 5597 qui

1911 5609 2221 5680 loquuntur?
2256 5608 2412 5663 Forte
2449 5609 2652 5666 Judaei?
2679 5612 2837 5674 Plane
2869 5613 2914 5667 si
2955 5615 3210 5682 Apostoli,
3240 5616 3390 5684 plane
3421 5618 3467 5671 si

1908 5702 2093 5756 sancti.
2135 5702 2224 5755 llis
2260 5702 2399 5756 enim
2440 5701 2574 5756 Deus
2612 5703 2831 5772 subjecit
2871 5704 3051 5774 plebes
3091 5714 3146 5759 et
3177 5715 3381 5774 gentes,
3416 5717 3468 5759 ut

1971 5822 1988 5852 ι
2013 5825 2130 5867 πρε
2147 5821 2273 5872 35s.,
2296 5818 2444 5876 signa.
