4004 6200
407 373 512 427 527

410 489 568 546 hodie
597 487 915 557 honorentur
950 475 1002 529 in
1033 467 1278 544 gentibus
1298 505 1312 529 ,
1343 463 1431 533 qui
1457 473 1485 513 a
1515 459 1625 514 suis
1655 455 1858 511 civibus
1887 466 1979 506 oc-

409 581 512 638 cidi
539 546 840 632 meruerunt
863 585 876 621 :
904 560 1168 635 quomodo
1192 553 1444 612 Dominus
1464 562 1647 605 eorum
1669 546 1876 601 occisus
1899 551 1980 596 est

330 731 332 734 ,
411 688 440 727 a
465 669 690 732 civibus,
713 672 763 720 et
793 662 1085 714 honoratur
1109 668 1136 706 a
1168 648 1432 722 gentibus,
1457 640 1742 699 cruciﬁxus
1775 652 1805 690 a
1830 636 1941 690 suis
1963 675 1980 701 ,

410 763 663 817 adorator
685 756 752 810 ab
777 750 984 815 alienis,
1008 745 1102 802 sed
1129 741 1295 813 pretio
1314 741 1330 771 ³
1359 735 1512 792 lactis
1538 733 1669 788 suis.
1697 728 1820 784 Ideo
1843 727 1984 782 enim

416 850 545 908 emit
585 861 716 912 nos,
763 850 821 898 ut
855 838 1013 894 alieni
1040 835 1106 890 ab
1134 847 1200 889 eo
1227 844 1331 884 non
1358 835 1616 881 essemus.
1662 821 1823 876 Putas
1859 830 1988 884 ergo

417 957 572 999 voces
598 955 718 996 esse
743 932 1138 1005 Apostolorum,
1167 921 1393 992 Subjecit
1422 915 1584 988 plebes
1602 913 1765 978 nobis,
1796 920 1841 965 et
1865 925 1988 979 gen-

415 1047 488 1091 tes
514 1035 603 1090 sub
631 1002 837 1102 pedibus
857 1021 1080 1079 nostris?
1104 1016 1314 1072 Nescio.
1345 1011 1531 1066 Mirum
1554 1009 1597 1062 si
1618 1002 1858 1076 Apostoli
1881 1009 1988 1056 tam

417 1090 650 1196 superbe
685 1121 1026 1190 loquerentur
1045 1152 1060 1177 ,
1087 1119 1145 1164 ut
1173 1104 1464 1177 gauderent
1489 1107 1673 1169 gentes
1703 1107 1820 1150 esse
1849 1090 1993 1161 posi-

537 1213 635 1268 sub
674 1181 894 1281 pedibus
925 1203 1035 1258 suis
1054 1240 1069 1265 ,
1109 1197 1159 1252 id
1189 1204 1271 1251 est
1297 1190 1622 1249 Christianus
1649 1184 1750 1242 sub
1772 1181 1993 1253 pedibus

421 1273 814 1375 Apostolorum.
864 1292 1072 1351 Etenim
1108 1287 1335 1359 gaudent
1379 1297 1475 1336 nos
1516 1292 1696 1334 secum
1737 1289 1853 1329 esse
1895 1273 1995 1326 sub

423 1397 652 1468 pedibus
688 1393 826 1447 illius
872 1387 961 1458 qui
1006 1393 1246 1438 mortuus
1285 1386 1367 1432 cst
1398 1389 1491 1446 pro
1521 1373 1691 1427 nobis.
1729 1369 1859 1424 Nam
1895 1367 1995 1418 sub

425 1455 588 1562 pedes
615 1484 761 1542 Pauli
789 1455 1093 1538 currebant,
1115 1473 1202 1543 qui
1225 1469 1470 1524 volebant
1493 1479 1611 1520 esse
1635 1460 1782 1517 Pauli
1806 1474 1822 1522 ;
1845 1466 1898 1512 et
1915 1455 1996 1510 di-

424 1551 579 1638 cebat
617 1578 732 1632 eis:
765 1569 1027 1640 Numquid
1069 1564 1264 1618 Paulus
1310 1577 1400 1628 pro
1439 1558 1573 1611 vobis
1614 1551 1886 1619 cruciﬁxus
1925 1557 1999 1599 est

430 1636 480 1745 (1
503 1636 619 1727 Cor.
648 1684 685 1734 ι,
710 1665 840 1734 1'5)?
878 1636 1016 1728 Quid
1041 1671 1165 1726 ergo
1190 1653 1312 1708 hic?
1339 1649 1462 1720 quid
1487 1644 1751 1715 accepturi
1777 1636 1999 1695 sumus?

426 1729 652 1830 Subiecit
672 1729 836 1829 plebes
857 1752 1016 1815 nobis,
1035 1757 1078 1802 et
1093 1754 1258 1818 gentes
1270 1742 1359 1797 sub
1373 1738 1578 1809 pedibus
1589 1732 1791 1788 nostris.
1805 1729 2002 1785 Omnes

426 1819 750 1926 pertinentes
768 1846 834 1901 ad
851 1841 1211 1900 luereditatem
1223 1833 1418 1891 Christi
1434 1833 1484 1886 in
1497 1827 1743 1884 omnibus
1755 1819 1999 1894 gentibus

426 1909 570 2010 sunt,
591 1949 648 1999 et
672 1953 858 1996 omnes
886 1949 989 1991 non
1019 1930 1343 2002 pertinentes
1366 1921 1432 1978 ad
1460 1916 1820 1975 hzereditatem
1846 1909 2001 1967 Chri-

429 2036 494 2090 sti
514 2001 569 2088 in
593 2030 838 2087 omnibus
865 2023 1107 2097 gentibus
1136 2025 1261 2074 sunt
1286 2021 1374 2069 :et
1393 2009 1582 2067 videtis
1607 2007 1684 2063 sic
1703 2001 1920 2060 exaltari
1953 2001 2002 2053 in

426 2125 644 2182 nomine
671 2092 1180 2177 Christi‘Ecclesiam
1207 2105 1402 2162 Christi
1423 2145 1438 2169 ,
1478 2110 1537 2157 ut
1563 2113 1747 2154 omnes
1770 2092 2004 2150 nondum

427 2216 715 2273 (sedentes
741 2213 794 2266 in
821 2208 1052 2272 Christo,
1080 2203 1179 2258 sub
1205 2198 1426 2271 pedibus
1449 2195 1660 2264 jaceant
1680 2185 1999 2243 Christiano-

432 2324 575 2363 rum.
601 2303 794 2373 Quanti
807 2299 948 2356 enim
971 2294 1128 2352 modo
1147 2297 1366 2348 currunt
1383 2286 1450 2341 ad
1468 2281 1756 2341 Ecclesiam
1775 2275 2006 2332 nondum

434 2367 708 2454 christiani
731 2435 747 2457 ,
784 2397 972 2461 rogant
1007 2384 1261 2441 auxilium
1298 2377 1585 2438 Ecclesiae;
1614 2368 1881 2428 subveniri
1908 2367 2008 2421 sibi

438 2487 799 2559 temporaliter
843 2481 1045 2543 volunt,
1083 2473 1293 2533 etiamsi
1334 2472 1386 2526 in
1432 2477 1690 2525 aeternum
1734 2461 2007 2518 nobiscum

435 2593 659 2650 regnare
703 2576 877 2631 adhuc
921 2571 1128 2628 nolunt.
1167 2565 1302 2622 Cum
1348 2574 1536 2616 omnes
1575 2563 1819 2628 quierunt
1854 2550 2011 2606 auxi-

438 2646 568 2729 lium
600 2669 870 2731 Ecclesiae,
897 2674 951 2720 et
977 2663 1064 2733 qui
1097 2658 1330 2716 nondum
1357 2661 1482 2710 sunt
1513 2652 1566 2706 in
1591 2646 1846 2713 Ecclesia,
1881 2659 2012 2698 non-

440 2779 506 2819 ne
524 2761 738 2830 subiecit
765 2757 926 2824 plebes
947 2764 991 2808 et
1012 2763 1178 2825 gentes
1207 2747 1294 2803 sub
1326 2744 1530 2817 pedibus
1554 2740 1736 2795 nostris
1753 2738 1778 2790 ?

511 2855 567 2910 6.
594 2828 742 2926 [rem
773 2847 851 2922 5.]
883 2848 1048 2916 Elegit
1076 2844 1216 2898 nobis
1247 2839 1584 2894 ltwreditatem
1605 2848 1766 2892 suum,
1801 2828 2014 2898 speciem

443 2920 776 3016 Jacob-quam
799 2920 994 2996 dilexit.
1043 2931 1492 2991 Pulchritudincm
1533 2925 1810 2997 quamdam
1851 2920 2015 2974 Jacob

446 3037 606 3107 elegit
640 3011 800 3088 nobis
841 3027 1199 3084 hzcreditatem
1248 3036 1395 3076 suam
1445 3017 1630 3073 Jacnb.
1680 3015 1792 3068 Duo
1829 3011 2016 3065 fratres

447 3137 600 3184 erant
638 3127 776 3180 Esau
806 3133 860 3179 et
889 3118 1082 3183 lacob;
1112 3118 1165 3172 in
1191 3125 1342 3170 utero
1377 3111 1561 3168 matris
1585 3109 1740 3164 ambo
1765 3104 2016 3174 conﬂige-

450 3221 596 3284 bant,
627 3225 682 3272 et
713 3215 780 3270 de
822 3211 1068 3268 conﬂictu
1099 3209 1298 3262 viscera
1337 3214 1574 3258 materna
1600 3197 1971 3268 quatiebantnr
2002 3212 2015 3248 :

449 3326 504 3370 et
528 3313 598 3368 ibi
627 3325 747 3366 cum
797 3306 903 3362 duo
931 3311 1111 3358 essent
1129 3342 1146 3367 ,
1173 3299 1373 3355 electus
1400 3304 1483 3351 est
1511 3293 1701 3352 minor,
1732 3298 1786 3344 et
1817 3303 2020 3358 pra-pn-

449 3407 585 3461 situs
610 3411 693 3458 est
717 3397 927 3469 majori,
954 3405 1009 3451 et
1035 3393 1232 3448 dictum
1275 3398 1396 3452 est,
1434 3386 1548 3439 Duo
1595 3382 1770 3452 populi
1817 3389 1928 3432 sunt
1969 3386 2021 3429 tn

452 3509 593 3551 uteno
617 3502 723 3562 tuo,
751 3499 799 3546 et
822 3489 985 3558 major
1002 3483 1178 3541 serviet
1201 3479 1384 3535 minori
1408 3477 1427 3551 (
1450 3475 1576 3531 Gen.
1611 3489 1731 3534 xxv,
1762 3470 1890 3540 ‘23).
1923 3469 2024 3523 Per

453 3603 640 3643 omnes
669 3591 861 3648 gentes
896 3577 1086 3648 major,
1118 3591 1212 3646 per
1233 3584 1424 3628 omnes
1463 3575 1648 3640 gentes
1691 3564 1900 3618 minor:
1931 3559 2022 3613 sed

455 3679 628 3734 utiuor
671 3673 724 3729 in
772 3671 924 3727 bonis
970 3663 1308 3725 christianis,
1345 3659 1560 3720 electis,
1593 3655 1726 3726 piis,
1755 3649 2022 3712 ﬁdelibus;

458 3769 626 3838 major
653 3766 705 3820 iu
735 3761 996 3834 superbis,
1021 3746 1268 3826 indignis,
1287 3749 1676 3823 peccatoribus,
1699 3742 2024 3800 contumaci-

459 3832 578 3922 bus,
601 3869 696 3910 sua
725 3832 937 3922 peccata
963 3843 1368 3902 defendentibus
1389 3838 1558 3909 magis
1587 3851 1742 3906 quam
1771 3832 2026 3888 conﬁtcn-

464 3949 632 4009 tibus;
657 3946 828 4016 qualis
850 3943 1009 3998 etiam
1031 3941 1144 4010 ipse
1171 3935 1395 4008 populus
1415 3931 1716 3988 Judaeornm
1746 3927 1857 3989 fuit,
1885 3926 2030 3993 igno-

464 4055 586 4094 rans
616 4014 711 4092 Dei
736 4034 1013 4104 justitiam,
1045 4039 1098 4086 et
1119 4042 1268 4084 suam
1294 4025 1480 4080 volens
1502 4020 1821 4077 constituere
1851 4014 2027 4084 (Rom.

465 4149 520 4194 ι,
551 4129 630 4200 3).
658 4100 765 4182 Sed
793 4125 915 4195 quia
941 4123 1137 4176 dictum
1163 4126 1264 4183 est,
1293 4115 1462 4184 Major
1487 4111 1661 4166 serviet
1685 4100 1886 4171 minori,
1917 4119 2029 4159 ma-

467 4199 712 4278 bifestum
740 4224 823 4273 est
845 4215 965 4284 quia
1001 4213 1099 4282 piis
1135 4209 1424 4265 subdentur
1459 4203 1635 4272 impii,
1667 4209 1723 4256 et
1748 4199 2034 4254 humilibus

467 4313 761 4371 subdentur
783 4305 1015 4378 superbi.
1057 4303 1206 4358 Prior
1228 4309 1380 4356 natus
1405 4310 1486 4352 est
1511 4296 1669 4358 Esau,
1697 4302 1751 4348 et
1775 4290 2036 4360 posterior

469 4419 623 4464 natus
646 4415 728 4462 est
752 4399 914 4458 Jacnb
947 4416 961 4453 :
989 4396 1082 4452 sed
1109 4394 1195 4464 qui
1223 4390 1486 4462 posterius
1511 4396 1664 4442 natus
1688 4393 1804 4450 est,
1845 4380 2035 4452 przela-

472 4510 555 4557 tus
575 4508 659 4556 est
683 4496 852 4569 primo
884 4500 1026 4556 nato,
1055 4488 1142 4558 qui
1180 4501 1276 4557 per
1310 4483 1485 4553 gulam
1518 4477 1746 4549 perdidit
1771 4477 2036 4546 primoge-

472 4593 577 4647 nita
606 4565 720 4644 sua.
749 4587 837 4642 Sic
867 4583 1028 4637 habes
1055 4577 1309 4647 scriptum
1345 4591 1358 4626 :
1393 4569 1704 4624 Desideravit
1729 4565 2036 4629 lenticulam,

475 4695 520 4736 et
549 4684 617 4738 ait
645 4681 722 4735 illi
749 4679 904 4750 frater
933 4675 1060 4744 ejus,
1085 4671 1146 4726 Si
1171 4670 1244 4723 vis
1272 4677 1326 4719 ut
1348 4665 1461 4719 dem
1483 4662 1587 4727 tibi,
1611 4661 1676 4713 da
1705 4660 1828 4713 mihi
1855 4658 2042 4728 primo-

476 4775 639 4846 genita
671 4782 776 4824 tua.
805 4769 900 4824 ille
925 4766 1040 4836 plus
1064 4762 1258 4817 amavit
1283 4757 1423 4829 quod
1451 4753 1732 4810 carnaliter
1758 4749 2042 4818 concupie-

478 4844 578 4931 rat,
597 4879 751 4934 quam
773 4859 912 4931 quod
934 4855 1273 4929 spiritualiter
1294 4850 1438 4921 prius
1458 4844 1726 4902 nascendo
1741 4851 2005 4897 meruerat
2029 4858 2042 4893 :

478 4970 532 5012 et
564 4954 806 5024 deposuit
842 4949 1189 5022 primogenita
1227 4959 1345 5010 sua,
1373 4950 1429 4996 ut
1454 4937 1796 4995 tuauduearet
1820 4934 2046 4989 lenticu-

482 5053 582 5103 lam
613 5044 763 5115 (Gen.
792 5057 916 5105 xxv,
941 5041 1150 5109 ’ὅθ-54).
1197 5033 1523 5091 Lenticulam
1550 5039 1724 5084 autem
1751 5025 2046 5080 invenimus

479 5140 654 5197 cihmu
674 5148 793 5188 esse
811 5131 1203 5202 Egyptiorum;
1229 5141 1347 5179 nam
1369 5124 1443 5178 ibi
1465 5118 1699 5176 abundat
1723 5119 1774 5171 in
1797 5115 2048 5184 :‘Egypto.

483 5229 636 5288 Unde
684 5223 1050 5295 magnificatur
1098 5217 1342 5273 lenticula
1390 5211 1762 5274 alexandrina,
1808 5217 1862 5262 et
1909 5205 2053 5259 venit

486 5335 651 5391 usque
689 5316 756 5371 ad
793 5325 960 5370 terras
990 5319 1216 5372 nostras,
1247 5307 1394 5376 quasi
1421 5305 1507 5359 hic
1536 5319 1638 5358 non
1669 5309 1914 5356 nascatur
1938 5299 2053 5352 len-

488 5389 667 5468 ticula.
709 5407 852 5476 Ergo
889 5398 1238 5458 desiderando
1266 5397 1440 5451 cibum
1479 5394 1759 5464 mgyptium
1781 5431 1796 5455 ,
1829 5389 2055 5459 perdidit

491 5505 792 5576 primatum.
823 5494 913 5551 Sic
941 5501 996 5548 et
1021 5490 1244 5562 populus
1270 5485 1596 5549 Judaeorum,
1627 5483 1693 5537 de
1727 5497 1831 5550 quo
1856 5482 2053 5535 dictum

489 5571 590 5656 est.
619 5588 851 5647 Conversi
888 5593 1002 5640 sunt
1039 5579 1188 5636 corde
1218 5579 1271 5632 in
1302 5576 1586 5646 Egyptum
1617 5575 1632 5642 (
1664 5574 1772 5625 Act.
1804 5587 1895 5633 vn,
1924 5571 2052 5637 59),

556 5709 572 5737 ι
595 5703 674 5753 Sic
695 5702 808 5752 edit.
834 5705 907 5748 Er.
933 5696 1008 5748 cui
1044 5692 1350 5744 consentiunt
1396 5685 1560 5753 plures
1591 5691 1703 5753 ⁵διες.
1747 5688 1954 5753 Atinia,
1976 5684 2059 5751 sed

493 5744 918 5837 proﬂabat-tibiis
938 5744 1032 5810 sui.
1069 5764 1167 5806 Duo
1194 5763 1296 5804 Mss.
1317 5785 1331 5811 ,
1364 5744 1448 5801 sed
1478 5747 1628 5812 pretio
1655 5745 1899 5808 sanguinis
1922 5744 2060 5805 [iu'tis

497 5840 618 5879 suis.

1611 345 1670 401 S‘.
1702 336 2066 398 AUGUSTLNI
2107 332 2405 392 EPISCOPI

3554 331 3663 388 59.8

2090 447 2394 505 lenticulam
2436 445 2824 518 quodammodo
2869 443 3317 508 desideraverunt.
3360 452 3416 500 et
3457 446 3665 515 prima—

2092 549 2200 594 tum
2226 537 2588 607 perdiderunt.
2629 535 2794 608 Elegit
2808 537 2958 604 nobis
2997 537 3331 593 hereditatem
3357 555 3520 603 suam,
3546 557 3666 610 spc-

2092 649 2217 686 ctem
2240 631 2402 686 Jncob
2428 646 2577 702 quam
2597 630 2791 684 dilexit.

2165 725 2220 780 7.
2247 723 2396 797 [vers.
2427 722 2506 796 6.]
2533 722 2766 778 Ascendit
2799 719 2935 775 Deus
2972 721 3025 774 in
3052 719 3371 791 jubilatione.
3419 719 3534 790 Ipse
3572 721 3666 776 ille

2095 820 2234 874 Deus
2260 827 2440 874 noster
2470 816 2721 872 Dominus
2749 813 2986 869 Christus
3017 813 3240 868 ascendit
3267 813 3319 866 in
3337 812 3664 882 jubilatioue.

2096 911 2342 965 Dominus
2356 911 2410 964 in
2429 926 2546 963 voce
2569 906 2718 962 tubae.
2745 906 2979 960 Ascendit
2998 920 3016 959 :
3035 920 3160 975 quo,
3185 905 3283 959 nisi
3308 920 3413 974 quo
3433 906 3628 958 scimus
3645 907 3670 956 ?

2095 1001 2212 1068 Quo
2237 1017 2357 1056 cum
2386 999 2552 1056 Judaei
2579 1014 2685 1053 non
2715 1005 2837 1052 sunt
2860 997 3047 1061 secuti,
3081 1010 3177 1050 nec
3201 996 3389 1050 oculis.
3423 995 3481 1050 In
3508 1011 3669 1051 cruce

2097 1096 2238 1150 enim
2283 1093 2570 1149 exaltatum
2623 1091 2928 1155 irriserunt,
2965 1089 3017 1143 in
3059 1089 3252 1143 caelum
3291 1088 3667 1143 ascendentem

2098 1203 2202 1242 non
2228 1188 2489 1243 viderunt.
2522 1184 2757 1239 Ascendit
2784 1183 2923 1238 Deus
2959 1183 3012 1236 in
3044 1182 3368 1252 jubilatione.
3410 1182 3544 1248 Quid
3588 1193 3672 1236 est

2095 1279 2356 1350 jubilatio,
2387 1279 2485 1332 nisi
2509 1276 2786 1331 admiratio
2814 1273 3012 1345 gaudii,
3032 1289 3148 1344 quae
3175 1273 3348 1328 verbis
3373 1289 3474 1328 non
3499 1284 3674 1343 potest

2101 1371 2391 1441 explicari?
2439 1368 2713 1436 Quomodo
2755 1367 3000 1422 admirati
3039 1374 3162 1420 sunt
3190 1364 3479 1435 gaudentes
3506 1365 3671 1418 disci-

2101 1464 2228 1533 puli,
2249 1461 2486 1518 videntes
2509 1461 2584 1516 ire
2600 1460 2651 1514 in
2671 1457 2864 1514 caelum
2888 1457 3023 1530 (Act.
3044 1472 3082 1522 ι,
3105 1456 3160 1527 9)
3177 1471 3332 1526 quem
3357 1455 3678 1525 planxerunt

2102 1565 2368 1610 mortuum
2395 1572 2408 1608 :
2434 1567 2613 1608 revera
2645 1549 2834 1622 gaudio
2855 1549 2976 1603 huic
3003 1547 3163 1603 verba
3189 1562 3292 1602 non
3315 1545 3671 1605 sufficiebant.

2105 1644 2584 1714 rcstabatjubilare
2630 1640 2770 1712 quod
2818 1654 2974 1694 nemo
3018 1647 3226 1709 poterat
3270 1637 3552 1708 explicare.
3597 1636 3677 1692 lbi

2105 1750 2216 1796 erat
2246 1749 2300 1795 et
2325 1753 2429 1791 vox
2471 1736 2640 1799 tubas,
2674 1749 2786 1788 vox
2834 1733 2919 1788 illa
2968 1732 3307 1803 Angelorum.
3356 1729 3558 1786 Dictum
3591 1739 3682 1784 est

2105 1835 2245 1886 enim
2267 1873 2280 1893 ,
2310 1829 2453 1885 Sicut
2491 1826 2606 1881 tuba
2638 1830 2805 1880 exulta
2831 1840 2999 1879 vocem
3033 1833 3166 1876 tuam
3203 1823 3370 1893 (lsai.
3401 1837 3541 1889 ιοιιι,
3576 1822 3598 1876 ξ
3627 1819 3674 1893 ).

2107 1921 2534 1978 Praedicaverunt
2559 1919 2742 1989 Angeli
2771 1917 3132 1971 ascensionem
3161 1916 3367 1970 Domini
3397 1934 3409 1968 :
3433 1915 3684 1970 viderunt

2107 2013 2393 2084 discipulos
2409 2011 2726 2067 ascendente
2751 2009 2972 2064 Domino
2991 2009 3007 2040 ί
3030 2008 3311 2074 haerentes,
3333 2007 3677 2067 admirantes,

2109 2115 2401 2175 stupentes,
2426 2103 2552 2157 nihil
2575 2090 2833 2165 dicentes,
2857 2100 2958 2190 sed
2978 2100 3138 2154 corde
3152 2100 3441 2170 jubilantes
3465 2116 3478 2152 :
3501 2107 3555 2153 et
3569 2114 3671 2151 vox

2105 2197 2213 2268 jam
2241 2195 2378 2251 tuba:
2404 2196 2459 2250 in
2486 2195 2627 2249 clara
2650 2208 2782 2250 voce
2801 2189 3146 2263 Angelorum,
3189 2191 3294 2246 Viri
3316 2189 3532 2253 Galilei,
3553 2190 3683 2259 quid

2110 2289 2293 2344 statis?
2326 2287 2424 2342 Hic
2450 2296 2523 2342 est
2559 2285 2741 2342 Jesus.
2769 2286 2929 2353 Quasi
2961 2285 3034 2340 illi
3064 2301 3167 2338 non
3200 2285 3394 2338 scirent
3417 2284 3534 2353 quia
3567 2284 3686 2352 ipse

2112 2381 2253 2428 esset
2279 2371 2455 2426 Iesus.
2503 2373 2640 2426 Ante
2676 2385 2735 2426 se
2782 2369 2937 2440 paulo
2977 2377 3099 2423 ante
3125 2365 3246 2423 eum
3278 2384 3381 2422 non
3405 2368 3686 2422 viderant?

2112 2478 2291 2520 secum
2321 2464 2622 2533 loquentem
2648 2476 2752 2517 non
2779 2460 3087 2516 audierant?
3128 2459 3327 2529 Nempe
3368 2474 3469 2513 non
3507 2457 3684 2513 solum

2113 2557 2342 2627 speciem
2372 2555 2619 2610 viderunt
2656 2554 2964 2624 praesentis,
3011 2552 3101 2606 sed
3129 2561 3183 2606 et
3213 2550 3445 2605 membra
3471 2559 3692 2604 contre-
3728 2569 3730 2572 ν

2113 2655 2388 2703 ctaverunt
2411 2645 2574 2718 (Luc.
2605 2661 2746 2710 xxrv,
2775 2643 2905 2714 39).
2933 2643 3036 2712 Ipsi
3063 2657 3188 2712 ergo
3217 2641 3520 2696 nesciebant
3542 2642 3691 2710 quod

2117 2742 2204 2796 ille
2241 2749 2382 2796 esset
2420 2738 2608 2793 Jesus?
2650 2737 2754 2793 Sed
2799 2735 3145 2790 admiratione
3189 2733 3299 2804 ipsa
3345 2748 3454 2800 pra:
3492 2731 3693 2801 gaudio

2112 2832 2454 2903 jnbilationis,
2483 2838 2727 2899 tanquam
2759 2836 2933 2881 mente
2967 2825 3239 2890 alienatis,
3269 2825 3548 2895 loquuntur
3575 2824 3693 2876 An-

2118 2928 2241 2997 geli,
2275 2926 2392 2996 Ipse
2411 2935 2482 2980 est
2499 2925 2670 2980 Iesus.
2700 2923 2883 2992 Quasi.
2912 2922 2967 2978 Si
2997 2921 3211 2976 creditis
3237 2921 3333 2985 illi,
3363 2921 3452 2975 ille
3478 2928 3558 2975 est
3579 2933 3697 2988 quo

2118 3022 2370 3077 crucifixo
2385 3025 2701 3074 nutaverunt
2720 3015 2868 3071 vobis
2888 3014 3071 3085 pedes,
3093 3030 3198 3085 quo
3217 3014 3391 3069 occiso
3409 3021 3461 3068 et
3481 3011 3698 3080 sepulto

2120 3128 2266 3183 spem
2290 3111 2438 3164 vobis
2467 3107 2759 3180 perdidisse
2787 3106 3064 3177 putabitis;
3108 3120 3233 3160 ecce
3268 3105 3485 3174 ipseest
3507 3101 3692 3157 Jesns.

2122 3203 2369 3259 Ascendit
2393 3212 2513 3255 ante
2537 3215 2660 3263 vos;
2688 3199 2760 3254 sic
2792 3199 2948 3252 veniet
2974 3196 3389 3267 quemadmodum
3413 3211 3524 3248 eum
3554 3193 3700 3246 vidc-

2123 3301 2185 3354 tis
2212 3309 2406 3352 euntem
2428 3297 2479 3348 in
2506 3294 2684 3348 caelum
2715 3291 2849 3364 (Act.
2882 3308 2919 3356 ι,
2948 3289 3036 3361 Η)
3065 3309 3078 3345 :
3111 3289 3308 3344 tollitur
3331 3287 3539 3358 quidem
3565 3301 3698 3340 cor-

2124 3407 2223 3464 pus
2251 3391 2318 3444 ah
2340 3390 2507 3445 oculis
2535 3387 2726 3443 vestris
2750 3428 2764 3453 ,
2792 3385 2884 3441 sed
2913 3402 3016 3440 non
3042 3393 3316 3454 separatur
3344 3383 3485 3438 Deus
3511 3398 3538 3434 a
3569 3397 3702 3436 cor-

2126 3484 2280 3538 dibus
2300 3481 2489 3536 vestris
2520 3497 2533 3533 :
2565 3480 2738 3534 videte
2763 3476 3153 3540 ascendentem,
3185 3475 3385 3531 credite
3415 3475 3462 3527 in
3495 3473 3701 3526 absen-

2129 3584 2234 3630 tem
2253 3583 2482 3643 ,sperate
2502 3572 2797 3628 venientem
2818 3586 2832 3633 ;
2862 3568 2952 3622 sed
2972 3576 3144 3621 tamen
3168 3581 3262 3634 per
3279 3563 3700 3618 misericordiam

2128 3665 2388 3722 occultam
2437 3663 2595 3718 etiam
2642 3660 2834 3716 sentite
2885 3667 3217 3729 prmsentem.
3283 3656 3372 3710 Ille
3424 3654 3561 3708 enim
3605 3653 3703 3721 qui

2130 3757 2366 3814 ascendit
2411 3758 2462 3809 iu
2502 3755 2715 3817 emtum,
2763 3763 2817 3806 ut
2870 3751 3143 3806 tolleretur
3183 3750 3249 3803 ab
3291 3749 3456 3804 oculis
3484 3747 3707 3811 vestris,

2131 3847 2374 3919 promisit
2398 3845 2546 3900 vobis
2572 3845 2753 3900 dicens
2783 3860 2796 3895 :
2829 3840 2961 3896 Ecce
2991 3858 3081 3912 ego
3121 3842 3365 3894 vobiscum
3400 3855 3511 3890 sum
3543 3855 3711 3906 usque

2131 3943 2185 3994 in
2211 3937 2685 3994 consummationem
2707 3933 2879 3988 διεσαιὶ
2910 3933 3119 4004 (Matth.
3152 3946 3334 3993 xxvnl,
3364 3929 3479 4001 20).
3511 3929 3710 3983 Merito

2134 4043 2188 4086 et
2208 4029 2488 4100 Apostolus
2513 4027 2588 4082 sic
2615 4042 2711 4080 nos
2739 4025 3104 4092 alloquebatur
3130 4040 3143 4076 :
3172 4022 3420 4076 Dominus
3445 4023 3498 4075 in
3523 4023 3710 4090 proxi-

2135 4137 2216 4174 mo
2237 4129 2329 4184 est,
2361 4118 2487 4172 nihil
2513 4116 2716 4172 solliciti
2741 4115 2933 4186 fueritis
2963 4113 3217 4184 (Philipp.
3249 4127 3319 4176 tv,
3349 4113 3403 4176 5,
3431 4111 3509 4183 6).
3540 4111 3714 4166 Sedet

2137 4229 2296 4284 super
2319 4212 2482 4267 ctelos
2511 4208 2782 4271 Christus,
2805 4216 2868 4268 et
2896 4207 3048 4276 longe
3073 4215 3195 4260 sunt
3221 4205 3364 4268 coeli,
3391 4214 3444 4258 et
3475 4204 3588 4273 ipse
3615 4205 3714 4271 qui

2138 4307 2208 4360 ibi
2244 4304 2394 4360 sedet
2424 4317 2586 4374 prope
2623 4310 2723 4356 est.
2757 4299 2998 4353 Dominus
3023 4300 3075 4352 in
3103 4315 3217 4352 voce
3253 4297 3400 4351 tubaz.
3449 4297 3588 4366 Ergo
3609 4312 3717 4353 vos

2142 4397 2230 4452 lilii
2272 4396 2429 4460 Core,
2457 4395 2565 4464 jam
2608 4392 2651 4446 si
2701 4390 3032 4445 intellexistis
3062 4403 3195 4454 vos,
3243 4398 3296 4443 et
3341 4388 3598 4458 inspicitis
3624 4386 3720 4443 hic

2141 4503 2256 4550 Vos,
2286 4494 2340 4562 et
2367 4499 2461 4537 vos
2485 4481 2743 4554 gaudetis,
2770 4480 2889 4551 quia
2919 4479 3107 4533 videtis
3133 4478 3217 4533 hic
3241 4493 3354 4532 vos.

2214 4579 2267 4633 8.
2297 4576 2443 4649 [vers
2478 4571 2554 4646 7.]
2582 4571 2794 4626 Psallite
2823 4569 2927 4624 Deo
2947 4580 3135 4636 nostro,
3159 4569 3372 4641 psallite.
3403 4567 3568 4636 Quem
3593 4577 3721 4620 tan-

2145 4684 2301 4740 quam
2333 4666 2599 4721 hominem
2634 4663 2910 4717 irriseruut
2957 4661 3046 4732 qui
3093 4677 3123 4715 a
3173 4661 3276 4716 Deo
3315 4659 3525 4714 alienati
3566 4668 3720 4722 sunt,

2149 4763 2348 4834 psallite
2389 4757 2494 4824 Deo
2537 4767 2727 4811 nostra.
2771 4755 2884 4809 Non
2923 4754 3062 4827 enim
3093 4753 3253 4807 homo
3278 4761 3500 4816 tantum,
3531 4751 3624 4804 Sed
3663 4761 3724 4805 ct

2153 4855 2306 4909 Deus.
2343 4851 2511 4905 Homo
2539 4865 2601 4903 ex
2631 4846 2833 4902 semine
2864 4844 3025 4900 David
3056 4844 3229 4918 (Rom.
3258 4860 3305 4909 l,
3330 4842 3405 4915 3),
3440 4843 3579 4897 Deus
3611 4843 3726 4896 Do-

2153 4945 2326 4999 minus
2358 4941 2538 5004 David,
2557 4955 2622 4993 ex
2643 4936 2842 4994 iudicis
2867 4951 3080 4991 carnem
3113 4935 3312 4989 habens
3339 4952 3353 4988 :
3380 4932 3592 5002 qu‘orum
3621 4951 3726 5002 pa-

2154 5047 2272 5102 tres,
2295 5036 2367 5088 ait
2391 5031 2692 5102 Apostolus,
2721 5040 2766 5083 et
2790 5045 2851 5082 ea:
2868 5027 3042 5097 quibus
3065 5026 3290 5081 Christus
3314 5025 3582 5079 secundum
3610 5042 3732 5078 car-
3809 5041 3814 5043 ·

2155 5143 2286 5180 nem.
2319 5124 2391 5178 Ex
2414 5123 2610 5178 Jndzeis
2633 5135 2759 5189 ergo
2781 5119 3042 5182 Christus,
3062 5117 3153 5172 sed
3177 5115 3460 5172 secundum
3483 5130 3728 5170 carnem.

2157 5217 2286 5284 Quis
2306 5223 2479 5269 autem
2505 5214 2603 5267 iSIc
2621 5211 2883 5272 Christus,
2906 5209 3096 5279 quiest
3119 5224 3182 5264 ex
3207 5207 3406 5263 Judaeis
3431 5206 3734 5262 secundum

2157 5305 2405 5364 carnem?
2433 5305 2530 5372 Qui
2551 5314 2620 5356 est
2649 5319 2800 5372 super
2817 5302 2985 5355 omnia
3014 5300 3146 5354 Deus
3166 5299 3448 5353 benedictus
3469 5300 3522 5351 in
3541 5301 3736 5352 secula

2164 5401 2183 5467 (
2208 5399 2292 5451 Id.
2323 5414 2393 5460 ιχ,
2417 5396 2510 5462 5).
2555 5394 2691 5447 Deus
2717 5402 2840 5446 ante
2865 5407 3096 5452 carnem.
3127 5387 3263 5445 Deus
3293 5390 3342 5444 in
3379 5405 3559 5452 carne,
3594 5390 3739 5444 Deus

2162 5508 2280 5548 com
2309 5506 2488 5544 carne.
2532 5488 2639 5542 Nec
2683 5487 2852 5540 solum
2885 5495 3007 5539 ante
3043 5500 3256 5539 carnem
3287 5484 3443 5547 Deus,
3475 5482 3568 5538 sed
3608 5495 3741 5537 ante

2165 5597 2357 5639 terram
2388 5582 2521 5635 Deus
2545 5621 2559 5644 ,
2602 5577 2740 5632 unde
2777 5577 2908 5630 facta
2952 5587 3033 5630 est
3071 5590 3226 5638 caro;
3257 5590 3353 5628 nec
3381 5584 3583 5627 tantum
3611 5585 3741 5629 ante

2231 5744 2447 5788 ’δοκοίη
2487 5745 2588 5786 Mss.
2611 5773 2625 5798 ,
2666 5737 2884 5786 viderunt
2925 5732 3148 5793 discipuli
3186 5727 3518 5780 ascendentem
3568 5730 3744 5781 muti.

2168 5817 2297 5853 illliil.
