  <div class='ocr_page' id='page_1' title='image "/cluster/home/n/w/nwhite01/storage/ocr_20150623/36/hvd.32044096580584/272.png"; bbox 0 0 4004 6200; ppageno 0'>
   <div class='ocr_carea' id='block_1_1' title="bbox 284 282 394 348">
    <p class='ocr_par' dir='ltr' id='par_1_1' title="bbox 284 282 394 348">
     <span class='ocr_line' id='line_1_1' title="bbox 284 282 394 348; baseline 0 0"><span class='ocrx_word' id='word_1_1' title='bbox 284 282 394 348; x_wconf 68' lang='lat'><strong>529</strong></span> 
     </span>
    </p>
   </div>
   <div class='ocr_carea' id='block_1_2' title="bbox 284 402 1857 469">
    <p class='ocr_par' dir='ltr' id='par_1_2' title="bbox 284 402 1857 469">
     <span class='ocr_line' id='line_1_2' title="bbox 284 402 1857 469; baseline -0.004 -7"><span class='ocrx_word' id='word_1_2' title='bbox 284 418 482 463; x_wconf 83' lang='lat' dir='ltr'><strong>terram</strong></span> <span class='ocrx_word' id='word_1_3' title='bbox 511 405 668 468; x_wconf 89' lang='lat' dir='ltr'><strong>Deus,</strong></span> <span class='ocrx_word' id='word_1_4' title='bbox 700 403 840 460; x_wconf 91' lang='lat' dir='ltr'><strong>unde</strong></span> <span class='ocrx_word' id='word_1_5' title='bbox 866 417 991 460; x_wconf 87' lang='lat' dir='ltr'><strong>caro</strong></span> <span class='ocrx_word' id='word_1_6' title='bbox 1014 403 1144 469; x_wconf 81' lang='lat' dir='ltr'><strong>facta</strong></span> <span class='ocrx_word' id='word_1_7' title='bbox 1172 410 1272 467; x_wconf 91' lang='lat' dir='ltr'><strong>est,</strong></span> <span class='ocrx_word' id='word_1_8' title='bbox 1301 415 1393 457; x_wconf 81' lang='lat' dir='ltr'><strong>sec</strong></span> <span class='ocrx_word' id='word_1_9' title='bbox 1413 402 1573 457; x_wconf 89' lang='lat' dir='ltr'><strong>etiam</strong></span> <span class='ocrx_word' id='word_1_10' title='bbox 1598 411 1719 457; x_wconf 88' lang='lat' dir='ltr'><strong>ante</strong></span> <span class='ocrx_word' id='word_1_11' title='bbox 1746 414 1857 457; x_wconf 67' lang='lat' dir='ltr'><strong>caa-</strong></span> 
     </span>
    </p>
   </div>
   <div class='ocr_carea' id='block_1_3' title="bbox 284 492 1856 565">
    <p class='ocr_par' dir='ltr' id='par_1_3' title="bbox 284 492 1856 565">
     <span class='ocr_line' id='line_1_3' title="bbox 284 492 1856 565; baseline -0.004 -12"><span class='ocrx_word' id='word_1_12' title='bbox 284 498 396 553; x_wconf 91' lang='lat' dir='ltr'><strong>lum</strong></span> <span class='ocrx_word' id='word_1_13' title='bbox 422 498 584 561; x_wconf 82' lang='lat' dir='ltr'><strong>Deus,</strong></span> <span class='ocrx_word' id='word_1_14' title='bbox 614 496 756 565; x_wconf 92' lang='lat' dir='ltr'><strong>quod</strong></span> <span class='ocrx_word' id='word_1_15' title='bbox 784 495 926 565; x_wconf 90' lang='lat' dir='ltr'><strong>prius</strong></span> <span class='ocrx_word' id='word_1_16' title='bbox 946 494 1135 551; x_wconf 79' lang='lat' dir='ltr'><strong>factum</strong></span> <span class='ocrx_word' id='word_1_17' title='bbox 1160 502 1271 558; x_wconf 91' lang='lat' dir='ltr'><strong>est;</strong></span> <span class='ocrx_word' id='word_1_18' title='bbox 1294 502 1415 547; x_wconf 90' lang='lat' dir='ltr'><strong>ante</strong></span> <span class='ocrx_word' id='word_1_19' title='bbox 1439 492 1579 548; x_wconf 86' lang='lat' dir='ltr'><strong>diem</strong></span> <span class='ocrx_word' id='word_1_20' title='bbox 1607 494 1744 548; x_wconf 89' lang='lat' dir='ltr'><strong>Deus</strong></span> <span class='ocrx_word' id='word_1_21' title='bbox 1767 493 1856 563; x_wconf 90' lang='lat' dir='ltr'><strong>qui</strong></span> 
     </span>
    </p>
   </div>
   <div class='ocr_carea' id='block_1_4' title="bbox 284 583 1856 659">
    <p class='ocr_par' dir='ltr' id='par_1_4' title="bbox 284 583 1856 659">
     <span class='ocr_line' id='line_1_4' title="bbox 284 583 1856 659; baseline -0.003 -15"><span class='ocrx_word' id='word_1_22' title='bbox 284 592 490 659; x_wconf 84' lang='lat' dir='ltr'><strong>primus</strong></span> <span class='ocrx_word' id='word_1_23' title='bbox 528 587 699 641; x_wconf 82' lang='lat' dir='ltr'><strong>lactus</strong></span> <span class='ocrx_word' id='word_1_24' title='bbox 734 597 843 649; x_wconf 88' lang='lat' dir='ltr'><strong>est;</strong></span> <span class='ocrx_word' id='word_1_25' title='bbox 890 596 1011 640; x_wconf 90' lang='lat' dir='ltr'><strong>ante</strong></span> <span class='ocrx_word' id='word_1_26' title='bbox 1056 599 1241 639; x_wconf 90' lang='lat' dir='ltr'><strong>omnes</strong></span> <span class='ocrx_word' id='word_1_27' title='bbox 1286 584 1515 655; x_wconf 75' lang='lat' dir='ltr'><strong>Angelos</strong></span> <span class='ocrx_word' id='word_1_28' title='bbox 1557 584 1711 648; x_wconf 91' lang='lat' dir='ltr'><strong>Deus,</strong></span> <span class='ocrx_word' id='word_1_29' title='bbox 1742 583 1856 652; x_wconf 83' lang='lat' dir='ltr'><strong>ipse</strong></span> 
     </span>
    </p>
   </div>
   <div class='ocr_carea' id='block_1_5' title="bbox 279 675 1851 746">
    <p class='ocr_par' dir='ltr' id='par_1_5' title="bbox 279 675 1851 746">
     <span class='ocr_line' id='line_1_5' title="bbox 279 675 1851 746; baseline -0.003 -12"><span class='ocrx_word' id='word_1_30' title='bbox 279 680 528 735; x_wconf 80' lang='lat' dir='ltr'><strong>Christus</strong></span> <span class='ocrx_word' id='word_1_31' title='bbox 570 678 706 732; x_wconf 83' lang='lat' dir='ltr'><strong>Deus</strong></span> <span class='ocrx_word' id='word_1_32' title='bbox 737 694 749 729; x_wconf 92' lang='lat'><strong>:</strong></span> <span class='ocrx_word' id='word_1_33' title='bbox 780 678 1024 746; x_wconf 88' lang='lat' dir='ltr'><strong>quoniam</strong></span> <span class='ocrx_word' id='word_1_34' title='bbox 1068 675 1119 729; x_wconf 93' lang='lat' dir='ltr'><strong>in</strong></span> <span class='ocrx_word' id='word_1_35' title='bbox 1164 675 1419 745; x_wconf 89' lang='lat' dir='ltr'><strong>principio</strong></span> <span class='ocrx_word' id='word_1_36' title='bbox 1446 685 1560 729; x_wconf 93' lang='lat' dir='ltr'><strong>erat</strong></span> <span class='ocrx_word' id='word_1_37' title='bbox 1587 676 1851 744; x_wconf 78' lang='lat' dir='ltr'><strong>Verbum,</strong></span> 
     </span>
    </p>
   </div>
   <div class='ocr_carea' id='block_1_6' title="bbox 286 768 1850 836">
    <p class='ocr_par' dir='ltr' id='par_1_6' title="bbox 286 768 1850 836">
     <span class='ocr_line' id='line_1_6' title="bbox 286 768 1850 836; baseline -0.004 -8"><span class='ocrx_word' id='word_1_38' title='bbox 286 782 340 828; x_wconf 87' lang='lat' dir='ltr'><strong>et</strong></span> <span class='ocrx_word' id='word_1_39' title='bbox 367 771 595 825; x_wconf 77' lang='lat' dir='ltr'><strong>Verbum</strong></span> <span class='ocrx_word' id='word_1_40' title='bbox 637 777 750 823; x_wconf 87' lang='lat' dir='ltr'><strong>erat</strong></span> <span class='ocrx_word' id='word_1_41' title='bbox 785 768 921 836; x_wconf 84' lang='lat' dir='ltr'><strong>apud</strong></span> <span class='ocrx_word' id='word_1_42' title='bbox 964 768 1146 831; x_wconf 88' lang='lat' dir='ltr'><strong>Deum,</strong></span> <span class='ocrx_word' id='word_1_43' title='bbox 1175 778 1229 822; x_wconf 91' lang='lat' dir='ltr'><strong>et</strong></span> <span class='ocrx_word' id='word_1_44' title='bbox 1271 769 1406 823; x_wconf 86' lang='lat' dir='ltr'><strong>Deus</strong></span> <span class='ocrx_word' id='word_1_45' title='bbox 1437 778 1552 822; x_wconf 91' lang='lat' dir='ltr'><strong>erat</strong></span> <span class='ocrx_word' id='word_1_46' title='bbox 1576 768 1805 824; x_wconf 83' lang='lat' dir='ltr'><strong>Verbum</strong></span> <span class='ocrx_word' id='word_1_47' title='bbox 1837 788 1850 822; x_wconf 91' lang='lat'><strong>:</strong></span> 
     </span>
    </p>
   </div>
   <div class='ocr_carea' id='block_1_7' title="bbox 284 860 1855 933">
    <p class='ocr_par' dir='ltr' id='par_1_7' title="bbox 284 860 1855 933">
     <span class='ocr_line' id='line_1_7' title="bbox 284 860 1855 933; baseline -0.003 -15"><span class='ocrx_word' id='word_1_48' title='bbox 284 866 462 919; x_wconf 80' lang='lat' dir='ltr'><strong>omnia</strong></span> <span class='ocrx_word' id='word_1_49' title='bbox 494 881 587 933; x_wconf 85' lang='lat' dir='ltr'><strong>per</strong></span> <span class='ocrx_word' id='word_1_50' title='bbox 612 864 780 932; x_wconf 89' lang='lat' dir='ltr'><strong>ipsum</strong></span> <span class='ocrx_word' id='word_1_51' title='bbox 821 861 951 915; x_wconf 83' lang='lat' dir='ltr'><strong>facta</strong></span> <span class='ocrx_word' id='word_1_52' title='bbox 980 871 1122 924; x_wconf 91' lang='lat' dir='ltr'><strong>sunt,</strong></span> <span class='ocrx_word' id='word_1_53' title='bbox 1149 869 1202 914; x_wconf 93' lang='lat' dir='ltr'><strong>et</strong></span> <span class='ocrx_word' id='word_1_54' title='bbox 1238 860 1352 915; x_wconf 86' lang='lat' dir='ltr'><strong>sine</strong></span> <span class='ocrx_word' id='word_1_55' title='bbox 1386 860 1501 930; x_wconf 91' lang='lat' dir='ltr'><strong>ipso</strong></span> <span class='ocrx_word' id='word_1_56' title='bbox 1540 860 1731 916; x_wconf 79' lang='lat' dir='ltr'><strong>factum</strong></span> <span class='ocrx_word' id='word_1_57' title='bbox 1771 870 1855 915; x_wconf 79' lang='lat' dir='ltr'><strong>est</strong></span> 
     </span>
    </p>
   </div>
   <div class='ocr_carea' id='block_1_8' title="bbox 282 950 1851 1024">
    <p class='ocr_par' dir='ltr' id='par_1_8' title="bbox 282 950 1851 1024">
     <span class='ocr_line' id='line_1_8' title="bbox 282 950 1851 1024; baseline -0.002 -15"><span class='ocrx_word' id='word_1_58' title='bbox 282 956 413 1009; x_wconf 81' lang='lat' dir='ltr'><strong>nihil</strong></span> <span class='ocrx_word' id='word_1_59' title='bbox 445 952 639 1024; x_wconf 82' lang='lat' dir='ltr'><strong>(Joan.</strong></span> <span class='ocrx_word' id='word_1_60' title='bbox 670 969 706 1017; x_wconf 89' lang='lat' dir='ltr'><strong>I,</strong></span> <span class='ocrx_word' id='word_1_61' title='bbox 743 950 899 1024; x_wconf 79' lang='grc'>1-5).</span> <span class='ocrx_word' id='word_1_62' title='bbox 948 952 1039 1006; x_wconf 87' lang='lat' dir='ltr'><strong>Ille</strong></span> <span class='ocrx_word' id='word_1_63' title='bbox 1077 961 1160 1007; x_wconf 90' lang='lat' dir='ltr'><strong>est</strong></span> <span class='ocrx_word' id='word_1_64' title='bbox 1184 960 1305 1005; x_wconf 90' lang='lat' dir='ltr'><strong>ante</strong></span> <span class='ocrx_word' id='word_1_65' title='bbox 1332 952 1504 1005; x_wconf 84' lang='lat' dir='ltr'><strong>omnin</strong></span> <span class='ocrx_word' id='word_1_66' title='bbox 1525 992 1540 1017; x_wconf 95' lang='lat'><strong>,</strong></span> <span class='ocrx_word' id='word_1_67' title='bbox 1568 967 1664 1022; x_wconf 84' lang='lat' dir='ltr'><strong>per</strong></span> <span class='ocrx_word' id='word_1_68' title='bbox 1696 968 1851 1020; x_wconf 88' lang='lat' dir='ltr'><strong>quem</strong></span> 
     </span>
    </p>
   </div>
   <div class='ocr_carea' id='block_1_9' title="bbox 282 1041 1847 1112">
    <p class='ocr_par' dir='ltr' id='par_1_9' title="bbox 282 1041 1847 1112">
     <span class='ocr_line' id='line_1_9' title="bbox 282 1041 1847 1112; baseline -0.003 -12"><span class='ocrx_word' id='word_1_69' title='bbox 282 1048 421 1100; x_wconf 82' lang='lat' dir='ltr'><strong>facta</strong></span> <span class='ocrx_word' id='word_1_70' title='bbox 470 1055 592 1099; x_wconf 90' lang='lat' dir='ltr'><strong>sunt</strong></span> <span class='ocrx_word' id='word_1_71' title='bbox 633 1043 833 1099; x_wconf 90' lang='lat' dir='ltr'><strong>omnia.</strong></span> <span class='ocrx_word' id='word_1_72' title='bbox 879 1041 1091 1097; x_wconf 88' lang='lat' dir='ltr'><strong>Psallite</strong></span> <span class='ocrx_word' id='word_1_73' title='bbox 1133 1058 1260 1112; x_wconf 84' lang='lat' dir='ltr'><strong>ergo</strong></span> <span class='ocrx_word' id='word_1_74' title='bbox 1313 1042 1421 1096; x_wconf 83' lang='lat' dir='ltr'><strong>Deo</strong></span> <span class='ocrx_word' id='word_1_75' title='bbox 1464 1055 1671 1108; x_wconf 86' lang='lat' dir='ltr'><strong>nostra,</strong></span> <span class='ocrx_word' id='word_1_76' title='bbox 1711 1044 1847 1112; x_wconf 84' lang='lat' dir='ltr'><strong>psal-</strong></span> 
     </span>
    </p>
   </div>
   <div class='ocr_carea' id='block_1_10' title="bbox 279 1136 487 1207">
    <p class='ocr_par' dir='ltr' id='par_1_10' title="bbox 279 1136 487 1207">
     <span class='ocr_line' id='line_1_10' title="bbox 279 1136 487 1207; baseline -0.01 -15"><span class='ocrx_word' id='word_1_77' title='bbox 279 1140 369 1192; x_wconf 84' lang='lat' dir='ltr'><strong>lite</strong></span> <span class='ocrx_word' id='word_1_78' title='bbox 388 1136 487 1207; x_wconf 84' lang='lat' dir='ltr'><strong>(a).</strong></span> 
     </span>
    </p>
   </div>
   <div class='ocr_carea' id='block_1_11' title="bbox 300 1224 1850 1299">
    <p class='ocr_par' dir='ltr' id='par_1_11' title="bbox 300 1224 1850 1299">
     <span class='ocr_line' id='line_1_11' title="bbox 300 1224 1850 1299; baseline -0.001 -15"><span class='ocrx_word' id='word_1_79' title='bbox 300 1288 305 1299; x_wconf 78' lang='lat'><em>_</em></span> <span class='ocrx_word' id='word_1_80' title='bbox 352 1230 406 1285; x_wconf 91' lang='lat'><strong>9.</strong></span> <span class='ocrx_word' id='word_1_81' title='bbox 437 1226 584 1299; x_wconf 87' lang='lat' dir='ltr'><strong>[vers.</strong></span> <span class='ocrx_word' id='word_1_82' title='bbox 612 1224 691 1298; x_wconf 91' lang='lat'><strong>8.]</strong></span> <span class='ocrx_word' id='word_1_83' title='bbox 721 1226 971 1293; x_wconf 82' lang='lat' dir='ltr'><strong>Quoniam</strong></span> <span class='ocrx_word' id='word_1_84' title='bbox 1009 1242 1100 1281; x_wconf 79' lang='lat' dir='ltr'><strong>rea:</strong></span> <span class='ocrx_word' id='word_1_85' title='bbox 1133 1228 1294 1281; x_wconf 87' lang='lat' dir='ltr'><strong>onmis</strong></span> <span class='ocrx_word' id='word_1_86' title='bbox 1334 1236 1480 1282; x_wconf 71' lang='lat' dir='ltr'><strong>terrae</strong></span> <span class='ocrx_word' id='word_1_87' title='bbox 1522 1225 1678 1282; x_wconf 90' lang='lat' dir='ltr'><strong>Deus.</strong></span> <span class='ocrx_word' id='word_1_88' title='bbox 1715 1228 1850 1295; x_wconf 80' lang='lat' dir='ltr'><strong>Quid</strong></span> 
     </span>
    </p>
   </div>
   <div class='ocr_carea' id='block_1_12' title="bbox 274 1317 1849 1383">
    <p class='ocr_par' dir='ltr' id='par_1_12' title="bbox 274 1317 1849 1383">
     <span class='ocr_line' id='line_1_12' title="bbox 274 1317 1849 1383; baseline 0.002 -12"><span class='ocrx_word' id='word_1_89' title='bbox 274 1318 464 1371; x_wconf 76' lang='lat' dir='ltr'><strong>enim?</strong></span> <span class='ocrx_word' id='word_1_90' title='bbox 495 1317 563 1371; x_wconf 85' lang='lat' dir='ltr'><strong>Et</strong></span> <span class='ocrx_word' id='word_1_91' title='bbox 587 1327 730 1383; x_wconf 89' lang='lat' dir='ltr'><strong>ante,</strong></span> <span class='ocrx_word' id='word_1_92' title='bbox 756 1332 860 1371; x_wconf 91' lang='lat' dir='ltr'><strong>non</strong></span> <span class='ocrx_word' id='word_1_93' title='bbox 885 1317 1058 1371; x_wconf 90' lang='lat' dir='ltr'><strong>omnis</strong></span> <span class='ocrx_word' id='word_1_94' title='bbox 1078 1324 1234 1372; x_wconf 77' lang='lat' dir='ltr'><strong>terra:</strong></span> <span class='ocrx_word' id='word_1_95' title='bbox 1254 1317 1427 1372; x_wconf 86' lang='lat' dir='ltr'><strong>Deus?</strong></span> <span class='ocrx_word' id='word_1_96' title='bbox 1453 1317 1640 1373; x_wconf 81' lang='lat' dir='ltr'><strong>Nonne</strong></span> <span class='ocrx_word' id='word_1_97' title='bbox 1656 1326 1712 1374; x_wconf 89' lang='lat' dir='ltr'><strong>et</strong></span> <span class='ocrx_word' id='word_1_98' title='bbox 1730 1320 1849 1374; x_wconf 64' lang='grc' dir='ltr'><strong>εαξΙὶ</strong></span> 
     </span>
    </p>
   </div>
   <div class='ocr_carea' id='block_1_13' title="bbox 276 1408 1851 1478">
    <p class='ocr_par' dir='ltr' id='par_1_13' title="bbox 276 1408 1851 1478">
     <span class='ocr_line' id='line_1_13' title="bbox 276 1408 1851 1478; baseline 0.001 -14"><span class='ocrx_word' id='word_1_99' title='bbox 276 1421 334 1464; x_wconf 86' lang='lat' dir='ltr'><strong>et</strong></span> <span class='ocrx_word' id='word_1_100' title='bbox 351 1421 506 1463; x_wconf 77' lang='lat' dir='ltr'><strong>terrm</strong></span> <span class='ocrx_word' id='word_1_101' title='bbox 523 1409 680 1473; x_wconf 90' lang='lat' dir='ltr'><strong>Deus,</strong></span> <span class='ocrx_word' id='word_1_102' title='bbox 705 1424 823 1464; x_wconf 90' lang='lat' dir='ltr'><strong>cum</strong></span> <span class='ocrx_word' id='word_1_103' title='bbox 846 1408 1024 1478; x_wconf 86' lang='lat' dir='ltr'><strong>utique</strong></span> <span class='ocrx_word' id='word_1_104' title='bbox 1044 1424 1138 1478; x_wconf 91' lang='lat' dir='ltr'><strong>per</strong></span> <span class='ocrx_word' id='word_1_105' title='bbox 1161 1409 1307 1463; x_wconf 91' lang='lat' dir='ltr'><strong>illum</strong></span> <span class='ocrx_word' id='word_1_106' title='bbox 1336 1408 1469 1464; x_wconf 78' lang='lat' dir='ltr'><strong>facta</strong></span> <span class='ocrx_word' id='word_1_107' title='bbox 1494 1419 1617 1464; x_wconf 91' lang='lat' dir='ltr'><strong>sunt</strong></span> <span class='ocrx_word' id='word_1_108' title='bbox 1635 1412 1851 1465; x_wconf 88' lang='lat' dir='ltr'><strong>omnia?</strong></span> 
     </span>
    </p>
   </div>
   <div class='ocr_carea' id='block_1_14' title="bbox 275 1502 1849 1571">
    <p class='ocr_par' dir='ltr' id='par_1_14' title="bbox 275 1502 1849 1571">
     <span class='ocr_line' id='line_1_14' title="bbox 275 1502 1849 1571; baseline 0.002 -15"><span class='ocrx_word' id='word_1_109' title='bbox 275 1505 408 1571; x_wconf 84' lang='lat' dir='ltr'><strong>Quis</strong></span> <span class='ocrx_word' id='word_1_110' title='bbox 454 1511 632 1571; x_wconf 77' lang='lat' dir='ltr'><strong>posset</strong></span> <span class='ocrx_word' id='word_1_111' title='bbox 665 1502 840 1557; x_wconf 84' lang='lat' dir='ltr'><strong>dicere</strong></span> <span class='ocrx_word' id='word_1_112' title='bbox 884 1518 989 1557; x_wconf 91' lang='lat' dir='ltr'><strong>non</strong></span> <span class='ocrx_word' id='word_1_113' title='bbox 1031 1516 1150 1556; x_wconf 91' lang='lat' dir='ltr'><strong>esse</strong></span> <span class='ocrx_word' id='word_1_114' title='bbox 1193 1502 1355 1557; x_wconf 90' lang='lat' dir='ltr'><strong>Deum</strong></span> <span class='ocrx_word' id='word_1_115' title='bbox 1400 1505 1586 1557; x_wconf 82' lang='lat' dir='ltr'><strong>suum?</strong></span> <span class='ocrx_word' id='word_1_116' title='bbox 1613 1504 1715 1558; x_wconf 92' lang='lat' dir='ltr'><strong>Sed</strong></span> <span class='ocrx_word' id='word_1_117' title='bbox 1746 1522 1849 1558; x_wconf 89' lang='lat' dir='ltr'><strong>non</strong></span> 
     </span>
    </p>
   </div>
   <div class='ocr_carea' id='block_1_15' title="bbox 275 1595 1851 1670">
    <p class='ocr_par' dir='ltr' id='par_1_15' title="bbox 275 1595 1851 1670">
     <span class='ocr_line' id='line_1_15' title="bbox 275 1595 1851 1670; baseline 0.003 -21"><span class='ocrx_word' id='word_1_118' title='bbox 275 1612 467 1651; x_wconf 72' lang='lat' dir='ltr'><strong>clunes</strong></span> <span class='ocrx_word' id='word_1_119' title='bbox 495 1595 733 1651; x_wconf 85' lang='lat' dir='ltr'><strong>homines</strong></span> <span class='ocrx_word' id='word_1_120' title='bbox 753 1605 1078 1665; x_wconf 90' lang='lat' dir='ltr'><strong>agnoverunt</strong></span> <span class='ocrx_word' id='word_1_121' title='bbox 1098 1597 1260 1652; x_wconf 92' lang='lat' dir='ltr'><strong>Deum</strong></span> <span class='ocrx_word' id='word_1_122' title='bbox 1284 1612 1469 1658; x_wconf 88' lang='lat' dir='ltr'><strong>suum;</strong></span> <span class='ocrx_word' id='word_1_123' title='bbox 1499 1608 1551 1652; x_wconf 89' lang='lat' dir='ltr'><strong>et</strong></span> <span class='ocrx_word' id='word_1_124' title='bbox 1580 1599 1669 1653; x_wconf 88' lang='lat' dir='ltr'><strong>ubi</strong></span> <span class='ocrx_word' id='word_1_125' title='bbox 1696 1616 1851 1670; x_wconf 78' lang='lat' dir='ltr'><strong>agno-</strong></span> 
     </span>
    </p>
   </div>
   <div class='ocr_carea' id='block_1_16' title="bbox 274 1682 1847 1756">
    <p class='ocr_par' dir='ltr' id='par_1_16' title="bbox 274 1682 1847 1756">
     <span class='ocr_line' id='line_1_16' title="bbox 274 1682 1847 1756; baseline 0.001 -13"><span class='ocrx_word' id='word_1_126' title='bbox 274 1682 545 1751; x_wconf 84' lang='lat' dir='ltr'><strong>scebatur,</strong></span> <span class='ocrx_word' id='word_1_127' title='bbox 574 1687 721 1756; x_wconf 90' lang='lat' dir='ltr'><strong>quasi</strong></span> <span class='ocrx_word' id='word_1_128' title='bbox 748 1687 816 1741; x_wconf 90' lang='lat' dir='ltr'><strong>ibi</strong></span> <span class='ocrx_word' id='word_1_129' title='bbox 846 1697 1044 1741; x_wconf 89' lang='lat' dir='ltr'><strong>tantum</strong></span> <span class='ocrx_word' id='word_1_130' title='bbox 1068 1687 1210 1742; x_wconf 91' lang='lat' dir='ltr'><strong>Deus</strong></span> <span class='ocrx_word' id='word_1_131' title='bbox 1232 1698 1366 1742; x_wconf 83' lang='lat' dir='ltr'><strong>erat.</strong></span> <span class='ocrx_word' id='word_1_132' title='bbox 1393 1688 1560 1743; x_wconf 84' lang='lat' dir='ltr'><strong>Notus</strong></span> <span class='ocrx_word' id='word_1_133' title='bbox 1589 1690 1640 1743; x_wconf 92' lang='lat' dir='ltr'><strong>in</strong></span> <span class='ocrx_word' id='word_1_134' title='bbox 1667 1690 1847 1744; x_wconf 75' lang='lat' dir='ltr'><strong>Jndma</strong></span> 
     </span>
    </p>
   </div>
   <div class='ocr_carea' id='block_1_17' title="bbox 280 1777 1846 1848">
    <p class='ocr_par' dir='ltr' id='par_1_17' title="bbox 280 1777 1846 1848">
     <span class='ocr_line' id='line_1_17' title="bbox 280 1777 1846 1848; baseline 0.001 -15"><span class='ocrx_word' id='word_1_135' title='bbox 280 1780 425 1833; x_wconf 89' lang='lat' dir='ltr'><strong>Deus</strong></span> <span class='ocrx_word' id='word_1_136' title='bbox 448 1777 617 1847; x_wconf 85' lang='lat' dir='ltr'><strong>(I’sal.</strong></span> <span class='ocrx_word' id='word_1_137' title='bbox 648 1794 805 1845; x_wconf 81' lang='lat' dir='ltr'><strong>Lxxv,</strong></span> <span class='ocrx_word' id='word_1_138' title='bbox 832 1778 890 1848; x_wconf 73' lang='grc'><strong>2)</strong></span> <span class='ocrx_word' id='word_1_139' title='bbox 920 1795 933 1829; x_wconf 91' lang='lat'><strong>:</strong></span> <span class='ocrx_word' id='word_1_140' title='bbox 964 1778 1196 1832; x_wconf 91' lang='lat' dir='ltr'><strong>nondum</strong></span> <span class='ocrx_word' id='word_1_141' title='bbox 1228 1779 1348 1833; x_wconf 83' lang='lat' dir='ltr'><strong>[iliis</strong></span> <span class='ocrx_word' id='word_1_142' title='bbox 1376 1778 1511 1835; x_wconf 89' lang='lat' dir='ltr'><strong>Core</strong></span> <span class='ocrx_word' id='word_1_143' title='bbox 1539 1780 1846 1847; x_wconf 88' lang='lat' dir='ltr'><strong>dicebatur,</strong></span> 
     </span>
    </p>
   </div>
   <div class='ocr_carea' id='block_1_18' title="bbox 282 1869 1850 1939">
    <p class='ocr_par' dir='ltr' id='par_1_18' title="bbox 282 1869 1850 1939">
     <span class='ocr_line' id='line_1_18' title="bbox 282 1869 1850 1939; baseline 0.003 -17"><span class='ocrx_word' id='word_1_144' title='bbox 282 1870 469 1923; x_wconf 83' lang='lat' dir='ltr'><strong>Omnes</strong></span> <span class='ocrx_word' id='word_1_145' title='bbox 504 1879 691 1939; x_wconf 89' lang='lat' dir='ltr'><strong>gentes,</strong></span> <span class='ocrx_word' id='word_1_146' title='bbox 730 1869 956 1939; x_wconf 84' lang='lat' dir='ltr'><strong>plaudite</strong></span> <span class='ocrx_word' id='word_1_147' title='bbox 972 1870 1217 1924; x_wconf 85' lang='lat' dir='ltr'><strong>manibus.</strong></span> <span class='ocrx_word' id='word_1_148' title='bbox 1245 1869 1338 1925; x_wconf 84' lang='lat' dir='ltr'><strong>Ille</strong></span> <span class='ocrx_word' id='word_1_149' title='bbox 1362 1871 1503 1925; x_wconf 90' lang='lat' dir='ltr'><strong>enim</strong></span> <span class='ocrx_word' id='word_1_150' title='bbox 1528 1872 1665 1926; x_wconf 88' lang='lat' dir='ltr'><strong>Deus</strong></span> <span class='ocrx_word' id='word_1_151' title='bbox 1695 1884 1850 1927; x_wconf 79' lang='lat' dir='ltr'><strong>nouis</strong></span> 
     </span>
    </p>
   </div>
   <div class='ocr_carea' id='block_1_19' title="bbox 278 1958 1850 2018">
    <p class='ocr_par' dir='ltr' id='par_1_19' title="bbox 278 1958 1850 2018">
     <span class='ocr_line' id='line_1_19' title="bbox 278 1958 1850 2018; baseline 0.003 -5"><span class='ocrx_word' id='word_1_152' title='bbox 278 1959 335 2013; x_wconf 91' lang='lat' dir='ltr'><strong>in</strong></span> <span class='ocrx_word' id='word_1_153' title='bbox 366 1958 564 2016; x_wconf 65' lang='lat' dir='ltr'><strong>Judaaa.</strong></span> <span class='ocrx_word' id='word_1_154' title='bbox 588 1975 678 2013; x_wconf 86' lang='lat' dir='ltr'><strong>rex</strong></span> <span class='ocrx_word' id='word_1_155' title='bbox 710 1959 883 2013; x_wconf 89' lang='lat' dir='ltr'><strong>omnis</strong></span> <span class='ocrx_word' id='word_1_156' title='bbox 910 1968 1064 2014; x_wconf 72' lang='lat' dir='ltr'><strong>terra:</strong></span> <span class='ocrx_word' id='word_1_157' title='bbox 1096 1960 1232 2014; x_wconf 85' lang='lat' dir='ltr'><strong>Deus</strong></span> <span class='ocrx_word' id='word_1_158' title='bbox 1252 1971 1352 2015; x_wconf 91' lang='lat' dir='ltr'><strong>est.</strong></span> <span class='ocrx_word' id='word_1_159' title='bbox 1382 1961 1497 2016; x_wconf 76' lang='lat' dir='ltr'><strong>lam</strong></span> <span class='ocrx_word' id='word_1_160' title='bbox 1524 1961 1593 2017; x_wconf 89' lang='lat' dir='ltr'><strong>ab</strong></span> <span class='ocrx_word' id='word_1_161' title='bbox 1607 1964 1850 2018; x_wconf 87' lang='lat' dir='ltr'><strong>omnibus</strong></span> 
     </span>
    </p>
   </div>
   <div class='ocr_carea' id='block_1_20' title="bbox 275 2050 1851 2123">
    <p class='ocr_par' dir='ltr' id='par_1_20' title="bbox 275 2050 1851 2123">
     <span class='ocr_line' id='line_1_20' title="bbox 275 2050 1851 2123; baseline 0.005 -22"><span class='ocrx_word' id='word_1_162' title='bbox 275 2050 601 2118; x_wconf 68' lang='lat' dir='ltr'><strong>agnoscitur,</strong></span> <span class='ocrx_word' id='word_1_163' title='bbox 630 2051 751 2119; x_wconf 87' lang='lat' dir='ltr'><strong>quia</strong></span> <span class='ocrx_word' id='word_1_164' title='bbox 783 2050 1051 2119; x_wconf 81' lang='lat' dir='ltr'><strong>impletum</strong></span> <span class='ocrx_word' id='word_1_165' title='bbox 1074 2062 1157 2105; x_wconf 90' lang='lat' dir='ltr'><strong>est</strong></span> <span class='ocrx_word' id='word_1_166' title='bbox 1184 2052 1321 2121; x_wconf 90' lang='lat' dir='ltr'><strong>quod</strong></span> <span class='ocrx_word' id='word_1_167' title='bbox 1357 2052 1484 2107; x_wconf 89' lang='lat' dir='ltr'><strong>dicit</strong></span> <span class='ocrx_word' id='word_1_168' title='bbox 1510 2053 1668 2108; x_wconf 86' lang='lat' dir='ltr'><strong>Isaias</strong></span> <span class='ocrx_word' id='word_1_169' title='bbox 1687 2094 1703 2120; x_wconf 95' lang='lat'><strong>,</strong></span> <span class='ocrx_word' id='word_1_170' title='bbox 1731 2052 1851 2123; x_wconf 87' lang='lat' dir='ltr'><strong>Ipse</strong></span> 
     </span>
    </p>
   </div>
   <div class='ocr_carea' id='block_1_21' title="bbox 276 2139 1851 2209">
    <p class='ocr_par' dir='ltr' id='par_1_21' title="bbox 276 2139 1851 2209">
     <span class='ocr_line' id='line_1_21' title="bbox 276 2139 1851 2209; baseline 0.004 -17"><span class='ocrx_word' id='word_1_171' title='bbox 276 2140 420 2193; x_wconf 78' lang='lat' dir='ltr'><strong>Deus</strong></span> <span class='ocrx_word' id='word_1_172' title='bbox 449 2149 561 2193; x_wconf 88' lang='lat' dir='ltr'><strong>tuus</strong></span> <span class='ocrx_word' id='word_1_173' title='bbox 592 2141 677 2209; x_wconf 85' lang='lat' dir='ltr'><strong>qui</strong></span> <span class='ocrx_word' id='word_1_174' title='bbox 704 2141 828 2193; x_wconf 88' lang='lat' dir='ltr'><strong>eruit</strong></span> <span class='ocrx_word' id='word_1_175' title='bbox 859 2150 930 2205; x_wconf 86' lang='lat' dir='ltr'><strong>te,</strong></span> <span class='ocrx_word' id='word_1_176' title='bbox 972 2139 1211 2196; x_wconf 71' lang='lat' dir='ltr'><strong>universa:</strong></span> <span class='ocrx_word' id='word_1_177' title='bbox 1241 2151 1387 2196; x_wconf 75' lang='lat' dir='ltr'><strong>terra:</strong></span> <span class='ocrx_word' id='word_1_178' title='bbox 1428 2142 1564 2197; x_wconf 90' lang='lat' dir='ltr'><strong>Deus</strong></span> <span class='ocrx_word' id='word_1_179' title='bbox 1597 2144 1851 2199; x_wconf 78' lang='lat' dir='ltr'><strong>vocabitur</strong></span> 
     </span>
    </p>
   </div>
   <div class='ocr_carea' id='block_1_22' title="bbox 274 2234 1851 2307">
    <p class='ocr_par' dir='ltr' id='par_1_22' title="bbox 274 2234 1851 2307">
     <span class='ocr_line' id='line_1_22' title="bbox 274 2234 1851 2307; baseline 0.003 -20"><span class='ocrx_word' id='word_1_180' title='bbox 274 2235 434 2302; x_wconf 87' lang='lat' dir='ltr'><strong>(lsai.</strong></span> <span class='ocrx_word' id='word_1_181' title='bbox 460 2250 562 2298; x_wconf 77' lang='grc' dir='ltr'><strong>ων,</strong></span> <span class='ocrx_word' id='word_1_182' title='bbox 591 2234 668 2305; x_wconf 86' lang='grc'>5).</span> <span class='ocrx_word' id='word_1_183' title='bbox 706 2234 952 2298; x_wconf 82' lang='lat' dir='ltr'><strong>Quoniam</strong></span> <span class='ocrx_word' id='word_1_184' title='bbox 980 2252 1070 2288; x_wconf 73' lang='lat' dir='ltr'><strong>rex</strong></span> <span class='ocrx_word' id='word_1_185' title='bbox 1094 2236 1254 2289; x_wconf 87' lang='lat' dir='ltr'><strong>omnis</strong></span> <span class='ocrx_word' id='word_1_186' title='bbox 1278 2247 1422 2289; x_wconf 77' lang='lat' dir='ltr'><strong>terra:</strong></span> <span class='ocrx_word' id='word_1_187' title='bbox 1451 2237 1586 2291; x_wconf 85' lang='lat' dir='ltr'><strong>Deus</strong></span> <span class='ocrx_word' id='word_1_188' title='bbox 1612 2253 1631 2291; x_wconf 89' lang='lat'><strong><em>:</em></strong></span> <span class='ocrx_word' id='word_1_189' title='bbox 1652 2238 1851 2307; x_wconf 89' lang='lat' dir='ltr'><strong>psallite</strong></span> 
     </span>
    </p>
   </div>
   <div class='ocr_carea' id='block_1_23' title="bbox 272 2327 1849 2399">
    <p class='ocr_par' dir='ltr' id='par_1_23' title="bbox 272 2327 1849 2399">
     <span class='ocr_line' id='line_1_23' title="bbox 272 2327 1849 2399; baseline 0.002 -18"><span class='ocrx_word' id='word_1_190' title='bbox 272 2330 627 2399; x_wconf 84' lang='lat' dir='ltr'><strong>intelligenter.</strong></span> <span class='ocrx_word' id='word_1_191' title='bbox 667 2328 831 2381; x_wconf 86' lang='lat' dir='ltr'><strong>Docet</strong></span> <span class='ocrx_word' id='word_1_192' title='bbox 868 2340 964 2380; x_wconf 91' lang='lat' dir='ltr'><strong>nos</strong></span> <span class='ocrx_word' id='word_1_193' title='bbox 997 2336 1051 2381; x_wconf 91' lang='lat' dir='ltr'><strong>et</strong></span> <span class='ocrx_word' id='word_1_194' title='bbox 1078 2327 1326 2383; x_wconf 89' lang='lat' dir='ltr'><strong>admonet</strong></span> <span class='ocrx_word' id='word_1_195' title='bbox 1356 2344 1454 2383; x_wconf 92' lang='lat' dir='ltr'><strong>nos</strong></span> <span class='ocrx_word' id='word_1_196' title='bbox 1484 2339 1540 2382; x_wconf 92' lang='lat' dir='ltr'><strong>ut</strong></span> <span class='ocrx_word' id='word_1_197' title='bbox 1566 2329 1849 2397; x_wconf 80' lang='lat' dir='ltr'><strong>psallamus</strong></span> 
     </span>
    </p>
   </div>
   <div class='ocr_carea' id='block_1_24' title="bbox 272 2418 1847 2488">
    <p class='ocr_par' dir='ltr' id='par_1_24' title="bbox 272 2418 1847 2488">
     <span class='ocr_line' id='line_1_24' title="bbox 272 2418 1847 2488; baseline 0 -15"><span class='ocrx_word' id='word_1_198' title='bbox 272 2419 669 2488; x_wconf 82' lang='lat' dir='ltr'><strong>intelligenter:</strong></span> <span class='ocrx_word' id='word_1_199' title='bbox 698 2432 802 2472; x_wconf 93' lang='lat' dir='ltr'><strong>non</strong></span> <span class='ocrx_word' id='word_1_200' title='bbox 831 2431 1128 2487; x_wconf 66' lang='lat' dir='ltr'><strong>quaeramus</strong></span> <span class='ocrx_word' id='word_1_201' title='bbox 1151 2432 1338 2472; x_wconf 92' lang='lat' dir='ltr'><strong>sonum</strong></span> <span class='ocrx_word' id='word_1_202' title='bbox 1365 2418 1529 2483; x_wconf 86' lang='lat' dir='ltr'><strong>auris,</strong></span> <span class='ocrx_word' id='word_1_203' title='bbox 1556 2418 1645 2473; x_wconf 91' lang='lat' dir='ltr'><strong>sed</strong></span> <span class='ocrx_word' id='word_1_204' title='bbox 1668 2419 1847 2474; x_wconf 89' lang='lat' dir='ltr'><strong>lumen</strong></span> 
     </span>
    </p>
   </div>
   <div class='ocr_carea' id='block_1_25' title="bbox 271 2507 1848 2579">
    <p class='ocr_par' dir='ltr' id='par_1_25' title="bbox 271 2507 1848 2579">
     <span class='ocr_line' id='line_1_25' title="bbox 271 2507 1848 2579; baseline 0.002 -17"><span class='ocrx_word' id='word_1_205' title='bbox 271 2509 473 2563; x_wconf 81' lang='lat' dir='ltr'><strong>cordis.</strong></span> <span class='ocrx_word' id='word_1_206' title='bbox 511 2507 743 2573; x_wconf 87' lang='lat' dir='ltr'><strong>Psallite,</strong></span> <span class='ocrx_word' id='word_1_207' title='bbox 768 2509 954 2577; x_wconf 90' lang='lat' dir='ltr'><strong>inquit,</strong></span> <span class='ocrx_word' id='word_1_208' title='bbox 983 2508 1326 2579; x_wconf 87' lang='lat' dir='ltr'><strong>intelligenter.</strong></span> <span class='ocrx_word' id='word_1_209' title='bbox 1356 2508 1573 2575; x_wconf 88' lang='lat' dir='ltr'><strong>Gentes,</strong></span> <span class='ocrx_word' id='word_1_210' title='bbox 1597 2509 1735 2565; x_wconf 91' lang='lat' dir='ltr'><strong>unde</strong></span> <span class='ocrx_word' id='word_1_211' title='bbox 1753 2526 1848 2565; x_wconf 85' lang='lat' dir='ltr'><strong>vo-</strong></span> 
     </span>
    </p>
   </div>
   <div class='ocr_carea' id='block_1_26' title="bbox 272 2598 1848 2663">
    <p class='ocr_par' dir='ltr' id='par_1_26' title="bbox 272 2598 1848 2663">
     <span class='ocr_line' id='line_1_26' title="bbox 272 2598 1848 2663; baseline 0.003 -11"><span class='ocrx_word' id='word_1_212' title='bbox 272 2599 385 2653; x_wconf 79' lang='lat' dir='ltr'><strong>cati</strong></span> <span class='ocrx_word' id='word_1_213' title='bbox 410 2599 537 2653; x_wconf 88' lang='lat' dir='ltr'><strong>estis</strong></span> <span class='ocrx_word' id='word_1_214' title='bbox 562 2609 617 2653; x_wconf 92' lang='lat' dir='ltr'><strong>ut</strong></span> <span class='ocrx_word' id='word_1_215' title='bbox 649 2599 921 2653; x_wconf 82' lang='lat' dir='ltr'><strong>christiani</strong></span> <span class='ocrx_word' id='word_1_216' title='bbox 948 2598 1155 2663; x_wconf 89' lang='lat' dir='ltr'><strong>essetis,</strong></span> <span class='ocrx_word' id='word_1_217' title='bbox 1185 2599 1476 2654; x_wconf 90' lang='lat' dir='ltr'><strong>adorabant</strong></span> <span class='ocrx_word' id='word_1_218' title='bbox 1519 2600 1646 2656; x_wconf 88' lang='lat' dir='ltr'><strong>deos</strong></span> <span class='ocrx_word' id='word_1_219' title='bbox 1688 2617 1848 2656; x_wconf 90' lang='lat' dir='ltr'><strong>manu</strong></span> 
     </span>
    </p>
   </div>
   <div class='ocr_carea' id='block_1_27' title="bbox 273 2690 1847 2761">
    <p class='ocr_par' dir='ltr' id='par_1_27' title="bbox 273 2690 1847 2761">
     <span class='ocr_line' id='line_1_27' title="bbox 273 2690 1847 2761; baseline 0.002 -16"><span class='ocrx_word' id='word_1_220' title='bbox 273 2692 469 2756; x_wconf 76' lang='lat' dir='ltr'><strong>factos,</strong></span> <span class='ocrx_word' id='word_1_221' title='bbox 497 2700 551 2745; x_wconf 91' lang='lat' dir='ltr'><strong>et</strong></span> <span class='ocrx_word' id='word_1_222' title='bbox 592 2690 887 2760; x_wconf 83' lang='lat' dir='ltr'><strong>psallebant</strong></span> <span class='ocrx_word' id='word_1_223' title='bbox 932 2690 1070 2755; x_wconf 90' lang='lat' dir='ltr'><strong>illis;</strong></span> <span class='ocrx_word' id='word_1_224' title='bbox 1115 2690 1207 2744; x_wconf 89' lang='lat' dir='ltr'><strong>sed</strong></span> <span class='ocrx_word' id='word_1_225' title='bbox 1237 2706 1339 2744; x_wconf 93' lang='lat' dir='ltr'><strong>non</strong></span> <span class='ocrx_word' id='word_1_226' title='bbox 1372 2690 1746 2761; x_wconf 88' lang='lat' dir='ltr'><strong>intelligenter.</strong></span> <span class='ocrx_word' id='word_1_227' title='bbox 1790 2694 1847 2748; x_wconf 90' lang='lat' dir='ltr'><strong>Si</strong></span> 
     </span>
    </p>
   </div>
   <div class='ocr_carea' id='block_1_28' title="bbox 273 2779 1848 2852">
    <p class='ocr_par' dir='ltr' id='par_1_28' title="bbox 273 2779 1848 2852">
     <span class='ocr_line' id='line_1_28' title="bbox 273 2779 1848 2852; baseline 0.002 -16"><span class='ocrx_word' id='word_1_228' title='bbox 273 2781 632 2850; x_wconf 87' lang='lat' dir='ltr'><strong>intelligenter</strong></span> <span class='ocrx_word' id='word_1_229' title='bbox 649 2788 941 2843; x_wconf 86' lang='lat' dir='ltr'><strong>cantarent,</strong></span> <span class='ocrx_word' id='word_1_230' title='bbox 958 2780 1162 2848; x_wconf 84' lang='lat' dir='ltr'><strong>lapides</strong></span> <span class='ocrx_word' id='word_1_231' title='bbox 1180 2796 1281 2835; x_wconf 92' lang='lat' dir='ltr'><strong>non</strong></span> <span class='ocrx_word' id='word_1_232' title='bbox 1301 2779 1601 2837; x_wconf 85' lang='lat' dir='ltr'><strong>adorarent.</strong></span> <span class='ocrx_word' id='word_1_233' title='bbox 1628 2782 1848 2852; x_wconf 87' lang='lat' dir='ltr'><strong>Quando</strong></span> 
     </span>
    </p>
   </div>
   <div class='ocr_carea' id='block_1_29' title="bbox 274 2871 1845 2946">
    <p class='ocr_par' dir='ltr' id='par_1_29' title="bbox 274 2871 1845 2946">
     <span class='ocr_line' id='line_1_29' title="bbox 274 2871 1845 2946; baseline 0.002 -18"><span class='ocrx_word' id='word_1_234' title='bbox 274 2873 442 2929; x_wconf 87' lang='lat' dir='ltr'><strong>homo</strong></span> <span class='ocrx_word' id='word_1_235' title='bbox 487 2882 731 2928; x_wconf 77' lang='lat' dir='ltr'><strong>sensatus</strong></span> <span class='ocrx_word' id='word_1_236' title='bbox 769 2871 1016 2928; x_wconf 78' lang='lat' dir='ltr'><strong>cantabat</strong></span> <span class='ocrx_word' id='word_1_237' title='bbox 1057 2871 1216 2942; x_wconf 87' lang='lat' dir='ltr'><strong>lapidi</strong></span> <span class='ocrx_word' id='word_1_238' title='bbox 1259 2872 1546 2938; x_wconf 64' lang='lat' dir='ltr'><strong>insensato,</strong></span> <span class='ocrx_word' id='word_1_239' title='bbox 1595 2876 1845 2946; x_wconf 89' lang='lat' dir='ltr'><strong>numquid</strong></span> 
     </span>
    </p>
   </div>
   <div class='ocr_carea' id='block_1_30' title="bbox 272 2964 1845 3036">
    <p class='ocr_par' dir='ltr' id='par_1_30' title="bbox 272 2964 1845 3036">
     <span class='ocr_line' id='line_1_30' title="bbox 272 2964 1845 3036; baseline 0 -14"><span class='ocrx_word' id='word_1_240' title='bbox 272 2966 630 3036; x_wconf 87' lang='lat' dir='ltr'><strong>intelligenter</strong></span> <span class='ocrx_word' id='word_1_241' title='bbox 656 2966 945 3021; x_wconf 80' lang='lat' dir='ltr'><strong>cantabat?</strong></span> <span class='ocrx_word' id='word_1_242' title='bbox 972 2964 1128 3020; x_wconf 80' lang='lat' dir='ltr'><strong>Modo</strong></span> <span class='ocrx_word' id='word_1_243' title='bbox 1154 2975 1351 3033; x_wconf 91' lang='lat' dir='ltr'><strong>autem,</strong></span> <span class='ocrx_word' id='word_1_244' title='bbox 1379 2968 1598 3033; x_wconf 80' lang='lat' dir='ltr'><strong>fratres,</strong></span> <span class='ocrx_word' id='word_1_245' title='bbox 1630 2983 1737 3023; x_wconf 87' lang='lat' dir='ltr'><strong>non</strong></span> <span class='ocrx_word' id='word_1_246' title='bbox 1764 2968 1845 3022; x_wconf 81' lang='lat' dir='ltr'><strong>vi-</strong></span> 
     </span>
    </p>
   </div>
   <div class='ocr_carea' id='block_1_31' title="bbox 272 3056 1843 3128">
    <p class='ocr_par' dir='ltr' id='par_1_31' title="bbox 272 3056 1843 3128">
     <span class='ocr_line' id='line_1_31' title="bbox 272 3056 1843 3128; baseline 0 -14"><span class='ocrx_word' id='word_1_247' title='bbox 272 3059 465 3114; x_wconf 86' lang='lat' dir='ltr'><strong>demus</strong></span> <span class='ocrx_word' id='word_1_248' title='bbox 508 3057 674 3113; x_wconf 91' lang='lat' dir='ltr'><strong>oculis</strong></span> <span class='ocrx_word' id='word_1_249' title='bbox 709 3073 866 3128; x_wconf 90' lang='lat' dir='ltr'><strong>quem</strong></span> <span class='ocrx_word' id='word_1_250' title='bbox 906 3056 1212 3124; x_wconf 84' lang='lat' dir='ltr'><strong>adoramus,</strong></span> <span class='ocrx_word' id='word_1_251' title='bbox 1262 3067 1317 3113; x_wconf 90' lang='lat' dir='ltr'><strong>et</strong></span> <span class='ocrx_word' id='word_1_252' title='bbox 1361 3068 1535 3113; x_wconf 89' lang='lat' dir='ltr'><strong>tamen</strong></span> <span class='ocrx_word' id='word_1_253' title='bbox 1573 3060 1843 3116; x_wconf 67' lang='lat' dir='ltr'><strong>correcti‘</strong></span> 
     </span>
    </p>
   </div>
   <div class='ocr_carea' id='block_1_32' title="bbox 271 3149 1841 3219">
    <p class='ocr_par' dir='ltr' id='par_1_32' title="bbox 271 3149 1841 3219">
     <span class='ocr_line' id='line_1_32' title="bbox 271 3149 1841 3219; baseline 0.001 -13"><span class='ocrx_word' id='word_1_254' title='bbox 271 3150 575 3206; x_wconf 82' lang='lat' dir='ltr'><strong>adoramus.</strong></span> <span class='ocrx_word' id='word_1_255' title='bbox 621 3149 781 3204; x_wconf 84' lang='lat' dir='ltr'><strong>Multo</strong></span> <span class='ocrx_word' id='word_1_256' title='bbox 824 3150 992 3218; x_wconf 90' lang='lat' dir='ltr'><strong>magis</strong></span> <span class='ocrx_word' id='word_1_257' title='bbox 1030 3150 1182 3205; x_wconf 89' lang='lat' dir='ltr'><strong>nobis</strong></span> <span class='ocrx_word' id='word_1_258' title='bbox 1211 3150 1349 3205; x_wconf 91' lang='lat' dir='ltr'><strong>Deus</strong></span> <span class='ocrx_word' id='word_1_259' title='bbox 1377 3152 1841 3219; x_wconf 75' lang='lat' dir='ltr'><strong>commendatur&#39;,</strong></span> 
     </span>
    </p>
   </div>
   <div class='ocr_carea' id='block_1_33' title="bbox 272 3242 1842 3316">
    <p class='ocr_par' dir='ltr' id='par_1_33' title="bbox 272 3242 1842 3316">
     <span class='ocr_line' id='line_1_33' title="bbox 272 3242 1842 3316; baseline 0.002 -19"><span class='ocrx_word' id='word_1_260' title='bbox 272 3246 399 3316; x_wconf 86' lang='lat' dir='ltr'><strong>quia</strong></span> <span class='ocrx_word' id='word_1_261' title='bbox 427 3260 547 3300; x_wconf 92' lang='lat' dir='ltr'><strong>eum</strong></span> <span class='ocrx_word' id='word_1_262' title='bbox 577 3243 743 3299; x_wconf 90' lang='lat' dir='ltr'><strong>oculis</strong></span> <span class='ocrx_word' id='word_1_263' title='bbox 772 3258 877 3297; x_wconf 94' lang='lat' dir='ltr'><strong>non</strong></span> <span class='ocrx_word' id='word_1_264' title='bbox 908 3243 1165 3297; x_wconf 86' lang='lat' dir='ltr'><strong>videmus.</strong></span> <span class='ocrx_word' id='word_1_265' title='bbox 1198 3242 1252 3297; x_wconf 91' lang='lat' dir='ltr'><strong>Si</strong></span> <span class='ocrx_word' id='word_1_266' title='bbox 1280 3258 1399 3298; x_wconf 91' lang='lat' dir='ltr'><strong>eum</strong></span> <span class='ocrx_word' id='word_1_267' title='bbox 1437 3246 1605 3299; x_wconf 92' lang='lat' dir='ltr'><strong>oculis</strong></span> <span class='ocrx_word' id='word_1_268' title='bbox 1630 3245 1842 3300; x_wconf 89' lang='lat' dir='ltr'><strong>videre-</strong></span> 
     </span>
    </p>
   </div>
   <div class='ocr_carea' id='block_1_34' title="bbox 271 3332 1844 3398">
    <p class='ocr_par' dir='ltr' id='par_1_34' title="bbox 271 3332 1844 3398">
     <span class='ocr_line' id='line_1_34' title="bbox 271 3332 1844 3398; baseline -0.001 -6"><span class='ocrx_word' id='word_1_269' title='bbox 271 3350 427 3398; x_wconf 86' lang='lat' dir='ltr'><strong>mus,</strong></span> <span class='ocrx_word' id='word_1_270' title='bbox 455 3335 592 3390; x_wconf 78' lang='lat' dir='ltr'><strong>forte</strong></span> <span class='ocrx_word' id='word_1_271' title='bbox 614 3343 1097 3389; x_wconf 88' lang='lat' dir='ltr'><strong>contemneremus.</strong></span> <span class='ocrx_word' id='word_1_272' title='bbox 1140 3332 1270 3387; x_wconf 87' lang='lat' dir='ltr'><strong>Nam</strong></span> <span class='ocrx_word' id='word_1_273' title='bbox 1302 3343 1355 3389; x_wconf 93' lang='lat' dir='ltr'><strong>et</strong></span> <span class='ocrx_word' id='word_1_274' title='bbox 1382 3334 1649 3390; x_wconf 91' lang='lat' dir='ltr'><strong>Christum</strong></span> <span class='ocrx_word' id='word_1_275' title='bbox 1674 3336 1844 3391; x_wconf 71' lang='lat' dir='ltr'><strong>Judzci</strong></span> 
     </span>
    </p>
   </div>
   <div class='ocr_carea' id='block_1_35' title="bbox 271 3423 1839 3495">
    <p class='ocr_par' dir='ltr' id='par_1_35' title="bbox 271 3423 1839 3495">
     <span class='ocr_line' id='line_1_35' title="bbox 271 3423 1839 3495; baseline 0.003 -16"><span class='ocrx_word' id='word_1_276' title='bbox 271 3429 448 3481; x_wconf 76' lang='lat' dir='ltr'><strong>visum</strong></span> <span class='ocrx_word' id='word_1_277' title='bbox 470 3433 917 3495; x_wconf 89' lang='lat' dir='ltr'><strong>contempserunt,</strong></span> <span class='ocrx_word' id='word_1_278' title='bbox 934 3440 1037 3479; x_wconf 89' lang='lat' dir='ltr'><strong>non</strong></span> <span class='ocrx_word' id='word_1_279' title='bbox 1060 3425 1227 3479; x_wconf 87' lang='lat' dir='ltr'><strong>visum</strong></span> <span class='ocrx_word' id='word_1_280' title='bbox 1249 3423 1448 3481; x_wconf 85' lang='lat' dir='ltr'><strong>Gentes</strong></span> <span class='ocrx_word' id='word_1_281' title='bbox 1466 3426 1839 3483; x_wconf 88' lang='lat' dir='ltr'><strong>adoraverunt.</strong></span> 
     </span>
    </p>
   </div>
   <div class='ocr_carea' id='block_1_36' title="bbox 272 3516 1844 3587">
    <p class='ocr_par' dir='ltr' id='par_1_36' title="bbox 272 3516 1844 3587">
     <span class='ocr_line' id='line_1_36' title="bbox 272 3516 1844 3587; baseline 0 -13"><span class='ocrx_word' id='word_1_282' title='bbox 272 3520 389 3574; x_wconf 88' lang='lat' dir='ltr'><strong>Illis</strong></span> <span class='ocrx_word' id='word_1_283' title='bbox 407 3519 549 3574; x_wconf 92' lang='lat' dir='ltr'><strong>enim</strong></span> <span class='ocrx_word' id='word_1_284' title='bbox 570 3518 764 3573; x_wconf 89' lang='lat' dir='ltr'><strong>dictum</strong></span> <span class='ocrx_word' id='word_1_285' title='bbox 785 3527 886 3581; x_wconf 89' lang='lat' dir='ltr'><strong>est,</strong></span> <span class='ocrx_word' id='word_1_286' title='bbox 910 3516 1124 3572; x_wconf 86' lang='lat' dir='ltr'><strong>Psallite</strong></span> <span class='ocrx_word' id='word_1_287' title='bbox 1146 3516 1495 3587; x_wconf 84' lang='lat' dir='ltr'><strong>intelligenter.</strong></span> <span class='ocrx_word' id='word_1_288' title='bbox 1524 3518 1697 3574; x_wconf 86' lang='lat' dir='ltr'><strong>Nolite</strong></span> <span class='ocrx_word' id='word_1_289' title='bbox 1725 3535 1844 3574; x_wconf 88' lang='lat' dir='ltr'><strong>esse</strong></span> 
     </span>
    </p>
   </div>
   <div class='ocr_carea' id='block_1_37' title="bbox 269 3608 1843 3680">
    <p class='ocr_par' dir='ltr' id='par_1_37' title="bbox 269 3608 1843 3680">
     <span class='ocr_line' id='line_1_37' title="bbox 269 3608 1843 3680; baseline -0.001 -13"><span class='ocrx_word' id='word_1_290' title='bbox 269 3613 415 3667; x_wconf 79' lang='lat' dir='ltr'><strong>sicut</strong></span> <span class='ocrx_word' id='word_1_291' title='bbox 449 3624 617 3680; x_wconf 88' lang='lat' dir='ltr'><strong>equus</strong></span> <span class='ocrx_word' id='word_1_292' title='bbox 651 3618 704 3665; x_wconf 92' lang='lat' dir='ltr'><strong>et</strong></span> <span class='ocrx_word' id='word_1_293' title='bbox 742 3608 934 3673; x_wconf 90' lang='lat' dir='ltr'><strong>mulus,</strong></span> <span class='ocrx_word' id='word_1_294' title='bbox 967 3609 1017 3663; x_wconf 93' lang='lat' dir='ltr'><strong>in</strong></span> <span class='ocrx_word' id='word_1_295' title='bbox 1055 3609 1245 3679; x_wconf 90' lang='lat' dir='ltr'><strong>quibus</strong></span> <span class='ocrx_word' id='word_1_296' title='bbox 1285 3624 1391 3663; x_wconf 92' lang='lat' dir='ltr'><strong>non</strong></span> <span class='ocrx_word' id='word_1_297' title='bbox 1430 3618 1512 3664; x_wconf 91' lang='lat' dir='ltr'><strong>est</strong></span> <span class='ocrx_word' id='word_1_298' title='bbox 1549 3609 1843 3666; x_wconf 86' lang='lat' dir='ltr'><strong>intellectus</strong></span> 
     </span>
    </p>
   </div>
   <div class='ocr_carea' id='block_1_38' title="bbox 275 3696 728 3775">
    <p class='ocr_par' dir='ltr' id='par_1_38' title="bbox 275 3696 728 3775">
     <span class='ocr_line' id='line_1_38' title="bbox 275 3696 728 3775; baseline -0.007 -19"><span class='ocrx_word' id='word_1_299' title='bbox 275 3701 447 3775; x_wconf 86' lang='lat' dir='ltr'><strong>(Psal.</strong></span> <span class='ocrx_word' id='word_1_300' title='bbox 478 3715 624 3765; x_wconf 83' lang='lat' dir='ltr'><strong>xxxt,</strong></span> <span class='ocrx_word' id='word_1_301' title='bbox 653 3696 728 3771; x_wconf 87' lang='lat'><strong>9).</strong></span> 
     </span>
    </p>
   </div>
   <div class='ocr_carea' id='block_1_39' title="bbox 348 3790 1839 3867">
    <p class='ocr_par' dir='ltr' id='par_1_39' title="bbox 348 3790 1839 3867">
     <span class='ocr_line' id='line_1_39' title="bbox 348 3790 1839 3867; baseline -0.004 -16"><span class='ocrx_word' id='word_1_302' title='bbox 348 3795 433 3850; x_wconf 79' lang='lat'><strong>10.</strong></span> <span class='ocrx_word' id='word_1_303' title='bbox 465 3792 615 3867; x_wconf 83' lang='lat' dir='ltr'><strong>[vers.</strong></span> <span class='ocrx_word' id='word_1_304' title='bbox 637 3792 715 3864; x_wconf 93' lang='lat'><strong>9.]</strong></span> <span class='ocrx_word' id='word_1_305' title='bbox 744 3791 987 3863; x_wconf 87' lang='lat' dir='ltr'><strong>Regnabit</strong></span> <span class='ocrx_word' id='word_1_306' title='bbox 1007 3790 1256 3846; x_wconf 86' lang='lat' dir='ltr'><strong>Dominus</strong></span> <span class='ocrx_word' id='word_1_307' title='bbox 1294 3808 1443 3861; x_wconf 82' lang='lat' dir='ltr'><strong>super</strong></span> <span class='ocrx_word' id='word_1_308' title='bbox 1466 3808 1634 3846; x_wconf 89' lang='lat' dir='ltr'><strong>omnes</strong></span> <span class='ocrx_word' id='word_1_309' title='bbox 1652 3803 1839 3863; x_wconf 82' lang='lat' dir='ltr'><strong>gentes.</strong></span> 
     </span>
    </p>
   </div>
   <div class='ocr_carea' id='block_1_40' title="bbox 271 3884 1839 3955">
    <p class='ocr_par' dir='ltr' id='par_1_40' title="bbox 271 3884 1839 3955">
     <span class='ocr_line' id='line_1_40' title="bbox 271 3884 1839 3955; baseline -0.001 -14"><span class='ocrx_word' id='word_1_310' title='bbox 271 3888 374 3955; x_wconf 87' lang='lat' dir='ltr'><strong>Qui</strong></span> <span class='ocrx_word' id='word_1_311' title='bbox 416 3884 668 3955; x_wconf 82' lang='lat' dir='ltr'><strong>regnabat</strong></span> <span class='ocrx_word' id='word_1_312' title='bbox 706 3899 865 3954; x_wconf 87' lang='lat' dir='ltr'><strong>super</strong></span> <span class='ocrx_word' id='word_1_313' title='bbox 902 3900 1055 3937; x_wconf 90' lang='lat' dir='ltr'><strong>unam</strong></span> <span class='ocrx_word' id='word_1_314' title='bbox 1089 3892 1330 3953; x_wconf 85' lang='lat' dir='ltr'><strong>gentem,</strong></span> <span class='ocrx_word' id='word_1_315' title='bbox 1362 3885 1621 3953; x_wconf 87' lang='lat' dir='ltr'><strong>regnabit,</strong></span> <span class='ocrx_word' id='word_1_316' title='bbox 1654 3886 1839 3954; x_wconf 84' lang='lat' dir='ltr'><strong>inquit,</strong></span> 
     </span>
    </p>
   </div>
   <div class='ocr_carea' id='block_1_41' title="bbox 270 3974 1845 4047">
    <p class='ocr_par' dir='ltr' id='par_1_41' title="bbox 270 3974 1845 4047">
     <span class='ocr_line' id='line_1_41' title="bbox 270 3974 1845 4047; baseline 0.001 -16"><span class='ocrx_word' id='word_1_317' title='bbox 270 3994 424 4047; x_wconf 81' lang='lat' dir='ltr'><strong>super</strong></span> <span class='ocrx_word' id='word_1_318' title='bbox 464 3992 632 4035; x_wconf 85' lang='lat' dir='ltr'><strong>omnes</strong></span> <span class='ocrx_word' id='word_1_319' title='bbox 676 3986 863 4047; x_wconf 80' lang='lat' dir='ltr'><strong>gentes.</strong></span> <span class='ocrx_word' id='word_1_320' title='bbox 907 3974 1127 4040; x_wconf 85' lang='lat' dir='ltr'><strong>Quando</strong></span> <span class='ocrx_word' id='word_1_321' title='bbox 1172 3974 1481 4029; x_wconf 90' lang='lat' dir='ltr'><strong>dicebantur</strong></span> <span class='ocrx_word' id='word_1_322' title='bbox 1519 3974 1648 4040; x_wconf 88' lang='lat' dir='ltr'><strong>ista,</strong></span> <span class='ocrx_word' id='word_1_323' title='bbox 1685 3991 1845 4046; x_wconf 88' lang='lat' dir='ltr'><strong>super</strong></span> 
     </span>
    </p>
   </div>
   <div class='ocr_carea' id='block_1_42' title="bbox 272 4063 1842 4137">
    <p class='ocr_par' dir='ltr' id='par_1_42' title="bbox 272 4063 1842 4137">
     <span class='ocr_line' id='line_1_42' title="bbox 272 4063 1842 4137; baseline -0.001 -14"><span class='ocrx_word' id='word_1_324' title='bbox 272 4084 432 4123; x_wconf 79' lang='lat' dir='ltr'><strong>tinam</strong></span> <span class='ocrx_word' id='word_1_325' title='bbox 470 4078 680 4137; x_wconf 88' lang='lat' dir='ltr'><strong>gentem</strong></span> <span class='ocrx_word' id='word_1_326' title='bbox 720 4064 970 4134; x_wconf 80' lang='lat' dir='ltr'><strong>regnabat</strong></span> <span class='ocrx_word' id='word_1_327' title='bbox 998 4064 1135 4119; x_wconf 90' lang='lat' dir='ltr'><strong>Dens</strong></span> <span class='ocrx_word' id='word_1_328' title='bbox 1163 4082 1176 4118; x_wconf 90' lang='lat'>:</span> <span class='ocrx_word' id='word_1_329' title='bbox 1206 4063 1477 4132; x_wconf 87' lang='lat' dir='ltr'><strong>prophetia</strong></span> <span class='ocrx_word' id='word_1_330' title='bbox 1521 4074 1667 4130; x_wconf 90' lang='lat' dir='ltr'><strong>erat,</strong></span> <span class='ocrx_word' id='word_1_331' title='bbox 1708 4082 1842 4121; x_wconf 89' lang='lat' dir='ltr'><strong>non-</strong></span> 
     </span>
    </p>
   </div>
   <div class='ocr_carea' id='block_1_43' title="bbox 273 4154 1843 4225">
    <p class='ocr_par' dir='ltr' id='par_1_43' title="bbox 273 4154 1843 4225">
     <span class='ocr_line' id='line_1_43' title="bbox 273 4154 1843 4225; baseline -0.003 -10"><span class='ocrx_word' id='word_1_332' title='bbox 273 4162 401 4215; x_wconf 85' lang='lat' dir='ltr'><strong>dum</strong></span> <span class='ocrx_word' id='word_1_333' title='bbox 440 4174 527 4213; x_wconf 90' lang='lat' dir='ltr'><strong>res</strong></span> <span class='ocrx_word' id='word_1_334' title='bbox 567 4155 1043 4212; x_wconf 86' lang='lat' dir='ltr'><strong>demonstrabatur.</strong></span> <span class='ocrx_word' id='word_1_335' title='bbox 1080 4154 1186 4209; x_wconf 94' lang='lat' dir='ltr'><strong>Deo</strong></span> <span class='ocrx_word' id='word_1_336' title='bbox 1212 4155 1437 4225; x_wconf 79' lang='lat' dir='ltr'><strong>gratias,</strong></span> <span class='ocrx_word' id='word_1_337' title='bbox 1460 4154 1568 4224; x_wconf 91' lang='lat' dir='ltr'><strong>jam</strong></span> <span class='ocrx_word' id='word_1_338' title='bbox 1605 4155 1843 4211; x_wconf 82' lang='lat' dir='ltr'><strong>videmus</strong></span> 
     </span>
    </p>
   </div>
   <div class='ocr_carea' id='block_1_44' title="bbox 275 4243 1843 4318">
    <p class='ocr_par' dir='ltr' id='par_1_44' title="bbox 275 4243 1843 4318">
     <span class='ocr_line' id='line_1_44' title="bbox 275 4243 1843 4318; baseline 0.001 -15"><span class='ocrx_word' id='word_1_339' title='bbox 275 4249 480 4318; x_wconf 90' lang='lat' dir='ltr'><strong>impleri</strong></span> <span class='ocrx_word' id='word_1_340' title='bbox 505 4249 642 4318; x_wconf 90' lang='lat' dir='ltr'><strong>quod</strong></span> <span class='ocrx_word' id='word_1_341' title='bbox 669 4257 788 4301; x_wconf 86' lang='lat' dir='ltr'><strong>ante</strong></span> <span class='ocrx_word' id='word_1_342' title='bbox 813 4243 1241 4317; x_wconf 87' lang='lat' dir='ltr'><strong>prophetabatur.</strong></span> <span class='ocrx_word' id='word_1_343' title='bbox 1263 4243 1680 4314; x_wconf 78' lang='lat' dir='ltr'><strong>Cliirographum</strong></span> <span class='ocrx_word' id='word_1_344' title='bbox 1707 4248 1843 4304; x_wconf 89' lang='lat' dir='ltr'><strong>Deus</strong></span> 
     </span>
    </p>
   </div>
   <div class='ocr_carea' id='block_1_45' title="bbox 273 4336 1845 4409">
    <p class='ocr_par' dir='ltr' id='par_1_45' title="bbox 273 4336 1845 4409">
     <span class='ocr_line' id='line_1_45' title="bbox 273 4336 1845 4409; baseline 0.001 -15"><span class='ocrx_word' id='word_1_345' title='bbox 273 4350 398 4395; x_wconf 85' lang='lat' dir='ltr'><strong>ante</strong></span> <span class='ocrx_word' id='word_1_346' title='bbox 425 4350 626 4409; x_wconf 90' lang='lat' dir='ltr'><strong>tempus</strong></span> <span class='ocrx_word' id='word_1_347' title='bbox 655 4340 865 4408; x_wconf 83' lang='lat' dir='ltr'><strong>scripsit</strong></span> <span class='ocrx_word' id='word_1_348' title='bbox 894 4337 1075 4400; x_wconf 91' lang='lat' dir='ltr'><strong>nobis,</strong></span> <span class='ocrx_word' id='word_1_349' title='bbox 1104 4336 1318 4405; x_wconf 88' lang='lat' dir='ltr'><strong>impleto</strong></span> <span class='ocrx_word' id='word_1_350' title='bbox 1349 4346 1583 4406; x_wconf 86' lang='lat' dir='ltr'><strong>tempore</strong></span> <span class='ocrx_word' id='word_1_351' title='bbox 1618 4338 1845 4395; x_wconf 88' lang='lat' dir='ltr'><strong>reddidit</strong></span> 
     </span>
    </p>
   </div>
   <div class='ocr_carea' id='block_1_46' title="bbox 275 4430 1843 4503">
    <p class='ocr_par' dir='ltr' id='par_1_46' title="bbox 275 4430 1843 4503">
     <span class='ocr_line' id='line_1_46' title="bbox 275 4430 1843 4503; baseline -0.002 -14"><span class='ocrx_word' id='word_1_352' title='bbox 275 4435 449 4491; x_wconf 87' lang='lat' dir='ltr'><strong>nobis.</strong></span> <span class='ocrx_word' id='word_1_353' title='bbox 478 4430 723 4503; x_wconf 87' lang='lat' dir='ltr'><strong>Regnabit</strong></span> <span class='ocrx_word' id='word_1_354' title='bbox 766 4430 897 4484; x_wconf 87' lang='lat' dir='ltr'><strong>Deus</strong></span> <span class='ocrx_word' id='word_1_355' title='bbox 938 4446 1087 4500; x_wconf 84' lang='lat' dir='ltr'><strong>super</strong></span> <span class='ocrx_word' id='word_1_356' title='bbox 1126 4445 1294 4483; x_wconf 76' lang='lat' dir='ltr'><strong>omnes</strong></span> <span class='ocrx_word' id='word_1_357' title='bbox 1332 4439 1533 4499; x_wconf 70' lang='lat' dir='ltr'><strong>gentes,</strong></span> <span class='ocrx_word' id='word_1_358' title='bbox 1565 4431 1843 4499; x_wconf 89' lang='lat' dir='ltr'><strong>promissio</strong></span> 
     </span>
    </p>
   </div>
   <div class='ocr_carea' id='block_1_47' title="bbox 276 4522 1843 4593">
    <p class='ocr_par' dir='ltr' id='par_1_47' title="bbox 276 4522 1843 4593">
     <span class='ocr_line' id='line_1_47' title="bbox 276 4522 1843 4593; baseline -0.001 -13"><span class='ocrx_word' id='word_1_359' title='bbox 276 4535 379 4580; x_wconf 82' lang='lat' dir='ltr'><strong>est.</strong></span> <span class='ocrx_word' id='word_1_360' title='bbox 410 4524 544 4580; x_wconf 84' lang='lat' dir='ltr'><strong>Deus</strong></span> <span class='ocrx_word' id='word_1_361' title='bbox 572 4528 705 4578; x_wconf 86' lang='lat' dir='ltr'><strong>sedet</strong></span> <span class='ocrx_word' id='word_1_362' title='bbox 734 4540 881 4593; x_wconf 84' lang='lat' dir='ltr'><strong>super</strong></span> <span class='ocrx_word' id='word_1_363' title='bbox 904 4525 1069 4576; x_wconf 86' lang='lat' dir='ltr'><strong>sedem</strong></span> <span class='ocrx_word' id='word_1_364' title='bbox 1095 4532 1317 4576; x_wconf 86' lang='lat' dir='ltr'><strong>sanctam</strong></span> <span class='ocrx_word' id='word_1_365' title='bbox 1344 4539 1507 4576; x_wconf 87' lang='lat' dir='ltr'><strong>suam.</strong></span> <span class='ocrx_word' id='word_1_366' title='bbox 1538 4522 1688 4590; x_wconf 87' lang='lat' dir='ltr'><strong>Quod</strong></span> <span class='ocrx_word' id='word_1_367' title='bbox 1719 4533 1843 4579; x_wconf 85' lang='lat' dir='ltr'><strong>tunc</strong></span> 
     </span>
    </p>
   </div>
   <div class='ocr_carea' id='block_1_48' title="bbox 277 4612 1844 4684">
    <p class='ocr_par' dir='ltr' id='par_1_48' title="bbox 277 4612 1844 4684">
     <span class='ocr_line' id='line_1_48' title="bbox 277 4612 1844 4684; baseline -0.001 -15"><span class='ocrx_word' id='word_1_368' title='bbox 277 4616 508 4670; x_wconf 82' lang='lat' dir='ltr'><strong>futurum</strong></span> <span class='ocrx_word' id='word_1_369' title='bbox 542 4613 968 4684; x_wconf 89' lang='lat' dir='ltr'><strong>promittebatur,</strong></span> <span class='ocrx_word' id='word_1_370' title='bbox 1000 4626 1140 4666; x_wconf 91' lang='lat' dir='ltr'><strong>nunc</strong></span> <span class='ocrx_word' id='word_1_371' title='bbox 1168 4612 1437 4680; x_wconf 90' lang='lat' dir='ltr'><strong>impletum</strong></span> <span class='ocrx_word' id='word_1_372' title='bbox 1465 4614 1764 4681; x_wconf 83' lang='lat' dir='ltr'><strong>agnoscitur</strong></span> <span class='ocrx_word' id='word_1_373' title='bbox 1788 4624 1844 4670; x_wconf 90' lang='lat' dir='ltr'><strong>et</strong></span> 
     </span>
    </p>
   </div>
   <div class='ocr_carea' id='block_1_49' title="bbox 278 4703 1842 4775">
    <p class='ocr_par' dir='ltr' id='par_1_49' title="bbox 278 4703 1842 4775">
     <span class='ocr_line' id='line_1_49' title="bbox 278 4703 1842 4775; baseline -0.001 -14"><span class='ocrx_word' id='word_1_374' title='bbox 278 4715 505 4762; x_wconf 86' lang='lat' dir='ltr'><strong>tenetur.</strong></span> <span class='ocrx_word' id='word_1_375' title='bbox 535 4705 671 4760; x_wconf 87' lang='lat' dir='ltr'><strong>Deus</strong></span> <span class='ocrx_word' id='word_1_376' title='bbox 695 4705 828 4759; x_wconf 84' lang='lat' dir='ltr'><strong>sedet</strong></span> <span class='ocrx_word' id='word_1_377' title='bbox 854 4720 1001 4773; x_wconf 84' lang='lat' dir='ltr'><strong>super</strong></span> <span class='ocrx_word' id='word_1_378' title='bbox 1037 4703 1205 4775; x_wconf 83' lang='lat' dir='ltr'><strong>sedem</strong></span> <span class='ocrx_word' id='word_1_379' title='bbox 1241 4714 1465 4757; x_wconf 87' lang='lat' dir='ltr'><strong>sanctam</strong></span> <span class='ocrx_word' id='word_1_380' title='bbox 1504 4722 1667 4759; x_wconf 88' lang='lat' dir='ltr'><strong>suam.</strong></span> <span class='ocrx_word' id='word_1_381' title='bbox 1712 4707 1842 4773; x_wconf 77' lang='lat' dir='ltr'><strong>Qua:</strong></span> 
     </span>
    </p>
   </div>
   <div class='ocr_carea' id='block_1_50' title="bbox 274 4794 1837 4867">
    <p class='ocr_par' dir='ltr' id='par_1_50' title="bbox 274 4794 1837 4867">
     <span class='ocr_line' id='line_1_50' title="bbox 274 4794 1837 4867; baseline -0.001 -14"><span class='ocrx_word' id='word_1_382' title='bbox 274 4799 433 4853; x_wconf 80' lang='lat' dir='ltr'><strong>sedes</strong></span> <span class='ocrx_word' id='word_1_383' title='bbox 451 4798 564 4866; x_wconf 89' lang='lat' dir='ltr'><strong>ejus</strong></span> <span class='ocrx_word' id='word_1_384' title='bbox 587 4796 802 4850; x_wconf 88' lang='lat' dir='ltr'><strong>sancta?</strong></span> <span class='ocrx_word' id='word_1_385' title='bbox 831 4794 1069 4849; x_wconf 86' lang='lat' dir='ltr'><strong>Forsitan</strong></span> <span class='ocrx_word' id='word_1_386' title='bbox 1094 4794 1249 4859; x_wconf 65' lang='lat' dir='ltr'><strong>caeli;</strong></span> <span class='ocrx_word' id='word_1_387' title='bbox 1278 4803 1332 4849; x_wconf 92' lang='lat' dir='ltr'><strong>et</strong></span> <span class='ocrx_word' id='word_1_388' title='bbox 1356 4794 1490 4849; x_wconf 88' lang='lat' dir='ltr'><strong>bene</strong></span> <span class='ocrx_word' id='word_1_389' title='bbox 1514 4795 1837 4867; x_wconf 79' lang='lat' dir='ltr'><strong>intelligitur.</strong></span> 
     </span>
    </p>
   </div>
   <div class='ocr_carea' id='block_1_51' title="bbox 276 4885 1841 4958">
    <p class='ocr_par' dir='ltr' id='par_1_51' title="bbox 276 4885 1841 4958">
     <span class='ocr_line' id='line_1_51' title="bbox 276 4885 1841 4958; baseline 0.001 -14"><span class='ocrx_word' id='word_1_390' title='bbox 276 4889 529 4944; x_wconf 63' lang='lat' dir='ltr'><strong>Ascendit</strong></span> <span class='ocrx_word' id='word_1_391' title='bbox 555 4889 692 4943; x_wconf 89' lang='lat' dir='ltr'><strong>enim</strong></span> <span class='ocrx_word' id='word_1_392' title='bbox 718 4886 988 4952; x_wconf 88' lang='lat' dir='ltr'><strong>Christus,</strong></span> <span class='ocrx_word' id='word_1_393' title='bbox 1016 4885 1151 4940; x_wconf 89' lang='lat' dir='ltr'><strong>sicut</strong></span> <span class='ocrx_word' id='word_1_394' title='bbox 1176 4886 1446 4950; x_wconf 86' lang='lat' dir='ltr'><strong>novimus,</strong></span> <span class='ocrx_word' id='word_1_395' title='bbox 1475 4901 1593 4941; x_wconf 92' lang='lat' dir='ltr'><strong>eum</strong></span> <span class='ocrx_word' id='word_1_396' title='bbox 1620 4902 1841 4958; x_wconf 83' lang='lat' dir='ltr'><strong>corpore</strong></span> 
     </span>
    </p>
   </div>
   <div class='ocr_carea' id='block_1_52' title="bbox 276 4976 1841 5049">
    <p class='ocr_par' dir='ltr' id='par_1_52' title="bbox 276 4976 1841 5049">
     <span class='ocr_line' id='line_1_52' title="bbox 276 4976 1841 5049; baseline 0.001 -16"><span class='ocrx_word' id='word_1_397' title='bbox 276 4982 336 5033; x_wconf 84' lang='lat' dir='ltr'><strong>i..</strong></span> <span class='ocrx_word' id='word_1_398' title='bbox 374 4995 478 5049; x_wconf 89' lang='lat' dir='ltr'><strong>quo</strong></span> <span class='ocrx_word' id='word_1_399' title='bbox 520 4978 800 5032; x_wconf 82' lang='lat' dir='ltr'><strong>cruciﬁxus</strong></span> <span class='ocrx_word' id='word_1_400' title='bbox 844 4987 956 5043; x_wconf 90' lang='lat' dir='ltr'><strong>est,</strong></span> <span class='ocrx_word' id='word_1_401' title='bbox 1000 4986 1052 5031; x_wconf 91' lang='lat' dir='ltr'><strong>et</strong></span> <span class='ocrx_word' id='word_1_402' title='bbox 1090 4976 1241 5030; x_wconf 91' lang='lat' dir='ltr'><strong>sedet</strong></span> <span class='ocrx_word' id='word_1_403' title='bbox 1280 4976 1346 5030; x_wconf 90' lang='lat' dir='ltr'><strong>ad</strong></span> <span class='ocrx_word' id='word_1_404' title='bbox 1372 4977 1641 5033; x_wconf 81' lang='lat' dir='ltr'><strong>dexteram</strong></span> <span class='ocrx_word' id='word_1_405' title='bbox 1672 4980 1841 5037; x_wconf 84' lang='lat' dir='ltr'><strong>Patris</strong></span> 
     </span>
    </p>
   </div>
   <div class='ocr_carea' id='block_1_53' title="bbox 274 5070 1840 5143">
    <p class='ocr_par' dir='ltr' id='par_1_53' title="bbox 274 5070 1840 5143">
     <span class='ocr_line' id='line_1_53' title="bbox 274 5070 1840 5143; baseline 0.003 -20"><span class='ocrx_word' id='word_1_406' title='bbox 274 5074 416 5139; x_wconf 84' lang='lat' dir='ltr'><strong>(Act.</strong></span> <span class='ocrx_word' id='word_1_407' title='bbox 446 5086 497 5138; x_wconf 86' lang='grc' dir='ltr'><strong>ι,</strong></span> <span class='ocrx_word' id='word_1_408' title='bbox 523 5071 582 5141; x_wconf 76' lang='grc'>2)</span> <span class='ocrx_word' id='word_1_409' title='bbox 611 5087 624 5123; x_wconf 91' lang='lat'><strong>:</strong></span> <span class='ocrx_word' id='word_1_410' title='bbox 654 5070 775 5123; x_wconf 94' lang='lat' dir='ltr'><strong>inde</strong></span> <span class='ocrx_word' id='word_1_411' title='bbox 802 5084 921 5123; x_wconf 93' lang='lat' dir='ltr'><strong>eum</strong></span> <span class='ocrx_word' id='word_1_412' title='bbox 955 5078 1232 5122; x_wconf 83' lang='lat' dir='ltr'><strong>venturum</strong></span> <span class='ocrx_word' id='word_1_413' title='bbox 1267 5080 1635 5138; x_wconf 80' lang='lat' dir='ltr'><strong>exspectamus</strong></span> <span class='ocrx_word' id='word_1_414' title='bbox 1663 5072 1727 5126; x_wconf 91' lang='lat' dir='ltr'><strong>ad</strong></span> <span class='ocrx_word' id='word_1_415' title='bbox 1751 5074 1840 5143; x_wconf 90' lang='lat' dir='ltr'><strong>ju-</strong></span> 
     </span>
    </p>
   </div>
   <div class='ocr_carea' id='block_1_54' title="bbox 272 5159 1843 5234">
    <p class='ocr_par' dir='ltr' id='par_1_54' title="bbox 272 5159 1843 5234">
     <span class='ocr_line' id='line_1_54' title="bbox 272 5159 1843 5234; baseline 0.001 -15"><span class='ocrx_word' id='word_1_416' title='bbox 272 5163 532 5219; x_wconf 87' lang='lat' dir='ltr'><strong>dicandos</strong></span> <span class='ocrx_word' id='word_1_417' title='bbox 558 5164 705 5216; x_wconf 85' lang='lat' dir='ltr'><strong>vivos</strong></span> <span class='ocrx_word' id='word_1_418' title='bbox 742 5170 796 5215; x_wconf 90' lang='lat' dir='ltr'><strong>et</strong></span> <span class='ocrx_word' id='word_1_419' title='bbox 832 5169 1065 5215; x_wconf 88' lang='lat' dir='ltr'><strong>mortuos</strong></span> <span class='ocrx_word' id='word_1_420' title='bbox 1104 5160 1177 5231; x_wconf 93' lang='lat' dir='ltr'><strong>(ll</strong></span> <span class='ocrx_word' id='word_1_421' title='bbox 1207 5159 1340 5215; x_wconf 87' lang='lat' dir='ltr'><strong>Tim.</strong></span> <span class='ocrx_word' id='word_1_422' title='bbox 1375 5160 1473 5234; x_wconf 88' lang='lat' dir='ltr'><strong>tv).</strong></span> <span class='ocrx_word' id='word_1_423' title='bbox 1507 5162 1843 5233; x_wconf 78' lang='lat' dir='ltr'><strong>Sedet-super</strong></span> 
     </span>
    </p>
   </div>
   <div class='ocr_carea' id='block_1_55' title="bbox 271 5252 1841 5322">
    <p class='ocr_par' dir='ltr' id='par_1_55' title="bbox 271 5252 1841 5322">
     <span class='ocr_line' id='line_1_55' title="bbox 271 5252 1841 5322; baseline -0.001 -9"><span class='ocrx_word' id='word_1_424' title='bbox 271 5258 444 5313; x_wconf 83' lang='lat' dir='ltr'><strong>sedem</strong></span> <span class='ocrx_word' id='word_1_425' title='bbox 468 5264 691 5311; x_wconf 85' lang='lat' dir='ltr'><strong>sanctam</strong></span> <span class='ocrx_word' id='word_1_426' title='bbox 714 5270 874 5307; x_wconf 76' lang='lat' dir='ltr'><strong>suam.</strong></span> <span class='ocrx_word' id='word_1_427' title='bbox 897 5252 1029 5307; x_wconf 74' lang='grc' dir='ltr'><strong>ϐωΙί</strong></span> <span class='ocrx_word' id='word_1_428' title='bbox 1056 5261 1177 5306; x_wconf 92' lang='lat' dir='ltr'><strong>sunt</strong></span> <span class='ocrx_word' id='word_1_429' title='bbox 1200 5252 1354 5307; x_wconf 88' lang='lat' dir='ltr'><strong>sedes</strong></span> <span class='ocrx_word' id='word_1_430' title='bbox 1378 5261 1555 5308; x_wconf 88' lang='lat' dir='ltr'><strong>sancta</strong></span> <span class='ocrx_word' id='word_1_431' title='bbox 1576 5254 1727 5322; x_wconf 87' lang='lat' dir='ltr'><strong>ejus?</strong></span> <span class='ocrx_word' id='word_1_432' title='bbox 1752 5256 1841 5312; x_wconf 88' lang='lat' dir='ltr'><strong>Vis</strong></span> 
     </span>
    </p>
   </div>
   <div class='ocr_carea' id='block_1_56' title="bbox 271 5344 1837 5416">
    <p class='ocr_par' dir='ltr' id='par_1_56' title="bbox 271 5344 1837 5416">
     <span class='ocr_line' id='line_1_56' title="bbox 271 5344 1837 5416; baseline -0.001 -11"><span class='ocrx_word' id='word_1_433' title='bbox 271 5360 333 5406; x_wconf 82' lang='lat' dir='ltr'><strong>et</strong></span> <span class='ocrx_word' id='word_1_434' title='bbox 357 5360 411 5404; x_wconf 89' lang='lat' dir='ltr'><strong>tu</strong></span> <span class='ocrx_word' id='word_1_435' title='bbox 437 5363 554 5404; x_wconf 89' lang='lat' dir='ltr'><strong>esse</strong></span> <span class='ocrx_word' id='word_1_436' title='bbox 583 5346 737 5403; x_wconf 89' lang='lat' dir='ltr'><strong>sedes</strong></span> <span class='ocrx_word' id='word_1_437' title='bbox 761 5345 913 5416; x_wconf 89' lang='lat' dir='ltr'><strong>ejus?</strong></span> <span class='ocrx_word' id='word_1_438' title='bbox 937 5344 1051 5398; x_wconf 76' lang='lat' dir='ltr'><strong>Neli</strong></span> <span class='ocrx_word' id='word_1_439' title='bbox 1081 5357 1262 5413; x_wconf 87' lang='lat' dir='ltr'><strong>putare</strong></span> <span class='ocrx_word' id='word_1_440' title='bbox 1292 5353 1342 5399; x_wconf 87' lang='lat' dir='ltr'><strong>te</strong></span> <span class='ocrx_word' id='word_1_441' title='bbox 1366 5360 1484 5399; x_wconf 89' lang='lat' dir='ltr'><strong>esse</strong></span> <span class='ocrx_word' id='word_1_442' title='bbox 1516 5360 1617 5399; x_wconf 92' lang='lat' dir='ltr'><strong>non</strong></span> <span class='ocrx_word' id='word_1_443' title='bbox 1650 5362 1837 5415; x_wconf 86' lang='lat' dir='ltr'><strong>posse:</strong></span> 
     </span>
    </p>
   </div>
   <div class='ocr_carea' id='block_1_57' title="bbox 343 5476 985 5537">
    <p class='ocr_par' dir='ltr' id='par_1_57' title="bbox 343 5476 985 5537">
     <span class='ocr_line' id='line_1_57' title="bbox 343 5476 985 5537; baseline -0.008 -8"><span class='ocrx_word' id='word_1_444' title='bbox 343 5484 360 5514; x_wconf 81' lang='grc' dir='ltr'><strong>ι</strong></span> <span class='ocrx_word' id='word_1_445' title='bbox 386 5483 531 5531; x_wconf 83' lang='lat' dir='ltr'><strong>vatic.</strong></span> <span class='ocrx_word' id='word_1_446' title='bbox 556 5488 658 5537; x_wconf 71' lang='lat' dir='ltr'><strong>Ms,</strong></span> <span class='ocrx_word' id='word_1_447' title='bbox 680 5479 825 5529; x_wconf 88' lang='lat' dir='ltr'><strong>corde</strong></span> <span class='ocrx_word' id='word_1_448' title='bbox 848 5476 985 5528; x_wconf 84' lang='lat' dir='ltr'><strong>recti.</strong></span> 
     </span>
    </p>
   </div>
   <div class='ocr_carea' id='block_1_58' title="bbox 340 5537 1840 5606">
    <p class='ocr_par' dir='ltr' id='par_1_58' title="bbox 340 5537 1840 5606">
     <span class='ocr_line' id='line_1_58' title="bbox 340 5537 1840 5606; baseline -0.003 -13"><span class='ocrx_word' id='word_1_449' title='bbox 340 5546 360 5575; x_wconf 76' lang='lat'>&#39;</span> <span class='ocrx_word' id='word_1_450' title='bbox 384 5546 537 5593; x_wconf 79' lang='lat' dir='ltr'><strong>Hicin</strong></span> <span class='ocrx_word' id='word_1_451' title='bbox 560 5541 669 5590; x_wconf 70' lang='lat' dir='ltr'><strong>add.</strong></span> <span class='ocrx_word' id='word_1_452' title='bbox 688 5541 891 5606; x_wconf 81' lang='lat' dir='ltr'><strong>additur,</strong></span> <span class='ocrx_word' id='word_1_453' title='bbox 911 5537 1141 5606; x_wconf 79' lang='lat' dir='ltr'><strong>potentior</strong></span> <span class='ocrx_word' id='word_1_454' title='bbox 1164 5552 1182 5589; x_wconf 87' lang='lat'><strong><em>:</em></strong></span> <span class='ocrx_word' id='word_1_455' title='bbox 1204 5539 1255 5606; x_wconf 75' lang='lat' dir='ltr'><strong>in</strong></span> <span class='ocrx_word' id='word_1_456' title='bbox 1277 5538 1458 5606; x_wconf 81' lang='lat' dir='ltr'><strong>aliquot</strong></span> <span class='ocrx_word' id='word_1_457' title='bbox 1480 5546 1604 5599; x_wconf 66' lang='lat' dir='ltr'><strong>Mss,</strong></span> <span class='ocrx_word' id='word_1_458' title='bbox 1639 5550 1792 5606; x_wconf 65' lang='lat' dir='ltr'><strong>major</strong></span> <span class='ocrx_word' id='word_1_459' title='bbox 1820 5551 1840 5588; x_wconf 86' lang='lat'><strong><em>:</em></strong></span> 
     </span>
    </p>
   </div>
   <div class='ocr_carea' id='block_1_59' title="bbox 271 5600 1359 5656">
    <p class='ocr_par' dir='ltr' id='par_1_59' title="bbox 271 5600 1359 5656">
     <span class='ocr_line' id='line_1_59' title="bbox 271 5600 1359 5656; baseline -0.006 -1"><span class='ocrx_word' id='word_1_460' title='bbox 271 5614 505 5656; x_wconf 85' lang='lat' dir='ltr'><strong>neutrum</strong></span> <span class='ocrx_word' id='word_1_461' title='bbox 531 5616 647 5651; x_wconf 87' lang='lat' dir='ltr'><strong>vero</strong></span> <span class='ocrx_word' id='word_1_462' title='bbox 669 5611 746 5651; x_wconf 89' lang='lat' dir='ltr'><strong>est</strong></span> <span class='ocrx_word' id='word_1_463' title='bbox 763 5604 808 5651; x_wconf 90' lang='lat' dir='ltr'><strong>iu</strong></span> <span class='ocrx_word' id='word_1_464' title='bbox 832 5600 1043 5649; x_wconf 89' lang='lat' dir='ltr'><strong>tnelioris</strong></span> <span class='ocrx_word' id='word_1_465' title='bbox 1065 5608 1188 5650; x_wconf 71' lang='lat' dir='ltr'><strong>noue</strong></span> <span class='ocrx_word' id='word_1_466' title='bbox 1211 5600 1359 5650; x_wconf 87' lang='lat' dir='ltr'><strong>libris.</strong></span> 
     </span>
    </p>
   </div>
   <div class='ocr_carea' id='block_1_60' title="bbox 342 5660 1839 5728">
    <p class='ocr_par' dir='ltr' id='par_1_60' title="bbox 342 5660 1839 5728">
     <span class='ocr_line' id='line_1_60' title="bbox 342 5660 1839 5728; baseline -0.003 -13"><span class='ocrx_word' id='word_1_467' title='bbox 342 5668 414 5728; x_wconf 91' lang='lat' dir='ltr'><strong>(a)</strong></span> <span class='ocrx_word' id='word_1_468' title='bbox 436 5665 672 5715; x_wconf 86' lang='lat' dir='ltr'><strong>omittitur</strong></span> <span class='ocrx_word' id='word_1_469' title='bbox 694 5665 845 5713; x_wconf 84' lang='lat' dir='ltr'><strong>altera</strong></span> <span class='ocrx_word' id='word_1_470' title='bbox 881 5675 989 5724; x_wconf 83' lang='lat' dir='ltr'><strong>pars</strong></span> <span class='ocrx_word' id='word_1_471' title='bbox 1008 5662 1057 5723; x_wconf 59' lang='grc' dir='ltr'>ᾗ.</span> <span class='ocrx_word' id='word_1_472' title='bbox 1082 5663 1143 5722; x_wconf 81' lang='grc' dir='ltr'><strong>Ἱ;</strong></span> <span class='ocrx_word' id='word_1_473' title='bbox 1170 5661 1361 5713; x_wconf 80' lang='lat' dir='ltr'><strong>Psallite</strong></span> <span class='ocrx_word' id='word_1_474' title='bbox 1394 5660 1498 5725; x_wconf 83' lang='lat' dir='ltr'><strong>regi</strong></span> <span class='ocrx_word' id='word_1_475' title='bbox 1517 5662 1839 5725; x_wconf 84' lang='lat' dir='ltr'><strong>nostro,.psal-</strong></span> 
     </span>
    </p>
   </div>
   <div class='ocr_carea' id='block_1_61' title="bbox 271 5729 359 5779">
    <p class='ocr_par' dir='ltr' id='par_1_61' title="bbox 271 5729 359 5779">
     <span class='ocr_line' id='line_1_61' title="bbox 271 5729 359 5779; baseline -0.011 0"><span class='ocrx_word' id='word_1_476' title='bbox 271 5729 359 5779; x_wconf 72' lang='lat' dir='ltr'><strong>lite</strong></span> 
     </span>
    </p>
   </div>
   <div class='ocr_carea' id='block_1_62' title="bbox 1316 276 2421 353">
    <p class='ocr_par' dir='ltr' id='par_1_62' title="bbox 1316 276 2421 353">
     <span class='ocr_line' id='line_1_62' title="bbox 1316 276 2421 353; baseline 0.004 -10"><span class='ocrx_word' id='word_1_477' title='bbox 1316 276 1747 344; x_wconf 31' lang='lat' dir='ltr'><strong>.ENARRATIO</strong></span> <span class='ocrx_word' id='word_1_478' title='bbox 1785 285 1849 341; x_wconf 88' lang='lat' dir='ltr'><strong>lN</strong></span> <span class='ocrx_word' id='word_1_479' title='bbox 1890 286 2206 349; x_wconf 73' lang='grc' dir='ltr'><strong>ΡδΑωιυΜ</strong></span> <span class='ocrx_word' id='word_1_480' title='bbox 2245 294 2421 353; x_wconf 77' lang='lat' dir='ltr'><strong>XLVI.</strong></span> 
     </span>
    </p>
   </div>
   <div class='ocr_carea' id='block_1_63' title="bbox 3439 313 3547 370">
    <p class='ocr_par' dir='ltr' id='par_1_63' title="bbox 3439 313 3547 370">
     <span class='ocr_line' id='line_1_63' title="bbox 3439 313 3547 370; baseline 0.028 -3"><span class='ocrx_word' id='word_1_481' title='bbox 3439 313 3547 370; x_wconf 69' lang='lat'><strong>5&#39;50</strong></span> 
     </span>
    </p>
   </div>
   <div class='ocr_carea' id='block_1_64' title="bbox 1969 406 3534 483">
    <p class='ocr_par' dir='ltr' id='par_1_64' title="bbox 1969 406 3534 483">
     <span class='ocr_line' id='line_1_64' title="bbox 1969 406 3534 483; baseline 0.01 -24"><span class='ocrx_word' id='word_1_482' title='bbox 1969 420 2091 473; x_wconf 89' lang='lat' dir='ltr'><strong>para</strong></span> <span class='ocrx_word' id='word_1_483' title='bbox 2116 406 2186 461; x_wconf 85' lang='lat' dir='ltr'><strong>illi</strong></span> <span class='ocrx_word' id='word_1_484' title='bbox 2208 408 2379 464; x_wconf 81' lang='lat' dir='ltr'><strong>locum</strong></span> <span class='ocrx_word' id='word_1_485' title='bbox 2410 411 2460 464; x_wconf 94' lang='lat' dir='ltr'><strong>in</strong></span> <span class='ocrx_word' id='word_1_486' title='bbox 2488 411 2647 467; x_wconf 85' lang='lat' dir='ltr'><strong>corde</strong></span> <span class='ocrx_word' id='word_1_487' title='bbox 2669 421 2791 481; x_wconf 80' lang='lat' dir='ltr'><strong>tuo;</strong></span> <span class='ocrx_word' id='word_1_488' title='bbox 2820 415 2997 483; x_wconf 81' lang='lat' dir='ltr'><strong>venit,</strong></span> <span class='ocrx_word' id='word_1_489' title='bbox 3028 428 3084 475; x_wconf 86' lang='lat' dir='ltr'><strong>et</strong></span> <span class='ocrx_word' id='word_1_490' title='bbox 3111 417 3337 477; x_wconf 79' lang='lat' dir='ltr'><strong>libenter</strong></span> <span class='ocrx_word' id='word_1_491' title='bbox 3363 421 3534 478; x_wconf 85' lang='lat' dir='ltr'><strong>sedet.</strong></span> 
     </span>
    </p>
   </div>
   <div class='ocr_carea' id='block_1_65' title="bbox 1963 493 3537 583">
    <p class='ocr_par' dir='ltr' id='par_1_65' title="bbox 1963 493 3537 583">
     <span class='ocr_line' id='line_1_65' title="bbox 1963 493 3537 583; baseline 0.013 -36"><span class='ocrx_word' id='word_1_492' title='bbox 1963 493 2081 564; x_wconf 87' lang='lat' dir='ltr'><strong>Ipse</strong></span> <span class='ocrx_word' id='word_1_493' title='bbox 2118 507 2262 553; x_wconf 89' lang='lat' dir='ltr'><strong>certe</strong></span> <span class='ocrx_word' id='word_1_494' title='bbox 2302 510 2383 554; x_wconf 81' lang='lat' dir='ltr'><strong>est</strong></span> <span class='ocrx_word' id='word_1_495' title='bbox 2417 502 2509 556; x_wconf 86' lang='lat' dir='ltr'><strong>Dei</strong></span> <span class='ocrx_word' id='word_1_496' title='bbox 2538 500 2711 559; x_wconf 84' lang='lat' dir='ltr'><strong>Virtus</strong></span> <span class='ocrx_word' id='word_1_497' title='bbox 2746 517 2799 561; x_wconf 91' lang='lat' dir='ltr'><strong>et</strong></span> <span class='ocrx_word' id='word_1_498' title='bbox 2838 508 2927 563; x_wconf 85' lang='lat' dir='ltr'><strong>Dei</strong></span> <span class='ocrx_word' id='word_1_499' title='bbox 2956 508 3225 579; x_wconf 82' lang='lat' dir='ltr'><strong>Sapientia</strong></span> <span class='ocrx_word' id='word_1_500' title='bbox 3269 510 3317 583; x_wconf 90' lang='lat' dir='ltr'><strong>(l</strong></span> <span class='ocrx_word' id='word_1_501' title='bbox 3342 511 3459 568; x_wconf 75' lang='grc' dir='ltr'><strong>σον.</strong></span> <span class='ocrx_word' id='word_1_502' title='bbox 3486 529 3537 575; x_wconf 82' lang='lat' dir='ltr'><strong>t,</strong></span> 
     </span>
    </p>
   </div>
   <div class='ocr_carea' id='block_1_66' title="bbox 1960 584 3545 669">
    <p class='ocr_par' dir='ltr' id='par_1_66' title="bbox 1960 584 3545 669">
     <span class='ocr_line' id='line_1_66' title="bbox 1960 584 3545 669; baseline 0.011 -30"><span class='ocrx_word' id='word_1_503' title='bbox 1960 584 2072 654; x_wconf 62' lang='grc'>24).</span> <span class='ocrx_word' id='word_1_504' title='bbox 2103 588 2168 642; x_wconf 86' lang='lat' dir='ltr'><strong>Et</strong></span> <span class='ocrx_word' id='word_1_505' title='bbox 2191 590 2315 659; x_wconf 91' lang='lat' dir='ltr'><strong>quid</strong></span> <span class='ocrx_word' id='word_1_506' title='bbox 2340 591 2470 646; x_wconf 88' lang='lat' dir='ltr'><strong>dicit</strong></span> <span class='ocrx_word' id='word_1_507' title='bbox 2493 591 2762 664; x_wconf 85' lang='lat' dir='ltr'><strong>Scriptura</strong></span> <span class='ocrx_word' id='word_1_508' title='bbox 2788 596 2856 652; x_wconf 91' lang='lat' dir='ltr'><strong>de</strong></span> <span class='ocrx_word' id='word_1_509' title='bbox 2881 597 2994 669; x_wconf 86' lang='lat' dir='ltr'><strong>ipsa</strong></span> <span class='ocrx_word' id='word_1_510' title='bbox 3017 599 3329 669; x_wconf 67' lang='lat' dir='ltr'><strong>Sapientia?</strong></span> <span class='ocrx_word' id='word_1_511' title='bbox 3346 603 3545 656; x_wconf 74' lang='lat' dir='ltr'><strong>Anima</strong></span> 
     </span>
    </p>
   </div>
   <div class='ocr_carea' id='block_1_67' title="bbox 1954 674 3543 762">
    <p class='ocr_par' dir='ltr' id='par_1_67' title="bbox 1954 674 3543 762">
     <span class='ocr_line' id='line_1_67' title="bbox 1954 674 3543 762; baseline 0.01 -34"><span class='ocrx_word' id='word_1_512' title='bbox 1954 674 2110 745; x_wconf 88' lang='lat' dir='ltr'><strong>justi,</strong></span> <span class='ocrx_word' id='word_1_513' title='bbox 2137 680 2291 735; x_wconf 88' lang='lat' dir='ltr'><strong>sedes</strong></span> <span class='ocrx_word' id='word_1_514' title='bbox 2324 680 2597 752; x_wconf 67' lang='lat' dir='ltr'><strong>sapientia:</strong></span> <span class='ocrx_word' id='word_1_515' title='bbox 2644 685 2795 756; x_wconf 88' lang='lat' dir='ltr'><strong>(Sap.</strong></span> <span class='ocrx_word' id='word_1_516' title='bbox 2819 688 2935 759; x_wconf 84' lang='lat' dir='ltr'><strong>vn).</strong></span> <span class='ocrx_word' id='word_1_517' title='bbox 2968 688 3025 745; x_wconf 88' lang='lat' dir='ltr'><strong>Si</strong></span> <span class='ocrx_word' id='word_1_518' title='bbox 3053 705 3178 761; x_wconf 86' lang='lat' dir='ltr'><strong>ergo</strong></span> <span class='ocrx_word' id='word_1_519' title='bbox 3206 691 3381 747; x_wconf 91' lang='lat' dir='ltr'><strong>anima</strong></span> <span class='ocrx_word' id='word_1_520' title='bbox 3405 691 3543 762; x_wconf 85' lang='lat' dir='ltr'><strong>justi</strong></span> 
     </span>
    </p>
   </div>
   <div class='ocr_carea' id='block_1_68' title="bbox 1959 767 3534 849">
    <p class='ocr_par' dir='ltr' id='par_1_68' title="bbox 1959 767 3534 849">
     <span class='ocr_line' id='line_1_68' title="bbox 1959 767 3534 849; baseline 0.012 -29"><span class='ocrx_word' id='word_1_521' title='bbox 1959 767 2112 822; x_wconf 78' lang='lat' dir='ltr'><strong>sedes</strong></span> <span class='ocrx_word' id='word_1_522' title='bbox 2152 780 2235 825; x_wconf 85' lang='lat' dir='ltr'><strong>est</strong></span> <span class='ocrx_word' id='word_1_523' title='bbox 2268 773 2572 843; x_wconf 59' lang='lat' dir='ltr'><strong>sapientiae;</strong></span> <span class='ocrx_word' id='word_1_524' title='bbox 2601 775 2670 830; x_wconf 87' lang='lat' dir='ltr'><strong>sit</strong></span> <span class='ocrx_word' id='word_1_525' title='bbox 2694 778 2867 832; x_wconf 91' lang='lat' dir='ltr'><strong>anima</strong></span> <span class='ocrx_word' id='word_1_526' title='bbox 2899 788 2984 833; x_wconf 91' lang='lat' dir='ltr'><strong>tua</strong></span> <span class='ocrx_word' id='word_1_527' title='bbox 3010 780 3182 849; x_wconf 87' lang='lat' dir='ltr'><strong>justa,</strong></span> <span class='ocrx_word' id='word_1_528' title='bbox 3213 793 3268 837; x_wconf 89' lang='lat' dir='ltr'><strong>et</strong></span> <span class='ocrx_word' id='word_1_529' title='bbox 3305 778 3534 839; x_wconf 48' lang='lat' dir='ltr'><strong>erisvre-</strong></span> 
     </span>
    </p>
   </div>
   <div class='ocr_carea' id='block_1_69' title="bbox 1957 859 3541 935">
    <p class='ocr_par' dir='ltr' id='par_1_69' title="bbox 1957 859 3541 935">
     <span class='ocr_line' id='line_1_69' title="bbox 1957 859 3541 935; baseline 0.013 -25"><span class='ocrx_word' id='word_1_530' title='bbox 1957 859 2090 927; x_wconf 86' lang='lat' dir='ltr'><strong>galis</strong></span> <span class='ocrx_word' id='word_1_531' title='bbox 2112 861 2241 916; x_wconf 89' lang='lat' dir='ltr'><strong>sella</strong></span> <span class='ocrx_word' id='word_1_532' title='bbox 2266 864 2558 929; x_wconf 66' lang='lat' dir='ltr'><strong>sapientiae.</strong></span> <span class='ocrx_word' id='word_1_533' title='bbox 2590 866 2658 921; x_wconf 89' lang='lat' dir='ltr'><strong>Et</strong></span> <span class='ocrx_word' id='word_1_534' title='bbox 2684 884 2887 935; x_wconf 78' lang='lat' dir='ltr'><strong>revera,</strong></span> <span class='ocrx_word' id='word_1_535' title='bbox 2916 870 3123 935; x_wconf 84' lang='lat' dir='ltr'><strong>fratres,</strong></span> <span class='ocrx_word' id='word_1_536' title='bbox 3152 889 3337 929; x_wconf 90' lang='lat' dir='ltr'><strong>omnes</strong></span> <span class='ocrx_word' id='word_1_537' title='bbox 3362 874 3541 930; x_wconf 50' lang='lat' dir='ltr'><strong>hami-</strong></span> 
     </span>
    </p>
   </div>
   <div class='ocr_carea' id='block_1_70' title="bbox 1958 953 3533 1032">
    <p class='ocr_par' dir='ltr' id='par_1_70' title="bbox 1958 953 3533 1032">
     <span class='ocr_line' id='line_1_70' title="bbox 1958 953 3533 1032; baseline 0.014 -31"><span class='ocrx_word' id='word_1_538' title='bbox 1958 964 2052 1003; x_wconf 90' lang='lat' dir='ltr'><strong>nes</strong></span> <span class='ocrx_word' id='word_1_539' title='bbox 2076 953 2161 1021; x_wconf 89' lang='lat' dir='ltr'><strong>qui</strong></span> <span class='ocrx_word' id='word_1_540' title='bbox 2192 953 2328 1009; x_wconf 90' lang='lat' dir='ltr'><strong>bene</strong></span> <span class='ocrx_word' id='word_1_541' title='bbox 2353 956 2553 1019; x_wconf 82' lang='lat' dir='ltr'><strong>vivunt.</strong></span> <span class='ocrx_word' id='word_1_542' title='bbox 2579 959 2670 1027; x_wconf 86' lang='lat' dir='ltr'><strong>qui</strong></span> <span class='ocrx_word' id='word_1_543' title='bbox 2695 960 2830 1015; x_wconf 89' lang='lat' dir='ltr'><strong>bene</strong></span> <span class='ocrx_word' id='word_1_544' title='bbox 2857 970 3047 1032; x_wconf 84' lang='lat' dir='ltr'><strong>agunt.</strong></span> <span class='ocrx_word' id='word_1_545' title='bbox 3080 965 3368 1019; x_wconf 72' lang='lat' dir='ltr'><strong>secundum</strong></span> <span class='ocrx_word' id='word_1_546' title='bbox 3396 966 3533 1023; x_wconf 82' lang='lat' dir='ltr'><strong>cha-</strong></span> 
     </span>
    </p>
   </div>
   <div class='ocr_carea' id='block_1_71' title="bbox 1955 1041 3524 1116">
    <p class='ocr_par' dir='ltr' id='par_1_71' title="bbox 1955 1041 3524 1116">
     <span class='ocr_line' id='line_1_71' title="bbox 1955 1041 3524 1116; baseline 0.012 -23"><span class='ocrx_word' id='word_1_547' title='bbox 1955 1041 2165 1097; x_wconf 85' lang='lat' dir='ltr'><strong>ritatem</strong></span> <span class='ocrx_word' id='word_1_548' title='bbox 2193 1045 2332 1113; x_wconf 80' lang='lat' dir='ltr'><strong>piam</strong></span> <span class='ocrx_word' id='word_1_549' title='bbox 2362 1047 2378 1077; x_wconf 80' lang='grc'>¹</span> <span class='ocrx_word' id='word_1_550' title='bbox 2409 1061 2823 1116; x_wconf 87' lang='lat' dir='ltr'><strong>conversantur,</strong></span> <span class='ocrx_word' id='word_1_551' title='bbox 2856 1068 3032 1108; x_wconf 87' lang='lat' dir='ltr'><strong>nonne</strong></span> <span class='ocrx_word' id='word_1_552' title='bbox 3060 1055 3200 1110; x_wconf 91' lang='lat' dir='ltr'><strong>Deus</strong></span> <span class='ocrx_word' id='word_1_553' title='bbox 3230 1057 3278 1109; x_wconf 93' lang='lat' dir='ltr'><strong>in</strong></span> <span class='ocrx_word' id='word_1_554' title='bbox 3310 1057 3412 1112; x_wconf 87' lang='lat' dir='ltr'><strong>illis</strong></span> <span class='ocrx_word' id='word_1_555' title='bbox 3436 1073 3524 1112; x_wconf 85' lang='lat' dir='ltr'><strong>se-</strong></span> 
     </span>
    </p>
   </div>
   <div class='ocr_carea' id='block_1_72' title="bbox 1954 1132 3541 1212">
    <p class='ocr_par' dir='ltr' id='par_1_72' title="bbox 1954 1132 3541 1212">
     <span class='ocr_line' id='line_1_72' title="bbox 1954 1132 3541 1212; baseline 0.011 -26"><span class='ocrx_word' id='word_1_556' title='bbox 1954 1132 2076 1199; x_wconf 87' lang='lat' dir='ltr'><strong>det,</strong></span> <span class='ocrx_word' id='word_1_557' title='bbox 2108 1144 2162 1189; x_wconf 89' lang='lat' dir='ltr'><strong>et</strong></span> <span class='ocrx_word' id='word_1_558' title='bbox 2191 1136 2302 1205; x_wconf 89' lang='lat' dir='ltr'><strong>ipse</strong></span> <span class='ocrx_word' id='word_1_559' title='bbox 2333 1136 2524 1206; x_wconf 89' lang='lat' dir='ltr'><strong>jubet?</strong></span> <span class='ocrx_word' id='word_1_560' title='bbox 2562 1138 2901 1212; x_wconf 80' lang='lat' dir='ltr'><strong>Obtemperat</strong></span> <span class='ocrx_word' id='word_1_561' title='bbox 2929 1145 3111 1200; x_wconf 32' lang='lat' dir='ltr'><strong>anima.</strong></span> <span class='ocrx_word' id='word_1_562' title='bbox 3137 1146 3339 1202; x_wconf 89' lang='lat' dir='ltr'><strong>sedenti</strong></span> <span class='ocrx_word' id='word_1_563' title='bbox 3380 1148 3429 1201; x_wconf 93' lang='lat' dir='ltr'><strong>in</strong></span> <span class='ocrx_word' id='word_1_564' title='bbox 3465 1162 3541 1205; x_wconf 64' lang='lat' dir='ltr'><strong>se</strong></span> 
     </span>
    </p>
   </div>
   <div class='ocr_carea' id='block_1_73' title="bbox 1957 1225 3545 1311">
    <p class='ocr_par' dir='ltr' id='par_1_73' title="bbox 1957 1225 3545 1311">
     <span class='ocr_line' id='line_1_73' title="bbox 1957 1225 3545 1311; baseline 0.011 -32"><span class='ocrx_word' id='word_1_565' title='bbox 1957 1225 2100 1291; x_wconf 82' lang='lat' dir='ltr'><strong>Deo,</strong></span> <span class='ocrx_word' id='word_1_566' title='bbox 2128 1238 2183 1282; x_wconf 89' lang='lat' dir='ltr'><strong>et</strong></span> <span class='ocrx_word' id='word_1_567' title='bbox 2227 1229 2337 1298; x_wconf 86' lang='lat' dir='ltr'><strong>ipsa</strong></span> <span class='ocrx_word' id='word_1_568' title='bbox 2378 1229 2529 1301; x_wconf 86' lang='lat' dir='ltr'><strong>jubet</strong></span> <span class='ocrx_word' id='word_1_569' title='bbox 2571 1234 2841 1289; x_wconf 90' lang='lat' dir='ltr'><strong>membris.</strong></span> <span class='ocrx_word' id='word_1_570' title='bbox 2874 1237 3231 1293; x_wconf 49' lang='lat' dir='ltr'><strong>Animarenim</strong></span> <span class='ocrx_word' id='word_1_571' title='bbox 3264 1241 3545 1311; x_wconf 25' lang='lat' dir='ltr'><strong>tuasjubet“</strong></span> 
     </span>
    </p>
   </div>
   <div class='ocr_carea' id='block_1_74' title="bbox 1956 1320 3526 1403">
    <p class='ocr_par' dir='ltr' id='par_1_74' title="bbox 1956 1320 3526 1403">
     <span class='ocr_line' id='line_1_74' title="bbox 1956 1320 3526 1403; baseline 0.01 -32"><span class='ocrx_word' id='word_1_572' title='bbox 1956 1320 2197 1373; x_wconf 91' lang='lat' dir='ltr'><strong>membro</strong></span> <span class='ocrx_word' id='word_1_573' title='bbox 2228 1330 2345 1388; x_wconf 91' lang='lat' dir='ltr'><strong>tuo,</strong></span> <span class='ocrx_word' id='word_1_574' title='bbox 2391 1338 2496 1393; x_wconf 91' lang='lat' dir='ltr'><strong>quo</strong></span> <span class='ocrx_word' id='word_1_575' title='bbox 2536 1338 2809 1383; x_wconf 86' lang='lat' dir='ltr'><strong>moveatur</strong></span> <span class='ocrx_word' id='word_1_576' title='bbox 2846 1344 2967 1399; x_wconf 87' lang='lat' dir='ltr'><strong>pes,</strong></span> <span class='ocrx_word' id='word_1_577' title='bbox 3017 1346 3122 1401; x_wconf 87' lang='lat' dir='ltr'><strong>quo</strong></span> <span class='ocrx_word' id='word_1_578' title='bbox 3161 1348 3379 1397; x_wconf 74' lang='lat' dir='ltr'><strong>manus,</strong></span> <span class='ocrx_word' id='word_1_579' title='bbox 3419 1349 3526 1403; x_wconf 82' lang='lat' dir='ltr'><strong>quo</strong></span> 
     </span>
    </p>
   </div>
   <div class='ocr_carea' id='block_1_75' title="bbox 1954 1410 3525 1489">
    <p class='ocr_par' dir='ltr' id='par_1_75' title="bbox 1954 1410 3525 1489">
     <span class='ocr_line' id='line_1_75' title="bbox 1954 1410 3525 1489; baseline 0.01 -28"><span class='ocrx_word' id='word_1_580' title='bbox 1954 1410 2157 1471; x_wconf 87' lang='lat' dir='ltr'><strong>oculus,</strong></span> <span class='ocrx_word' id='word_1_581' title='bbox 2185 1427 2290 1482; x_wconf 91' lang='lat' dir='ltr'><strong>quo</strong></span> <span class='ocrx_word' id='word_1_582' title='bbox 2317 1415 2480 1480; x_wconf 89' lang='lat' dir='ltr'><strong>auris,</strong></span> <span class='ocrx_word' id='word_1_583' title='bbox 2512 1425 2567 1471; x_wconf 93' lang='lat' dir='ltr'><strong>et</strong></span> <span class='ocrx_word' id='word_1_584' title='bbox 2586 1416 2737 1485; x_wconf 87' lang='lat' dir='ltr'><strong>jubet</strong></span> <span class='ocrx_word' id='word_1_585' title='bbox 2760 1420 2872 1488; x_wconf 89' lang='lat' dir='ltr'><strong>ipsa</strong></span> <span class='ocrx_word' id='word_1_586' title='bbox 2899 1421 3149 1475; x_wconf 91' lang='lat' dir='ltr'><strong>membris</strong></span> <span class='ocrx_word' id='word_1_587' title='bbox 3178 1432 3421 1489; x_wconf 86' lang='lat' dir='ltr'><strong>tanquam</strong></span> <span class='ocrx_word' id='word_1_588' title='bbox 3449 1424 3525 1477; x_wconf 82' lang='lat' dir='ltr'><strong>fa-</strong></span> 
     </span>
    </p>
   </div>
   <div class='ocr_carea' id='block_1_76' title="bbox 1955 1500 3522 1576">
    <p class='ocr_par' dir='ltr' id='par_1_76' title="bbox 1955 1500 3522 1576">
     <span class='ocr_line' id='line_1_76' title="bbox 1955 1500 3522 1576; baseline 0.008 -22"><span class='ocrx_word' id='word_1_589' title='bbox 1955 1500 2112 1555; x_wconf 89' lang='lat' dir='ltr'><strong>mulis</strong></span> <span class='ocrx_word' id='word_1_590' title='bbox 2146 1504 2257 1557; x_wconf 87' lang='lat' dir='ltr'><strong>suis</strong></span> <span class='ocrx_word' id='word_1_591' title='bbox 2288 1521 2302 1557; x_wconf 90' lang='lat'><strong>:</strong></span> <span class='ocrx_word' id='word_1_592' title='bbox 2341 1505 2432 1560; x_wconf 91' lang='lat' dir='ltr'><strong>sed</strong></span> <span class='ocrx_word' id='word_1_593' title='bbox 2471 1516 2525 1561; x_wconf 90' lang='lat' dir='ltr'><strong>et</strong></span> <span class='ocrx_word' id='word_1_594' title='bbox 2554 1507 2663 1576; x_wconf 90' lang='lat' dir='ltr'><strong>ipsa</strong></span> <span class='ocrx_word' id='word_1_595' title='bbox 2690 1511 2856 1564; x_wconf 91' lang='lat' dir='ltr'><strong>servit</strong></span> <span class='ocrx_word' id='word_1_596' title='bbox 2886 1512 3110 1568; x_wconf 89' lang='lat' dir='ltr'><strong>interius</strong></span> <span class='ocrx_word' id='word_1_597' title='bbox 3138 1512 3378 1567; x_wconf 88' lang='lat' dir='ltr'><strong>insidenti</strong></span> <span class='ocrx_word' id='word_1_598' title='bbox 3420 1513 3522 1568; x_wconf 90' lang='lat' dir='ltr'><strong>sibi</strong></span> 
     </span>
    </p>
   </div>
   <div class='ocr_carea' id='block_1_77' title="bbox 1956 1590 3520 1672">
    <p class='ocr_par' dir='ltr' id='par_1_77' title="bbox 1956 1590 3520 1672">
     <span class='ocr_line' id='line_1_77' title="bbox 1956 1590 3520 1672; baseline 0.01 -29"><span class='ocrx_word' id='word_1_599' title='bbox 1956 1590 2178 1647; x_wconf 90' lang='lat' dir='ltr'><strong>Domino</strong></span> <span class='ocrx_word' id='word_1_600' title='bbox 2210 1608 2327 1648; x_wconf 92' lang='lat' dir='ltr'><strong>suo.</strong></span> <span class='ocrx_word' id='word_1_601' title='bbox 2376 1596 2489 1650; x_wconf 93' lang='lat' dir='ltr'><strong>Non</strong></span> <span class='ocrx_word' id='word_1_602' title='bbox 2529 1607 2698 1666; x_wconf 89' lang='lat' dir='ltr'><strong>potest</strong></span> <span class='ocrx_word' id='word_1_603' title='bbox 2726 1600 2958 1655; x_wconf 84' lang='lat' dir='ltr'><strong>infcriori</strong></span> <span class='ocrx_word' id='word_1_604' title='bbox 2990 1617 3049 1656; x_wconf 92' lang='lat' dir='ltr'><strong>se</strong></span> <span class='ocrx_word' id='word_1_605' title='bbox 3074 1602 3207 1656; x_wconf 89' lang='lat' dir='ltr'><strong>bene</strong></span> <span class='ocrx_word' id='word_1_606' title='bbox 3238 1604 3520 1672; x_wconf 89' lang='lat' dir='ltr'><strong>imperare,</strong></span> 
     </span>
    </p>
   </div>
   <div class='ocr_carea' id='block_1_78' title="bbox 1952 1683 3522 1763">
    <p class='ocr_par' dir='ltr' id='par_1_78' title="bbox 1952 1683 3522 1763">
     <span class='ocr_line' id='line_1_78' title="bbox 1952 1683 3522 1763; baseline 0.009 -28"><span class='ocrx_word' id='word_1_607' title='bbox 1952 1683 2051 1737; x_wconf 87' lang='lat' dir='ltr'><strong>nisi</strong></span> <span class='ocrx_word' id='word_1_608' title='bbox 2096 1688 2354 1756; x_wconf 84' lang='lat' dir='ltr'><strong>superiori</strong></span> <span class='ocrx_word' id='word_1_609' title='bbox 2399 1703 2457 1743; x_wconf 91' lang='lat' dir='ltr'><strong>se</strong></span> <span class='ocrx_word' id='word_1_610' title='bbox 2502 1705 2604 1744; x_wconf 92' lang='lat' dir='ltr'><strong>non</strong></span> <span class='ocrx_word' id='word_1_611' title='bbox 2652 1689 2807 1745; x_wconf 84' lang='lat' dir='ltr'><strong>fuerit</strong></span> <span class='ocrx_word' id='word_1_612' title='bbox 2833 1692 3110 1763; x_wconf 81' lang='lat' dir='ltr'><strong>dedignata</strong></span> <span class='ocrx_word' id='word_1_613' title='bbox 3135 1695 3354 1750; x_wconf 87' lang='lat' dir='ltr'><strong>servire.</strong></span> <span class='ocrx_word' id='word_1_614' title='bbox 3385 1695 3522 1749; x_wconf 88' lang='lat' dir='ltr'><strong>Deus</strong></span> 
     </span>
    </p>
   </div>
   <div class='ocr_carea' id='block_1_79' title="bbox 1951 1779 2892 1847">
    <p class='ocr_par' dir='ltr' id='par_1_79' title="bbox 1951 1779 2892 1847">
     <span class='ocr_line' id='line_1_79' title="bbox 1951 1779 2892 1847; baseline 0.006 -18"><span class='ocrx_word' id='word_1_615' title='bbox 1951 1779 2085 1829; x_wconf 81' lang='lat' dir='ltr'><strong>sedet</strong></span> <span class='ocrx_word' id='word_1_616' title='bbox 2114 1794 2264 1847; x_wconf 88' lang='lat' dir='ltr'><strong>super</strong></span> <span class='ocrx_word' id='word_1_617' title='bbox 2287 1780 2452 1834; x_wconf 86' lang='lat' dir='ltr'><strong>sedem</strong></span> <span class='ocrx_word' id='word_1_618' title='bbox 2480 1791 2700 1834; x_wconf 86' lang='lat' dir='ltr'><strong>sanctam</strong></span> <span class='ocrx_word' id='word_1_619' title='bbox 2729 1798 2892 1835; x_wconf 87' lang='lat' dir='ltr'><strong>suam.</strong></span> 
     </span>
    </p>
   </div>
   <div class='ocr_carea' id='block_1_80' title="bbox 2024 1866 3522 1943">
    <p class='ocr_par' dir='ltr' id='par_1_80' title="bbox 2024 1866 3522 1943">
     <span class='ocr_line' id='line_1_80' title="bbox 2024 1866 3522 1943; baseline 0.005 -24"><span class='ocrx_word' id='word_1_620' title='bbox 2024 1867 2111 1920; x_wconf 76' lang='grc'><strong>11.</strong></span> <span class='ocrx_word' id='word_1_621' title='bbox 2162 1866 2311 1939; x_wconf 87' lang='lat' dir='ltr'><strong>[vers.</strong></span> <span class='ocrx_word' id='word_1_622' title='bbox 2350 1868 2459 1943; x_wconf 70' lang='lat'><strong>10.]</strong></span> <span class='ocrx_word' id='word_1_623' title='bbox 2529 1869 2791 1941; x_wconf 87' lang='lat' dir='ltr'><strong>Principes</strong></span> <span class='ocrx_word' id='word_1_624' title='bbox 2840 1874 3140 1943; x_wconf 79' lang='lat' dir='ltr'><strong>pepulerunt</strong></span> <span class='ocrx_word' id='word_1_625' title='bbox 3192 1886 3522 1929; x_wconf 85' lang='lat' dir='ltr'><strong>convenerunt</strong></span> 
     </span>
    </p>
   </div>
   <div class='ocr_carea' id='block_1_81' title="bbox 1951 1948 3524 2022">
    <p class='ocr_par' dir='ltr' id='par_1_81' title="bbox 1951 1948 3524 2022">
     <span class='ocr_line' id='line_1_81' title="bbox 1951 1948 3524 2022; baseline 0.008 -13"><span class='ocrx_word' id='word_1_626' title='bbox 1951 1973 2066 2011; x_wconf 89' lang='lat' dir='ltr'><strong>cum</strong></span> <span class='ocrx_word' id='word_1_627' title='bbox 2093 1957 2198 2012; x_wconf 92' lang='lat' dir='ltr'><strong>Deo</strong></span> <span class='ocrx_word' id='word_1_628' title='bbox 2228 1948 2497 2014; x_wconf 77' lang='lat' dir='ltr'><strong>Abraham.</strong></span> <span class='ocrx_word' id='word_1_629' title='bbox 2532 1963 2669 2016; x_wconf 90' lang='lat' dir='ltr'><strong>Deus</strong></span> <span class='ocrx_word' id='word_1_630' title='bbox 2713 1963 2976 2017; x_wconf 85' lang='lat' dir='ltr'><strong>Abraham</strong></span> <span class='ocrx_word' id='word_1_631' title='bbox 3020 1975 3074 2020; x_wconf 87' lang='lat' dir='ltr'><strong>et</strong></span> <span class='ocrx_word' id='word_1_632' title='bbox 3117 1965 3257 2020; x_wconf 86' lang='lat' dir='ltr'><strong>Dens</strong></span> <span class='ocrx_word' id='word_1_633' title='bbox 3296 1964 3442 2019; x_wconf 84' lang='lat' dir='ltr'><strong>Isaac</strong></span> <span class='ocrx_word' id='word_1_634' title='bbox 3468 1973 3524 2022; x_wconf 75' lang='lat' dir='ltr'><strong>et</strong></span> 
     </span>
    </p>
   </div>
   <div class='ocr_carea' id='block_1_82' title="bbox 1954 2047 3519 2121">
    <p class='ocr_par' dir='ltr' id='par_1_82' title="bbox 1954 2047 3519 2121">
     <span class='ocr_line' id='line_1_82' title="bbox 1954 2047 3519 2121; baseline 0.006 -21"><span class='ocrx_word' id='word_1_635' title='bbox 1954 2047 2094 2102; x_wconf 88' lang='lat' dir='ltr'><strong>Deus</strong></span> <span class='ocrx_word' id='word_1_636' title='bbox 2110 2047 2273 2103; x_wconf 85' lang='lat' dir='ltr'><strong>Jacob</strong></span> <span class='ocrx_word' id='word_1_637' title='bbox 2302 2050 2489 2119; x_wconf 77' lang='lat' dir='ltr'><strong>(Exod.</strong></span> <span class='ocrx_word' id='word_1_638' title='bbox 2518 2068 2602 2116; x_wconf 84' lang='grc' dir='ltr'><strong>ιιι,</strong></span> <span class='ocrx_word' id='word_1_639' title='bbox 2630 2054 2706 2121; x_wconf 83' lang='grc'><strong>6).</strong></span> <span class='ocrx_word' id='word_1_640' title='bbox 2734 2052 2928 2108; x_wconf 88' lang='lat' dir='ltr'><strong>Verum</strong></span> <span class='ocrx_word' id='word_1_641' title='bbox 2954 2064 3053 2119; x_wconf 88' lang='lat' dir='ltr'><strong>est,</strong></span> <span class='ocrx_word' id='word_1_642' title='bbox 3082 2054 3213 2110; x_wconf 80' lang='lat' dir='ltr'><strong>dixit</strong></span> <span class='ocrx_word' id='word_1_643' title='bbox 3241 2056 3340 2110; x_wconf 87' lang='lat' dir='ltr'><strong>hoc</strong></span> <span class='ocrx_word' id='word_1_644' title='bbox 3362 2057 3519 2119; x_wconf 82' lang='lat' dir='ltr'><strong>Deus.</strong></span> 
     </span>
    </p>
   </div>
   <div class='ocr_carea' id='block_1_83' title="bbox 1952 2140 3521 2217">
    <p class='ocr_par' dir='ltr' id='par_1_83' title="bbox 1952 2140 3521 2217">
     <span class='ocr_line' id='line_1_83' title="bbox 1952 2140 3521 2217; baseline 0.008 -26"><span class='ocrx_word' id='word_1_645' title='bbox 1952 2147 2006 2192; x_wconf 92' lang='lat' dir='ltr'><strong>et</strong></span> <span class='ocrx_word' id='word_1_646' title='bbox 2041 2140 2412 2208; x_wconf 89' lang='lat' dir='ltr'><strong>superbierunt</strong></span> <span class='ocrx_word' id='word_1_647' title='bbox 2456 2141 2576 2197; x_wconf 90' lang='lat' dir='ltr'><strong>inde</strong></span> <span class='ocrx_word' id='word_1_648' title='bbox 2617 2140 2814 2211; x_wconf 69' lang='lat' dir='ltr'><strong>Judmi,</strong></span> <span class='ocrx_word' id='word_1_649' title='bbox 2855 2154 2910 2201; x_wconf 88' lang='lat' dir='ltr'><strong>et</strong></span> <span class='ocrx_word' id='word_1_650' title='bbox 2954 2146 3203 2202; x_wconf 81' lang='lat' dir='ltr'><strong>dixerunt</strong></span> <span class='ocrx_word' id='word_1_651' title='bbox 3236 2166 3250 2203; x_wconf 89' lang='lat'><strong>:</strong></span> <span class='ocrx_word' id='word_1_652' title='bbox 3282 2147 3394 2202; x_wconf 88' lang='lat' dir='ltr'><strong>Nos</strong></span> <span class='ocrx_word' id='word_1_653' title='bbox 3426 2150 3521 2217; x_wconf 81' lang='lat' dir='ltr'><strong>ﬁlii</strong></span> 
     </span>
    </p>
   </div>
   <div class='ocr_carea' id='block_1_84' title="bbox 1951 2228 3519 2307">
    <p class='ocr_par' dir='ltr' id='par_1_84' title="bbox 1951 2228 3519 2307">
     <span class='ocr_line' id='line_1_84' title="bbox 1951 2228 3519 2307; baseline 0.006 -25"><span class='ocrx_word' id='word_1_654' title='bbox 1951 2228 2167 2283; x_wconf 58' lang='lat' dir='ltr'><strong>Abrahae</strong></span> <span class='ocrx_word' id='word_1_655' title='bbox 2189 2247 2379 2284; x_wconf 85' lang='lat' dir='ltr'><strong>sumus.</strong></span> <span class='ocrx_word' id='word_1_656' title='bbox 2406 2232 2778 2302; x_wconf 88' lang='lat' dir='ltr'><strong>Superbieutcs</strong></span> <span class='ocrx_word' id='word_1_657' title='bbox 2803 2235 2869 2290; x_wconf 92' lang='lat' dir='ltr'><strong>de</strong></span> <span class='ocrx_word' id='word_1_658' title='bbox 2894 2237 3108 2291; x_wconf 90' lang='lat' dir='ltr'><strong>nomine</strong></span> <span class='ocrx_word' id='word_1_659' title='bbox 3143 2248 3363 2306; x_wconf 84' lang='lat' dir='ltr'><strong>paterno</strong></span> <span class='ocrx_word' id='word_1_660' title='bbox 3381 2279 3395 2301; x_wconf 90' lang='lat'><strong>,</strong></span> <span class='ocrx_word' id='word_1_661' title='bbox 3426 2253 3519 2307; x_wconf 82' lang='lat' dir='ltr'><strong>ge—</strong></span> 
     </span>
    </p>
   </div>
   <div class='ocr_carea' id='block_1_85' title="bbox 1952 2322 3516 2397">
    <p class='ocr_par' dir='ltr' id='par_1_85' title="bbox 1952 2322 3516 2397">
     <span class='ocr_line' id='line_1_85' title="bbox 1952 2322 3516 2397; baseline 0.005 -22"><span class='ocrx_word' id='word_1_662' title='bbox 1952 2330 2131 2376; x_wconf 85' lang='lat' dir='ltr'><strong>rentes</strong></span> <span class='ocrx_word' id='word_1_663' title='bbox 2157 2322 2271 2392; x_wconf 91' lang='lat' dir='ltr'><strong>ejus</strong></span> <span class='ocrx_word' id='word_1_664' title='bbox 2297 2340 2532 2391; x_wconf 86' lang='lat' dir='ltr'><strong>carnem,</strong></span> <span class='ocrx_word' id='word_1_665' title='bbox 2561 2340 2664 2379; x_wconf 91' lang='lat' dir='ltr'><strong>non</strong></span> <span class='ocrx_word' id='word_1_666' title='bbox 2696 2336 2934 2383; x_wconf 91' lang='lat' dir='ltr'><strong>tenentes</strong></span> <span class='ocrx_word' id='word_1_667' title='bbox 2959 2329 3075 2397; x_wconf 90' lang='lat' dir='ltr'><strong>ejus</strong></span> <span class='ocrx_word' id='word_1_668' title='bbox 3100 2328 3290 2395; x_wconf 84' lang='lat' dir='ltr'><strong>tidem;</strong></span> <span class='ocrx_word' id='word_1_669' title='bbox 3314 2330 3516 2384; x_wconf 87' lang='lat' dir='ltr'><strong>semine</strong></span> 
     </span>
    </p>
   </div>
   <div class='ocr_carea' id='block_1_86' title="bbox 1951 2411 3514 2490">
    <p class='ocr_par' dir='ltr' id='par_1_86' title="bbox 1951 2411 3514 2490">
     <span class='ocr_line' id='line_1_86' title="bbox 1951 2411 3514 2490; baseline 0.006 -25"><span class='ocrx_word' id='word_1_670' title='bbox 1951 2411 2303 2479; x_wconf 60' lang='lat' dir='ltr'><strong>adhaerentes,</strong></span> <span class='ocrx_word' id='word_1_671' title='bbox 2330 2416 2564 2469; x_wconf 90' lang='lat' dir='ltr'><strong>moribus</strong></span> <span class='ocrx_word' id='word_1_672' title='bbox 2587 2416 2985 2486; x_wconf 81' lang='lat' dir='ltr'><strong>degenerantes.</strong></span> <span class='ocrx_word' id='word_1_673' title='bbox 3008 2420 3243 2490; x_wconf 89' lang='lat' dir='ltr'><strong>Denique</strong></span> <span class='ocrx_word' id='word_1_674' title='bbox 3263 2421 3514 2475; x_wconf 87' lang='lat' dir='ltr'><strong>Dominus</strong></span> 
     </span>
    </p>
   </div>
   <div class='ocr_carea' id='block_1_87' title="bbox 1950 2501 3515 2577">
    <p class='ocr_par' dir='ltr' id='par_1_87' title="bbox 1950 2501 3515 2577">
     <span class='ocr_line' id='line_1_87' title="bbox 1950 2501 3515 2577; baseline 0.007 -22"><span class='ocrx_word' id='word_1_675' title='bbox 1950 2501 2075 2572; x_wconf 90' lang='lat' dir='ltr'><strong>quid</strong></span> <span class='ocrx_word' id='word_1_676' title='bbox 2104 2503 2178 2556; x_wconf 92' lang='lat' dir='ltr'><strong>ait</strong></span> <span class='ocrx_word' id='word_1_677' title='bbox 2204 2504 2281 2557; x_wconf 92' lang='lat' dir='ltr'><strong>eis</strong></span> <span class='ocrx_word' id='word_1_678' title='bbox 2323 2505 2396 2558; x_wconf 89' lang='lat' dir='ltr'><strong>ita</strong></span> <span class='ocrx_word' id='word_1_679' title='bbox 2433 2506 2896 2574; x_wconf 84' lang='lat' dir='ltr'><strong>superbientibus?</strong></span> <span class='ocrx_word' id='word_1_680' title='bbox 2928 2509 2987 2563; x_wconf 91' lang='lat' dir='ltr'><strong>Si</strong></span> <span class='ocrx_word' id='word_1_681' title='bbox 3013 2510 3109 2577; x_wconf 81' lang='lat' dir='ltr'><strong>ﬁlii</strong></span> <span class='ocrx_word' id='word_1_682' title='bbox 3143 2511 3356 2565; x_wconf 69' lang='lat' dir='ltr'><strong>Abrahae</strong></span> <span class='ocrx_word' id='word_1_683' title='bbox 3381 2514 3515 2577; x_wconf 83' lang='lat' dir='ltr'><strong>estis,</strong></span> 
     </span>
    </p>
   </div>
   <div class='ocr_carea' id='block_1_88' title="bbox 1950 2595 3517 2673">
    <p class='ocr_par' dir='ltr' id='par_1_88' title="bbox 1950 2595 3517 2673">
     <span class='ocr_line' id='line_1_88' title="bbox 1950 2595 3517 2673; baseline 0.008 -27"><span class='ocrx_word' id='word_1_684' title='bbox 1950 2597 2086 2664; x_wconf 78' lang='lat' dir='ltr'><strong>facta</strong></span> <span class='ocrx_word' id='word_1_685' title='bbox 2121 2595 2338 2649; x_wconf 77' lang='lat' dir='ltr'><strong>Abraha:</strong></span> <span class='ocrx_word' id='word_1_686' title='bbox 2382 2597 2531 2665; x_wconf 83' lang='lat' dir='ltr'><strong>facile</strong></span> <span class='ocrx_word' id='word_1_687' title='bbox 2574 2597 2749 2666; x_wconf 86' lang='lat' dir='ltr'><strong>(Joan.</strong></span> <span class='ocrx_word' id='word_1_688' title='bbox 2773 2614 2900 2664; x_wconf 75' lang='lat' dir='ltr'><strong>vnn,</strong></span> <span class='ocrx_word' id='word_1_689' title='bbox 2928 2602 3028 2667; x_wconf 79' lang='grc'><strong>55,</strong></span> <span class='ocrx_word' id='word_1_690' title='bbox 3058 2602 3171 2671; x_wconf 81' lang='lat'><strong>59).</strong></span> <span class='ocrx_word' id='word_1_691' title='bbox 3222 2603 3346 2657; x_wconf 90' lang='lat' dir='ltr'><strong>ltent</strong></span> <span class='ocrx_word' id='word_1_692' title='bbox 3393 2604 3517 2673; x_wconf 87' lang='lat' dir='ltr'><strong>quid</strong></span> 
     </span>
    </p>
   </div>
   <div class='ocr_carea' id='block_1_89' title="bbox 1950 2683 3517 2750">
    <p class='ocr_par' dir='ltr' id='par_1_89' title="bbox 1950 2683 3517 2750">
     <span class='ocr_line' id='line_1_89' title="bbox 1950 2683 3517 2750; baseline 0.008 -13"><span class='ocrx_word' id='word_1_693' title='bbox 1950 2683 2084 2738; x_wconf 80' lang='lat' dir='ltr'><strong>dixit</strong></span> <span class='ocrx_word' id='word_1_694' title='bbox 2123 2685 2225 2738; x_wconf 91' lang='lat' dir='ltr'><strong>illis</strong></span> <span class='ocrx_word' id='word_1_695' title='bbox 2267 2686 2497 2741; x_wconf 82' lang='lat' dir='ltr'><strong>Joannes</strong></span> <span class='ocrx_word' id='word_1_696' title='bbox 2539 2689 2869 2745; x_wconf 90' lang='lat' dir='ltr'><strong>venientibus</strong></span> <span class='ocrx_word' id='word_1_697' title='bbox 2905 2700 2959 2745; x_wconf 91' lang='lat' dir='ltr'><strong>et</strong></span> <span class='ocrx_word' id='word_1_698' title='bbox 2992 2694 3517 2750; x_wconf 86' lang='lat' dir='ltr'><strong>contremiscentibus</strong></span> 
     </span>
    </p>
   </div>
   <div class='ocr_carea' id='block_1_90' title="bbox 1949 2778 3516 2856">
    <p class='ocr_par' dir='ltr' id='par_1_90' title="bbox 1949 2778 3516 2856">
     <span class='ocr_line' id='line_1_90' title="bbox 1949 2778 3516 2856; baseline 0.007 -28"><span class='ocrx_word' id='word_1_699' title='bbox 1949 2778 2261 2847; x_wconf 88' lang='lat' dir='ltr'><strong>quibusdam</strong></span> <span class='ocrx_word' id='word_1_700' title='bbox 2292 2779 2544 2850; x_wconf 79' lang='lat' dir='ltr'><strong>ipsorum,</strong></span> <span class='ocrx_word' id='word_1_701' title='bbox 2573 2781 2661 2851; x_wconf 87' lang='lat' dir='ltr'><strong>qui</strong></span> <span class='ocrx_word' id='word_1_702' title='bbox 2692 2796 2750 2836; x_wconf 92' lang='lat' dir='ltr'><strong>se</strong></span> <span class='ocrx_word' id='word_1_703' title='bbox 2779 2784 3081 2850; x_wconf 62' lang='lat' dir='ltr'><strong>paenitendo</strong></span> <span class='ocrx_word' id='word_1_704' title='bbox 3115 2785 3382 2856; x_wconf 89' lang='lat' dir='ltr'><strong>corrigere</strong></span> <span class='ocrx_word' id='word_1_705' title='bbox 3421 2802 3516 2840; x_wconf 86' lang='lat' dir='ltr'><strong>vo-</strong></span> 
     </span>
    </p>
   </div>
   <div class='ocr_carea' id='block_1_91' title="bbox 1950 2868 3518 2946">
    <p class='ocr_par' dir='ltr' id='par_1_91' title="bbox 1950 2868 3518 2946">
     <span class='ocr_line' id='line_1_91' title="bbox 1950 2868 3518 2946; baseline 0.006 -24"><span class='ocrx_word' id='word_1_706' title='bbox 1950 2868 2197 2924; x_wconf 86' lang='lat' dir='ltr'><strong>luerunt?</strong></span> <span class='ocrx_word' id='word_1_707' title='bbox 2216 2869 2485 2939; x_wconf 81' lang='lat' dir='ltr'><strong>Progenies</strong></span> <span class='ocrx_word' id='word_1_708' title='bbox 2500 2873 2800 2942; x_wconf 82' lang='lat' dir='ltr'><strong>viperarum.</strong></span> <span class='ocrx_word' id='word_1_709' title='bbox 2822 2874 2985 2929; x_wconf 82' lang='lat' dir='ltr'><strong>Erant</strong></span> <span class='ocrx_word' id='word_1_710' title='bbox 3002 2876 3141 2930; x_wconf 90' lang='lat' dir='ltr'><strong>enim</strong></span> <span class='ocrx_word' id='word_1_711' title='bbox 3162 2877 3346 2946; x_wconf 91' lang='lat' dir='ltr'><strong>iniqui,</strong></span> <span class='ocrx_word' id='word_1_712' title='bbox 3366 2887 3518 2932; x_wconf 82' lang='lat' dir='ltr'><strong>erant</strong></span> 
     </span>
    </p>
   </div>
   <div class='ocr_carea' id='block_1_92' title="bbox 1951 2959 3516 3035">
    <p class='ocr_par' dir='ltr' id='par_1_92' title="bbox 1951 2959 3516 3035">
     <span class='ocr_line' id='line_1_92' title="bbox 1951 2959 3516 3035; baseline 0.008 -22"><span class='ocrx_word' id='word_1_713' title='bbox 1951 2959 2172 3028; x_wconf 88' lang='lat' dir='ltr'><strong>perditi,</strong></span> <span class='ocrx_word' id='word_1_714' title='bbox 2204 2970 2355 3016; x_wconf 90' lang='lat' dir='ltr'><strong>erant</strong></span> <span class='ocrx_word' id='word_1_715' title='bbox 2384 2971 2719 3031; x_wconf 87' lang='lat' dir='ltr'><strong>peccatores,</strong></span> <span class='ocrx_word' id='word_1_716' title='bbox 2750 2974 2903 3019; x_wconf 90' lang='lat' dir='ltr'><strong>erant</strong></span> <span class='ocrx_word' id='word_1_717' title='bbox 2938 2966 3083 3035; x_wconf 89' lang='lat' dir='ltr'><strong>impii</strong></span> <span class='ocrx_word' id='word_1_718' title='bbox 3118 2985 3130 3019; x_wconf 94' lang='lat'><strong>:</strong></span> <span class='ocrx_word' id='word_1_719' title='bbox 3166 2978 3424 3024; x_wconf 87' lang='lat' dir='ltr'><strong>venerunt</strong></span> <span class='ocrx_word' id='word_1_720' title='bbox 3448 2969 3516 3025; x_wconf 90' lang='lat' dir='ltr'><strong>ad</strong></span> 
     </span>
    </p>
   </div>
   <div class='ocr_carea' id='block_1_93' title="bbox 1949 3051 3516 3131">
    <p class='ocr_par' dir='ltr' id='par_1_93' title="bbox 1949 3051 3516 3131">
     <span class='ocr_line' id='line_1_93' title="bbox 1949 3051 3516 3131; baseline 0.008 -26"><span class='ocrx_word' id='word_1_721' title='bbox 1949 3051 2264 3121; x_wconf 85' lang='lat' dir='ltr'><strong>baptismum</strong></span> <span class='ocrx_word' id='word_1_722' title='bbox 2293 3052 2509 3108; x_wconf 86' lang='lat' dir='ltr'><strong>Joannis</strong></span> <span class='ocrx_word' id='word_1_723' title='bbox 2547 3072 2561 3108; x_wconf 92' lang='lat'><strong>:</strong></span> <span class='ocrx_word' id='word_1_724' title='bbox 2602 3063 2654 3110; x_wconf 92' lang='lat' dir='ltr'><strong>et</strong></span> <span class='ocrx_word' id='word_1_725' title='bbox 2682 3055 2807 3125; x_wconf 90' lang='lat' dir='ltr'><strong>quid</strong></span> <span class='ocrx_word' id='word_1_726' title='bbox 2846 3057 2924 3112; x_wconf 90' lang='lat' dir='ltr'><strong>eis</strong></span> <span class='ocrx_word' id='word_1_727' title='bbox 2948 3057 3112 3113; x_wconf 83' lang='lat' dir='ltr'><strong>dicit?</strong></span> <span class='ocrx_word' id='word_1_728' title='bbox 3141 3058 3411 3131; x_wconf 86' lang='lat' dir='ltr'><strong>Progenies</strong></span> <span class='ocrx_word' id='word_1_729' title='bbox 3438 3063 3516 3116; x_wconf 80' lang='lat' dir='ltr'><strong>vi-</strong></span> 
     </span>
    </p>
   </div>
   <div class='ocr_carea' id='block_1_94' title="bbox 1949 3134 3517 3223">
    <p class='ocr_par' dir='ltr' id='par_1_94' title="bbox 1949 3134 3517 3223">
     <span class='ocr_line' id='line_1_94' title="bbox 1949 3134 3517 3223; baseline 0.009 -28"><span class='ocrx_word' id='word_1_730' title='bbox 1949 3159 2198 3214; x_wconf 78' lang='lat' dir='ltr'><strong>perurunt.</strong></span> <span class='ocrx_word' id='word_1_731' title='bbox 2231 3144 2308 3199; x_wconf 87' lang='lat' dir='ltr'><strong>nn</strong></span> <span class='ocrx_word' id='word_1_732' title='bbox 2346 3160 2405 3199; x_wconf 90' lang='lat' dir='ltr'><strong>se</strong></span> <span class='ocrx_word' id='word_1_733' title='bbox 2439 3146 2684 3202; x_wconf 73' lang='lat' dir='ltr'><strong>dicebant</strong></span> <span class='ocrx_word' id='word_1_734' title='bbox 2721 3147 2857 3203; x_wconf 82' lang='lat' dir='ltr'><strong>ﬁlios</strong></span> <span class='ocrx_word' id='word_1_735' title='bbox 2884 3149 3139 3217; x_wconf 69' lang='lat' dir='ltr'><strong>Abrahaz,</strong></span> <span class='ocrx_word' id='word_1_736' title='bbox 3165 3134 3220 3207; x_wconf 81' lang='lat' dir='ltr'><strong>et</strong></span> <span class='ocrx_word' id='word_1_737' title='bbox 3257 3152 3370 3223; x_wconf 89' lang='lat' dir='ltr'><strong>ipse</strong></span> <span class='ocrx_word' id='word_1_738' title='bbox 3397 3154 3517 3211; x_wconf 87' lang='lat' dir='ltr'><strong>illos</strong></span> 
     </span>
    </p>
   </div>
   <div class='ocr_carea' id='block_1_95' title="bbox 1947 3234 3513 3316">
    <p class='ocr_par' dir='ltr' id='par_1_95' title="bbox 1947 3234 3513 3316">
     <span class='ocr_line' id='line_1_95' title="bbox 1947 3234 3513 3316; baseline 0.009 -28"><span class='ocrx_word' id='word_1_739' title='bbox 1947 3234 2155 3289; x_wconf 89' lang='lat' dir='ltr'><strong>dicebat</strong></span> <span class='ocrx_word' id='word_1_740' title='bbox 2197 3236 2332 3292; x_wconf 88' lang='lat' dir='ltr'><strong>lilios</strong></span> <span class='ocrx_word' id='word_1_741' title='bbox 2380 3237 2701 3307; x_wconf 87' lang='lat' dir='ltr'><strong>viperarum.</strong></span> <span class='ocrx_word' id='word_1_742' title='bbox 2732 3240 2993 3310; x_wconf 89' lang='lat' dir='ltr'><strong>Numquid</strong></span> <span class='ocrx_word' id='word_1_743' title='bbox 3032 3243 3296 3299; x_wconf 83' lang='lat' dir='ltr'><strong>Abraham</strong></span> <span class='ocrx_word' id='word_1_744' title='bbox 3338 3247 3513 3316; x_wconf 76' lang='lat' dir='ltr'><strong>vipera</strong></span> 
     </span>
    </p>
   </div>
   <div class='ocr_carea' id='block_1_96' title="bbox 1948 3326 3511 3407">
    <p class='ocr_par' dir='ltr' id='par_1_96' title="bbox 1948 3326 3511 3407">
     <span class='ocr_line' id='line_1_96' title="bbox 1948 3326 3511 3407; baseline 0.009 -27"><span class='ocrx_word' id='word_1_745' title='bbox 1948 3328 2096 3380; x_wconf 89' lang='lat' dir='ltr'><strong>erat?</strong></span> <span class='ocrx_word' id='word_1_746' title='bbox 2126 3326 2228 3381; x_wconf 90' lang='lat' dir='ltr'><strong>Sed</strong></span> <span class='ocrx_word' id='word_1_747' title='bbox 2259 3328 2379 3397; x_wconf 90' lang='lat' dir='ltr'><strong>quia</strong></span> <span class='ocrx_word' id='word_1_748' title='bbox 2411 3330 2548 3385; x_wconf 80' lang='lat' dir='ltr'><strong>male</strong></span> <span class='ocrx_word' id='word_1_749' title='bbox 2574 3330 2797 3386; x_wconf 87' lang='lat' dir='ltr'><strong>vivendo</strong></span> <span class='ocrx_word' id='word_1_750' title='bbox 2827 3332 3095 3389; x_wconf 67' lang='lat' dir='ltr'><strong>daemones</strong></span> <span class='ocrx_word' id='word_1_751' title='bbox 3125 3336 3311 3392; x_wconf 89' lang='lat' dir='ltr'><strong>imitati</strong></span> <span class='ocrx_word' id='word_1_752' title='bbox 3341 3348 3511 3407; x_wconf 91' lang='lat' dir='ltr'><strong>crant,</strong></span> 
     </span>
    </p>
   </div>
   <div class='ocr_carea' id='block_1_97' title="bbox 1946 3418 3513 3491">
    <p class='ocr_par' dir='ltr' id='par_1_97' title="bbox 1946 3418 3513 3491">
     <span class='ocr_line' id='line_1_97' title="bbox 1946 3418 3513 3491; baseline 0.007 -19"><span class='ocrx_word' id='word_1_753' title='bbox 1946 3426 2000 3472; x_wconf 89' lang='lat' dir='ltr'><strong>et</strong></span> <span class='ocrx_word' id='word_1_754' title='bbox 2025 3433 2204 3471; x_wconf 88' lang='lat' dir='ltr'><strong>eorum</strong></span> <span class='ocrx_word' id='word_1_755' title='bbox 2237 3419 2330 3473; x_wconf 87' lang='lat' dir='ltr'><strong>lilii</strong></span> <span class='ocrx_word' id='word_1_756' title='bbox 2371 3418 2499 3474; x_wconf 79' lang='lat' dir='ltr'><strong>facti</strong></span> <span class='ocrx_word' id='word_1_757' title='bbox 2535 3431 2719 3487; x_wconf 87' lang='lat' dir='ltr'><strong>erant,</strong></span> <span class='ocrx_word' id='word_1_758' title='bbox 2748 3438 2881 3491; x_wconf 90' lang='lat' dir='ltr'><strong>quos</strong></span> <span class='ocrx_word' id='word_1_759' title='bbox 2920 3424 3174 3479; x_wconf 87' lang='lat' dir='ltr'><strong>imitando</strong></span> <span class='ocrx_word' id='word_1_760' title='bbox 3203 3427 3339 3481; x_wconf 89' lang='lat' dir='ltr'><strong>male</strong></span> <span class='ocrx_word' id='word_1_761' title='bbox 3367 3429 3513 3483; x_wconf 81' lang='lat' dir='ltr'><strong>vive-</strong></span> 
     </span>
    </p>
   </div>
   <div class='ocr_carea' id='block_1_98' title="bbox 1947 3506 3577 3582">
    <p class='ocr_par' dir='ltr' id='par_1_98' title="bbox 1947 3506 3577 3582">
     <span class='ocr_line' id='line_1_98' title="bbox 1947 3506 3577 3582; baseline 0.007 -21"><span class='ocrx_word' id='word_1_762' title='bbox 1947 3506 2073 3562; x_wconf 89' lang='lat' dir='ltr'><strong>bant</strong></span> <span class='ocrx_word' id='word_1_763' title='bbox 2101 3527 2113 3561; x_wconf 91' lang='lat'>:</span> <span class='ocrx_word' id='word_1_764' title='bbox 2143 3507 2436 3578; x_wconf 87' lang='lat' dir='ltr'><strong>Progenies,</strong></span> <span class='ocrx_word' id='word_1_765' title='bbox 2465 3511 2657 3581; x_wconf 87' lang='lat' dir='ltr'><strong>inquit,</strong></span> <span class='ocrx_word' id='word_1_766' title='bbox 2678 3512 2978 3582; x_wconf 76' lang='lat' dir='ltr'><strong>viperarum,</strong></span> <span class='ocrx_word' id='word_1_767' title='bbox 3008 3515 3115 3581; x_wconf 86' lang='lat' dir='ltr'><strong>quis</strong></span> <span class='ocrx_word' id='word_1_768' title='bbox 3139 3516 3274 3570; x_wconf 86' lang='lat' dir='ltr'><strong>vobis</strong></span> <span class='ocrx_word' id='word_1_769' title='bbox 3303 3520 3514 3571; x_wconf 86' lang='lat' dir='ltr'><strong>ostendit</strong></span> <span class='ocrx_word' id='word_1_770' title='bbox 3570 3510 3577 3513; x_wconf 32' lang='grc'><em>⁴</em></span> 
     </span>
    </p>
   </div>
   <div class='ocr_carea' id='block_1_99' title="bbox 1947 3603 3516 3679">
    <p class='ocr_par' dir='ltr' id='par_1_99' title="bbox 1947 3603 3516 3679">
     <span class='ocr_line' id='line_1_99' title="bbox 1947 3603 3516 3679; baseline 0.006 -25"><span class='ocrx_word' id='word_1_771' title='bbox 1947 3603 2119 3673; x_wconf 79' lang='lat' dir='ltr'><strong>fugere</strong></span> <span class='ocrx_word' id='word_1_772' title='bbox 2141 3603 2202 3657; x_wconf 91' lang='lat' dir='ltr'><strong>ab</strong></span> <span class='ocrx_word' id='word_1_773' title='bbox 2226 3605 2303 3657; x_wconf 90' lang='lat' dir='ltr'><strong>ira</strong></span> <span class='ocrx_word' id='word_1_774' title='bbox 2331 3605 2578 3658; x_wconf 86' lang='lat' dir='ltr'><strong>ventura?</strong></span> <span class='ocrx_word' id='word_1_775' title='bbox 2612 3604 2781 3660; x_wconf 83' lang='lat' dir='ltr'><strong>Facite</strong></span> <span class='ocrx_word' id='word_1_776' title='bbox 2799 3622 2919 3677; x_wconf 77' lang='lat' dir='ltr'><strong>ergo</strong></span> <span class='ocrx_word' id='word_1_777' title='bbox 2942 3607 3159 3675; x_wconf 79' lang='lat' dir='ltr'><strong>fructum</strong></span> <span class='ocrx_word' id='word_1_778' title='bbox 3184 3609 3390 3677; x_wconf 84' lang='lat' dir='ltr'><strong>dignum</strong></span> <span class='ocrx_word' id='word_1_779' title='bbox 3410 3626 3516 3679; x_wconf 71' lang='lat' dir='ltr'><strong>pae-</strong></span> 
     </span>
    </p>
   </div>
   <div class='ocr_carea' id='block_1_100' title="bbox 1946 3694 3521 3765">
    <p class='ocr_par' dir='ltr' id='par_1_100' title="bbox 1946 3694 3521 3765">
     <span class='ocr_line' id='line_1_100' title="bbox 1946 3694 3521 3765; baseline 0.004 -20"><span class='ocrx_word' id='word_1_780' title='bbox 1946 3694 2166 3747; x_wconf 74' lang='lat' dir='ltr'><strong>nitentia:</strong></span> <span class='ocrx_word' id='word_1_781' title='bbox 2193 3710 2210 3747; x_wconf 90' lang='lat'><strong><em>:</em></strong></span> <span class='ocrx_word' id='word_1_782' title='bbox 2240 3704 2283 3748; x_wconf 82' lang='lat' dir='ltr'><strong>et</strong></span> <span class='ocrx_word' id='word_1_783' title='bbox 2305 3695 2457 3748; x_wconf 79' lang='lat' dir='ltr'><strong>nolite</strong></span> <span class='ocrx_word' id='word_1_784' title='bbox 2476 3694 2639 3748; x_wconf 89' lang='lat' dir='ltr'><strong>dicere</strong></span> <span class='ocrx_word' id='word_1_785' title='bbox 2656 3696 3164 3765; x_wconf 74' lang='lat' dir='ltr'><strong>apudvosmetipsos,</strong></span> <span class='ocrx_word' id='word_1_786' title='bbox 3196 3696 3398 3751; x_wconf 74' lang='lat' dir='ltr'><strong>Patrem</strong></span> <span class='ocrx_word' id='word_1_787' title='bbox 3423 3700 3521 3753; x_wconf 76' lang='lat' dir='ltr'><strong>lm-</strong></span> 
     </span>
    </p>
   </div>
   <div class='ocr_carea' id='block_1_101' title="bbox 1946 3781 3510 3855">
    <p class='ocr_par' dir='ltr' id='par_1_101' title="bbox 1946 3781 3510 3855">
     <span class='ocr_line' id='line_1_101' title="bbox 1946 3781 3510 3855; baseline 0.005 -20"><span class='ocrx_word' id='word_1_788' title='bbox 1946 3781 2114 3837; x_wconf 83' lang='lat' dir='ltr'><strong>bemus</strong></span> <span class='ocrx_word' id='word_1_789' title='bbox 2129 3783 2401 3849; x_wconf 80' lang='lat' dir='ltr'><strong>Abraham,</strong></span> <span class='ocrx_word' id='word_1_790' title='bbox 2420 3794 2473 3837; x_wconf 90' lang='lat' dir='ltr'><strong>et</strong></span> <span class='ocrx_word' id='word_1_791' title='bbox 2493 3784 2640 3853; x_wconf 91' lang='lat' dir='ltr'><strong>quasi</strong></span> <span class='ocrx_word' id='word_1_792' title='bbox 2663 3785 3019 3854; x_wconf 80' lang='lat' dir='ltr'><strong>superbirede</strong></span> <span class='ocrx_word' id='word_1_793' title='bbox 3040 3787 3510 3855; x_wconf 68' lang='lat' dir='ltr'><strong>genereAbrshaa;</strong></span> 
     </span>
    </p>
   </div>
   <div class='ocr_carea' id='block_1_102' title="bbox 1946 3872 3513 3948">
    <p class='ocr_par' dir='ltr' id='par_1_102' title="bbox 1946 3872 3513 3948">
     <span class='ocr_line' id='line_1_102' title="bbox 1946 3872 3513 3948; baseline 0.006 -24"><span class='ocrx_word' id='word_1_794' title='bbox 1946 3883 2119 3941; x_wconf 86' lang='lat' dir='ltr'><strong>potens</strong></span> <span class='ocrx_word' id='word_1_795' title='bbox 2158 3882 2231 3926; x_wconf 87' lang='lat' dir='ltr'><strong>est</strong></span> <span class='ocrx_word' id='word_1_796' title='bbox 2271 3874 2400 3926; x_wconf 89' lang='lat' dir='ltr'><strong>enim</strong></span> <span class='ocrx_word' id='word_1_797' title='bbox 2428 3872 2563 3926; x_wconf 83' lang='lat' dir='ltr'><strong>Deus</strong></span> <span class='ocrx_word' id='word_1_798' title='bbox 2603 3874 2665 3926; x_wconf 89' lang='lat' dir='ltr'><strong>de</strong></span> <span class='ocrx_word' id='word_1_799' title='bbox 2700 3875 2949 3943; x_wconf 85' lang='lat' dir='ltr'><strong>lapidibus</strong></span> <span class='ocrx_word' id='word_1_800' title='bbox 2978 3876 3085 3930; x_wconf 85' lang='lat' dir='ltr'><strong>istis</strong></span> <span class='ocrx_word' id='word_1_801' title='bbox 3115 3879 3370 3933; x_wconf 69' lang='lat' dir='ltr'><strong>suscitare</strong></span> <span class='ocrx_word' id='word_1_802' title='bbox 3380 3881 3513 3948; x_wconf 79' lang='lat' dir='ltr'><strong>ﬁlios</strong></span> 
     </span>
    </p>
   </div>
   <div class='ocr_carea' id='block_1_103' title="bbox 1944 3963 3513 4036">
    <p class='ocr_par' dir='ltr' id='par_1_103' title="bbox 1944 3963 3513 4036">
     <span class='ocr_line' id='line_1_103' title="bbox 1944 3963 3513 4036; baseline 0.009 -21"><span class='ocrx_word' id='word_1_803' title='bbox 1944 3963 2161 4017; x_wconf 61' lang='lat' dir='ltr'><strong>Abrahae</strong></span> <span class='ocrx_word' id='word_1_804' title='bbox 2188 3963 2396 4034; x_wconf 80' lang='lat' dir='ltr'><strong>(Matth.</strong></span> <span class='ocrx_word' id='word_1_805' title='bbox 2426 3980 2481 4019; x_wconf 84' lang='lat' dir='ltr'><strong>tu</strong></span> <span class='ocrx_word' id='word_1_806' title='bbox 2503 4006 2517 4029; x_wconf 92' lang='lat'><strong>,</strong></span> <span class='ocrx_word' id='word_1_807' title='bbox 2545 3966 2708 4036; x_wconf 85' lang='lat'><strong>7-9).</strong></span> <span class='ocrx_word' id='word_1_808' title='bbox 2740 3965 2853 4021; x_wconf 89' lang='lat' dir='ltr'><strong>Non</strong></span> <span class='ocrx_word' id='word_1_809' title='bbox 2884 3967 3024 4021; x_wconf 90' lang='lat' dir='ltr'><strong>enim</strong></span> <span class='ocrx_word' id='word_1_810' title='bbox 3064 3984 3403 4026; x_wconf 88' lang='lat' dir='ltr'><strong>remansurus</strong></span> <span class='ocrx_word' id='word_1_811' title='bbox 3432 3985 3513 4028; x_wconf 86' lang='lat' dir='ltr'><strong>est</strong></span> 
     </span>
    </p>
   </div>
   <div class='ocr_carea' id='block_1_104' title="bbox 1945 4055 3513 4136">
    <p class='ocr_par' dir='ltr' id='par_1_104' title="bbox 1945 4055 3513 4136">
     <span class='ocr_line' id='line_1_104' title="bbox 1945 4055 3513 4136; baseline 0.009 -27"><span class='ocrx_word' id='word_1_812' title='bbox 1945 4055 2216 4110; x_wconf 84' lang='lat' dir='ltr'><strong>Abraham</strong></span> <span class='ocrx_word' id='word_1_813' title='bbox 2240 4057 2355 4111; x_wconf 87' lang='lat' dir='ltr'><strong>sine</strong></span> <span class='ocrx_word' id='word_1_814' title='bbox 2395 4057 2543 4119; x_wconf 87' lang='lat' dir='ltr'><strong>liliis,</strong></span> <span class='ocrx_word' id='word_1_815' title='bbox 2572 4058 2616 4112; x_wconf 90' lang='lat' dir='ltr'><strong>si</strong></span> <span class='ocrx_word' id='word_1_816' title='bbox 2645 4072 2751 4113; x_wconf 93' lang='lat' dir='ltr'><strong>vos-</strong></span> <span class='ocrx_word' id='word_1_817' title='bbox 2766 4058 3091 4115; x_wconf 88' lang='lat' dir='ltr'><strong>damnaverit</strong></span> <span class='ocrx_word' id='word_1_818' title='bbox 3119 4062 3298 4119; x_wconf 77' lang='lat' dir='ltr'><strong>Deus:</strong></span> <span class='ocrx_word' id='word_1_819' title='bbox 3325 4075 3513 4136; x_wconf 85' lang='lat' dir='ltr'><strong>potens</strong></span> 
     </span>
    </p>
   </div>
   <div class='ocr_carea' id='block_1_105' title="bbox 1945 4147 3511 4225">
    <p class='ocr_par' dir='ltr' id='par_1_105' title="bbox 1945 4147 3511 4225">
     <span class='ocr_line' id='line_1_105' title="bbox 1945 4147 3511 4225; baseline 0.007 -23"><span class='ocrx_word' id='word_1_820' title='bbox 1945 4155 2027 4202; x_wconf 89' lang='lat' dir='ltr'><strong>est</strong></span> <span class='ocrx_word' id='word_1_821' title='bbox 2054 4147 2195 4202; x_wconf 91' lang='lat' dir='ltr'><strong>enim</strong></span> <span class='ocrx_word' id='word_1_822' title='bbox 2234 4156 2287 4200; x_wconf 85' lang='lat' dir='ltr'><strong>et</strong></span> <span class='ocrx_word' id='word_1_823' title='bbox 2323 4147 2576 4203; x_wconf 79' lang='lat' dir='ltr'><strong>damnare</strong></span> <span class='ocrx_word' id='word_1_824' title='bbox 2604 4163 2735 4217; x_wconf 90' lang='lat' dir='ltr'><strong>quos</strong></span> <span class='ocrx_word' id='word_1_825' title='bbox 2761 4149 2898 4213; x_wconf 91' lang='lat' dir='ltr'><strong>odit,</strong></span> <span class='ocrx_word' id='word_1_826' title='bbox 2929 4159 2983 4206; x_wconf 91' lang='lat' dir='ltr'><strong>et</strong></span> <span class='ocrx_word' id='word_1_827' title='bbox 3016 4151 3089 4205; x_wconf 91' lang='lat' dir='ltr'><strong>illi</strong></span> <span class='ocrx_word' id='word_1_828' title='bbox 3129 4148 3349 4209; x_wconf 88' lang='lat' dir='ltr'><strong>reddere</strong></span> <span class='ocrx_word' id='word_1_829' title='bbox 3378 4172 3511 4225; x_wconf 88' lang='lat' dir='ltr'><strong>quos</strong></span> 
     </span>
    </p>
   </div>
   <div class='ocr_carea' id='block_1_106' title="bbox 1946 4237 3513 4306">
    <p class='ocr_par' dir='ltr' id='par_1_106' title="bbox 1946 4237 3513 4306">
     <span class='ocr_line' id='line_1_106' title="bbox 1946 4237 3513 4306; baseline 0.008 -16"><span class='ocrx_word' id='word_1_830' title='bbox 1946 4238 2207 4306; x_wconf 80' lang='lat' dir='ltr'><strong>promisit.</strong></span> <span class='ocrx_word' id='word_1_831' title='bbox 2238 4237 2307 4293; x_wconf 88' lang='lat' dir='ltr'><strong>Et</strong></span> <span class='ocrx_word' id='word_1_832' title='bbox 2336 4238 2475 4292; x_wconf 89' lang='lat' dir='ltr'><strong>unde</strong></span> <span class='ocrx_word' id='word_1_833' title='bbox 2504 4240 2576 4293; x_wconf 91' lang='lat' dir='ltr'><strong>illi</strong></span> <span class='ocrx_word' id='word_1_834' title='bbox 2605 4240 2905 4295; x_wconf 83' lang='lat' dir='ltr'><strong>redditurus</strong></span> <span class='ocrx_word' id='word_1_835' title='bbox 2932 4251 3014 4296; x_wconf 90' lang='lat' dir='ltr'><strong>est</strong></span> <span class='ocrx_word' id='word_1_836' title='bbox 3041 4243 3193 4304; x_wconf 80' lang='lat' dir='ltr'><strong>filios.</strong></span> <span class='ocrx_word' id='word_1_837' title='bbox 3224 4245 3267 4299; x_wconf 92' lang='lat' dir='ltr'><strong>si</strong></span> <span class='ocrx_word' id='word_1_838' title='bbox 3298 4245 3513 4302; x_wconf 88' lang='lat' dir='ltr'><strong>damnat</strong></span> 
     </span>
    </p>
   </div>
   <div class='ocr_carea' id='block_1_107' title="bbox 1947 4329 3510 4406">
    <p class='ocr_par' dir='ltr' id='par_1_107' title="bbox 1947 4329 3510 4406">
     <span class='ocr_line' id='line_1_107' title="bbox 1947 4329 3510 4406; baseline 0.006 -23"><span class='ocrx_word' id='word_1_839' title='bbox 1947 4329 2199 4386; x_wconf 72' lang='lat' dir='ltr'><strong>Hebrzeos</strong></span> <span class='ocrx_word' id='word_1_840' title='bbox 2224 4330 2291 4385; x_wconf 86' lang='lat' dir='ltr'><strong>de</strong></span> <span class='ocrx_word' id='word_1_841' title='bbox 2313 4346 2471 4385; x_wconf 88' lang='lat' dir='ltr'><strong>carne</strong></span> <span class='ocrx_word' id='word_1_842' title='bbox 2499 4330 2614 4400; x_wconf 91' lang='lat' dir='ltr'><strong>ejus</strong></span> <span class='ocrx_word' id='word_1_843' title='bbox 2640 4332 2983 4401; x_wconf 81' lang='lat' dir='ltr'><strong>progenitos?</strong></span> <span class='ocrx_word' id='word_1_844' title='bbox 3002 4333 3081 4388; x_wconf 89' lang='lat' dir='ltr'><strong>De</strong></span> <span class='ocrx_word' id='word_1_845' title='bbox 3107 4336 3355 4406; x_wconf 80' lang='lat' dir='ltr'><strong>lapidibus</strong></span> <span class='ocrx_word' id='word_1_846' title='bbox 3382 4339 3510 4393; x_wconf 88' lang='lat' dir='ltr'><strong>istis.</strong></span> 
     </span>
    </p>
   </div>
   <div class='ocr_carea' id='block_1_108' title="bbox 1946 4420 3509 4498">
    <p class='ocr_par' dir='ltr' id='par_1_108' title="bbox 1946 4420 3509 4498">
     <span class='ocr_line' id='line_1_108' title="bbox 1946 4420 3509 4498; baseline 0.006 -24"><span class='ocrx_word' id='word_1_847' title='bbox 1946 4420 2268 4475; x_wconf 87' lang='lat' dir='ltr'><strong>Ostendebat</strong></span> <span class='ocrx_word' id='word_1_848' title='bbox 2298 4421 2399 4475; x_wconf 90' lang='lat' dir='ltr'><strong>illis</strong></span> <span class='ocrx_word' id='word_1_849' title='bbox 2430 4422 2629 4490; x_wconf 86' lang='lat' dir='ltr'><strong>lapides</strong></span> <span class='ocrx_word' id='word_1_850' title='bbox 2659 4422 2710 4477; x_wconf 94' lang='lat' dir='ltr'><strong>in</strong></span> <span class='ocrx_word' id='word_1_851' title='bbox 2741 4438 2941 4478; x_wconf 88' lang='lat' dir='ltr'><strong>eremo.</strong></span> <span class='ocrx_word' id='word_1_852' title='bbox 2982 4425 3082 4492; x_wconf 91' lang='lat' dir='ltr'><strong>Qui</strong></span> <span class='ocrx_word' id='word_1_853' title='bbox 3109 4427 3509 4498; x_wconf 73' lang='lat' dir='ltr'><strong>erant&#39;lapides,</strong></span> 
     </span>
    </p>
   </div>
   <div class='ocr_carea' id='block_1_109' title="bbox 1948 4510 3589 4595">
    <p class='ocr_par' dir='ltr' id='par_1_109' title="bbox 1948 4510 3589 4595">
     <span class='ocr_line' id='line_1_109' title="bbox 1948 4510 3589 4595; baseline 0.006 -31"><span class='ocrx_word' id='word_1_854' title='bbox 1948 4512 2046 4566; x_wconf 92' lang='lat' dir='ltr'><strong>nisi</strong></span> <span class='ocrx_word' id='word_1_855' title='bbox 2071 4510 2299 4576; x_wconf 84' lang='lat' dir='ltr'><strong>Gentes,</strong></span> <span class='ocrx_word' id='word_1_856' title='bbox 2331 4527 2449 4581; x_wconf 73' lang='lat' dir='ltr'><strong>qua:</strong></span> <span class='ocrx_word' id='word_1_857' title='bbox 2485 4512 2683 4581; x_wconf 89' lang='lat' dir='ltr'><strong>lapides</strong></span> <span class='ocrx_word' id='word_1_858' title='bbox 2711 4512 3034 4569; x_wconf 87' lang='lat' dir='ltr'><strong>adorabant?</strong></span> <span class='ocrx_word' id='word_1_859' title='bbox 3064 4515 3288 4586; x_wconf 87' lang='lat' dir='ltr'><strong>Lapides</strong></span> <span class='ocrx_word' id='word_1_860' title='bbox 3311 4522 3511 4589; x_wconf 87' lang='lat' dir='ltr'><strong>quare?</strong></span> <span class='ocrx_word' id='word_1_861' title='bbox 3584 4590 3589 4595; x_wconf 18' lang='grc' dir='ltr'><em>η</em></span> 
     </span>
    </p>
   </div>
   <div class='ocr_carea' id='block_1_110' title="bbox 1947 4601 3511 4678">
    <p class='ocr_par' dir='ltr' id='par_1_110' title="bbox 1947 4601 3511 4678">
     <span class='ocr_line' id='line_1_110' title="bbox 1947 4601 3511 4678; baseline 0.004 -21"><span class='ocrx_word' id='word_1_862' title='bbox 1947 4601 2230 4657; x_wconf 88' lang='lat' dir='ltr'><strong>Adorando</strong></span> <span class='ocrx_word' id='word_1_863' title='bbox 2257 4602 2483 4671; x_wconf 89' lang='lat' dir='ltr'><strong>lapides,</strong></span> <span class='ocrx_word' id='word_1_864' title='bbox 2511 4603 2635 4658; x_wconf 91' lang='lat' dir='ltr'><strong>dicti</strong></span> <span class='ocrx_word' id='word_1_865' title='bbox 2674 4614 2824 4659; x_wconf 89' lang='lat' dir='ltr'><strong>erant</strong></span> <span class='ocrx_word' id='word_1_866' title='bbox 2864 4606 3061 4674; x_wconf 91' lang='lat' dir='ltr'><strong>lapides</strong></span> <span class='ocrx_word' id='word_1_867' title='bbox 3091 4624 3103 4658; x_wconf 92' lang='lat'><strong>:</strong></span> <span class='ocrx_word' id='word_1_868' title='bbox 3132 4608 3255 4676; x_wconf 89' lang='lat' dir='ltr'><strong>quia</strong></span> <span class='ocrx_word' id='word_1_869' title='bbox 3281 4609 3511 4678; x_wconf 90' lang='lat' dir='ltr'><strong>psalmus</strong></span> 
     </span>
    </p>
   </div>
   <div class='ocr_carea' id='block_1_111' title="bbox 1947 4693 3511 4767">
    <p class='ocr_par' dir='ltr' id='par_1_111' title="bbox 1947 4693 3511 4767">
     <span class='ocr_line' id='line_1_111' title="bbox 1947 4693 3511 4767; baseline 0.006 -23"><span class='ocrx_word' id='word_1_870' title='bbox 1947 4693 2290 4763; x_wconf 74' lang='lat' dir='ltr'><strong>prtedixerat,</strong></span> <span class='ocrx_word' id='word_1_871' title='bbox 2317 4694 2520 4748; x_wconf 88' lang='lat' dir='ltr'><strong>Similes</strong></span> <span class='ocrx_word' id='word_1_872' title='bbox 2548 4695 2657 4749; x_wconf 81' lang='lat' dir='ltr'><strong>illis</strong></span> <span class='ocrx_word' id='word_1_873' title='bbox 2677 4696 2801 4763; x_wconf 78' lang='lat' dir='ltr'><strong>ﬁant</strong></span> <span class='ocrx_word' id='word_1_874' title='bbox 2828 4697 2911 4766; x_wconf 74' lang='lat' dir='ltr'><strong>qui</strong></span> <span class='ocrx_word' id='word_1_875' title='bbox 2938 4697 3127 4767; x_wconf 77' lang='lat' dir='ltr'><strong>faciunt</strong></span> <span class='ocrx_word' id='word_1_876' title='bbox 3152 4714 3242 4764; x_wconf 89' lang='lat' dir='ltr'><strong>ea,</strong></span> <span class='ocrx_word' id='word_1_877' title='bbox 3270 4709 3314 4752; x_wconf 89' lang='lat' dir='ltr'><strong>et</strong></span> <span class='ocrx_word' id='word_1_878' title='bbox 3342 4717 3511 4755; x_wconf 83' lang='lat' dir='ltr'><strong>omnes</strong></span> 
     </span>
    </p>
   </div>
   <div class='ocr_carea' id='block_1_112' title="bbox 1946 4783 3511 4858">
    <p class='ocr_par' dir='ltr' id='par_1_112' title="bbox 1946 4783 3511 4858">
     <span class='ocr_line' id='line_1_112' title="bbox 1946 4783 3511 4858; baseline 0.005 -21"><span class='ocrx_word' id='word_1_879' title='bbox 1946 4786 2031 4854; x_wconf 87' lang='lat' dir='ltr'><strong>qui</strong></span> <span class='ocrx_word' id='word_1_880' title='bbox 2056 4784 2313 4851; x_wconf 80' lang='lat' dir='ltr'><strong>conﬁdunt</strong></span> <span class='ocrx_word' id='word_1_881' title='bbox 2337 4785 2389 4837; x_wconf 91' lang='lat' dir='ltr'><strong>in</strong></span> <span class='ocrx_word' id='word_1_882' title='bbox 2411 4786 2483 4839; x_wconf 85' lang='lat' dir='ltr'><strong>eis</strong></span> <span class='ocrx_word' id='word_1_883' title='bbox 2511 4783 2677 4855; x_wconf 88' lang='lat' dir='ltr'><strong>(Psal.</strong></span> <span class='ocrx_word' id='word_1_884' title='bbox 2700 4800 2844 4851; x_wconf 81' lang='lat' dir='ltr'><strong>cxm,</strong></span> <span class='ocrx_word' id='word_1_885' title='bbox 2867 4786 2944 4853; x_wconf 91' lang='lat'><strong>8).</strong></span> <span class='ocrx_word' id='word_1_886' title='bbox 2969 4785 3168 4841; x_wconf 85' lang='lat' dir='ltr'><strong>Tamen</strong></span> <span class='ocrx_word' id='word_1_887' title='bbox 3191 4786 3257 4842; x_wconf 85' lang='lat' dir='ltr'><strong>de</strong></span> <span class='ocrx_word' id='word_1_888' title='bbox 3282 4790 3409 4858; x_wconf 85' lang='lat' dir='ltr'><strong>ipsis</strong></span> <span class='ocrx_word' id='word_1_889' title='bbox 3438 4791 3511 4846; x_wconf 85' lang='lat' dir='ltr'><strong>la-</strong></span> 
     </span>
    </p>
   </div>
   <div class='ocr_carea' id='block_1_113' title="bbox 1945 4874 3511 4950">
    <p class='ocr_par' dir='ltr' id='par_1_113' title="bbox 1945 4874 3511 4950">
     <span class='ocr_line' id='line_1_113' title="bbox 1945 4874 3511 4950; baseline 0.004 -22"><span class='ocrx_word' id='word_1_890' title='bbox 1945 4875 2155 4945; x_wconf 89' lang='lat' dir='ltr'><strong>pidibus</strong></span> <span class='ocrx_word' id='word_1_891' title='bbox 2181 4874 2405 4947; x_wconf 88' lang='lat' dir='ltr'><strong>reddidit</strong></span> <span class='ocrx_word' id='word_1_892' title='bbox 2431 4875 2568 4929; x_wconf 88' lang='lat' dir='ltr'><strong>lilios</strong></span> <span class='ocrx_word' id='word_1_893' title='bbox 2588 4875 2814 4929; x_wconf 61' lang='lat' dir='ltr'><strong>Abrahae</strong></span> <span class='ocrx_word' id='word_1_894' title='bbox 2840 4893 2853 4927; x_wconf 90' lang='lat'><strong>:</strong></span> <span class='ocrx_word' id='word_1_895' title='bbox 2883 4875 3247 4933; x_wconf 83' lang='lat' dir='ltr'><strong>modoomnes</strong></span> <span class='ocrx_word' id='word_1_896' title='bbox 3270 4879 3359 4949; x_wconf 89' lang='lat' dir='ltr'><strong>qui</strong></span> <span class='ocrx_word' id='word_1_897' title='bbox 3384 4880 3511 4950; x_wconf 86' lang='lat' dir='ltr'><strong>lapi-</strong></span> 
     </span>
    </p>
   </div>
   <div class='ocr_carea' id='block_1_114' title="bbox 1946 4965 3513 5029">
    <p class='ocr_par' dir='ltr' id='par_1_114' title="bbox 1946 4965 3513 5029">
     <span class='ocr_line' id='line_1_114' title="bbox 1946 4965 3513 5029; baseline 0.004 -10"><span class='ocrx_word' id='word_1_898' title='bbox 1946 4967 2041 5019; x_wconf 90' lang='lat' dir='ltr'><strong>des</strong></span> <span class='ocrx_word' id='word_1_899' title='bbox 2065 4965 2447 5029; x_wconf 89' lang='lat' dir='ltr'><strong>adorabamus,</strong></span> <span class='ocrx_word' id='word_1_900' title='bbox 2480 4967 2721 5019; x_wconf 91' lang='lat' dir='ltr'><strong>conversi</strong></span> <span class='ocrx_word' id='word_1_901' title='bbox 2761 4965 2825 5019; x_wconf 90' lang='lat' dir='ltr'><strong>ad</strong></span> <span class='ocrx_word' id='word_1_902' title='bbox 2857 4966 3134 5022; x_wconf 87' lang='lat' dir='ltr'><strong>Dominum</strong></span> <span class='ocrx_word' id='word_1_903' title='bbox 3165 4967 3254 5024; x_wconf 84' lang='lat' dir='ltr'><strong>lilii</strong></span> <span class='ocrx_word' id='word_1_904' title='bbox 3282 4971 3513 5027; x_wconf 84' lang='lat' dir='ltr'><strong>Abraha:</strong></span> 
     </span>
    </p>
   </div>
   <div class='ocr_carea' id='block_1_115' title="bbox 1947 5054 3512 5131">
    <p class='ocr_par' dir='ltr' id='par_1_115' title="bbox 1947 5054 3512 5131">
     <span class='ocr_line' id='line_1_115' title="bbox 1947 5054 3512 5131; baseline 0.006 -25"><span class='ocrx_word' id='word_1_905' title='bbox 1947 5055 2065 5108; x_wconf 80' lang='lat' dir='ltr'><strong>lacti</strong></span> <span class='ocrx_word' id='word_1_906' title='bbox 2092 5070 2309 5131; x_wconf 81' lang='lat' dir='ltr'><strong>sumus;</strong></span> <span class='ocrx_word' id='word_1_907' title='bbox 2340 5071 2444 5108; x_wconf 91' lang='lat' dir='ltr'><strong>non</strong></span> <span class='ocrx_word' id='word_1_908' title='bbox 2473 5054 2717 5111; x_wconf 90' lang='lat' dir='ltr'><strong>ducendo</strong></span> <span class='ocrx_word' id='word_1_909' title='bbox 2755 5059 2824 5109; x_wconf 91' lang='lat' dir='ltr'><strong>ab</strong></span> <span class='ocrx_word' id='word_1_910' title='bbox 2867 5056 2958 5110; x_wconf 91' lang='lat' dir='ltr'><strong>illo</strong></span> <span class='ocrx_word' id='word_1_911' title='bbox 2993 5073 3203 5113; x_wconf 87' lang='lat' dir='ltr'><strong>carnem</strong></span> <span class='ocrx_word' id='word_1_912' title='bbox 3223 5102 3239 5126; x_wconf 97' lang='lat'><strong>,</strong></span> <span class='ocrx_word' id='word_1_913' title='bbox 3269 5061 3363 5116; x_wconf 91' lang='lat' dir='ltr'><strong>sed</strong></span> <span class='ocrx_word' id='word_1_914' title='bbox 3395 5062 3512 5115; x_wconf 90' lang='lat' dir='ltr'><strong>imi-</strong></span> 
     </span>
    </p>
   </div>
   <div class='ocr_carea' id='block_1_116' title="bbox 1946 5144 3510 5217">
    <p class='ocr_par' dir='ltr' id='par_1_116' title="bbox 1946 5144 3510 5217">
     <span class='ocr_line' id='line_1_116' title="bbox 1946 5144 3510 5217; baseline 0.003 -17"><span class='ocrx_word' id='word_1_915' title='bbox 1946 5146 2106 5201; x_wconf 91' lang='lat' dir='ltr'><strong>tando</strong></span> <span class='ocrx_word' id='word_1_916' title='bbox 2125 5146 2299 5199; x_wconf 83' lang='lat' dir='ltr'><strong>tidem.</strong></span> <span class='ocrx_word' id='word_1_917' title='bbox 2319 5144 2581 5215; x_wconf 84' lang='lat' dir='ltr'><strong>Principes</strong></span> <span class='ocrx_word' id='word_1_918' title='bbox 2595 5162 2721 5217; x_wconf 91' lang='lat' dir='ltr'><strong>ergo</strong></span> <span class='ocrx_word' id='word_1_919' title='bbox 2736 5150 3032 5217; x_wconf 87' lang='lat' dir='ltr'><strong>papulorum</strong></span> <span class='ocrx_word' id='word_1_920' title='bbox 3052 5162 3381 5206; x_wconf 85' lang='lat' dir='ltr'><strong>convenerunt</strong></span> <span class='ocrx_word' id='word_1_921' title='bbox 3399 5170 3510 5206; x_wconf 85' lang='lat' dir='ltr'><strong>cum</strong></span> 
     </span>
    </p>
   </div>
   <div class='ocr_carea' id='block_1_117' title="bbox 1944 5238 3509 5313">
    <p class='ocr_par' dir='ltr' id='par_1_117' title="bbox 1944 5238 3509 5313">
     <span class='ocr_line' id='line_1_117' title="bbox 1944 5238 3509 5313; baseline 0.003 -20"><span class='ocrx_word' id='word_1_922' title='bbox 1944 5238 2055 5293; x_wconf 83' lang='lat' dir='ltr'><strong>Deo</strong></span> <span class='ocrx_word' id='word_1_923' title='bbox 2084 5239 2354 5292; x_wconf 82' lang='lat' dir='ltr'><strong>Abraham.</strong></span> <span class='ocrx_word' id='word_1_924' title='bbox 2398 5238 2661 5307; x_wconf 88' lang='lat' dir='ltr'><strong>Principes</strong></span> <span class='ocrx_word' id='word_1_925' title='bbox 2698 5239 2998 5310; x_wconf 77' lang='lat' dir='ltr'><strong>papulorum</strong></span> <span class='ocrx_word' id='word_1_926' title='bbox 3024 5256 3044 5295; x_wconf 90' lang='lat'><strong><em>:</em></strong></span> <span class='ocrx_word' id='word_1_927' title='bbox 3077 5240 3322 5298; x_wconf 88' lang='lat' dir='ltr'><strong>Gentium</strong></span> <span class='ocrx_word' id='word_1_928' title='bbox 3362 5245 3509 5313; x_wconf 88' lang='lat' dir='ltr'><strong>prin-</strong></span> 
     </span>
    </p>
   </div>
   <div class='ocr_carea' id='block_1_118' title="bbox 1944 5329 3508 5403">
    <p class='ocr_par' dir='ltr' id='par_1_118' title="bbox 1944 5329 3508 5403">
     <span class='ocr_line' id='line_1_118' title="bbox 1944 5329 3508 5403; baseline 0.001 -17"><span class='ocrx_word' id='word_1_929' title='bbox 1944 5332 2112 5401; x_wconf 81' lang='lat' dir='ltr'><strong>cipes,</strong></span> <span class='ocrx_word' id='word_1_930' title='bbox 2143 5345 2246 5384; x_wconf 93' lang='lat' dir='ltr'><strong>non</strong></span> <span class='ocrx_word' id='word_1_931' title='bbox 2274 5330 2431 5384; x_wconf 93' lang='lat' dir='ltr'><strong>unius</strong></span> <span class='ocrx_word' id='word_1_932' title='bbox 2456 5329 2633 5399; x_wconf 90' lang='lat' dir='ltr'><strong>populi</strong></span> <span class='ocrx_word' id='word_1_933' title='bbox 2675 5332 2940 5400; x_wconf 86' lang='lat' dir='ltr'><strong>principes</strong></span> <span class='ocrx_word' id='word_1_934' title='bbox 2958 5373 2974 5398; x_wconf 96' lang='lat'><strong>,</strong></span> <span class='ocrx_word' id='word_1_935' title='bbox 3003 5333 3095 5387; x_wconf 88' lang='lat' dir='ltr'><strong>sed</strong></span> <span class='ocrx_word' id='word_1_936' title='bbox 3126 5334 3389 5402; x_wconf 87' lang='lat' dir='ltr'><strong>principes</strong></span> <span class='ocrx_word' id='word_1_937' title='bbox 3415 5350 3508 5403; x_wconf 92' lang='lat' dir='ltr'><strong>po-</strong></span> 
     </span>
    </p>
   </div>
   <div class='ocr_carea' id='block_1_119' title="bbox 1946 5422 3404 5493">
    <p class='ocr_par' dir='ltr' id='par_1_119' title="bbox 1946 5422 3404 5493">
     <span class='ocr_line' id='line_1_119' title="bbox 1946 5422 3404 5493; baseline 0.001 -17"><span class='ocrx_word' id='word_1_938' title='bbox 1946 5423 2186 5493; x_wconf 89' lang='lat' dir='ltr'><strong>pulorum</strong></span> <span class='ocrx_word' id='word_1_939' title='bbox 2211 5422 2443 5484; x_wconf 85' lang='lat' dir='ltr'><strong>omnium</strong></span> <span class='ocrx_word' id='word_1_940' title='bbox 2460 5463 2479 5489; x_wconf 89' lang='lat'><strong>,</strong></span> <span class='ocrx_word' id='word_1_941' title='bbox 2505 5434 2833 5477; x_wconf 71' lang='lat' dir='ltr'><strong>convenerunt</strong></span> <span class='ocrx_word' id='word_1_942' title='bbox 2861 5440 2973 5477; x_wconf 88' lang='lat' dir='ltr'><strong>cum</strong></span> <span class='ocrx_word' id='word_1_943' title='bbox 3000 5422 3110 5477; x_wconf 89' lang='lat' dir='ltr'><strong>Deo</strong></span> <span class='ocrx_word' id='word_1_944' title='bbox 3135 5426 3404 5479; x_wconf 83' lang='lat' dir='ltr'><strong>Abraham.</strong></span> 
     </span>
    </p>
   </div>
   <div class='ocr_carea' id='block_1_120' title="bbox 2018 5508 3509 5583">
    <p class='ocr_par' dir='ltr' id='par_1_120' title="bbox 2018 5508 3509 5583">
     <span class='ocr_line' id='line_1_120' title="bbox 2018 5508 3509 5583; baseline 0.001 -16"><span class='ocrx_word' id='word_1_945' title='bbox 2018 5514 2103 5568; x_wconf 74' lang='lat'><strong>19..</strong></span> <span class='ocrx_word' id='word_1_946' title='bbox 2140 5514 2214 5567; x_wconf 82' lang='lat' dir='ltr'><strong>Ex</strong></span> <span class='ocrx_word' id='word_1_947' title='bbox 2247 5513 2384 5583; x_wconf 78' lang='lat' dir='ltr'><strong>ipsis.</strong></span> <span class='ocrx_word' id='word_1_948' title='bbox 2403 5514 2725 5583; x_wconf 82' lang='lat' dir='ltr'><strong>principibus</strong></span> <span class='ocrx_word' id='word_1_949' title='bbox 2760 5526 2876 5570; x_wconf 90' lang='lat' dir='ltr'><strong>erat</strong></span> <span class='ocrx_word' id='word_1_950' title='bbox 2914 5526 2968 5569; x_wconf 93' lang='lat' dir='ltr'><strong>et</strong></span> <span class='ocrx_word' id='word_1_951' title='bbox 3005 5517 3103 5570; x_wconf 91' lang='lat' dir='ltr'><strong>iste</strong></span> <span class='ocrx_word' id='word_1_952' title='bbox 3130 5514 3414 5577; x_wconf 74' lang='lat' dir='ltr'><strong>Centurio.</strong></span> <span class='ocrx_word' id='word_1_953' title='bbox 3444 5508 3509 5568; x_wconf 73' lang='lat' dir='ltr'><strong>de</strong></span> 
     </span>
    </p>
   </div>
   <div class='ocr_carea' id='block_1_121' title="bbox 1944 5605 3507 5678">
    <p class='ocr_par' dir='ltr' id='par_1_121' title="bbox 1944 5605 3507 5678">
     <span class='ocr_line' id='line_1_121' title="bbox 1944 5605 3507 5678; baseline 0.003 -19"><span class='ocrx_word' id='word_1_954' title='bbox 1944 5622 2048 5676; x_wconf 89' lang='lat' dir='ltr'><strong>quo</strong></span> <span class='ocrx_word' id='word_1_955' title='bbox 2078 5605 2246 5660; x_wconf 76' lang='lat' dir='ltr'><strong>modo</strong></span> <span class='ocrx_word' id='word_1_956' title='bbox 2271 5605 2609 5678; x_wconf 79' lang='lat' dir='ltr'><strong>Evangelium</strong></span> <span class='ocrx_word' id='word_1_957' title='bbox 2657 5623 2773 5662; x_wconf 90' lang='lat' dir='ltr'><strong>cum</strong></span> <span class='ocrx_word' id='word_1_958' title='bbox 2823 5608 3082 5677; x_wconf 85' lang='lat' dir='ltr'><strong>legeretur</strong></span> <span class='ocrx_word' id='word_1_959' title='bbox 3108 5608 3347 5661; x_wconf 86' lang='lat' dir='ltr'><strong>audistis.</strong></span> <span class='ocrx_word' id='word_1_960' title='bbox 3381 5607 3507 5663; x_wconf 73' lang='lat' dir='ltr'><strong>Erat</strong></span> 
     </span>
    </p>
   </div>
   <div class='ocr_carea' id='block_1_122' title="bbox 2013 5722 3419 5786">
    <p class='ocr_par' dir='ltr' id='par_1_122' title="bbox 2013 5722 3419 5786">
     <span class='ocr_line' id='line_1_122' title="bbox 2013 5722 3419 5786; baseline 0.001 -14"><span class='ocrx_word' id='word_1_961' title='bbox 2013 5722 2229 5775; x_wconf 74' lang='lat' dir='ltr'><strong>&quot;ostiari.</strong></span> <span class='ocrx_word' id='word_1_962' title='bbox 2246 5729 2358 5786; x_wconf 59' lang='grc' dir='ltr'><strong>Λίδη</strong></span> <span class='ocrx_word' id='word_1_963' title='bbox 2379 5723 2641 5775; x_wconf 78' lang='lat' dir='ltr'><strong>secundum</strong></span> <span class='ocrx_word' id='word_1_964' title='bbox 2663 5725 2943 5775; x_wconf 83' lang='lat' dir='ltr'><strong>charitatem</strong></span> <span class='ocrx_word' id='word_1_965' title='bbox 2966 5724 3041 5785; x_wconf 81' lang='lat' dir='ltr'><strong>pie</strong></span> <span class='ocrx_word' id='word_1_966' title='bbox 3065 5728 3419 5774; x_wconf 66' lang='lat' dir='ltr'><strong>conuersentur.</strong></span> 
     </span>
    </p>
   </div>
  </div>
