4004 6200
379 293 484 354 Βδῐ

380 406 524 460 enim
550 398 798 459 Centurio
842 395 1042 451 habens
1080 389 1333 445 honorem
1373 391 1424 437 et
1465 385 1777 450 potestatem
1809 373 1946 425 inter

384 459 645 554 hornincs,
671 489 913 558 princeps
936 492 1052 538 erat
1070 479 1136 535 de
1155 474 1479 549 principibus
1500 467 1829 538 pepulerunt.
1846 459 1949 514 Vc-

388 583 549 640 uicnti
576 581 641 634 ad
668 555 966 632 Christo
989 571 1197 630 obviam
1241 565 1383 622 misit
1418 560 1616 616 amicos
1655 570 1780 611 suos
1799 594 1814 615 ,
1842 555 1950 605 imo

389 688 520 728 vere.
549 670 828 724 transitura
854 664 1076 720 Christo.
1104 658 1246 716 misit
1284 655 1516 716 amicos;
1562 660 1617 704 et
1657 643 1861 715 rogavit
1895 649 1951 694 ut

387 768 595 816 curaret
633 771 850 826 puerum
881 753 996 822 ejus
1024 751 1111 821 qui
1139 745 1435 826 periculose
1470 736 1832 796 inﬁrmabatur
1857 749 1869 784 :
1898 738 1955 785 et

335 849 352 860 “’
389 868 507 908 cum
532 849 690 904 vellet
715 847 826 916 ipse
852 815 1100 900 Dominus
1122 815 1320 902 venire,
1340 815 1439 890 hoc
1458 829 1812 890 eimaudarit,
1835 822 1953 878 Non

388 959 503 996 sum
527 942 708 1011 dignus
735 949 788 991 ut
813 938 905 990 sub
930 947 1113 990 tectum
1139 946 1302 984 nteant
1329 929 1501 988 ituras,
1541 923 1630 979 sed
1658 931 1847 976 tantum
1874 916 1957 968 dic

391 1031 537 1086 verba
554 1073 569 1096 ,
600 1041 644 1084 et
672 1030 929 1084 sanabitur
954 1042 1078 1094 puer
1102 1039 1260 1078 meus.
1303 1019 1440 1073 Nam
1479 1025 1526 1070 et
1551 1030 1641 1085 ego
1671 1013 1818 1070 homo
1844 1023 1957 1062 sum

392 1124 481 1178 sub
513 1113 750 1194 potestale
775 1119 1085 1179 constitutus,
1112 1114 1296 1168 habens
1323 1109 1413 1164 sub
1438 1125 1517 1162 me
1541 1105 1742 1164 milites.
1773 1099 1960 1156 Videte

395 1213 835 1283 mictuadmodum
861 1209 1025 1264 tenuit
1050 1206 1290 1262 ordinem
1318 1221 1332 1257 :
1361 1190 1962 1270 priuscommemoravit

398 1305 537 1375 quod
562 1304 659 1359 sub
684 1303 789 1357 alio
811 1310 971 1365 esset,
994 1309 1046 1352 et
1067 1306 1247 1367 postea
1269 1291 1408 1363 quod
1429 1288 1634 1346 aliisub
1655 1287 1742 1340 illo
1761 1290 1959 1339 essent.

400 1373 510 1452 Sub
538 1402 793 1465 potestate
818 1407 956 1454 sum,
978 1399 1036 1444 et-
1060 1389 1111 1442 in
1130 1393 1390 1457 potestate
1411 1397 1525 1437 sum
1543 1396 1565 1442 ;‘
1584 1390 1638 1432 et
1664 1376 1762 1431 sub
1787 1373 1963 1442 aliqua

401 1505 539 1554 sum,
571 1497 626 1543 et
645 1502 804 1556 super
830 1484 1034 1553 aliquos
1057 1495 1194 1534 sum.
1222 1476 1290 1532 Et
1317 1477 1432 1529 dico
1456 1472 1590 1534 huic,
1621 1467 1777 1531 lr’ade,
1809 1474 1853 1519 et
1878 1479 1963 1517 va-

404 1582 516 1642 dit;
540 1589 587 1633 et
615 1578 736 1640 alii,
774 1573 929 1640 Veni,
961 1571 1197 1635 etvenit;
1226 1577 1270 1622 et
1301 1581 1439 1622 seruo
1467 1578 1601 1626 meo,
1633 1558 1741 1612 Fac
1769 1558 1889 1618 hoc,
1921 1564 1966 1608 et

408 1671 546 1741 facit.
573 1668 844 1736 Tanquam
871 1665 1090 1726 diceret,
1116 1661 1170 1715 Si
1197 1672 1294 1729 ego
1339 1656 1438 1710 sub
1478 1660 1734 1723 potestate
1773 1644 1970 1701 consti-

407 1737 551 1816 tutus
584 1761 742 1828 iubeo
782 1757 888 1812 illis
923 1755 1012 1826 qui
1047 1754 1146 1808 sub
1172 1767 1256 1806 me
1283 1757 1425 1812 sunt,
1459 1756 1519 1799 tu.
1538 1743 1625 1814 qui
1654 1741 1752 1795 sub
1777 1737 1970 1792 nullius

409 1861 670 1922 potestate
698 1850 899 1921 positus
927 1861 1007 1911 es,
1039 1861 1142 1899 non
1179 1852 1328 1911 potes
1353 1838 1540 1909 jubere
1565 1840 1819 1888 creatura:
1846 1837 1967 1890 tuac,

411 1921 622 2012 quando
651 1940 825 1993 oumi'a
851 1952 947 2007 per
974 1946 1025 1989 te
1052 1935 1184 1988 facta
1213 1939 1356 1991 sunt,
1385 1936 1437 1981 et
1462 1926 1576 1978 sine
1600 1932 1652 1976 te
1679 1921 1867 1974 factum
1891 1925 1972 1971 est

412 2035 580 2092 nihil?
605 2032 703 2087 Dic
727 2046 862 2100 ergo
878 2029 1049 2092 uerbo,
1079 2023 1280 2093 inquit,
1310 2031 1354 2074 et
1383 2015 1643 2072 sanabitur
1666 2028 1788 2081 puer
1815 2024 1972 2062 meus.

418 2126 556 2181 Nam
581 2136 636 2179 ut
659 2126 711 2178 in
733 2128 936 2177 domum
963 2135 1123 2172 meam
1148 2117 1298 2169 intres
1317 2155 1332 2178 ,
1362 2128 1462 2165 non
1485 2123 1604 2163 sunt
1619 2107 1818 2177 dignus.
1849 2101 1978 2156 Tre-

418 2218 615 2288 pidavit
639 2214 908 2270 Christum
937 2211 1146 2266 mittere
1180 2209 1316 2263 intra
1357 2203 1586 2275 parietes
1611 2212 1763 2261 suos,
1794 2204 1848 2250 et
1869 2192 1980 2263 jam

423 2313 562 2364 intus
588 2317 705 2364 erat
744 2307 796 2361 in
835 2303 993 2359 corde
1021 2303 1138 2372 ejus
1165 2318 1179 2354 :
1206 2299 1313 2368 jam
1342 2304 1452 2351 erat
1482 2293 1651 2346 anima
1680 2290 1796 2357 ejus
1825 2283 1984 2342 sedes

425 2402 583 2463 illius,
602 2399 710 2467 jam
737 2397 806 2450 ibi
828 2393 1045 2449 sedebat
1067 2391 1155 2446 ille
1174 2389 1262 2459 qui
1284 2386 1507 2440 humiles
1529 2379 1844 2450 requirebat.
1859 2372 1986 2430 Con-

423 2465 852 2556 cé'rsttsidenique
871 2482 1118 2547 Christus,
1153 2480 1360 2533 miratus
1389 2485 1480 2538 est,
1511 2482 1557 2526 et
1586 2471 1655 2523 ait
1679 2465 1996 2534 sequentibus-

426 2599 479 2636 se
498 2599 518 2636 :
537 2575 1006 2638 Amendicasobis,
1036 2590 1136 2631 non
1162 2571 1326 2625 inveni
1357 2577 1545 2621 tantam
1575 2562 1725 2632 ﬁdem
1753 2561 1802 2612 in
1830 2557 1994 2611 Israel

431 2671 576 2743 (Luc.
598 2687 688 2731 vn,
712 2670 846 2739 6-9).
871 2668 936 2722 Et
959 2667 1100 2721 sicut
1119 2664 1256 2718 alius
1279 2657 1596 2729 evangelista
1617 2651 1854 2708 eamdem
1879 2663 1997 2704 rem!

432 2740 637 2825 narrat,
665 2759 902 2830 sequitur
932 2755 1215 2818 Dominus,
1247 2761 1300 2805 et
1324 2749 1450 2804 dicit
1479 2765 1494 2802 :
1521 2744 1646 2800 Ideo
1687 2743 1806 2796 dico,
1835 2740 1990 2803 vobis,

435 2857 550 2922 quia
575 2854 716 2908 multi
740 2854 801 2906 ab
828 2849 1030 2905 Oriente
1052 2858 1097 2902 et
1122 2844 1388 2900 Occidente
1410 2839 1619 2900 venient,
1646 2845 1691 2890 et
1714 2832 1997 2888 recumbent

436 2919 549 3000 eum
576 2945 833 2998 Abraham.
853 2949 902 2995 α
929 2938 1074 2993 Isaac
1100 2946 1144 2990 et
1171 2934 1328 2987 Jacob
1354 2932 1406 2984 in
1431 2944 1584 2998 regno
1609 2925 1865 2980 caelorum.
1894 2919 1998 2975 Iste

437 3039 578 3092 enim
603 3035 858 3092 Centurio
881 3047 985 3086 non
1011 3037 1127 3085 erat
1151 3027 1218 3081 de
1246 3023 1436 3094 ponuln
1465 3019 1642 3075 Israel.
1671 3017 1800 3072 Nam
1827 3016 1879 3068 iu
1908 3027 2000 3082 po-

441 3129 564 3197 pulo
592 3125 752 3181 Israel
783 3122 992 3193 superbi
1023 3118 1348 3188 repellebant
1376 3129 1404 3167 a
1433 3129 1494 3169 se
1521 3112 1686 3166 Deum
1717 3126 1732 3163 :
1762 3108 1815 3161 in
1853 3106 2000 3174 prin-

441 3195 643 3286 cipibus
669 3214 914 3274 Gentium
946 3213 1192 3265 iuventus
1229 3217 1309 3260 est
1351 3201 1595 3266 humilis,
1623 3199 1709 3268 qui
1738 3196 1804 3252 ad
1832 3210 1890 3250 se
1919 3195 2004 3248 iu-

442 3285 628 3364 vitaret
662 3309 848 3360 Denm.
876 3302 1155 3357 Adtniraus
1179 3297 1332 3352 Jesus
1364 3294 1518 3349 ﬁdem
1545 3289 1729 3360 ipsius,
1758 3285 2006 3356 reprobat

448 3399 718 3469 perﬁdiam
739 3395 1060 3451 Judmorum.
1091 3391 1216 3447 Sani
1243 3389 1381 3442 enim
1410 3385 1507 3440 sibi
1534 3381 1860 3446 videbantur,
1885 3393 2006 3432 cum

449 3490 794 3560 periculosius
817 3491 1150 3554 :cgrotarcnt.
1173 3479 1383 3551 quando
1407 3474 1666 3532 medicum
1691 3482 2010 3538 noncogno-

449 3559 658 3636 scentes
683 3577 1011 3634 occidebant.
1037 3572 1168 3628 Cum
1193 3584 1319 3639 ergo
1345 3565 1649 3635 reprobat-et
1684 3571 1738 3617 et
1764 3559 2006 3630 repudia-

411 3699 418 3710 -
451 3683 533 3727 ret
557 3672 764 3726 illorum
795 3665 1114 3737 superbiam,
1140 3661 1262 3732 quid
1291 3659 1398 3713 ait?
1425 3656 1550 3711 Ideo
1575 3655 1710 3724 vobis
1738 3653 1871 3715 dico,
1895 3655 2013 3721 quia

455 3764 599 3818 nmlti
626 3763 688 3817 ab
715 3748 920 3818 Oriente
946 3767 990 3810 et
1013 3754 1280 3810 Occidente
1299 3750 1524 3813 venient,
1557 3761 1659 3800 non
1690 3744 2015 3814 pertinentes

456 3855 522 3910 ad
564 3854 928 3924 cognationem
960 3846 1117 3902 Israel
1148 3863 1161 3898 :
1188 3843 1400 3898 venient
1445 3839 1592 3894 multi
1631 3837 1821 3907 quibus
1861 3833 2014 3898 dixit,

460 3947 645 4002 Omnes
688 3955 875 4015 gentes,
904 3940 1128 4013 plaudite
1171 3933 1438 3996 manibus;
1484 3940 1532 3985 et
1575 3929 1864 3985 recumbent.
1905 3940 2018 3978 cum

458 4019 965 4102 Abrahaminrregno
991 4029 1246 4084 caelorum.
1270 4025 1386 4080 Non
1410 4023 1529 4078 illos
1552 4020 1729 4090 genuit
1747 4032 1905 4072 carne
1922 4029 2018 4070 sua

463 4119 773 4185 Abralnuni.
791 4131 843 4177 et
872 4120 1148 4175 venientes
1169 4115 1476 4171 recumbent
1513 4126 1638 4166 cum
1661 4110 1750 4162 illo
1779 4109 1830 4162 in
1859 4121 2020 4174 regno

462 4219 744 4279 caelorum,
773 4223 828 4268 et
851 4214 938 4266 lilii
970 4211 1130 4280 ipsius
1157 4219 1326 4263 erunt.
1356 4209 1526 4274 Quare
1557 4203 1642 4257 lilii
1675 4200 1876 4269 ipsius?
1905 4197 2020 4252 Non

467 4309 574 4366 nati
603 4308 669 4364 de
693 4320 871 4366 car-ne,
901 4303 992 4356 scd
1019 4298 1288 4369 sequendo
1317 4298 1468 4350 tidem
1499 4293 1681 4363 ipsius.
1712 4289 1832 4342 Filii
1857 4299 2024 4341 autem

465 4403 607 4475 regni
625 4443 641 4468 ,
673 4400 723 4454 id
755 4407 837 4453 est
858 4395 1054 4454 Judaei,
1083 4394 1220 4446 ibunt
1258 4391 1308 4442 in
1349 4388 1568 4442 tenebras
1593 4384 1856 4439 exteriores
1882 4397 1899 4434 :
1926 4382 2028 4434 illic

467 4473 564 4552 erit
599 4494 812 4569 ploratio
851 4502 900 4546 et
939 4487 1123 4544 stridor
1151 4485 1372 4538 dentium
1403 4481 1608 4549 (Matth.
1636 4494 1723 4531 vm
1745 4518 1758 4536 ,
1788 4477 1845 4528 ll
1872 4517 1886 4536 ,
1922 4473 2025 4540 12).

472 4563 868 4641 Damnabuntur
894 4581 947 4635 in
977 4576 1222 4633 tenebras
1247 4572 1540 4628 exteriores
1569 4567 1658 4635 qui
1685 4567 1938 4621 nati-sunt
1965 4563 2031 4616 de

471 4694 631 4736 carne
657 4678 879 4733 Abrahae
898 4715 914 4738 ,
943 4682 998 4727 et
1023 4667 1332 4725 recumbeut
1355 4678 1474 4716 cum
1499 4675 1564 4716 eo
1590 4661 1648 4713 in.
1671 4673 1839 4728 regno
1867 4657 2032 4712 cmin-

477 4769 699 4835 rum-qui
720 4766 904 4821 imitati
927 4759 1222 4817 suntlidem
1244 4751 1487 4810 Abt-aha.
1507 4749 1693 4804 Merito
1711 4763 1836 4818 ergo
1855 4757 1912 4799 et
1928 4745 2030 4809 hic,

477 4861 746 4928 Principes.
761 4859 1062 4926 populorum
1087 4853 1414 4905 conuenerunt
1441 4859 1552 4896 cum
1578 4839 1684 4892 Deo
1706 4839 1976 4892 Abraham.

550 4955 634 5010 i3.
667 4953 737 5007 Et
760 4952 885 5021 quid
908 4951 980 5004 illi
1006 4949 1090 5017 qui
1116 4943 1442 5014 pertinebant
1466 4939 1530 4993 ad
1554 4939 1713 4992 Deum
1736 4933 2038 4990 Abraham?

483 5045 829 5115 Quoniamzdii
860 5047 1010 5114 {artes
1039 5051 1182 5094 terrm
1208 5037 1353 5092 valde
1392 5032 1565 5088 elevati
1603 5039 1736 5084 sunt.
1767 5027 1863 5096 Qui
1892 5035 2042 5082 erant

481 5138 575 5200 dii,
603 5135 826 5205 populus
850 5133 937 5188 ille
962 5131 1076 5191 Dei,
1103 5129 1340 5186 vitis,iila-
1365 5125 1472 5187 Dei,
1503 5122 1568 5175 dc
1589 5137 1687 5191 qua
1715 5119 1925 5180 dicitur,
1945 5115 2045 5170 Ju-

483 5231 645 5285 dicate
667 5225 795 5279 inter
819 5239 897 5276 me
920 5233 964 5276 et
991 5223 1119 5274 inter
1141 5220 1332 5273 uincam
1357 5231 1522 5268 meam.
1547 5212 1694 5281 (Is/ti.
1718 5227 1768 5275 v,
1797 5208 1870 5279 ὃ).
1901 5209 2044 5263 ibunt

484 5323 538 5376 in
566 5316 812 5373 tenebras
833 5311 1140 5370 exteriores,
1173 5324 1276 5360 non
1305 5305 1616 5362 recumbent
1638 5317 1758 5355 cum
1783 5299 2044 5354 Abraham

486 5425 541 5469 et
567 5414 709 5468 Isaac
732 5417 786 5464 et
804 5404 984 5467 Jacob,
1014 5417 1118 5456 non
1142 5399 1468 5456 conveniunt
1487 5411 1608 5450 cum
1620 5392 1742 5449 Deo
1760 5391 2043 5446 Abraham.

488 5503 695 5574 Quare?
727 5497 976 5566 Quoniam
1001 5494 1072 5546 dii
1096 5494 1245 5562 fortes
1275 5499 1437 5540 teme.
1467 5485 1542 5538 Illi
1571 5484 1657 5553 qui
1684 5490 1833 5540 erant
1850 5481 1920 5534 dii
1945 5481 2048 5533 lor-

609 5605 799 5653 terrm,
838 5591 1216 5660 pra'sunn-utes
1258 5577 1324 5632 de
1366 5586 1524 5630 terra.
1559 5574 1630 5626 De
1658 5587 1758 5640 qua
1784 5569 1959 5624 terra?
1984 5569 2049 5622 de

487 5687 676 5754 seipsis
703 5700 717 5737 :
745 5683 862 5745 quia
890 5678 1059 5732 ouiuis
1092 5674 1248 5728 homo
1271 5677 1428 5723 terra.
1453 5663 1662 5722 Utiutiui
1688 5663 1826 5716 enim
1855 5661 2048 5715 dictum

1566 265 1624 320 S.
1664 254 2025 318 AUGUSTI!“
2064 253 2364 309 EPISCON

3499 257 3606 312 53%

2051 375 2132 421 est
2163 384 2182 420 :
2208 364 2365 419 Terra
2393 381 2473 430 es,
2504 373 2552 418 et
2577 365 2630 419 in
2657 374 2837 420 terram
2865 366 2956 420 ibis
2984 365 3132 438 (Gen.
3174 383 3257 432 Ill,
3303 368 3410 437 l9).
3441 371 3610 428 Debet

2051 466 2227 509 autem
2255 457 2414 508 homo
2437 455 2504 511 de
2533 455 2640 509 Deo
2668 472 2984 525 priusumere
3002 498 3017 522 ,
3045 467 3100 512 et
3127 459 3247 512 inde
3275 475 3485 528 sperare
3509 479 3610 516 au-

2053 544 2254 606 xilium,
2282 559 2384 598 non
2411 541 2479 599 de
2500 560 2578 599 se.
2603 545 2714 599 Non
2739 547 2878 600 enim
2903 555 3042 601 terra
3065 547 3197 617 pluit
3215 547 3332 613 sibi,
3357 560 3446 605 aut
3470 552 3612 607 lucet

2054 634 2153 689 sibi
2177 652 2191 688 :
2214 635 2666 704 quomoduautem
2689 646 2826 692 terra
2849 638 2916 693 de
2938 640 3074 695 celo
3097 652 3364 711 exspectat
3385 643 3612 713 pluviam

2054 732 2108 779 et
2137 724 2303 779 lucem
2323 765 2338 791 ,
2364 727 2440 779 sic
2470 725 2626 780 homo
2651 725 2719 781 de
2745 727 2854 782 Deo
2886 727 3044 783 debet
3066 740 3375 799 exspectare
3403 734 3615 789 miseri-

2056 816 2288 870 cordiam
2319 827 2374 871 et
2401 817 2696 872 veritatem.
2723 817 2802 872 llli
2835 835 2962 890 ergo
2994 820 3067 874 dii
3107 825 3259 893 fortes
3294 833 3436 877 tet-rw
3470 827 3618 881 valde

2058 907 2231 962 etesati
2257 919 2390 974 sunt,
2422 908 2472 961 id
2493 918 2593 975 est,
2622 909 2772 965 valde
2798 911 3168 980 superbicrunt
3196 931 3209 965 :
3241 929 3345 968 non
3375 916 3472 969 sibi
3502 933 3618 972 me-

2059 997 2236 1053 dicum
2265 1001 2621 1056 necessarium
2652 1009 2998 1070 putaverunt,
3030 1014 3083 1058 et
3121 1004 3242 1060 ideo
3267 1007 3318 1060 in
3343 1022 3435 1061 sua
3463 1015 3618 1079 τιθεῖ-ἰ-

2064 1088 2244 1142 tudine
2271 1101 2669 1157 remanserunt,
2699 1101 2753 1146 et
2786 1095 2900 1161 ipsa
2937 1095 3247 1164 mgritudine
3288 1099 3355 1152 ad
3397 1113 3622 1156 mortem

2062 1179 2299 1281 perducti
2319 1192 2460 1236 sunt.
2487 1181 2696 1237 Praecisi
2721 1193 2846 1238 sunt
2865 1187 2995 1239 rami
3018 1187 3304 1256 naturales,
3329 1202 3385 1244 nt
3413 1191 3624 1248 humilis

2063 1272 2384 1328 insereretur
2405 1272 2636 1327 oleaster
2661 1273 2833 1344 (Rom.
2857 1291 2936 1337 xl,
2969 1275 3078 1348 l7).
3104 1277 3351 1344 Quoniam
3377 1282 3447 1334 dii
3471 1283 3628 1351 fortes

2065 1368 2209 1414 terra:
2232 1361 2376 1416 valde
2401 1361 2574 1416 (διεναιί
2600 1373 2734 1417 sunt.
2765 1363 3060 1420 Tenea-mus
3088 1383 3215 1437 ergo
3233 1410 3246 1432 ,
3282 1369 3498 1435 fratres,
3529 1373 3630 1427 hu-

2067 1450 2360 1514 militatem,
2388 1452 2693 1508 charitatem
2713 1494 2730 1521 ,
2756 1456 3037 1523 pietatem;
3064 1460 3184 1528 quia
3211 1463 3377 1516 vocati
3401 1465 3416 1495 ¹
3447 1481 3633 1522 sumus

2069 1542 2174 1596 illis
2214 1543 2539 1612 reprobatis,
2585 1546 2666 1612 vel
2713 1546 2921 1604 illorum
2962 1552 3214 1623 exemplo
3253 1557 3525 1626 superbire
3562 1562 3632 1616 ti-

2070 1647 2324 1688 tncatuus.

2069 1763 3636 1806 ,Μ

2458 1841 2540 1902 ΙΝ
2582 1843 2956 1906 PSALMUM
2997 1846 3225 1912 XLVII

2647 1963 3056 2024 ENARBATIO.

2598 2092 2769 2134 SERMO
2805 2096 2872 2135 AD
2907 2096 3128 2140 PLEBEH.

2151 2225 2204 2278 l.
2244 2220 2394 2296 [vers.
2441 2217 2517 2292 L]
2557 2217 2763 2272 Titulus
2789 2215 2983 2272 Psalmi
3007 2222 3108 2278 est,
3135 2213 3272 2269 Laus
3297 2213 3488 2269 Cantiei
3524 2216 3651 2284 ﬁliis

2083 2313 2226 2381 Core,
2258 2310 2478 2367 secunda
2500 2309 2711 2362 sabbati.
2743 2307 2818 2361 De
2853 2305 2953 2360 hoc
2988 2303 3127 2375 quod
3160 2304 3410 2358 Dominus
3447 2304 3652 2362 donare

2087 2409 2349 2477 dignatur,
2378 2403 2602 2472 excipite
2635 2412 2878 2469 tanquam
2913 2398 3001 2452 lilii
3044 2398 3378 2453 firmamenti.
3405 2396 3651 2453 Secunda

2086 2501 2224 2555 enim
2250 2495 2473 2559 sabbati,
2498 2495 2548 2549 id
2575 2503 2673 2559 cst,
2703 2505 2819 2561 post
2847 2491 2988 2546 diem
3018 2491 3262 2560 primum,
3294 2506 3448 2560 quem
3469 2490 3654 2547 nomi-

2090 2593 2260 2644 uimnn
2292 2588 2534 2652 dicimus,
2565 2601 2683 2656 qua:
2708 2585 2864 2638 etiam
2906 2581 3134 2636 secunda
3174 2581 3299 2634 feria
3329 2580 3536 2646 dicitur,
3571 2579 3655 2633 la-

2091 2695 2235 2737 ctum
2263 2691 2346 2736 est
2374 2681 2756 2733 ﬁrmamentum
2803 2674 2945 2740 caeli,
2978 2674 3083 2728 imo
3129 2675 3508 2727 [irritamentum
3538 2688 3658 2726 cae-

2093 2779 2217 2830 lum.
2247 2775 2448 2829 leum
2470 2771 2610 2826 enim
2640 2770 2841 2823 vocavit
2864 2769 3002 2821 Dens
3025 2766 3410 2820 ﬁrmamentum
3439 2762 3585 2834 (Cen.
3613 2781 3678 2832 1,,

2093 2870 2226 2939 3-8).
2259 2867 2435 2922 Primo
2473 2873 2645 2918 autem
2681 2862 2766 2916 die
2799 2863 2966 2915 lucem
2999 2859 3214 2922 fecerat,
3257 2869 3311 2913 et
3350 2875 3378 2912 a
3427 2859 3663 2913 tenebris

2094 2961 2372 3024 diviserat;
2399 2967 2452 3012 et
2482 2964 2756 3009 vocaverat
2789 2953 2981 3016 lucem,
3011 2951 3173 3014 diem,
3202 2961 3254 3004 et
3283 2949 3542 3010 tenebras,
3564 2965 3663 3002 nu.

2094 3062 2254 3107 ctcm.
2290 3049 2436 3104 Sicut
2477 3057 2651 3101 autem
2701 3045 2895 3098 indicat
2944 3042 3132 3112 psalmi
3176 3041 3330 3107 hujus
3371 3041 3666 3106 contextio,

2097 3141 2291 3212 aliquid
2330 3141 2486 3195 etiam
2531 3137 2845 3207 prtulucutus
2873 3142 2955 3189 est
2985 3133 3122 3187 Deus
3148 3134 3197 3187 in
3231 3132 3320 3187 illo
3355 3146 3511 3201 opere
3539 3146 3666 3196 suo,

2099 3231 2239 3303 quod
2263 3229 2615 3298 compleretur
2637 3228 2688 3281 in
2715 3226 2866 3280 nobis
2887 3228 2942 3278 ’ἐ
2963 3233 3016 3278 et
3035 3223 3321 3278 secundum
3344 3221 3496 3292 hujus
3515 3236 3674 3274 crea-

2103 3333 2234 3378 tura:
2262 3320 2618 3376 conditionem
2665 3316 2855 3371 saecula
2901 3322 3269 3369 cucurrerunt.
3318 3313 3430 3367 Non
3474 3311 3674 3366 frustm

2103 3412 2256 3469 enim"
2295 3410 2546 3466 Dominus
2582 3409 2655 3463 ait
2683 3408 2747 3461 de
2779 3407 2977 3478 Moyse,
3005 3405 3083 3460 De
3107 3423 3184 3459 me
3207 3407 3336 3459 enim
3360 3406 3446 3458 ille
3472 3405 3679 3473 scripsit

2107 3504 2282 3573 (Joan.
2315 3519 2366 3566 v,
2396 3500 2519 3568 lii):
2546 3501 2643 3554 nisi
2675 3499 2793 3568 quia
2815 3498 2990 3552 omnia
3007 3512 3123 3567 qua:
3139 3497 3332 3566 scripta
3349 3506 3490 3558 sunt,
3510 3496 3680 3550 etiam

2111 3607 2231 3650 eum
2264 3592 2402 3646 Deus
2440 3589 2690 3644 conderet
2723 3597 3015 3644 creaturam
3036 3633 3050 3652 ,
3085 3602 3304 3657 possunt
3344 3591 3683 3662 interpretari

2114 3684 2178 3738 ad
2207 3682 2639 3753 signiﬁcationem
2671 3679 3002 3743 futiirorum;
3034 3690 3091 3733 ut
3119 3681 3376 3751 intelligas
3407 3682 3568 3736 Deum
3599 3683 3686 3738 le-

2116 3775 2251 3828 cissc
2277 3774 2466 3836 lucem,
2489 3788 2609 3825 cum
2631 3771 2866 3824 Christus
2893 3785 2920 3823 a
2949 3770 3172 3825 mortuis
3199 3775 3498 3826 resurrexiu
3530 3773 3686 3830 Tunc

2117 3865 2259 3919 enim
2287 3878 2464 3918 revera
2498 3861 2582 3914 illa
2611 3859 2694 3913 lux
2723 3859 2888 3913 divisa
2911 3868 2994 3914 est
3019 3875 3046 3911 a
3078 3861 3325 3926 tenebris,
3347 3863 3554 3931 quando
3581 3864 3689 3918 im-

2121 3955 2412 4010 mortalitas
2439 3970 2468 4008 a
2493 3951 2811 4006 mortalitate
2832 3950 3054 4005 discreta
3083 3961 3182 4009 est.
3205 3953 3338 4018 Quid
3361 3970 3482 4022 ergo
3502 3957 3684 4024 sequi-

2125 4058 2228 4110 tur,
2259 4046 2355 4100 nisi
2384 4054 2444 4098 ut
2467 4043 2620 4112 capiti
2641 4043 2797 4095 etiam
2819 4055 3010 4110 Corpus
3035 4041 3205 4106 fieret,
3235 4042 3373 4111 quod
3402 4045 3694 4099 estflﬂccle-

2124 4138 2238 4192 sia?
2277 4135 2508 4201 Denique
2537 4142 2617 4188 est
2645 4133 2800 4186 etiam
2829 4133 3060 4201 psalmus
3083 4130 3150 4186 de
3175 4133 3337 4201 prima
3375 4135 3601 4198 sabbati,
3631 4138 3694 4192 in

2125 4243 2228 4297 quo
2271 4223 2601 4297 apertissime
2644 4222 2960 4276 resurrectio
2998 4223 3204 4276 Domini
3244 4221 3582 4279 declaratur:
3615 4229 3698 4284 ibi

2127 4323 2266 4377 enim
2291 4320 2480 4373 dicitur
2498 4359 2511 4378 ,
2543 4315 2729 4370 Tollite
2755 4315 3197 4385 portas,principes
3223 4317 3366 4369 vestri
3388 4316 3427 4376 ³,
3456 4327 3504 4371 et
3529 4290 3700 4373 ctera.

2129 4412 2442 4480 mini,porta:
2467 4407 2758 4469 internatas,
2807 4414 2853 4458 et
2899 4404 3117 4458 introibit
3159 4405 3266 4459 Rea:
3307 4407 3483 4475 gloria:
3521 4408 3700 4476 (Psal.

2132 4518 2290 4566 mm,
2321 4500 2387 4558 7’,
2429 4497 2507 4566 9).
2551 4494 2683 4563 Quid
2733 4493 3028 4548 evidentius
3067 4509 3231 4564 quam
3262 4493 3525 4549 Christum
3574 4513 3702 4553 esse

2133 4592 2328 4660 Regem
2357 4585 2666 4657 alet-iwide
2704 4598 2807 4650 quo
2849 4583 3046 4636 dictum
3081 4594 3162 4638 est
3189 4601 3203 4637 :
3235 4585 3304 4638 Si
3332 4589 3704 4654 cognovissent,

2136 4697 2388 4748 nunquam
2417 4677 2688 4730 Dominum
2716 4673 3270 4743 glorier-crucifixissent
3299 4676 3318 4744 (
3333 4675 3346 4726 l
3375 4677 3491 4730 Cor.
3522 4693 3553 4730 Il
3573 4719 3586 4741 ,
3615 4679 3703 4740 8).

2136 4773 2428 4828 Secundam
2458 4785 2584 4835 ergo
2611 4764 2814 4819 sabbati
2846 4779 2948 4817 non
2976 4764 3228 4820 debemus
3269 4765 3560 4836 intelligere
3598 4770 3707 4826 nisi

2140 4859 2646 4921 Ecclesiamt-‘Jrriﬂi
2681 4876 2693 4909 :
2722 4855 2814 4911 sed
2853 4855 3144 4910 Ecclesium
3175 4855 3368 4911 Christi
3400 4859 3450 4910 in
3481 4861 3706 4924 sanctis,

2145 4957 2434 5013 Ecclesium
2455 4951 2654 5008 Christi
2677 4949 2838 5003 in-his
2862 4949 3154 5018 qui-scripti
3181 4961 3300 5004 sunt
3328 4951 3379 5005 in
3406 4953 3572 5015 cado,
3604 4953 3711 5008 Ec-

2142 5051 2355 5108 clesium
2377 5046 2570 5102 Christi
2600 5045 2666 5098 in
2701 5043 2782 5096 bis
2808 5041 3102 5111 qui‘mundi
3137 5041 3292 5111 hujus
3333 5044 3713 5102 tentatinnibus

2145 5158 2250 5197 non
2275 5139 2489 5196 cedunt.
2512 5136 2616 5207 Ipsi
2643 5134 2781 5190 enim
2808 5133 2950 5203 digni
2977 5139 3100 5188 sunt
3127 5133 3336 5188 nomine
3365 5125 3712 5192 ﬁrmamenti.

2213 5297 2228 5328 ι
2254 5291 2468 5344 Nonnulli
2491 5289 2618 5347 edd,
2660 5283 3009 5350 qua..guidam,
3029 5283 3127 5345 qui.
3167 5282 3348 5350 Deinde
3382 5281 3504 5350 loco.
3538 5289 3698 5336 metu

2213 5325 2228 5328 —
2257 5325 2286 5344 υ
2323 5325 2468 5343 ........
2491 5325 2597 5340 νυ...
2660 5325 2672 5335 .
2695 5325 3127 5342 ην...,ε-.μ-...,.-..
3169 5325 3347 5332 .,------
3384 5325 3482 5332 ---π
3557 5325 3559 5328 ,

2150 5325 2370 5422 νιειξὶίῖυᾶ
2395 5325 2821 5422 habent,’reivocati
2842 5361 2858 5402 ;
2879 5355 2929 5395 et
2949 5347 3020 5422 sic
3041 5325 3142 5416 lic...
3172 5347 3331 5406 inqua
3367 5325 3720 5407 editibne

2151 5407 2371 5472 irerbu'm,
2396 5407 2659 5472 timeamus.
2684 5409 2887 5472 additur,
2911 5407 3157 5472 admoniti.

2155 5481 2234 5591 df
2259 5466 2721 5586 Εόῗέδοοιηριενειω·
2741 5470 2802 5519 in
2813 5466 3066 5518 nobiscum
3081 5466 3274 5532 gaudio.
3291 5466 3453 5524 Abest,
3468 5479 3582 5517 cum
3595 5481 3722 5529 anu.

2190 5553 2250 5591 to.
2271 5553 2297 5587 a
2413 5572 2424 5583 .

2190 5547 2250 5596 to,
2271 5553 2297 5587 a
2322 5547 2424 5586 Mss.

2218 5586 2394 5666 Quid,
2412 5593 2650 5666 prbicipcs
2674 5598 2866 5666 vestras.
2890 5589 3106 5666 aetrnum
3142 5598 3266 5651 Mss,
3299 5586 3538 5653 priupr
3555 5589 3710 5641 vestr:

2157 5661 2356 5711 Consule
2383 5653 2538 5706 liiiarr.
2567 5653 2613 5704 in
2638 5655 2792 5717 ipsum
2811 5653 2925 5702 Psal.
2947 5653 3022 5700 ‘25.
