4004 6200
237 273 357 331 57.3

238 382 386 437 Enn
419 372 647 434 Ecclesia
671 379 862 436 Christi
890 381 942 436 in
971 380 1051 438 his
1078 380 1165 452 qul
1196 370 1327 434 ﬁrmi
1356 390 1498 445 sunt,
1526 377 1592 434 de
1615 378 1804 449 quibus

235 474 371 527 dicit
399 466 679 542 Apostolus
698 514 714 540 ,
745 472 992 529 Debemus
1029 472 1192 527 autem
1221 488 1308 526 nos
1338 472 1471 539 firmi
1498 463 1830 539 inﬁrmitates

234 553 562 631 uiﬁimorum
598 563 851 620 sustinere
882 564 1051 633 (Rom.
1080 577 1171 629 xv,
1203 562 1255 631 i)
1275 604 1289 627 ,
1317 561 1575 631 appellata
1613 570 1694 615 est
1722 561 1812 615 ﬁr-

237 661 594 707 mamentum.
638 653 712 707 De
754 655 853 708 hoc
889 652 1128 707 cantatur
1153 651 1205 705 in
1236 651 1444 705 Psalmo
1472 667 1486 702 :
1516 648 1833 715 audiamusy

232 757 595 814 agnoscamus
613 784 626 804 ,
655 732 945 807 sociemur,
973 741 1279 812 gloriemur,
1310 737 1609 810 regnem'us.
1650 738 1810 793 Nam—

155 883 161 891 .
235 850 349 903 que
387 836 503 888 eam
542 832 699 887 etiam
738 833 1120 887 ﬁrmamentum
1151 830 1451 901 apostolicis
1481 829 1692 884 Litteris
1720 842 1814 896 ap-

238 922 496 996 pellatam
520 926 668 990 audi,
696 934 749 980 et
773 918 999 994 agnosce
1023 942 1037 978 :
1067 924 1193 988 Quae
1216 920 1317 988 est,
1356 920 1553 992 inquit,
1588 920 1814 974 Ecclesia

236 1016 345 1069 Dei
368 1016 496 1080 vivi,
527 1016 767 1069 columna
786 1024 832 1068 et
861 1010 1229 1084 ﬁrmamentum
1255 1012 1472 1067 veritatis
1498 1010 1547 1082 (Ι
1573 1010 1704 1065 Tim.
1734 1025 1810 1074 nt,

240 1108 265 1160 1
280 1108 360 1177 5).
389 1107 465 1161 De
494 1105 595 1160 hoc
620 1105 950 1159 ﬁrmamento
973 1114 1214 1158 cantatur
1234 1104 1355 1158 ﬁliis
1374 1103 1530 1167 Core,
1562 1116 1695 1172 quos
1716 1116 1812 1153 no-

238 1198 344 1249 stis
376 1211 494 1251 esse
522 1196 654 1250 ﬁlios
682 1196 857 1265 sponsi
892 1194 1127 1250 cruciﬁxi
1155 1196 1206 1249 in
1233 1194 1484 1249 Calvariae
1513 1194 1648 1248 loco.
1677 1192 1814 1246 Core

219 1298 476 1357 'namquc
501 1284 775 1342 Calvitiuin
804 1288 1190 1357 interpretatur.
1209 1282 1457 1356 Seqditur
1482 1287 1532 1340 in
1557 1285 1659 1341 hoc
1670 1284 1812 1356 psal-

240 1384 358 1439 mo,
389 1377 476 1447 qui
505 1378 808 1431 inscribitur
826 1419 840 1442 ,
869 1377 1086 1432 secunda
1110 1377 1321 1431 sabbati.

320 1468 371 1521 9..
398 1467 545 1541 [vers.
569 1466 650 1542 2.]
682 1468 902 1540 Magnus
969 1470 1212 1523 Dominus
1234 1462 1249 1534 ζ
1278 1479 1324 1523 et
1350 1466 1616 1523 laudabilis
1642 1467 1810 1523 valde.

243 1558 391 1613 Ecce
427 1575 636 1627 magnus
660 1557 936 1623 Dominus,
969 1570 1015 1614 et
1037 1560 1301 1613 laudabilis
1325 1560 1509 1613 valde:
1535 1557 1628 1614 sed
1656 1574 1812 1613 num-

242 1649 377 1720 quid
407 1650 642 1705 inﬁdeles
667 1642 881 1705 laudant
910 1650 1223 1705 Dominum?
1254 1650 1513 1721 Numquid
1537 1650 1697 1705 etiam
1724 1648 1813 1717 qui

244 1742 542 1799 creduutet
569 1744 707 1798 male
727 1743 907 1798 vivunt
934 1744 1146 1798 laudant
1166 1744 1461 1807 Duminum,
1485 1757 1580 1813 per
1598 1757 1742 1812 quos
1758 1741 1815 1796 ﬁt

246 1843 314 1888 ut
351 1849 540 1889 nomen
580 1834 667 1888 Dei
709 1834 1106 1903 blaSphcmetur
1144 1835 1195 1888 in
1234 1832 1523 1889 Gentibus?
1561 1831 1813 1903 nmnquid

249 1926 469 1979 laudant
488 1924 763 1978 Dominum
793 1908 1043 1991 (Βοιηξιι,
1061 1924 1190 1993 Si)?
1212 1926 1293 1978 An
1312 1938 1439 1979 vero
1459 1925 1502 1978 si
1524 1924 1683 1980 etiam
1707 1923 1817 1977 lau-

246 2013 406 2077 dent,
432 2023 737 2084 acceptatur
766 2014 880 2067 laus
905 2028 1111 2078 eorum,
1140 2030 1257 2069 cum
1284 2012 1536 2083 scriptum
1563 2015 1667 2069 sit:
1696 2011 1816 2067 Non

247 2113 329 2156 est
369 2103 590 2173 speciosa
639 2103 749 2156 laus
786 2103 838 2156 in
879 2120 963 2156 ore
1014 2104 1284 2173 peccatoris
1327 2102 1523 2174 (Eccli.
1572 2118 1675 2169 xv,
1711 2102 1817 2173 9)?

252 2196 442 2249 D‘iiisti
473 2210 599 2265 ergo
621 2237 637 2261 ,
677 2195 898 2266 Magnus
938 2195 1215 2260 Dominus,
1255 2206 1302 2250 et
1330 2196 1600 2250 laudabilis
1626 2196 1769 2250 valde
1790 2211 1818 2251 ':

248 2288 350 2342 sed
374 2286 462 2342 hic
488 2288 592 2342 ubi.
616 2287 681 2342 In
707 2287 902 2341 civitate
930 2286 1025 2341 Dei
1046 2289 1219 2353 nostri,
1239 2289 1290 2342 in
1312 2298 1476 2342 monte
1497 2298 1671 2343 sancto
1687 2290 1814 2359 ejus.

252 2372 336 2431 De
363 2377 462 2433 hoc
489 2377 610 2431 alibi
639 2378 827 2431 dicitur
856 2396 869 2431 :
910 2378 1031 2443 Quis
1059 2379 1288 2432 ascendet
1317 2379 1367 2431 in
1395 2388 1611 2433 montem
1638 2378 1821 2431 Domi-

252 2470 349 2524 ni?
384 2461 628 2525 Innocens
660 2470 889 2524 manibus
918 2482 962 2523 et
990 2471 1173 2524 mundo
1200 2470 1350 2524 corde
1376 2470 1542 2542 (Psal.
1567 2486 1693 2525 χχιιι
1715 2514 1729 2536 ,
1752 2472 1814 2535 5,

260 2563 347 2634 ι).
378 2563 433 2617 ln’
473 2562 552 2616 his
579 2560 790 2633 magnus
819 2558 1094 2628 Dominus,
1129 2574 1174 2617 et
1201 2564 1470 2619 laudabilis
1498 2563 1643 2618 valde
1670 2578 1690 2617 :
1721 2563 1820 2618 hoc

252 2662 369 2716 est,
398 2646 665 2706 incivitate
691 2651 785 2705 Dei
823 2654 1013 2717 nostri,
1042 2654 1094 2706 in
1131 2664 1296 2706 monte
1321 2664 1493 2707 sancto
1539 2655 1664 2726 ejus.
1694 2653 1820 2708 H:ec

254 2753 341 2796 est
365 2743 547 2796 civitas
576 2742 626 2795 in
655 2754 832 2797 monte
855 2742 1040 2813 posita,
1063 2758 1182 2812 qua:
1196 2740 1449 2800 abscondi
1479 2758 1580 2798 non
1608 2752 1816 2821 potest:

258 2833 481 2888 bacc‘est
506 2834 719 2889 lucerna
751 2849 869 2903 qute
895 2833 993 2887 sub
1018 2834 1195 2887 modio
1224 2850 1325 2887 non
1355 2835 1677 2901 occultatur,
1701 2849 1818 2888 Olli-

259 2924 419 2978 uilius
459 2934 614 2989 nota,
659 2923 903 2977 omnibus
943 2923 1207 2977 dili'amata
1242 2924 1449 2994 (Matth.
1491 2941 1544 2989 v,
1574 2926 1673 2989 M,
1705 2924 1816 2994 15).

262 3014 383 3070 Non
412 3025 581 3069 autem
607 3016 838 3069 universi
867 3017 1008 3070 cives
1033 3016 1145 3084 ejus
1166 3026 1304 3079 sunt,
1336 3017 1426 3071 sed
1457 3018 1529 3071 illi
1554 3017 1605 3071 in
1632 3017 1819 3086 quibus

257 3121 475 3176 magnus
496 3105 760 3169 Dominus,
788 3114 832 3159 et
852 3105 1116 3160 laudabilis
1142 3108 1301 3160 valde.
1321 3107 1449 3173 Quae
1469 3110 1549 3162 est
1572 3122 1698 3177 ergo
1720 3108 1819 3162 ista

257 3195 469 3262 civitas,
501 3194 771 3249 videamus
791 3237 804 3257 ,
841 3211 906 3249 ne
933 3194 1064 3250 forte
1088 3197 1210 3265 quia
1236 3196 1431 3251 dictum
1462 3208 1573 3261 est,
1598 3195 1663 3251 In
1693 3197 1819 3250 civi-

259 3295 364 3339 tate
392 3283 485 3339 Dei
516 3286 704 3351 nostri,
725 3286 778 3338 in
814 3294 980 3339 monte
1001 3297 1172 3339 sancto
1198 3290 1324 3355 ejus,
1350 3287 1634 3342 debeamus
1670 3304 1816 3358 qua!-

262 3384 383 3430 rere
428 3376 583 3429 istum
625 3386 855 3429 montem
879 3417 894 3441 ,
935 3376 1027 3430 ubi
1069 3376 1227 3432 etiam
1258 3379 1493 3433 exaudiri
1534 3382 1816 3449 possimus.

260 3466 378 3521 Non
414 3466 552 3521 enim
591 3465 783 3521 frustra
824 3467 1015 3521 dicitur
1040 3469 1091 3545 in
1132 3468 1235 3523 alio
1269 3470 1512 3538 psalmo:
1554 3470 1685 3526 Voce
1712 3489 1820 3527 mea

258 3562 335 3614 ad
360 3559 633 3613 Dominum
657 3561 895 3625 clamavi,
924 3570 971 3614 et
994 3561 1242 3615 exaudivit
1271 3578 1348 3616 me
1372 3562 1435 3615 de
1463 3574 1625 3619 monte
1647 3576 1821 3621 sancto

256 3666 353 3706 suo
382 3651 548 3721 (Psal.
572 3668 657 3715 ιιι,
688 3649 764 3723 5).
792 3652 1003 3721 Adjuvit
1030 3669 1155 3723 ergo
1191 3663 1241 3709 te
1268 3670 1420 3710 mons
1443 3655 1545 3710 istc
1579 3668 1633 3710 ut
1657 3674 1820 3713 exau-

254 3744 468 3798 direris.
487 3743 615 3798 Nam
636 3745 678 3798 si
697 3745 749 3798 in
767 3760 885 3799 eum
908 3744 1507 3811 non'ascenderesjufra
1525 3751 1701 3818 iacens
1716 3753 1822 3805 cla-

258 3846 409 3890 mare
436 3849 650 3904 posses,
679 3834 770 3889 sed
799 3836 1035 3891 exaudiri
1066 3853 1169 3891 non
1199 3854 1401 3906 posses.
1428 3840 1556 3905 Quis
1585 3853 1666 3895 est
1693 3857 1823 3912 ergo

260 3928 361 3981 iste
385 3940 564 3991 mons,
605 3925 827 3982 iratres?
857 3927 1040 3996 Magna
1071 3942 1194 3981 cura
1226 3930 1602 3997 inquirendas,
1634 3948 1819 4002 magna

261 4017 617 4071 sollicitudine
647 4017 1065 4087 investigandus;
1098 4018 1274 4072 labore
1302 4021 1458 4072 etiam
1486 4024 1819 4090 occupandus

262 4118 316 4159 et
354 4107 734 4161 ascendendus.
775 4108 877 4162 Sed
907 4108 950 4161 si
982 4109 1032 4161 in
1054 4108 1225 4178 aliqua
1258 4118 1406 4177 parte
1431 4120 1685 4166 terrarum
1716 4122 1818 4179 est,

262 4197 384 4267 quid
412 4196 693 4252 faciemus?
723 4198 1178 4267 Peregrinabiuiur
1197 4200 1263 4254 de
1292 4208 1428 4254 terra
1454 4211 1650 4266 nostra,
1676 4215 1731 4257 ut
1756 4206 1821 4258 ad

264 4284 681 4342 illumimontem‘
702 4291 975 4357 pervenire
996 4292 1257 4359 poSsimus
1273 4291 1295 4344 ἶ)
1311 4290 1420 4346 lmo
1447 4303 1569 4347 tunc
1584 4299 1823 4366 peregrie

265 4374 471 4446 tuimur,
504 4380 544 4432 si
574 4380 623 4432 in
650 4380 868 4433 illo’nOn
889 4396 1090 4435 sumus.
1114 4380 1228 4451 ipsa
1256 4392 1338 4437 est
1357 4385 1497 4438 enim
1526 4385 1821 4441 civitasnoo'

262 4480 400 4537 stra,
432 4471 477 4524 si
508 4470 742 4524 membra
771 4472 910 4540 regis
938 4487 1119 4526 sumus
1140 4513 1156 4539 ,
1186 4474 1275 4542 qui
1301 4484 1456 4542 caput
1482 4485 1563 4529 est
1597 4476 1822 4533 civitatis

266 4562 444 4630 ipsius.
476 4560 575 4616 Ubi
602 4571 685 4616 est
707 4578 833 4632 ergo
859 4564 957 4618 iste
996 4564 1181 4618 mons?
1208 4565 1262 4619 Si
1294 4566 1560 4633 regionem
1590 4569 1817 4638 aliquam

264 4652 445 4712 tenuit,
467 4651 809 4704 laborandum
842 4662 938 4713 est,
976 4661 1031 4704 ut
1059 4651 1187 4718 dixi,
1220 4660 1277 4706 ut
1304 4653 1370 4706 ad
1398 4669 1518 4707 eum
1548 4659 1823 4724 pervenia-

265 4751 367 4794 tur.
389 4742 495 4795 Sed
518 4741 640 4810 quid
668 4742 898 4811 satagis?
917 4741 1122 4796 Utinam
1152 4759 1254 4796 non
1280 4744 1353 4797 sis
1376 4744 1520 4813 piger
1539 4748 1823 4804 ascendere

264 4832 320 4886 in
346 4834 599 4895 montem,
628 4832 890 4901 quomodo
919 4847 1070 4886 mons
1094 4849 1195 4887 non
1223 4832 1319 4887 fuit
1349 4836 1526 4889 tardus
1555 4839 1731 4894 venire
1757 4840 1824 4895 ad

260 4924 638 4978 dormientem.
679 4923 799 4977 Fuit
827 4924 964 4978 enim
994 4924 1204 4993 quidam
1245 4925 1377 4993 lapis
1405 4928 1667 4996 angularis
1694 4943 1824 4983 con-

264 5016 589 5085 temptibilis,
614 5016 666 5069 in
686 5030 843 5085 quem
868 5015 1033 5070 Judaei
1060 5015 1393 5071 offenderunt
1412 5017 1588 5088 (Rom.
1605 5034 1681 5084 lx,
1706 5020 1821 5091 52),

260 5108 514 5178 ρηιεείειιε
542 5107 609 5161 de
636 5107 862 5176 quodam
890 5118 1067 5162 monte
1088 5108 1201 5162 sine
1232 5109 1497 5174 manibus,
1526 5109 1626 5163 hoc
1650 5118 1730 5163 est
1757 5109 1825 5165 de

259 5213 427 5267 regno
465 5198 767 5253 Judaaorum
810 5198 1027 5253 veniens
1069 5197 1185 5253 siue
1232 5200 1510 5266 manibus,
1552 5202 1674 5270 quia
1723 5201 1824 5256 hu-

260 5304 477 5343 manum
517 5305 649 5358 opus
683 5304 792 5342 non
825 5288 1047 5343 accessit
1070 5288 1135 5341 ad
1166 5289 1414 5355 Mariam,
1452 5292 1517 5345 de
1545 5304 1644 5361 qua
1671 5301 1824 5347 natus

257 5378 504 5435 Christus
531 5379 743 5448 (Matth.
772 5394 810 5439 ι,
845 5378 957 5447 16).
989 5377 1093 5432 Sed
1123 5381 1165 5431 si
1208 5379 1340 5448 lapis
1370 5382 1468 5435 iste
1508 5383 1592 5435 ubi
1623 5382 1674 5435 in
1703 5397 1823 5436 eum

257 5472 597 5525 offenderunt
620 5470 786 5525 ,ἰυάωί
808 5511 823 5534 ,
853 5468 925 5525 ιι.
952 5482 1269 5537 remaneret,
1298 5482 1350 5525 tu
1379 5489 1482 5542 quo
1506 5474 1824 5530 ascenderes

257 5579 367 5619 non
402 5564 643 5617 haberes.
662 5560 795 5629 Quid
820 5570 993 5617 autem
1026 5560 1217 5615 factum
1243 5563 1356 5617 est?
1383 5564 1515 5630 Quid
1544 5565 1667 5619 dicit
1696 5581 1821 5635 pro-

263 5655 445 5726 phetia
478 5653 741 5709 Daniclis?
767 5651 902 5722 Quid
922 5693 935 5719 ,
969 5653 1067 5707 nisi
1100 5652 1217 5724 quia
1247 5654 1410 5708 crevit
1438 5655 1568 5725 lapis
1608 5656 1705 5710 iste
1731 5698 1743 5722 ,
1774 5667 1825 5710 et

1258 265 1654 326 ENARRATIO
1690 266 1755 323 ΙΝ
1792 266 2109 327 ΡεΑωιυιι
2148 268 2348 328 XLV".

3375 280 3476 335 534

1914 380 2081 436 factus
2109 391 2190 437 est
2219 398 2370 439 mons
2413 388 2670 455 magnus?
2692 388 2859 457 Quam
2888 386 3138 461 magnus?
3169 392 3243 448 lta
3278 401 3333 449 ut
3373 396 3472 449 im-

1915 470 2082 539 pleret
2107 467 2403 528 universam
2434 468 2619 531 faciem
2644 487 2795 533 terra:
2817 479 2978 548 (Dan.
3003 483 3168 547 11,54,
3192 465 3302 554 55).
3329 484 3470 556 Ergo

1914 562 2202 616 crescendo
2228 578 2379 619 mons
2416 564 2515 619 iste
2550 577 2603 621 et
2644 569 2911 637 implendo
2950 572 3245 627 universam
3287 573 3469 628 faciem

1916 648 2094 716 terrae,
2122 650 2266 707 venit
2293 652 2358 707 ad
2387 670 2501 708 nos.
2535 656 2665 721 Quid
2693 674 2818 726 ergo
2844 670 3071 715 montem
3099 663 3247 731 quasi
3286 663 3476 717 absen-

1916 749 2020 795 tem
2065 744 2382 812 quarrimus,
2423 753 2476 799 et
2519 764 2620 799 non
2659 748 2707 801 in
2740 750 3049 817 przrsentetn
3084 753 3193 822 jam
3234 740 3475 809 aScendi—

1917 830 2035 883 mus
2056 874 2069 894 ,
2110 840 2167 885 ut
2194 834 2263 886 sit
2292 834 2341 887 in
2382 835 2533 891 nobis
2571 842 2783 909 magnus
2813 838 3092 907 Dominus,
3130 852 3175 897 et
3210 832 3485 899 laudabilis

1916 920 2061 973 valde
2074 920 2101 974 .9

1987 1010 2040 1065 3.
2073 1007 2220 1083 [vers.
2252 1010 2330 1085 5.]
2363 1013 2598 1084 Denique
2627 1031 2694 1071 ne
2720 1017 2876 1072 istum
2910 1014 3142 1075 montem
3175 1020 3278 1078 nan
3311 1040 3479 1095 agno-

1917 1116 2095 1157 sceres
2120 1110 2173 1158 et
2198 1103 2251 1157 in
2288 1104 2387 1159 hoc
2416 1107 2615 1175 psalmo
2636 1149 2651 1174 ,
2679 1118 2729 1163 et
2760 1111 2811 1163 in
2836 1112 3007 1182 aliqua
3036 1126 3186 1182 parte
3216 1118 3474 1173 terrarum

1916 1191 2259 1259 quarrendum
2303 1195 2663 1264 existimares,
2692 1198 2811 1253 vide
2850 1196 2983 1270 quid
3017 1205 3255 1273 sequitur
3298 1222 3314 1261 :
3354 1222 3473 1261 cum

1916 1279 2154 1347 dixisset,
2186 1281 2252 1336 In
2279 1284 2474 1340 civitate
2502 1284 2599 1340 Dei
2624 1293 2782 1343 nostri
2801 1332 2815 1356 ,
2849 1290 2902 1343 in
2929 1294 3093 1347 monte
3129 1305 3300 1350 sancto
3328 1298 3473 1369 ejus,

1917 1370 2040 1439 quid
2083 1372 2312 1426 addidit?
2344 1374 2575 1430 Dilatans
2608 1380 2963 1437 exsultatione;
3009 1386 3254 1440 universa:
3292 1398 3436 1443 terra
3459 1429 3474 1456 ,

1916 1470 2106 1517 montes
2126 1462 2272 1519 Sion.
2298 1464 2423 1520 Sion
2455 1483 2589 1522 unus
2617 1485 2769 1525 mons
2790 1482 2910 1528 est:
2943 1474 3069 1544 quid
3092 1491 3218 1546 ergo
3245 1466 3491 1533 montes?-

1917 1551 1998 1606 An
2025 1552 2143 1622 quia
2174 1552 2240 1608 ad
2268 1554 2395 1611 Sion
2440 1561 2807 1626 pertinuerunt
2844 1562 3002 1617 etiam
3029 1566 3117 1635 qui
3162 1566 3231 1623 de
3270 1554 3481 1624 diversri

1916 1652 2196 1709 venerunt,
2228 1652 2291 1700 ut‘
2316 1647 2415 1702 sibi
2443 1662 2778 1706 occurrerent
2812 1651 3120 1724 in'lapidem
3146 1660 3476 1728 angularem.

1917 1741 1973 1789 et
2001 1733 2190 1789 ﬁerent
2217 1735 2290 1789 illi
2315 1735 2421 1791 duo
2445 1740 2669 1808 parietes
2698 1750 2944 1812 tanquam
2966 1744 3069 1800 duo
3093 1758 3318 1813 montes,
3347 1738 3495 1804 unus

1916 1838 1979 1879 es
2006 1826 2424 1898 circumcisione,
2442 1829 2577 1884 alter
2601 1846 2666 1887 ex
2698 1836 2979 1905 prmpulio;
3004 1852 3138 1891 unus
3158 1854 3221 1892 ex
3245 1839 3441 1893 Juilaeis
3462 1885 3476 1905 ,

1917 1915 2054 1970 alter
2090 1932 2155 1972 ex
2182 1917 2441 1974 Gentibus
2482 1938 2495 1973 :
2538 1938 2641 1977 non
2666 1924 2776 1993 jam
2804 1926 3046 1993 adversi;
3083 1930 3180 1983 etsi
3208 1931 3409 1987 diversi
3434 1936 3475 1999 ⁸,

1918 2005 2039 2074 quia
2068 2021 2133 2061 ex
2157 2007 2398 2073 diverso,
2424 2009 2532 2080 jam
2560 2012 2610 2067 in
2640 2015 2833 2084 angulo
2874 2032 2972 2072 nec
3000 2019 3227 2076 diversi?
3250 2020 3370 2090 Ipse
3406 2006 3487 2077 est‘

1918 2098 2071 2163 enim,
2095 2099 2280 2170 inquit,
2303 2119 2405 2173 pax
2420 2114 2607 2169 nostra,
2622 2108 2707 2177 qui
2729 2109 2843 2178 fecit
2864 2117 3072 2180 utraque
3091 2129 3242 2165 unum
3258 2100 3489 2183 phes.’

1920 2201 1991 2253 ιι,
2018 2188 2125 2259 14).
2169 2188 2285 2260 ipse
2310 2192 2397 2247 ille
2424 2194 2691 2264 angularis
2720 2196 2849 2266 lapis
2868 2240 2882 2262 ,
2913 2214 3056 2268 quem
3093 2186 3489 2269 reprobaverunl-

1919 2275 2243 2346 aediﬁcantes,
2271 2283 2434 2350 factus
2455 2290 2529 2336 est
2550 2282 2604 2336 in
2628 2294 2778 2354 caput
2800 2289 2972 2357 anguli
2993 2288 3159 2359 (Psal.
3178 2305 3339 2357 cxvn,
3361 2291 3480 2364 ἓξ).

1922 2368 2066 2423 Duos
2089 2369 2262 2439 junxit
2288 2372 2339 2426 in
2376 2386 2434 2428 se
2462 2389 2614 2429 mons
2640 2387 2869 2433 montes.
2899 2379 3007 2435 lina
3036 2378 3254 2448 domus,
3286 2374 3341 2439 et
3365 2386 3481 2442 dum

1921 2458 2108 2513 domus
2136 2459 2291 2515 :dua:
2318 2472 2534 2532 propter
2554 2480 2617 2519 ex
2646 2464 2858 2522 diverso
2886 2470 3160 2526 venientes
3180 2514 3195 2536 ,
3222 2489 3326 2528 una
3353 2490 3474 2544 pro-

1921 2558 2040 2619 pter
2066 2551 2288 2617 Iapidem
2324 2554 2627 2624 angularem
2645 2598 2661 2622 ,
2690 2557 2740 2610 in
2768 2574 2872 2628 quo
2897 2560 2997 2616 sibi
3027 2563 3195 2618 ambae
3221 2567 3480 2635 capulan-

1931 2648 2037 2695 tur.
2067 2641 2200 2696 Audi
2230 2653 2283 2697 et
2311 2642 2430 2709 hoc,
2455 2644 2651 2701 Montes
2677 2647 2835 2713 Sion;
2861 2650 3019 2704 latera
3041 2646 3288 2721 aquilonis
3309 2655 3481 2710 civitas

1920 2733 2051 2803 regis
2086 2735 2277 2804 magni.
2302 2734 2607 2791 lntenderas
2630 2739 2771 2792 enim
2804 2748 2856 2793 tu
2882 2739 3012 2795 Sion
3043 2749 3289 2813 tanquam
3319 2760 3478 2800 unum

1922 2825 2125 2892 locum,
2159 2827 2243 2880 ulti
2270 2827 2480 2882 condita
2509 2836 2591 2884 est
2618 2829 2944 2896 Jerusalem,
2986 2840 3041 2887 et
3066 2833 3120 2887 in
3158 2848 3220 2890 ea
3244 2835 3335 2891 tibi
3373 2851 3479 2892 non

1921 2917 2263 2983 occurrebat,
2310 2919 2409 2973 nisi
2448 2921 2671 2989 p0pulus
2693 2937 2758 2976 ex
2785 2924 3219 2992 circumcisione;
3251 2929 3339 2999 qui
3363 2930 3480 3000 qui.

1923 3008 2041 3063 dem
2079 3024 2141 3063 ex
2173 3010 2414 3081 reliquiis
2441 3027 2471 3067 a
2509 3010 2721 3069 Christo
2747 3013 2999 3070 collectus
3028 3027 3105 3071 est
3127 3058 3143 3082 ,
3183 3035 3250 3073 ex
3293 3036 3479 3090 magna

1922 3109 2094 3155 autem
2126 3110 2275 3170 parte
2306 3110 2550 3173 tanquam
2582 3104 2725 3172 palea
2765 3106 3063 3161 ventilatus.
3092 3107 3317 3162 Etenim
3346 3111 3479 3165 scri-

1923 3202 2066 3262 ptum
2095 3202 2196 3259 est,
2224 3192 2468 3265 Reliquite
2490 3195 2643 3249 salva:
2668 3195 2789 3263 [ient
2818 3194 2990 3266 (Rom.
3021 3214 3093 3260 ix,
3120 3198 3233 3271 27).
3266 3198 3372 3256 Sed
3398 3212 3481 3256 at-

1924 3282 2081 3339 tende
2108 3294 2161 3338 et
2186 3282 2382 3339 Gentes
2399 3325 2416 3351 ,
2443 3284 2560 3339 vide
2597 3295 2653 3340 et
2679 3286 2966 3342 oleastrum
2993 3289 3153 3345 inseri
3180 3292 3230 3346 in
3258 3293 3481 3364 pingue-

1922 3374 2098 3429 dinem
2127 3373 2279 3429 olivze
2310 3374 2417 3445 (Id.
2443 3390 2517 3440 si,
2545 3377 2659 3445 l7).
2692 3377 2826 3432 Ecce
2860 3378 3095 3447 Gentes,
3122 3379 3307 3436 Latera
3340 3385 3485 3455 aqui-

1923 3465 2052 3519 lonis
2089 3481 2106 3521 :
2154 3465 2400 3534 adjuncta
2445 3475 2569 3521 sunt
2617 3467 2776 3521 latera
2813 3469 3076 3538 aquilonis
3115 3471 3311 3527 civitati
3345 3475 3483 3545 regis

1923 3555 2115 3625 magni.
2135 3554 2441 3610 Contrarias
2465 3555 2603 3611 solet
2619 3570 2735 3611 esse
2762 3559 2938 3627 aquilo
2962 3558 3088 3614 Sion
3116 3560 3273 3616 :Sion
3290 3563 3484 3634 quippe

1924 3646 1976 3700 in
2020 3646 2270 3710 meridie,
2314 3648 2489 3715 aquilo
2528 3657 2711 3703 contra
2755 3650 3053 3707 meridiem.
3095 3652 3223 3718 Quis
3261 3661 3342 3708 est
3383 3655 3483 3709 iste

1924 3737 2132 3807 aquilo,
2160 3737 2259 3791 nisi
2286 3738 2375 3806 qui
2401 3739 2567 3804 dixit,
2596 3739 2791 3793 Ponam
2820 3742 2988 3795 sedem
3017 3760 3176 3797 meam
3198 3744 3268 3798 ad
3290 3746 3485 3816 aquilo-

1924 3843 2057 3892 nem,
2086 3836 2130 3880 et
2157 3843 2242 3882 ero
2264 3828 2439 3881 similis
2464 3830 2718 3883 Altissimo
2744 3827 2897 3901 (Isai.
2919 3848 3023 3895 xxv,
3050 3835 3135 3898 15,
3157 3834 3284 3905 id)?
3305 3835 3483 3891 Tenue

1924 3926 2038 3971 erat
2061 3931 2278 3985 regnum
2295 3916 2533 3972 diabolus
2554 3918 2829 3989 impiorum
2846 3961 2861 3987 ,
2885 3930 2938 3976 et
2960 3910 3268 3991 possederat
3289 3924 3485 3983 Gentes

1926 4006 2215 4063 servientes
2238 4008 2560 4073 simulacris,
2591 4010 2871 4067 adorantes
2894 4002 3154 4070 dmmonia
3187 4032 3202 4069 :
3231 4025 3286 4070 ει
3316 4027 3482 4073 totum

1925 4100 2174 4172 quidquid
2203 4100 2413 4171 generis
2441 4100 2656 4156 humani
2686 4096 2801 4159 erat
2842 4106 3033 4175 ubique
3070 4122 3165 4175 per
3192 4109 3445 4163 mundum
3465 4150 3483 4177 ,

1927 4192 2233 4247 inhasrendo
2266 4193 2339 4247 illi
2365 4194 2540 4264 aquilo
2576 4193 2789 4260 factum
2810 4207 2943 4252 erat.
2972 4196 3078 4254 Sed
3122 4200 3367 4269 quoniam
3399 4200 3487 4258 ille

1927 4285 2014 4353 qui
2041 4278 2219 4354 alligat
2249 4286 2461 4347 fortem,
2491 4284 2664 4339 aufert
2688 4286 2802 4355 ejus
2828 4303 2950 4340 vasa
2970 4327 2986 4355 ,
3015 4298 3069 4342 et
3092 4289 3213 4342 facit
3239 4304 3361 4343 vasa
3392 4306 3486 4344 sua

1936 4373 2144 4444 (Matth.
2182 4390 2256 4429 xu
2294 4373 2364 4431 29
2394 4374 2446 4445 ),
2481 4374 2685 4430 liberati
2723 4375 2963 4433 homines
2991 4378 3058 4432 ab
3087 4378 3393 4434 inﬁdelitate
3433 4391 3487 4435 et

1928 4466 2299 4536 superstitione
2338 4464 2752 4535 dmmoniorum,
2798 4469 3079 4523 credentes
3122 4470 3172 4522 in
3218 4470 3483 4524 Christum

1928 4558 2178 4613 colliniati
2211 4569 2333 4611 sunt
2371 4558 2443 4612 illi
2472 4560 2666 4613 civitati
2691 4601 2706 4625 ,
2733 4571 3073 4615 occurrerunt
3117 4562 3168 4615 in
3196 4558 3386 4631 angulo
3415 4561 3488 4619 illi

1929 4649 2114 4719 parieti
2141 4648 2208 4704 de
2231 4650 2632 4705 circumcisione
2663 4652 2914 4717 venienti,
2946 4662 2998 4705 et
3024 4651 3157 4706 facta
3188 4663 3270 4707 est
3296 4653 3487 4709 civitas

1927 4741 2068 4811 regis
2098 4741 2270 4811 magni
2297 4757 2416 4811 qum
2444 4740 2647 4795 fuerant
2678 4742 2838 4794 latera
2876 4726 3154 4811 aquilonis.
3184 4741 3307 4799 Ideo
3340 4754 3394 4799 et
3434 4745 3487 4801 in

1928 4833 2030 4886 alia
2060 4832 2327 4901 Scriptura
2368 4832 2557 4885 dicitur
2582 4848 2594 4883 :
2632 4833 2706 4884 Ab
2731 4833 2962 4901 aquilone
2987 4834 3140 4888 nubes
3178 4836 3362 4890 coloris
3388 4853 3479 4890 au-

1928 4926 2041 4985 rei;
2085 4924 2134 4975 in
2165 4924 2241 4976 Itis
2278 4932 2348 4975 est
2396 4939 2577 4992 magna
2623 4922 2786 4992 gloria
2828 4932 2875 4976 et
2917 4924 3077 4978 honor
3122 4922 3491 4997 Omnipotenli:

1932 5011 2084 5080 (Job,
2112 5027 2332 5077 xxxvii,
2362 5010 2476 5079 22).
2522 5011 2703 5081 Magna
2749 5012 2886 5065 enim
2923 5013 3090 5083 gloria
3137 5016 3327 5071 medici
3374 5026 3489 5081 est.

1931 5102 2138 5171 quando
2162 5117 2227 5154 ex
2253 5102 2618 5172 desperatione
2638 5102 2955 5157 convalescit
2973 5116 3219 5173 aegrotus.
3244 5106 3324 5161 Ab
3343 5108 3492 5176 aqui-

1933 5194 2051 5249 lone
2079 5194 2266 5259 nubes,
2295 5204 2349 5247 et
2374 5208 2478 5247 non
2511 5180 2673 5263 nigrae
2700 5194 2884 5258 nubes,
2908 5210 3010 5249 non
3040 5196 3357 5267 caliginosae,
3383 5213 3485 5249 nun

1933 5296 2100 5351 tetrce,
2124 5285 2215 5341 sed
2236 5285 2430 5340 coloris
2452 5287 2616 5340 aurei.
2639 5285 2790 5341 Unde
2815 5286 2913 5339 nisi
2932 5288 3102 5357 gratia
3127 5286 3453 5343 illuminante
3469 5289 3487 5319 '

3379 5454 3401 5479 Ι

1997 5522 2014 5551 ι
2037 5521 2110 5585 sie
2123 5518 2426 5585 aliquotuss.
2449 5518 2781 5585 Quidam‘vero
2797 5517 2878 5568 alii
2897 5532 2923 5585 ;_
2936 5531 3028 5567 non
3042 5518 3142 5585 iam
3155 5515 3330 5568 diversi
3342 5529 3362 5578 ;
3373 5525 3417 5570 cl
3437 5517 3481 5567 si

1934 5580 2123 5632 diversi.
2152 5579 2355 5645 At'etld,
2374 5593 2465 5645 non
2468 5579 2575 5639 jam
2594 5580 2781 5629 adversi
2804 5588 2849 5629 et
2872 5579 3065 5645 diversi.

2000 5647 2017 5673 ¹
2043 5650 2113 5690 Er.
2140 5650 2267 5699 t.ov.,
2286 5639 2582 5690 illtuninatw.
2609 5649 2707 5689 Ain.
2746 5651 2799 5691 et
2822 5649 2945 5699 Mss,
2970 5639 3275 5689 illunzinmzte.
