4004 6200
250 288 354 344 537

253 403 494 472 Namque
520 402 657 473 apud
706 402 1017 473 prophetam
1042 400 1229 456 Isaiam
1260 396 1337 453 sic
1363 396 1624 451 invenitur
1652 408 1665 444 :
1695 388 1826 443 Ulu-
1854 424 1857 425 ν

256 496 360 548 late
388 510 536 547 naves
555 493 873 564 Carthaginis
898 491 1048 562 (lsai.
1072 506 1224 557 χχιιι,
1245 490 1296 554 1,
1315 503 1416 541 sec.
1446 483 1632 553 LXX).
1675 478 1828 549 Apud

264 585 597 640 Ezechielem
640 594 813 639 autem
842 601 870 637 a
901 582 1123 637 diversis
1171 575 1543 647 interpretibus
1565 614 1580 639 ,
1619 570 1686 625 ab
1712 569 1830 623 aliis

259 678 564 748 Carthago,
614 677 683 731 ab
726 678 843 731 aliis
886 675 1101 730 Tharsis
1139 673 1480 741 interpretata
1509 662 1826 735 est(EzecIt.

263 785 485 833 xxxvnt,
516 769 602 832 15,
621 785 719 822 sec.
746 767 910 836 LXX)
930 784 943 828 ;
964 776 1017 821 et
1034 766 1132 819 hac
1157 762 1458 818 diversitate
1487 762 1830 827 interpretum

264 872 441 930 petest
463 861 678 931 intelligi
709 860 840 915 hanc
864 857 1115 929 appellari
1131 856 1411 919 Tharsum,
1430 867 1548 922 qua:
1572 846 1834 914 Carthago

263 954 558 1026 dicebatur.
575 950 899 1005 Manifestum
918 960 999 1005 est
1023 958 1218 1014 autem,
1232 938 1370 1017 quod
1389 940 1671 1015 primordia
1689 937 1834 1005 regni

262 1044 599 1115 Carthaginis
613 1045 831 1098 navibus
846 1042 1155 1106 ﬂoruerunt,
1167 1052 1219 1097 et
1232 1042 1301 1094 ita
1314 1038 1687 1100 ﬂoruerunt,ut
1700 1033 1835 1085 inter

260 1146 487 1190 ceteras
498 1146 682 1204 gentes
699 1135 1017 1190 excellerent
1029 1130 1469 1204 negetiationibus
1485 1139 1537 1183 et
1557 1123 1837 1194 navigatio-

265 1228 441 1282 nihus.
464 1229 593 1282 Nam
612 1227 822 1298 quando
838 1227 968 1281 Dido
984 1226 1189 1297 fugiens
1206 1224 1420 1279 fratrem
1445 1220 1657 1289 delapsa
1675 1224 1755 1272 est
1768 1214 1836 1269 ad

265 1331 437 1374 terras
454 1320 667 1385 Africat,
686 1320 772 1374 ubi
786 1319 1155 1389 Carthaginem
1174 1316 1427 1381 condidit,
1443 1327 1601 1369 naves
1616 1325 1731 1381 quae
1747 1323 1837 1378 pa-

262 1423 395 1466 ratae
421 1420 574 1466 erant
592 1411 656 1465 ad
683 1412 1059 1466 mercationem
1089 1411 1140 1464 in
1159 1408 1272 1479 ejus
1297 1406 1511 1473 regione
1535 1414 1838 1470 assumpse-

260 1513 350 1559 rat
374 1504 441 1559 ad
468 1504 663 1575 fugam,
690 1504 1140 1559 consentientibus
1162 1501 1261 1555 sibi
1289 1498 1521 1569 regionis
1552 1494 1666 1564 ejus
1696 1492 1838 1562 prin-

260 1596 473 1666 cipibus
505 1615 519 1651 :
545 1607 597 1652 et
625 1597 750 1666 ipsa:
797 1610 957 1650 naves
994 1596 1153 1649 etiam
1179 1591 1389 1649 condita
1414 1585 1730 1656 Carthagine
1770 1580 1835 1636 ad

264 1686 641 1755 negotiandum
669 1702 771 1741 non
805 1685 1129 1741 defecerunt.
1162 1687 1333 1752 Atque
1362 1681 1485 1735 hinc
1508 1678 1723 1732 nimium
1744 1689 1836 1729 su-

268 1780 431 1847 perba
457 1779 590 1833 facta
618 1788 699 1833 est
723 1778 907 1833 civitas
924 1778 1035 1843 illa,
1064 1786 1121 1831 ut
1145 1776 1301 1846 digne
1326 1790 1420 1844 per
1439 1775 1554 1841 ejus
1578 1783 1738 1824 naves
1759 1768 1833 1820 in-

270 1872 536 1941 telligatur
573 1870 820 1941 superbia
876 1870 1130 1940 gentium,
1159 1880 1486 1937 praesumens
1528 1864 1580 1917 in
1620 1860 1837 1915 incertis

268 1973 516 2033 tanquam
548 1964 598 2017 in
629 1963 836 2017 flatibus
878 1971 1173 2017 ventorum.
1221 1959 1336 2015 Jam
1360 1974 1463 2012 non
1490 1963 1839 2025 prmsumatur

262 2053 338 2107 de
368 2054 748 2120 velificatione,
776 2062 830 2108 et
870 2053 1019 2122 quasi
1073 2050 1420 2121 prosperitate
1456 2045 1633 2101 saaculi
1659 2043 1835 2114 hujus,

265 2155 517 2215 tanquam
546 2146 707 2199 maris
731 2164 744 2198 :
772 2145 1166 2199 fundamentum
1217 2151 1452 2195 nostrum
1483 2139 1537 2193 in
1578 2137 1708 2193 Sion
1732 2135 1833 2200 sit;

264 2238 341 2292 ibi
368 2238 587 2293 stabiliri
618 2238 891 2303 debemus,
911 2253 1013 2292 non
1045 2236 1255 2307 perflari
1281 2235 1425 2291 omni
1456 2243 1611 2289 vento
1636 2231 1833 2287 doctri~

264 2347 355 2385 nte
383 2330 592 2401 (Ephes.
625 2348 697 2396 tv,
732 2331 843 2400 li).
867 2330 1193 2400 Quicumque
1218 2345 1344 2400 ergo
1387 2345 1449 2383 ex
1491 2327 1705 2382 incertis
1741 2325 1841 2379 hu-

258 2424 357 2493 jus
384 2424 501 2477 vitte
546 2432 845 2477 Iumuerant
867 2463 882 2489 ,
915 2431 1247 2484 evertantur;
1270 2430 1324 2475 et
1352 2419 1659 2487 subjiciatur
1686 2415 1840 2472 Chri-

262 2524 356 2567 sto
384 2514 555 2567 omnis
579 2504 821 2582 superbia
851 2513 1102 2584 gentium,
1134 2511 1403 2566 conterenti
1444 2510 1496 2563 in
1533 2508 1711 2576 spiritu
1731 2508 1839 2561 vio-

264 2605 405 2659 lento
440 2622 587 2659 naves
619 2605 824 2660 Tltarsis
850 2622 865 2659 :
892 2621 993 2659 non
1034 2605 1411 2673 cujuscumque
1457 2601 1680 2656 civitatis
1702 2640 1718 2665 ,
1746 2598 1837 2654 sed

266 2694 318 2748 Τ
321 2696 500 2749 Itarsis.
539 2696 816 2764 Quomodo
840 2697 894 2749 in
925 2695 1105 2765 spiritu
1132 2693 1344 2748 violento
1365 2693 1391 2744 ?
1416 2693 1629 2746 Timore
1660 2690 1840 2745 fortis-

262 2785 425 2840 simo.
465 2785 552 2842 Sic
572 2786 712 2841 enim
740 2788 873 2841 eum
896 2788 1108 2840 tremuit
1136 2785 1308 2839 omnis
1350 2783 1594 2854 superbia
1635 2781 1842 2851 judica-

263 2886 467 2944 turutn,
496 2888 554 2933 ut
582 2880 632 2934 in
660 2879 909 2933 humilem
939 2878 1194 2941 crederet,
1226 2893 1292 2931 ne
1328 2876 1591 2930 excelsum
1616 2887 1845 2943 expave«

257 2982 461 3028 sceret.

341 3067 395 3119 7.
426 3064 574 3137 [vers.
602 3063 680 3137 9.]
711 3064 854 3119 Sicut
882 3064 1182 3130 audivimus,
1210 3063 1282 3116 ita
1304 3070 1349 3116 et
1369 3059 1667 3115 vidimus.0
1691 3059 1842 3114 beata

265 3157 545 3211 Ecclesia!
575 3156 803 3226 quodam
835 3166 1072 3225 tempore
1105 3154 1316 3217 audisti,
1348 3151 1576 3222 quodam
1607 3158 1846 3219 tempore

263 3248 470 3302 vidisti.
501 3247 717 3302 Audivit
739 3248 792 3301 in
824 3246 1281 3316 promissionibus,
1312 3244 1458 3298 videt
1486 3245 1537 3297 in
1561 3242 1843 3297 exhibitio-

264 3342 426 3396 nibus
446 3340 675 3395 :audivit
703 3342 753 3394 in
782 3339 1081 3410 prophetia,
1104 3339 1248 3394 videt
1274 3339 1326 3393 in
1341 3337 1844 3408 Evangelio.0mnia

263 3433 407 3487 enim
451 3449 571 3502 qum
601 3433 759 3486 modo
786 3433 1148 3501 complentur,
1180 3440 1334 3487 antea
1364 3431 1673 3501 prophetata
1702 3437 1843 3484 sunt.

264 3527 429 3595 Erige
452 3525 637 3580 oculos
654 3541 800 3595 ergo,
826 3537 880 3580 et
902 3524 1140 3579 diffunde
1165 3540 1262 3594 per
1291 3523 1544 3578 mundum
1568 3539 1583 3588 ;
1607 3522 1724 3577 vide
1735 3538 1845 3589 jam

263 3617 632 3672 hmreditatem
662 3632 827 3685 usque
848 3616 911 3669 ad
939 3615 1191 3671 terminos
1218 3615 1363 3669 orbis
1385 3623 1538 3670 terrae
1565 3631 1577 3666 :
1600 3613 1721 3668 vide
1735 3612 1846 3682 jam

264 3708 479 3778 impleri
497 3708 636 3779 quod
655 3707 853 3762 dictum
880 3715 980 3771 est,
1010 3706 1303 3759 Adorubunt
1334 3722 1448 3760 eum
1495 3720 1663 3758 omnes
1708 3719 1848 3773 reges

266 3814 435 3865 terrm,
471 3816 639 3855 omnes
664 3810 833 3871 gentes
858 3801 1067 3855 servient
1089 3800 1166 3853 illi
1199 3798 1371 3871 (Psal.
1401 3814 1548 3863 Lxxt,
1580 3795 1688 3867 l-l).
1714 3796 1848 3851 Vide

267 3894 546 3961 impletum
569 3907 687 3947 esse
708 3892 849 3962 quod
878 3891 1077 3946 dictum
1105 3900 1207 3956 est,
1230 3889 1472 3944 Exaltare
1494 3906 1645 3957 super
1673 3890 1843 3955 caelos,

269 3984 428 4047 Deus,
461 3992 507 4036 et
533 4000 682 4052 super
702 3999 897 4036 omnem
924 3991 1106 4035 terram
1131 3982 1291 4051 glaria
1322 3991 1407 4033 tua
1426 3977 1595 4050 (Psal.
1621 3994 1746 4045 cvn,
1766 3977 1846 4049 6).

273 4075 408 4129 Vide
425 4075 570 4135 iUum
600 4072 748 4143 cujus
771 4073 929 4143 pedes
955 4082 1006 4129 et
1024 4088 1209 4127 manus
1237 4072 1324 4126 fixi
1346 4079 1470 4126 sunt
1488 4071 1675 4133 clavis,
1696 4070 1849 4139 cujus

267 4180 391 4219 ossa
421 4165 471 4219 in
504 4166 645 4234 ligno
668 4164 951 4234 pendentia
996 4172 1267 4217 numerata
1320 4171 1481 4229 sunt,
1509 4176 1671 4231 super
1697 4162 1848 4232 cujus

268 4260 647 4312 vestimentum
698 4271 815 4311 sors
856 4256 1015 4311 missa
1040 4256 1340 4325 est(tllatth.
1362 4271 1529 4322 xxvu,
1558 4256 1649 4325 35)
1684 4274 1697 4310 :
1728 4255 1849 4311 vide

267 4359 618 4422 regnantem,
665 4364 820 4420 quem
877 4350 952 4403 illi
982 4349 1228 4404 viderunt
1275 4348 1586 4419 pendentem
1614 4365 1626 4400 :
1650 4347 1769 4403 vide
1797 4347 1847 4401 in

268 4443 412 4497 coelo
441 4442 738 4507 sedentem,
762 4457 918 4512 quem
941 4451 1370 4511 contempserunt
1399 4440 1447 4494 in
1480 4449 1616 4495 terra
1665 4441 1850 4494 ambuc

272 4538 495 4591 lantem.
530 4535 661 4590 Vide
685 4535 805 4590 inde
833 4535 1057 4605 impleri,
1083 4533 1631 4595 Commemorabuntur,
1661 4543 1706 4585 et
1730 4548 1852 4585 con-

268 4636 527 4680 vertentur
538 4626 606 4679 ad
628 4625 900 4679 Dominum
925 4625 1140 4679 universi
1163 4625 1288 4694 fines
1310 4634 1474 4689 terrw,
1502 4632 1547 4677 et
1567 4623 1850 4676 adorabunt

268 4721 324 4770 in
355 4728 621 4786 conspectu
663 4721 773 4788 ejus
803 4718 1043 4772 universa:
1085 4718 1262 4785 patrita
1292 4718 1507 4787 gentium
1530 4714 1701 4781 (Psal.
1730 4731 1845 4779 xxi,

266 4809 390 4877 28).
420 4810 542 4864 llaec
576 4810 759 4865 videns
778 4810 1013 4864 exclama
1040 4825 1158 4864 cum
1202 4809 1393 4879 gaudio
1415 4850 1430 4875 ,
1480 4808 1624 4863 Sicut
1650 4808 1849 4862 audivi-

268 4920 407 4962 mus,
438 4903 509 4953 ita
539 4912 583 4955 et
615 4902 847 4956 vidimus.
879 4901 1064 4957 Merito
1085 4901 1160 4956 sic
1198 4910 1415 4956 vocatur
1468 4899 1578 4969 ipsa
1610 4888 1848 4953 Ecclesia

267 4997 341 5051 de
362 4996 608 5066 gentibus
639 5014 651 5050 :
681 4995 813 5048 Audi
847 4996 975 5064 ﬁlia,
1006 5005 1053 5069 et
1076 4996 1207 5059 vide,
1234 5005 1280 5048 et
1303 4994 1587 5048 obliviscere
1606 4991 1850 5064 populum

267 5100 417 5143 tuum
445 5100 490 5142 et
508 5090 711 5143 domum
728 5090 884 5158 patris
927 5088 997 5141 tui
1026 5088 1193 5161 (Psal.
1228 5104 1371 5152 thv,
1406 5087 1516 5155 ll).
1544 5085 1701 5139 Pater
1732 5094 1852 5139 tuus

268 5182 472 5251 Aquilo
509 5181 623 5245 fuit,
656 5181 775 5235 veni
824 5180 891 5233 ad
950 5188 1184 5233 montem
1231 5179 1381 5234 Sion.
1415 5178 1548 5232 Audi
1571 5220 1584 5241 ,
1609 5188 1661 5232 et
1692 5177 1848 5231 vide:

266 5290 382 5329 non
412 5275 551 5338 vide,
570 5283 624 5329 et
650 5272 771 5327 audi
792 5289 807 5334 ;
827 5272 920 5327 sed
944 5271 1084 5335 audi,
1104 5281 1155 5324 et
1174 5270 1289 5325 vide
1315 5290 1325 5322 :
1353 5270 1494 5339 prius
1517 5269 1635 5322 audi
1656 5312 1668 5333 ,
1704 5276 1848 5338 post-

264 5386 336 5423 ca
364 5368 500 5423 vide.
536 5366 701 5421 Audis
743 5366 913 5434 primo
939 5363 1079 5433 quod
1125 5379 1226 5416 non
1259 5363 1406 5417 vides
1427 5405 1443 5428 ,
1476 5361 1676 5415 videbis
1707 5370 1852 5430 post-

264 5477 334 5514 ea
395 5459 535 5529 quod
565 5457 776 5512 audisti.
830 5455 1080 5524 Populus,
1108 5455 1296 5525 inquit,
1323 5473 1465 5525 quem
1496 5472 1594 5507 non
1622 5456 1846 5522 cognovi,

264 5554 477 5608 servivit
528 5552 670 5615 milti,
698 5552 750 5603 in
778 5549 1017 5604 obauditu
1062 5550 1199 5601 auris
1229 5548 1479 5602 obaudivit
1507 5549 1630 5600 mihi
1677 5546 1846 5617 (Psal.

266 5659 409 5703 xvu,
443 5642 555 5712 45).
586 5640 641 5696 Si
670 5641 720 5694 in
750 5639 1000 5694 obaubitn
1022 5637 1164 5692 auris
1185 5637 1472 5697 obaudivit.
1501 5652 1626 5707 ergo
1649 5653 1753 5691 non
1782 5638 1851 5691 vi-

263 5737 366 5793 dit.
399 5724 466 5791 Et
494 5736 578 5793 ulti
599 5744 700 5802 est,
735 5732 924 5800 Quibus
965 5748 1064 5788 non
1107 5741 1177 5786 est
1224 5731 1502 5786 nuntiatum
1526 5730 1588 5784 de
1609 5746 1684 5795 eo,
1718 5729 1852 5784 vide-

1304 275 1697 340 ENARRATIO
1733 271 1799 330 1N
1832 268 2156 329 PSALMUM
2195 269 2395 326 XLVII.

3379 260 3483 320 538

1930 384 2091 449 bunt;
2118 394 2167 441 et
2187 386 2269 455 qui
2307 400 2407 439 non
2435 383 2731 450 audierunt,
2750 382 3024 455 intelligent
3049 380 3199 454 (Isai.
3230 396 3319 448 ιιι,
3352 382 3490 445 ibi?

1928 476 2011 531 Ad
2031 491 2167 546 quos
2187 492 2290 531 non
2318 474 2467 530 missi
2491 485 2615 530 sunt
2638 474 2936 545 Prophetas,
2964 474 3062 545 ipsi
3094 474 3264 543 primo
3307 472 3491 527 audie—

1930 576 2055 621 runt
2094 576 2149 621 et
2187 566 2561 621 intellexerunt
2589 564 2878 635 Prophetas
2904 583 2915 618 :
2942 565 3018 619 illi
3044 564 3132 633 qui
3165 564 3333 633 primo
3386 579 3491 618 non

1931 655 2228 722 audierunt,
2256 665 2437 727 postea
2463 656 2739 712 audientes
2762 656 3002 711 admirati
3035 665 3177 713 sunt.
3201 656 3494 710 Remanse—

1932 757 2058 803 runt
2085 748 2159 803 illi
2188 747 2255 803 ad
2274 764 2406 819 quos
2433 749 2577 802 missi
2606 757 2760 813 sunt,
2792 747 2999 802 codices
3029 748 3276 813 ferentes,
3299 745 3492 800 verita-

1935 848 2040 894 tem
2080 855 2185 895 non
2226 839 2575 909 intelligentes
2601 856 2616 904 ;
2644 838 2965 893 Testamenti
2988 837 3189 891 tabulas
3217 835 3491 894 habentes.

1934 940 1989 986 et
2016 931 2374 985 hmreditatem
2396 945 2496 983 non
2530 938 2782 984 tenentes.
2804 927 2907 983 Sed
2931 942 3026 981 nos
3049 927 3172 978 sicut
3194 924 3494 989 audivimus,

1935 1021 2005 1073 ita
2019 1031 2064 1075 et
2084 1018 2312 1074 vidimus.
2339 1019 2403 1073 In
2424 1020 2615 1074 civitate
2633 1018 2828 1073 Domini
2853 1020 3105 1077 virtutum,
3128 1017 3179 1068 in
3195 1016 3388 1069 civitate
3406 1014 3497 1067 Det

1937 1112 2110 1165 nostri.
2132 1111 2205 1165 lbi
2217 1110 2613 1174 audivimus,ibi
2629 1119 2680 1163 et
2696 1109 2941 1163 vidimus.
2956 1108 3114 1162 Extra
3137 1107 3277 1161 illam
3290 1104 3494 1175 quiest,
3513 1088 3526 1105 ’

1938 1219 2036 1259 nec
2063 1204 2227 1270 audit,
2258 1220 2355 1260 nec
2400 1204 2575 1267 videt;
2598 1205 2647 1258 in
2676 1204 2765 1257 illa
2795 1204 2879 1272 qui
2906 1212 3006 1264 est,
3045 1216 3141 1255 nec
3168 1198 3357 1253 surdus
3400 1212 3497 1251 nec

1935 1309 2106 1350 caecus
2131 1303 2228 1349 est.
2261 1295 2713 1359 Sictttaudivimus,
2735 1294 2805 1345 ita
2820 1302 2864 1345 et
2883 1291 3108 1345 vidimus.
3135 1289 3199 1344 Et
3216 1285 3494 1343 ubiaudis?

1935 1388 2024 1443 ubi
2050 1387 2235 1443 vides?
2263 1386 2326 1441 In
2355 1388 2552 1442 civitate
2586 1386 2793 1441 Domini
2823 1386 3078 1449 virtutum,
3107 1384 3159 1436 in
3179 1383 3376 1436 civitate
3402 1376 3494 1433 Dei

1937 1480 2114 1534 nostri.
2150 1478 2286 1533 Deus
2315 1479 2543 1548 fundavit
2585 1494 2695 1532 eam
2741 1478 2793 1531 in
2822 1486 3076 1531 internum.
3111 1472 3223 1527 Non
3250 1470 3498 1524 insultent

1939 1573 2170 1628 haeretici
2190 1588 2287 1642 per
2314 1581 2491 1640 partes
2515 1569 2766 1627 conscissi
2796 1587 2809 1623 :
2832 1583 2933 1623 non
2961 1583 3017 1621 se
3037 1565 3287 1620 extollant
3306 1562 3392 1631 qui
3414 1559 3496 1613 di-

1937 1673 2078 1728 cunt,
2107 1664 2238 1718 Ecce
2262 1664 2342 1717 hic
2366 1674 2436 1718 est
2464 1663 2709 1729 Christus,
2733 1677 2841 1715 ecce
2859 1657 3188 1728 illic(MattIt.
3216 1670 3356 1719 tmv,
3383 1650 3494 1722 9.5).

1936 1756 2035 1823 Qui
2070 1756 2216 1824 dicit,
2244 1755 2375 1810 Ecce
2401 1756 2481 1809 hic
2505 1764 2597 1821 est,
2626 1770 2737 1807 ecce
2779 1752 2902 1816 illic,
2933 1751 2997 1804 ad
3048 1758 3221 1817 partes
3276 1744 3496 1800 inducit.

1940 1848 2205 1923 Unitatem
2235 1846 2471 1915 promisit
2497 1846 2637 1899 Deus
2662 1857 2845 1913 :reges
2875 1842 2927 1896 in
2956 1856 3115 1893 unum
3133 1837 3335 1892 collecti
3355 1845 3495 1897 sunt,

1939 1954 2040 1994 non
2072 1953 2165 2007 per
2188 1936 2469 1992 schismata
2509 1934 2746 2005 dissipati
2771 1943 2912 1987 sunt.
2941 1932 3042 1987 Sed
3074 1930 3207 1985 forte
3250 1929 3347 1983 ista
3374 1927 3501 1982 civis

1939 2042 2017 2085 tas
2046 2047 2165 2101 qua:
2195 2029 2445 2084 mundum
2469 2027 2663 2091 tenuit,
2691 2024 2971 2094 aliquando
2999 2030 3282 2078 evertetur.
3312 2018 3498 2073 Absit:

1937 2123 2074 2177 Deus
2099 2123 2324 2191 fundavit
2343 2138 2451 2176 eam
2472 2123 2525 2175 in
2548 2130 2809 2175 internum.
2840 2116 2895 2173 Si
2929 2132 3054 2187 ergo
3083 2130 3198 2169 eam
3222 2115 3359 2169 Deus
3389 2112 3502 2166 fun-

1936 2215 2080 2269 dztvit
2109 2216 2159 2268 in
2190 2224 2444 2269 :eternum
2469 2254 2486 2280 ,
2530 2210 2655 2282 quid
2701 2211 2853 2265 times
2898 2224 2966 2264 ne
3010 2206 3163 2262 cadat
3199 2204 3507 2259 ﬁrmamen-

1936 2303 2088 2360 tum?

1991 2400 2042 2456 8.
2068 2395 2333 2470 [vers.10.]
2356 2396 2700 2467 Suscepintus,
2722 2392 2872 2459 Deus,
2897 2389 3287 2446 misericordiam
3301 2397 3436 2440 tuam
3453 2385 3507 2439 in

1939 2490 2103 2543 medio
2119 2490 2293 2559 pepuli
2313 2489 2387 2542 tui
2409 2490 2446 2541 ί.
2493 2487 2593 2554 Qui
2636 2491 3076 2553 susceperunt,et
3119 2481 3205 2534 ubi
3255 2492 3505 2547 suscepe-

1940 2581 2101 2635 runt?
2116 2580 2301 2635 Nonne
2327 2580 2438 2648 ipse
2456 2577 2679 2649 populus
2698 2585 2819 2630 tuus
2843 2572 3073 2641 suscepit
3093 2568 3506 2624 misericordiam

1942 2672 2118 2726 tuam?
2141 2672 2195 2727 Si
2235 2670 2459 2741 pepulus
2485 2680 2603 2722 tuus
2630 2666 2862 2739 suscepit
2899 2660 3311 2718 misericordiam
3340 2668 3506 2722 tuam,

1941 2764 2208 2838 quomodo
2243 2761 2550 2830 suscepimus
2582 2755 2973 2811 misericordiam
3010 2762 3168 2814 tuam,
3196 2761 3239 2803 et
3272 2750 3322 2802 in
3345 2748 3506 2812 medio

1944 2856 2118 2930 populi
2147 2855 2260 2909 tui?
2286 2852 2432 2924 quasi
2462 2850 2550 2904 alii
2580 2850 2685 2903 sint
2708 2846 2795 2918 qui
2821 2841 3285 2914 susceperunt,alii
3310 2840 3361 2894 in
3377 2852 3510 2909 quo-

1943 2967 2059 3007 rum
2087 2949 2261 3005 medio
2286 2953 2645 3016 susceperunt.
2688 2940 2929 3011 Magnum
2973 2942 3382 2995 sacramentum,
3412 2930 3506 2985 sed

1945 3053 2119 3097 tamen
2141 3049 2322 3095 notum
2358 3056 2370 3092 :
2400 3052 2519 3091 cum
2548 3042 2603 3089 et
2631 3033 2773 3097 ltinc,
2801 3031 2899 3084 hoc
2924 3038 3024 3090 est,
3052 3041 3114 3081 ex
3144 3024 3227 3079 his
3269 3021 3509 3076 versibus

1945 3134 2274 3203 exsculptum
2304 3128 2462 3183 fuerit
2488 3136 2541 3181 et
2565 3135 2771 3180 erutum
2800 3121 2942 3193 quod
2967 3120 3152 3179 nostis,
3177 3130 3282 3184 non
3308 3114 3405 3167 erit
3422 3128 3511 3165 ru-

1945 3226 2084 3290 dius,
2110 3222 2201 3278 sed
2219 3220 2441 3276 dulcius.
2464 3217 2612 3272 Nunc
2634 3215 2830 3286 quippe
2860 3209 3084 3282 populus
3107 3207 3200 3262 Dei
3227 3213 3511 3260 censentur

1945 3332 2130 3373 omnes
2173 3314 2261 3383 qui
2303 3318 2515 3382 portant
2559 3312 2887 3363 sacramenta
2915 3301 3050 3371 ejus,
3073 3298 3165 3353 sed
3193 3311 3297 3351 non
3327 3308 3512 3348 omnes

1949 3409 2214 3480 pertinent
2238 3406 2305 3459 ad
2335 3399 2748 3458 misericordiam
2778 3396 2913 3467 ejus.
2943 3392 3140 3449 Omnes
3187 3389 3382 3480 quippe
3429 3401 3513 3480 sa:

1945 3476 2271 3556 cramentum
2327 3493 2579 3563 Baptismi
2612 3489 2806 3545 Christi
2857 3485 3197 3555 accipientes,
3230 3476 3512 3534 Christiani

1946 3599 2232 3655 vocantur;
2259 3586 2352 3641 sed
2396 3600 2501 3638 non
2552 3596 2737 3636 omnes
2784 3578 2939 3647 digne
2968 3575 3057 3629 illo
3080 3578 3410 3628 sacramento
3438 3566 3514 3619 vi-

1946 3692 2094 3737 vunt.
2118 3681 2253 3735 Sunt
2278 3679 2417 3733 enim
2448 3674 2657 3746 quidam
2703 3671 2769 3725 de
2810 3669 2999 3739 quibus
3037 3664 3164 3718 dicit
3188 3659 3513 3729 Apostolus:

1951 3773 2201 3828 Habentes
2226 3775 2439 3841 formam
2458 3765 2675 3836 pietatis,
2698 3763 2925 3816 virtutem
2946 3764 3110 3809 autent
3131 3754 3239 3820 ejus
3266 3749 3512 3818 abnegau-

1950 3878 2020 3922 tes
2051 3866 2113 3934 (ll
2137 3840 2270 3919 Tim.
2298 3878 2375 3924 ιιι,
2403 3861 2483 3931 5).
2506 3859 2702 3913 Tamen
2727 3862 2939 3924 propter
2965 3849 3130 3917 ipsam
3155 3843 3381 3914 speciem
3406 3840 3511 3910 pie!

1950 3960 2070 4014 tatis
2098 3958 2147 4012 in
2178 3954 2369 4025 populo
2398 3951 2489 4006 Dei
2518 3948 2856 4005 nominantur
2884 3936 3182 4011 :qnomodo
3211 3935 3276 3989 ad
3312 3947 3512 3996 aream,

1948 4050 2197 4124 quamdiu
2228 4048 2526 4109 trituretur,
2556 4056 2661 4095 non
2692 4037 2862 4093 solum
2907 4047 3089 4104 grana,
3118 4028 3211 4085 sed
3232 4028 3393 4124 etiam
3412 4040 3516 4124 Apa-

1949 4112 2028 4200 lea
2060 4141 2304 4214 pertinet.
2335 4132 2595 4203 Numquid
2635 4139 2689 4185 et
2730 4127 2798 4183 ad
2840 4125 3086 4190 horreum
3118 4114 3435 4189 pertinebit?
3462 4112 3515 4214 lu

1952 4203 2249 4293 hoc-medie
2272 4240 2447 4287 autem
2491 4224 2669 4295 pepuli
2702 4219 2821 4276 mali
2852 4228 2932 4273 est
2962 4215 3184 4285 populus
3215 4210 3403 4274 bonus,
3428 4203 3530 4275 qni'

1950 4327 2182 4397 suscepit
2209 4318 2623 4379 misericordiam
2652 4314 2767 4370 Dei.
2801 4308 3112 4377 Vivitdigne
3157 4298 3514 4397 misericordia

1952 4423 2066 4485 Dei,
2094 4390 2181 4489 qui
2209 4416 2353 4471 audit
2386 4423 2441 4469 et
2470 4419 2610 4467 tenet
2661 4418 2713 4462 et
2765 4404 2885 4460 facit
2914 4400 3053 4471 quod
3082 4398 3155 4451 ait
3195 4390 3513 4489 Apostolus:

1951 4512 2307 4581 Prwcipicntes
2347 4521 2465 4576 ergo
2492 4516 2748 4574 rogamus,
2770 4514 2831 4551 ne
2856 4495 2909 4548 in
2936 4504 3146 4546 vacuum
3183 4483 3397 4555 gratiam
3424 4478 3516 4533 Dei

1949 4606 2230 4673 suscipiatis
2257 4599 2454 4672 (llCor.
2476 4613 2549 4664 vr,
2579 4595 2651 4665 l).
2674 4592 2772 4660 Qui
2801 4602 2926 4658 ergo
2943 4600 3044 4638 non
3072 4584 3124 4636 in
3154 4590 3373 4633 vacuum
3396 4588 3517 4673 gra-

1952 4667 2092 4753 tiam.
2108 4699 2196 4751 Dei
2227 4667 2465 4763 suscipit,
2496 4691 2610 4759 ipse
2637 4698 2741 4740 tam
2770 4684 3155 4737 sacramentum
3184 4684 3340 4741 quam
3358 4667 3516 4763 etiarn

1952 4786 2365 4844 misericordiam
2394 4782 2488 4838 Dei
2510 4778 2743 4846 suscipit.
2776 4775 2836 4826 lit
2859 4768 2982 4840 quid
3011 4766 3082 4820 illi
3105 4764 3288 4827 obest,
3320 4757 3439 4829 quia
3466 4755 3518 4809 itt

1955 4880 2128 4935 medio
2156 4878 2330 4948 pepuli
2356 4870 2702 4930 inobedientis
2729 4875 2831 4931 est,
2861 4862 3030 4917 donec
3058 4871 3177 4910 area
3209 4854 3307 4907 ista
3324 4849 3518 4948 arenti-

1954 4974 2109 5036 lt-tur,
2134 4938 2306 5025 donec
2330 4965 2452 5021 boni
2481 4979 2511 5018 a
2539 4960 2689 5018 malis
2703 4951 3049 5026 separentur?
3069 4946 3189 5018 quid
3214 4945 3263 5036 ei
3290 4942 3454 5036 obest
3465 4938 3516 4991 in

1954 5030 2130 5119 medio
2155 5059 2329 5129 populi
2358 5050 2717 5111 babitare?Sit
2737 5046 2803 5102 de
2829 5046 2930 5100 illis
2958 5040 3047 5113 qui
3075 5030 3516 5129 appellantur-fir-

1954 5124 2300 5217 mamentum,
2326 5146 2615 5215 suscipiens
2659 5136 3070 5197 misericordiam
3102 5132 3232 5197 Dei;
3258 5128 3327 5183 sit
3353 5124 3517 5217 lilium

1914 5244 1915 5247 “
1955 5248 2006 5301 in
2037 5246 2210 5299 medio
2235 5242 2524 5310 spinarum.
2567 5234 2696 5290 Nam
2721 5239 2774 5287 et
2809 5230 2936 5299 ipsa:
2975 5227 3139 5293 spina:
3174 5218 3419 5291 quoniam
3451 5210 3515 5265 ad

1954 5341 2203 5412 populum
2236 5306 2323 5389 Dei
2340 5330 2623 5403 pertinent,
2653 5325 2733 5380 vis
2769 5319 2986 5377 audire?
3015 5319 3086 5372 Ita
3119 5313 3293 5412 posita.
3308 5317 3385 5363 est
3409 5306 3516 5375 ipsa

1953 5403 2239 5488 similitudo
2268 5444 2280 5479 :
2307 5425 2451 5480 Sicut
2492 5420 2684 5483 lilium,
2710 5414 2876 5485 inquit
2894 5453 2917 5479 ,,
2940 5412 2992 5464 in
3018 5406 3178 5463 medio
3215 5403 3475 5471 spinarum
3501 5434 3517 5461 ,

2019 5612 2035 5640 ι
2072 5614 2143 5655 Er.
2172 5612 2223 5654 et
2245 5600 2540 5651 recentiores
2556 5602 2682 5651 Mss,
2709 5599 2872 5655 temptt
2889 5596 2974 5638 tut.
3001 5586 3091 5655 Sed
3115 5584 3269 5655 liquet.
3300 5574 3517 5655 augusti:

1954 5638 2685 5729 ηυίηϊὶέςῖξεὲεζνιῖὀῆἱᾶὲἲὶιῖῖέίέ
2710 5638 2867 5715 ’ᾆιιιῖάί
2885 5656 2991 5699 Lxx
3026 5645 3134 5698 laeti
3166 5638 3264 5694 'sou
3298 5638 3521 5703 tegebat):

1954 5722 2387 5792 vetet-equuidatn,
2404 5722 2508 5773 loco
2531 5722 2653 5771 tutati
2674 5731 2777 5769 sou.
