4004 6200
481 238 583 306 539

479 363 552 416 ita
575 359 957 430 praebita-mea:
973 357 1033 412 in
1049 355 1657 426 mttlioﬁliarum‘lCaM.
1673 374 1734 423 u,
1760 358 1839 430 9.).
1869 357 2037 414 Num-
2061 377 2064 382 ·

480 457 606 527 quid
647 456 796 519 dixit,
828 453 879 508 in
926 451 1101 506 medio
1127 449 1448 505 alienarum?
1472 449 1620 517 Non;
1649 451 1762 519 sed,
1787 452 1839 506 in
1876 451 2070 513 medio

480 553 718 620 ﬁliarum.
742 547 874 602 Sunt
897 559 1020 614 ergo
1043 543 1162 598 filiae
1193 541 1365 608 malai,
1393 543 1608 598 et'inter
1632 543 1754 598 illas
1769 551 1852 598 eSt
1879 544 2039 597 lilium

477 644 534 698 in
552 639 718 694 medio
735 638 1012 708 spinarum.
1039 632 1312 704 ltaqueilii
1341 635 1428 706 qui
1467 644 1792 688 sacramenta
1807 633 2034 698 'habent,

479 741 533 786 et
562 739 737 786 mores
767 729 933 783 bonos
971 741 1073 780 non
1102 724 1294 780 habent
1313 766 1328 792 ,
1355 733 1408 779 et
1447 725 1537 779 Dei
1575 725 1818 780 dicuntur
1842 733 1915 781 et=
1933 740 2066 780 non!

480 822 603 886 Del;
631 829 685 876 et
726 819 840 888 ejus
866 817 1110 872 dicuntur
1139 825 1192 871 et
1233 816 1585 886 alieni-:ejus,
1615 825 1830 886 propter
1874 817 2064 886 ipsius~

477 919 896 976 sacramentum;
919 909 1100 975 alieni,
1126 919 1339 978 propter
1364 908 1631 979 proprium
1657 907 1860 962 vitium.
1892 907 1964 962 Ita
1986 915 2040 962 et

476 1005 601 1072 filia:
621 1004 807 1059 alienm
840 1020 854 1056 :
883 1001 1022 1068 ﬁlim,
1057 1009 1267 1072 prepter
1296 998 1516 1052 formam
1561 999 1796 1068 pietatis;
1828 999 2034 1066 alienae,

480 1105 696 1169 pr0pter
733 1091 1335 1149 amissionem'virtutisa
1361 1089 1440 1145 Sit
1467 1090 1538 1144 ibi
1569 1091 1752 1156 lilium,
1787 1089 2040 1158 suscipiat

477 1189 892 1246 miscricordiam
941 1185 1071 1252 Dei,
1120 1191 1296 1239 teneat
1321 1183 1552 1238 radicem
1580 1181 1703 1236 boni
1733 1181 1898 1245 ﬂoris,
1927 1198 2055 1236 non

479 1282 548 1336 sit
569 1277 1030 1350 ingratumpluvia:
1054 1274 1189 1330 dulci
1219 1273 1286 1328 de
1329 1273 1464 1328 coelo
1515 1273 1767 1326 venienti.
1819 1272 2038 1342 lngratae

478 1376 587 1430 sint
612 1371 798 1443 spinae,
815 1377 1056 1426 crescant
1079 1368 1144 1422 de
1162 1366 1450 1433 imbribus;
1478 1365 1544 1420 ad
1570 1366 1741 1435 ignem
1769 1373 2035 1432 crescunt,

479 1483 584 1522 non
614 1465 679 1519 ad
719 1465 987 1518 horreum.
1033 1459 1352 1528 Suscepimus
1373 1497 1390 1523 ,
1432 1456 1568 1510 Deus
1590 1497 1606 1523 ,
1647 1455 2039 1510 misericordiam

480 1571 618 1614 tuam
653 1559 704 1611 in
728 1556 888 1610 medio
915 1553 1086 1624 populi
1115 1552 1204 1605 tui.
1233 1549 1289 1604 In
1311 1548 1489 1606 medio
1506 1548 1680 1618 populi
1698 1547 1772 1602 tui
1800 1562 1905 1603 non
1929 1562 2040 1602 sus-

479 1649 722 1722 cipientis
769 1645 1180 1703 misericordiam
1199 1653 1349 1698 tuam
1371 1657 1472 1697 nos
1492 1640 1820 1710 suscepimus
1842 1640 2042 1695 miseri-

477 1744 710 1800 cordiam
739 1751 901 1796 tuam.
934 1741 987 1794 ln
1011 1754 1103 1794 sua
1129 1736 1502 1805 enim-propria
1529 1734 1706 1800 venit,
1735 1742 1789 1788 et
1807 1733 2035 1788 sui‘eum

481 1853 583 1891 non
609 1838 936 1903 receperunt.
968 1828 1024 1884 In
1055 1828 1228 1884 medio
1256 1837 1429 1882 tamen
1467 1834 1658 1911 eorum
1679 1832 1932 1894 quotquot
1955 1838 2044 1877 re-

479 1935 730 1997 ceperunt
754 1940 871 1978 eum
892 1964 905 1986 ,
938 1921 1086 1976 dedit
1116 1921 1193 1976 eis
1247 1918 1558 1988 potestatem
1608 1915 1740 1969 filios
1768 1914 1876 1970 Dei
1921 1912 2036 1967 fieri

478 2019 656 2090 (Joan.
691 2032 724 2082 ι,
761 2014 845 2081 H,
875 2012 981 2084 12).

548 2108 600 2162 9.
631 2107 746 2162 iam
794 2105 878 2158 hic
914 2100 1148 2158 occurrit
1172 2097 1450 2167 unicuique
1473 2095 1742 2167 cogitanti,
1783 2094 1851 2148 Et
1874 2092 2036 2164 quid?

477 2201 582 2257 tae
609 2197 839 2270 ροριιιιιεε
860 2195 1030 2266 quiin
1060 2190 1235 2246 medio
1262 2188 1438 2260 populi
1464 2188 1556 2242 Dei
1583 2186 1802 2256 suscipit
1827 2185 2037 2239 miseri-

475 2291 710 2348 eordiam
741 2288 853 2351 Dei,
879 2294 1129 2356 quantum
1158 2296 1432 2336 numerum
1465 2276 1659 2333 habet?
1687 2277 1854 2343 Quam
1885 2273 2037 2346 pauci

474 2384 632 2438 sunt!
661 2380 747 2434 vix
775 2377 1038 2432 invenitur
1075 2373 1304 2443 aliquis:
1347 2370 1520 2424 illisue
1563 2375 1845 2448 contentus
1898 2367 2037 2421 Deus

473 2473 597 2540 erit,
628 2479 682 2526 et
709 2467 892 2540 perdet
919 2469 1114 2520 tantam
1146 2460 1572 2516 multitudinem?
1601 2459 1788 2513 Dicunt
1819 2457 1918 2511 hoc
1945 2455 2034 2525 qui

474 2564 574 2618 sibi
605 2559 926 2634 promittunt-
953 2554 1092 2626 quod
1129 2570 1158 2607 a
1199 2554 1307 2608 Deo
1355 2550 1692 2622 promittente
1715 2563 1821 2602 non
1849 2545 2035 2601 audie-

449 2664 616 2712 runt.
641 2654 709 2709 Et
736 2663 860 2707 vere
888 2650 930 2705 si
959 2648 1097 2703 male
1120 2646 1374 2710 vivamus,
1413 2642 1458 2697 si
1497 2640 1678 2695 mundi
1721 2637 1876 2729 hujus
1903 2637 2039 2692 deli-

473 2751 568 2805 ciis
595 2746 946 2818 perfruamur,
971 2742 1024 2796 si=
1045 2739 1242 2795 nostris
1257 2734 1560 2792 libidinibus
1578 2734 1892 2794 serviamus,
1916 2746 2035 2801 per-

471 2844 676 2900 diturus
699 2848 779 2897 est
803 2853 899 2893 nos
923 2834 1099 2891 Dens?
1122 2829 1422 2902 Quot-enim
1443 2836 1566 2884 sunt
1590 2827 1663 2883 illi
1683 2827 1771 2898 qui
1791 2825 2036 2881 videntur

471 2950 684 2994 scrvare
724 2938 982 3004 praecepta
1025 2926 1155 2983 Dei?
1183 2924 1284 2980 Vix
1331 2921 1596 2979 invenitur
1624 2935 1760 2976 unus
1801 2919 1883 2973 vel
1927 2917 2034 2973 duo

471 3027 554 3083 vel
581 3022 882 3096 paucissimi
910 3036 924 3073 :
956 3018 1098 3088 ipsos
1135 3013 1278 3070 solos
1323 3013 1463 3067 Deus
1489 3009 1822 3110 liberaturus
1849 3015 1950 3072 est,

471 3115 692 3174 caeteros
719 3107 1096 3169 damnaturus?
1139 3104 1308 3169 Absit,
1360 3101 1600 3172 inquiunt
1629 3119 1642 3155 :
1685 3115 1806 3154 cum
1831 3101 2036 3154 venerit

471 3219 524 3266 et
554 3206 755 3263 videbit
781 3211 978 3257 tantam
1006 3195 1392 3253 multitudinem
1416 3193 1482 3282 ad
1503 3193 1789 3259 sinistram,
1813 3191 2034 3245 misere-

471 3299 630 3364 bitur,
660 3307 716 3354 et
738 3295 880 3352 dabit
905 3287 1302 3360 indulgentiam.
1317 3285 1437 3340 Hoc
1453 3283 1605 3354 plane
1632 3284 1790 3338 etiam
1811 3297 2034 3352 serpens

469 3395 561 3450 illc
589 3387 830 3462 promisit
856 3383 1028 3455 primo
1055 3379 1254 3435 homini
1284 3394 1298 3432 :
1330 3391 1452 3430 nam
1480 3376 1709 3430 minatus
1748 3382 1865 3428 erat
1893 3375 2034 3428 Dens

469 3495 716 3548 mortem,
748 3479 791 3533 si
818 3480 1052 3547 gustaret
1080 3470 1230 3543 (Gen.
1260 3485 1316 3535 ιι,
1347 3467 1434 3540 17)
1463 3485 1478 3522 :
1514 3466 1603 3522 ille
1649 3477 1844 3528 autem,
1870 3467 2032 3535 Absit,

470 3576 659 3647 inquit,
687 3587 786 3627 non
797 3577 967 3636 ,nwrte
993 3563 1290 3618 moriemini.
1313 3559 1660 3616 Crediderunt
1675 3559 1927 3628 serpenti,
1954 3557 2035 3612 in-

468 3674 726 3724 venerunt
752 3673 934 3716 verum
960 3668 1078 3712 esse
1105 3652 1246 3724 quod
1276 3653 1504 3706 minatus
1542 3659 1624 3705 est
1655 3649 1811 3711 Deus,
1845 3650 2034 3705 falsum

468 3753 609 3831 quod
650 3752 967 3827 promiserat
1007 3745 1266 3802 diabolus.
1306 3741 1382 3797 lta
1412 3750 1466 3796 et
1495 3755 1652 3831 nunc,
1699 3740 1909 3804 fratres,
1941 3754 2035 3809 po-

469 3830 580 3904 nite
610 3844 759 3901 vobis
786 3839 1078 3898 Ecclesium
1118 3844 1242 3890 ante
1269 3833 1464 3888 oculos
1490 3830 1557 3885 ad
1595 3831 1760 3885 instar
1788 3831 2033 3885 similitu-

468 3941 753 4006 dinemque
793 3930 1019 4004 paradisi
1057 3945 1072 3983 :
1122 3941 1226 3981 non
1277 3931 1450 3980 cessat
1495 3936 1714 3992 serpens
1749 3937 2034 3993 suggerere

468 4029 609 4100 quod
640 4036 763 4080 tunc
789 4019 1066 4093 snggessit.
1096 4017 1202 4074 Sed
1226 4030 1380 4071 casus
1409 4015 1563 4086 primi
1592 4013 1822 4068 hominis
1848 4013 1912 4067 ad
1938 4029 2033 4068 ex-

439 4172 451 4183 ,
470 4119 822 4190 perimentum
845 4109 1064 4167 cavendi
1089 4107 1248 4163 debet
1281 4105 1434 4160 nobis
1459 4104 1655 4169 valere,
1686 4118 1792 4158 non
1822 4103 1887 4158 ad
1918 4103 2025 4158 imi.

469 4213 722 4268 tationem
744 4203 1012 4276 peccandi.
1038 4194 1161 4255 Ideo
1186 4199 1274 4254 ille
1292 4197 1498 4262 cecidit,
1526 4205 1582 4251 ut
1609 4210 1705 4250 nos
1731 4210 2029 4264 surgamus.

472 4300 903 4375 lleSpondeamus
930 4294 1120 4350 talibus
1147 4289 1572 4360 snggestionibus
1595 4287 1734 4359 quod
1761 4289 2035 4358 respondit

469 4398 588 4453 Job.
614 4394 745 4450 Nam
775 4398 830 4446 et
857 4389 1027 4458 ipsum
1057 4400 1150 4455 per
1178 4382 1426 4438 feminam
1459 4393 1721 4452 tamquam
1749 4379 1843 4450 per
1869 4382 2033 4437 Evam

471 4485 710 4551 tentavit,
741 4491 795 4538 et
822 4481 948 4535 vicit
973 4479 1025 4532 in
1059 4486 1292 4530 stercore
1317 4473 1440 4544 (Job
1487 4489 1544 4537 ιι,
1571 4470 1748 4542 8-10),
1778 4472 1946 4537 victus
1980 4472 2032 4527 in

470 4577 736 4649 paradiso.
775 4573 913 4643 Ergo
943 4583 1046 4624 non
1083 4563 1514 4621 audiamustalcs
1541 4578 1717 4628 voces,
1753 4578 1851 4617 nec
1879 4573 2033 4633 pute-

473 4683 590 4727 in‘us
617 4683 812 4741 paucos
840 4679 958 4722 esse
981 4664 1153 4718 istos:
1186 4657 1336 4714 multi
1377 4664 1517 4722 sunt,
1565 4656 1657 4711 sed
1687 4656 1824 4711 inter
1857 4656 2034 4726 plures

472 4763 652 4816 latent.
686 4759 798 4814 Non
845 4767 1121 4826 possumus
1160 4749 1300 4805 enim
1332 4761 1529 4816 negare
1576 4745 1753 4815 plures
1778 4761 1896 4800 esse
1925 4763 2037 4800 ma-

471 4854 573 4918 los,
604 4860 656 4906 ct
679 4860 784 4905 tam
811 4849 1009 4918 plures,
1041 4853 1099 4899 ut
1141 4843 1277 4896 inter
1304 4854 1396 4896 eos
1423 4852 1638 4907 prorsus
1662 4836 1784 4889 boni
1812 4853 1917 4890 non
1943 4853 2036 4907 ap-

473 4953 711 5016 pareant,
741 4940 1007 5012 quomodo
1047 4953 1152 4992 non
1181 4941 1436 5004 apparent
1460 4946 1624 5002 grana
1655 4931 1704 4984 in
1733 4945 1876 4986 area.
1903 4930 2033 4986 Nam

472 5034 710 5107 quisquis
735 5047 909 5086 aream
938 5029 1099 5093 videt;
1132 5035 1320 5098 po’tcst‘
1340 5033 1530 5094 “putare
1556 5021 1696 5092 quod
1733 5021 1880 5091 palea
1924 5022 2033 5076 sola

471 5126 560 5182 sit.
590 5125 664 5178 Da
694 5122 959 5176 heminetn
1000 5121 1350 5188 inexpertum,
1381 5125 1618 5186 ct'putat
1661 5115 1886 5168 inaniter
1922 5113 2036 5169 fieri

473 5217 610 5290 quod
638 5216 800 5272 boves
823 5213 1121 5273 mittuntur,
1147 5209 1285 5278 quod
1313 5209 1380 5264 ibi
1412 5208 1652 5262 homines
1680 5207 1778 5261 sub
1800 5214 1928 5260 aestu
1945 5204 2040 5260 dc-

473 5309 664 5364 sudant
682 5315 740 5362 ut
765 5301 1301 5370 conterant‘paicam;
1332 5299 1425 5356 sed
1449 5301 1517 5354 ibi
1536 5309 1616 5354 cst
1635 5308 1688 5353 et
1714 5313 1884 5352 massa
1906 5314 2036 5352 vcn-

475 5402 710 5457 tilatione
755 5394 1052 5468 purganda.
1085 5393 1232 5447 Tunc
1275 5392 1522 5462 procedet
1566 5393 1714 5461 cepia
1767 5391 2034 5458 frumenti,

475 5509 592 5564 qua:
621 5489 818 5546 latebat
846 5487 900 5541 in
919 5485 1069 5554 copia
1101 5483 1386 5551 palearum.
1415 5483 1482 5536 Et
1507 5483 1664 5537 modo
1692 5483 1771 5536 vis
1802 5483 2039 5538 invenire

477 5583 680 5639 bonos?
708 5580 835 5635 Esto
866 5579 903 5638 ³.
936 5585 988 5629 et
1013 5573 1268 5628 invenies.

543 5679 552 5702 τ
594 5681 658 5727 tta
677 5674 890 5738 quinque
912 5675 1018 5720 Mss.
1045 5675 1100 5719 st
1124 5664 1332 5727 ωιτη
1355 5664 1493 5716 modo
1525 5664 1591 5715 ris
1615 5662 1862 5716 insanire?
1890 5674 2039 5716 conus

476 5748 588 5788 ἔδω.

1687 246 1746 305 3.
1786 246 2142 306 AUGUSTINI
2161 263 2166 280 ε
2183 249 2482 308 EPISCOPI

3600 260 3693 317 5&0

2218 363 2302 417 10.
2320 361 2468 440 [νει-ε.
2487 362 2598 438 ιι.]
2616 364 2813 421 Contra
2829 365 2982 423 istam
2999 382 3125 440 ergo
3138 367 3557 439 desperationem
3580 371 3698 427 vide

2143 453 2269 521 quid
2298 464 2554 529 sequath
2571 457 2622 511 in
2654 457 2856 526 psalmo
2888 458 3009 514 isto.
3033 459 3287 528 Quoniam
3317 477 3437 516 cum
3463 461 3697 526 dixisset,

2145 541 2492 614 Suscepimus,
2521 545 2678 613 Deus,
2703 549 3092 604 misericordiam
3112 559 3246 606 tuam
3267 552 3319 605 in
3347 553 3505 606 medio
3527 553 3698 624 populi

2144 634 2234 698 tui,
2261 635 2576 705 significavit
2602 653 2720 694 esse
2743 641 2988 710 populum
3017 657 3121 697 non
3151 644 3519 712 suscipientem
3551 646 3700 698 mise-

2145 725 2426 780 ricordiam
2455 727 2647 802 Dei,:in
2673 732 2821 800 cujus
2849 732 3022 787 medio
3048 733 3262 802 quidam
3291 735 3579 804 suscipiant
3605 736 3696 789 nii-

2143 816 2485 874 sericordiam
2528 821 2620 875 Dei
2651 839 2664 875 :
2692 833 2745 876 et
2787 839 2852 877 ne
2899 835 3204 880 occurreret
3246 824 3562 892 hominibus,
3601 839 3692 881 tant

2144 920 2338 974 paucos
2366 924 2504 976 esse,
2529 921 2585 966 ut
2612 929 2772 983 pr0pe
2792 914 2920 969 nulli
2944 915 3050 969 sint
3071 931 3086 982 ;
3113 917 3378 986 quomodo
3403 919 3698 972 consolatus

2143 1007 2224 1052 est
2265 1004 2704 1072 consequentibus
2741 1006 2950 1062 verbis?
2994 1008 3282 1063 Secundum
3324 1026 3502 1064 nomen
3546 1020 3700 1074 tuum,

2142 1088 2303 1157 Deus,
2333 1094 2466 1155 ita.et
2495 1098 2606 1152 laus
2635 1107 2721 1152 tua
2750 1101 2802 1153 in
2827 1101 2954 1168 ﬁnes
2982 1111 3146 1158 terra.
3168 1103 3304 1171 Quid
3323 1114 3404 1158 est
3431 1103 3564 1159 hoc?
3596 1103 3701 1157 Ma-

2143 1198 2271 1252 gnus
2293 1181 2541 1241 Dominus
2565 1198 2611 1242 et
2636 1190 2909 1246 laudabilis
2927 1193 3090 1259 valde,
3111 1194 3165 1247 in
3189 1195 3384 1249 civitate
3404 1194 3502 1248 Dei
3529 1197 3694 1261 nostri,

2142 1271 2196 1323 in
2220 1283 2579 1331 monle‘sanclo
2625 1279 2766 1348 ejus;
2796 1297 2894 1337 nec
2924 1293 3096 1352 potest
3137 1300 3254 1340 esse
3288 1286 3404 1340 laus
3437 1290 3573 1353 ejus,
3605 1288 3701 1342 nisi

2144 1363 2196 1418 in
2225 1368 2420 1422 sanctis
2447 1372 2582 1438 ejus.
2618 1371 2748 1426 Nam
2770 1375 2857 1444 qui
2889 1376 3026 1430 male
3045 1377 3245 1442 vivunt,
3278 1395 3384 1431 non
3423 1395 3543 1434 cum
3592 1380 3702 1433 lau-

2143 1453 2303 1524 dant;
2347 1459 2440 1514 sed
2481 1462 2578 1516 etsi
2621 1465 2911 1532 praedicant
2951 1467 3146 1538 lingua,
3180 1469 3544 1538 blasphemant
3574 1471 3697 1524 vita.

2143 1545 2274 1612 Quia
2303 1563 2428 1619 ergo
2453 1551 2567 1607 laus
2593 1553 2705 1623 ejus
2731 1571 2833 1610 non
2862 1567 2943 1612 est
2986 1559 3086 1613 nisi
3123 1560 3175 1613 in
3214 1564 3410 1615 sanctis
3437 1562 3570 1630 ejus,
3601 1578 3700 1616 non

2143 1637 2242 1691 sibi
2273 1638 2449 1696 dicant
2490 1642 2720 1700 harreticl
2753 1666 2767 1702 :
2820 1647 2874 1701 In
2923 1649 3076 1705 nobis
3129 1653 3384 1705 remansit
3424 1653 3534 1707 laus
3570 1654 3703 1722 ejus,

2144 1727 2263 1796 quia
2295 1731 2442 1798 pauci
2475 1748 2675 1799 sumus,
2706 1746 2760 1790 et
2783 1752 2812 1790 a
2847 1738 2995 1793 turba
3026 1742 3290 1810 separati;
3335 1759 3430 1796 nos
3467 1743 3606 1813 jus-te
3631 1746 3708 1818 vi:

2145 1816 2334 1884 vimus,
2361 1835 2474 1876 nos
2516 1821 2789 1880 laudamus
2833 1828 3016 1895 Deum,
3065 1847 3169 1883 non
3212 1832 3382 1886 solum
3426 1816 3706 1902 loquendo,

2144 1923 2324 1964 verum
2354 1899 2511 1966 etiam
2552 1919 2936 1974 conversando.
2972 1911 3339 2000 Respondetur
3379 1925 3457 1978 cis
3499 1941 3564 1978 ex
3605 1927 3709 1980 hoc

2143 2003 2348 2070 psalmo
2377 2023 2391 2058 :
2423 2004 2556 2075 Quid
2586 2023 2680 2064 vos
2708 2011 2883 2066 dicitis
2908 2014 2958 2066 in
2987 2023 3134 2082 parte
3163 2015 3377 2072 laudare
3409 2018 3590 2082 Deum,
3619 2021 3704 2074 cui

2142 2093 2339 2149 dictum
2364 2105 2469 2164 est,
2499 2098 2793 2155 Secundum
2823 2119 3000 2158 nomen
3029 2113 3170 2158 tuum
3192 2095 3354 2172 Deus,
3399 2108 3470 2161 ita
3512 2120 3558 2161 et
3595 2108 3709 2164 laus

2143 2193 2230 2239 tua
2249 2187 2301 2239 in
2327 2187 2452 2256 ﬁnes
2472 2191 2658 2245 terra?
2685 2190 2740 2246 id
2769 2202 2872 2261 est,
2903 2195 3169 2265 quomodo
3195 2189 3350 2252 nctus
3377 2214 3434 2252 es
3465 2215 3557 2268 per
3581 2215 3702 2253 om-

2144 2289 2238 2330 nes
2270 2285 2458 2345 terras,
2484 2280 2562 2334 sic
2587 2291 2639 2335 et
2666 2281 2896 2338 laudaris
2928 2300 3020 2353 per
3045 2301 3231 2341 omnes
3257 2295 3458 2354 terras;
3484 2304 3581 2344 nec
3605 2289 3708 2344 dc-

2141 2376 2266 2422 sunt
2303 2368 2390 2438 qui
2435 2379 2487 2425 te
2520 2387 2662 2427 nunc
2697 2371 2911 2428 laudant
2950 2391 3044 2445 per
3071 2373 3257 2433 omnes
3287 2363 3473 2434 terras.
3507 2379 3581 2434 Illi
3609 2397 3710 2434 au-

2143 2466 2246 2512 tem
2276 2459 2509 2528 laudant,
2540 2465 2629 2534 qui
2669 2465 2804 2520 bene
2829 2467 3030 2522 vivunt.
3061 2463 3348 2524 secundum
3374 2471 3504 2525 enim
3529 2489 3710 2528 nomen

2140 2555 2298 2614 tuum,
2321 2537 2476 2618 Deus,
2505 2553 2577 2608 ita
2605 2564 2651 2608 et
2676 2555 2786 2611 laus
2806 2567 2910 2622 tua,
2945 2575 3048 2613 non
3081 2559 3132 2614 in
3173 2571 3341 2630 parte,
3371 2562 3460 2617 scd
3496 2563 3546 2616 in
3579 2565 3710 2632 lines

2139 2643 2304 2696 terrai.
2330 2641 2540 2698 Iustitia
2565 2646 2714 2716 plena
2735 2657 2809 2702 est
2829 2648 3034 2703 dextera
3055 2660 3138 2704 tua
3166 2667 3186 2705 :
3216 2651 3265 2706 id
3291 2661 3390 2718 est,
3415 2654 3561 2707 multi
3586 2664 3714 2708 sunt

2139 2741 2193 2786 ct
2218 2733 2289 2788 illi
2315 2734 2404 2804 qui
2441 2737 2658 2793 stabunt
2680 2739 2744 2792 ad
2771 2739 3065 2794 dexteram.
3093 2741 3206 2796 Non
3232 2743 3404 2797 solum
3436 2744 3510 2798 illi
3556 2743 3712 2800 multi

2139 2834 2296 2879 erunt
2319 2828 2408 2896 qui
2445 2828 2660 2884 stabunt
2682 2830 2749 2885 ad
2787 2831 3077 2898 sinistram,
3114 2833 3208 2889 sed
3233 2829 3284 2890 et
3314 2836 3383 2890 ibi
3411 2837 3512 2891 erit
3541 2837 3712 2907 pleni-

2141 2917 2267 2973 tudo
2294 2935 2484 2976 massa:
2507 2921 2571 2980 ad
2591 2913 2858 2979 dexteram
2880 2928 3180 2983 constitutae
3205 2926 3451 2984 :Justitia
3470 2929 3616 3001 plena
3633 2941 3713 2986 est

2138 3007 2342 3063 dextera
2370 3019 2478 3063 tua.

2210 3088 2294 3154 ﬂ.
2328 3097 2476 3172 [uers.
2509 3095 2620 3175 l1]
2651 3097 2868 3158 Laetetur
2897 3103 3037 3160 mons
3065 3105 3209 3169 Sion,
3241 3119 3284 3161 et
3310 3109 3552 3162 exsultent
3578 3110 3708 3178 ﬁlice

2136 3189 2333 3244 Judww
2354 3191 2393 3258 ⁸,
2425 3199 2629 3262 prapter
2644 3193 2844 3264 judicia
2871 3205 2978 3263 tua,
3010 3195 3246 3252 Domine.
3273 3198 3318 3253 Ο
3358 3215 3510 3254 mons
3553 3200 3710 3272 Sion,

2138 3295 2171 3334 ο
2201 3280 2322 3336 lilia:
2348 3272 2566 3351 Iudaeae,
2591 3283 2842 3340 laboratis
2869 3289 3026 3342 modo
3047 3287 3184 3343 inter
3202 3289 3424 3358 zizania,
3449 3291 3585 3345 inter
3611 3308 3714 3362 pa-

2139 3372 2267 3436 leas,
2293 3374 2429 3429 inter
2457 3375 2637 3454 spinas
2663 3375 2942 3443 laboratis;
2974 3378 3066 3433 sed
3089 3373 3362 3436 exsultate‘
3385 3389 3598 3452 propter
3621 3383 3716 3454 jn-

2139 3463 2271 3518 dicia
2301 3464 2413 3519 Dei.
2441 3449 2554 3519 Non
2590 3476 2732 3521 errat
2768 3467 2906 3522 Deus
2942 3469 2993 3523 in
3015 3469 3321 3548 judicando.
3356 3449 3721 3530 Discretaavvi;

2138 3559 2264 3618 vite.
2296 3559 2402 3612 etsi‘
2425 3570 2686 3614 concretae
2714 3571 2850 3615 nata:
2895 3563 3042 3628 estis,
3071 3580 3175 3619 non
3220 3566 3412 3622 frustra
3454 3584 3554 3624 vox
3581 3571 3718 3627 exiit

2138 3647 2205 3703 de
2224 3657 2322 3702 ‘orc
2352 3657 2404 3704 et
2426 3648 2492 3703 de
2519 3652 2682 3706 corde
2710 3662 2888 3707 vestro
2916 3671 2930 3707 :
2975 3652 3058 3707 Ne
3086 3657 3380 3727 compertius
3399 3676 3511 3712 cum
3531 3659 3724 3732 impiis

2138 3739 2358 3792 animum
2399 3756 2578 3804 meam,
2618 3751 2663 3793 et
2708 3757 2820 3794 cum
2861 3743 2976 3796 viris
3015 3746 3318 3814 sanguinum
3359 3748 3511 3801 vitam
3549 3755 3719 3804 meum

2139 3826 2309 3899 (Psal.
2333 3844 2460 3896 xxv,
2483 3830 2561 3900 9).
2605 3829 2699 3885 Ille
2725 3833 2997 3886 ventilabit
3025 3839 3199 3889 lautus
3220 3837 3428 3902 artifex,
3460 3840 3509 3892 in
3550 3856 3720 3896 manu

2138 3918 2488 3975 ventilabrum
2518 3922 2772 3990 portabit,
2791 3933 2850 3979 ut
2877 3940 3035 3978 unum
3059 3933 3281 3996 granum
3305 3927 3461 3983 tritici
3488 3945 3592 3984 non
3616 3947 3718 3985 ca-

2137 4010 2236 4067 dat'
2258 4013 2308 4066 in
2353 4015 2598 4066 acervum
2629 4013 2791 4083 paleae
2820 4016 3258 4083 combur’cndum,
3288 4036 3388 4075 nec
3425 4039 3523 4076 una
3549 4025 3719 4081 arista

2139 4103 2304 4172 palea:
2349 4111 2582 4158 transeat
2619 4103 2684 4159 ad
2707 4107 2943 4161 'ma'ssam
2971 4109 3036 4162 'in
3082 4109 3274 4165 horreo
3317 4115 3719 4173 recondendam

2140 4193 2350 4264 (litauit.
2381 4211 2458 4261 ιιι,
2493 4195 2609 4266 12).
2635 4196 2923 4264 EXsultate,
2953 4199 3073 4254 filia:
3113 4200 3330 4270 Judaem,
3372 4218 3590 4276 propter
3626 4210 3721 4277 jn-

2137 4286 2272 4340 dicia
2309 4285 2396 4340 Dei
2429 4288 2817 4354 non'errantis;
2862 4299 2915 4343 et
2948 4291 3110 4346 nolite
3141 4291 3298 4348 modo
3329 4304 3528 4351 temere
3565 4299 3720 4367 judi-

2138 4393 2278 4432 Care.
2316 4377 2395 4432 Ad
2437 4394 2532 4432 vos
2566 4380 2822 4448 pertineat
2851 4381 3121 4452 colligere,
3169 4383 3233 4439 ad
3268 4385 3412 4440 illum
3451 4392 3724 4458 pertineat

2139 4483 2403 4536 separare.
2434 4467 2652 4522 Laetetur
2676 4487 2817 4525 mons
2843 4470 2990 4538 Sion,
3015 4477 3060 4526 et
3081 4475 3325 4528 exsultent
3345 4478 3469 4547 filia:
3487 4479 3716 4550 ludere,

2140 4563 2343 4629 propter
2375 4559 2573 4629 judicia
2611 4569 2717 4627 tua,
2746 4559 2981 4615 Domine.
3010 4554 3092 4618 Ne
3116 4574 3291 4619 autem
3338 4571 3532 4636 putetis
3575 4572 3723 4626 filias

2138 4650 2332 4706 Judaea:
2352 4651 2564 4706 Judmos
2593 4668 2730 4708 esse.
2758 4653 2887 4708 Juda
2925 4654 3201 4712 Confessio
3240 4669 3340 4713 est.
3385 4661 3585 4717 Omnes
3618 4665 3723 4720 lilii

2110 4742 2505 4807 -confessiouis,
2538 4743 2627 4796 filii
2656 4743 2852 4798 Judaeze
2877 4757 2998 4800 sunt
3025 4762 3037 4799 :
3062 4749 3204 4818 quia,
3236 4749 3389 4804 Salus
3409 4770 3469 4806 ex
3487 4752 3721 4825 Judteis,

2141 4835 2270 4890 nihil
2298 4844 2386 4891 est
2427 4837 2567 4890 aliud
2611 4853 2766 4907 quam
2809 4837 3051 4895 Christus
3080 4857 3146 4895 cx
3190 4841 3386 4898 inda-is
3426 4845 3606 4915 (Joan.
3637 4864 3726 4916 tv,

2139 4927 2250 4999 2‘2).
2279 4927 2389 4983 Hoc
2417 4931 2490 4982 ait
2518 4939 2571 4983 et
2598 4931 2882 4998 Apostolus
2905 4948 2918 4985 :
2954 4930 3072 4985 Non
3103 4935 3234 4988 enim
3257 4938 3343 5006 qui
3365 4938 3416 4990 in
3444 4941 3731 5012 manifesto

2139 5017 2352 5073 Jndtcus
2378 5028 2470 5087 est,
2501 5037 2656 5090 neque
2675 5037 2787 5089 qua:
2804 5021 2855 5074 in
2876 5025 3141 5095 nmnifesto
3163 5027 3212 5079 in
3233 5041 3383 5082 carne
3403 5040 3474 5082 est
3494 5031 3734 5085 circurn-

2141 5110 2261 5164 cisio
2276 5128 2297 5178 ;
2335 5111 2422 5164 sed
2446 5113 2542 5178 qui
2569 5114 2621 5165 in
2650 5112 2936 5167 abscondito
2969 5113 3179 5170 Judwus
3207 5128 3297 5185 est,
3321 5129 3365 5172 et
3400 5121 3736 5178 circumcisio

2142 5202 2325 5266 cordis,
2355 5203 2407 5255 in
2433 5204 2631 5272 spiritu,
2657 5215 2756 5257 non
2778 5205 2962 5272 littera,
2989 5209 3134 5277 cujus
3150 5211 3262 5264 laus
3286 5225 3386 5265 non
3409 5230 3472 5267 ea:
3495 5215 3740 5270 hornini-

2142 5293 2253 5355 bus,
2293 5293 2380 5346 sed
2409 5309 2470 5346 ea:
2489 5292 2597 5346 Deo
2618 5293 2791 5363 (Rom.
2820 5311 2877 5363 ιι,
2900 5297 2990 5362 28,
3013 5298 3127 5369 29).
3156 5301 3296 5356 Talis
3321 5303 3536 5360 Judwus
3560 5320 3693 5363 esto
3720 5329 3736 5365 :

2142 5387 2368 5457 gloriare
2392 5385 2462 5442 de
2485 5388 2886 5444 circumcisione
2911 5392 3106 5455 cordis,
3150 5395 3248 5448 etsi
3281 5410 3383 5450 non
3417 5398 3586 5455 habes
3615 5403 3742 5457 cir-

2142 5482 2514 5537 cumcisionem
2540 5483 2736 5536 carnis.
2780 5482 3044 5539 Easultent
3091 5488 3214 5555 ﬁlia:
3253 5486 3468 5556 Julia-ce,
3513 5497 3754 5564 propter

2133 5572 2330 5643 judicia
2356 5579 2458 5636 tua,
2497 5569 2724 5626 Domine.

2207 5668 2224 5698 ι
2259 5667 2330 5714 sic
2348 5667 2439 5716 hoc
2463 5667 2508 5714 in
2529 5665 2649 5733 loco,
2675 5675 2725 5716 ct
2744 5666 2864 5733 infra
2888 5671 2936 5718 in
2952 5669 3040 5733 hoc
3059 5670 3231 5720 eodem
3248 5685 3297 5722 ιι.
3321 5672 3395 5733 ll,
3410 5684 3524 5723 cum
3547 5671 3751 5729 melio-

2146 5730 2280 5778 ribus
2299 5737 2399 5777 mss.
2427 5737 2474 5779 et
2497 5736 2620 5790 LXX,
2641 5730 2899 5790 legendum
2916 5741 3008 5782 est.
3022 5732 3213 5797 Littde
