4004 6200
244 244 332 300 541

310 360 393 415 12.
410 358 561 431 [vers
579 344 1007 433 i3.]Circumdate
1026 358 1174 426 Sion,
1197 367 1244 412 et
1258 357 1641 426 complectimim
1670 373 1801 410 eam.

238 451 451 504 Dicatur
477 450 557 506 eis
586 453 673 521 qui
722 451 858 506 male
905 452 1103 515 vivunt,
1158 448 1210 503 in
1261 453 1483 517 quorum
1526 446 1703 501 medio
1731 454 1814 500 est

240 545 459 615 populus
484 545 570 599 ille
598 545 683 613 qui
711 544 941 614 suscepit
964 528 1385 597 miscricordiam-
1404 540 1533 596 Dei:
1560 539 1612 592 ln
1636 538 1823 593 medio

240 647 473 690 vestrum
518 645 601 690 est
648 636 872 705 populus
899 636 1034 689 bene
1073 633 1278 698 vivens,
1317 631 1633 685 Circumdate
1659 629 1809 685 Sion.

238 725 340 779 Sed
383 724 681 794 quomodo?
725 724 1120 794 Complectimini
1159 740 1287 777 eam.
1338 722 1510 777 Nolite
1553 722 1815 776 scaudalis

238 818 590 885 rircumdare,
636 819 730 881 sed
776 819 1035 873 ehanitate
1072 817 1430 881 circumdate;
1461 825 1518 870 ut
1549 816 1637 885 qui
1678 815 1812 869 bene

241 910 422 962 vivunt
448 909 499 963 in
532 896 714 963 'medio
741 918 999 976 vestrum,
1052 924 1144 964 eos
1190 908 1486 973 imitemini,
1534 916 1585 960 et
1631 920 1813 959 eorum

238 1001 533 1057 imitatione
568 1003 810 1068 Christo,
857 1003 1007 1072 cujus
1045 1003 1278 1057 membra
1317 1010 1459 1064 sunt,
1503 1001 1813 1068 incorpore-

237 1093 364 1146 mini
399 1094 437 1146 ¹.
470 1092 786 1147 Circumdate
831 1093 977 1159 Sion,
1007 1103 1057 1148 et
1083 1091 1468 1158 complectimint'
1507 1107 1636 1144 eam.
1670 1087 1823 1142 Nar-

232 1196 344 1240 rule
386 1186 439 1239 in
484 1186 701 1240 turribus
728 1188 853 1256 ejus.
885 1188 939 1242 In
982 1186 1258 1242 altitudine
1299 1186 1650 1241 munitionum
1699 1184 1823 1253 ejus

236 1276 521 1346 prmdicate
552 1277 732 1331 laudes
752 1278 888 1345 ejus.

317 1369 397 1421 15.
435 1366 585 1440 [vers.
615 1368 725 1441 14.]
757 1368 936 1423 Ponite
971 1369 1127 1423 corda
1169 1381 1330 1423 vestra
1371 1369 1425 1422 in
1465 1369 1646 1422 virtute
1685 1369 1811 1438 ejus.

234 1459 350 1514 Non
372 1471 431 1513 ut
456 1460 693 1516 habeatis
719 1461 941 1516 formam
977 1463 1210 1533 pietatis,
1236 1462 1482 1517 virtutem
1508 1462 1621 1530 ejus
1648 1459 1814 1515 abne-

234 1554 372 1623 getis
398 1551 461 1624 (ll
495 1552 626 1607 Tim.
655 1570 729 1617 In,
762 1554 852 1625 5);
882 1554 972 1609 sed
1002 1556 1054 1608 in
1080 1556 1261 1609 virtute
1296 1556 1406 1626 ejus
1450 1556 1619 1624 ponite
1660 1552 1816 1607 corda

236 1654 417 1696 vestra.
442 1644 570 1711 Quae
595 1654 676 1701 est
705 1645 871 1700 virtus
914 1646 1141 1702 civitatis
1173 1645 1364 1716 hujus?
1393 1646 1491 1714 Qui
1522 1645 1629 1700 vult
1661 1643 1816 1698 intel-

238 1734 404 1805 ligere
431 1737 675 1791 virtutem
708 1739 861 1807 hujus
886 1738 1133 1804 civitatis,
1165 1737 1421 1806 intelligat
1446 1736 1549 1791 vim
1579 1735 1814 1790 charita-

240 1826 330 1881 tis.
362 1827 475 1895 Ipsa
506 1838 587 1882 est
626 1828 793 1883 virtus
827 1844 983 1899 quam
1028 1842 1184 1883 nemo
1220 1827 1401 1882 vincit.
1445 1826 1612 1896 Hujus
1638 1827 1815 1895 ignem

238 1920 369 1973 nulli
400 1919 591 1975 ﬂuctus
617 1921 814 1985 smculi,
847 1921 990 1974 nulla
1027 1919 1576 1975 ﬂumina-tentationis
1616 1920 1815 1974 exstin-

235 2024 423 2083 guunt.
458 2015 532 2069 De
564 2014 660 2069 hac
692 2014 891 2069 dictum
920 2024 1022 2078 est,
1061 2013 1240 2068 Valida
1267 2023 1338 2068 est
1363 2014 1651 2067 sicut’ntors
1684 2012 1813 2065 dile-

234 2105 335 2158 ctio
360 2105 532 2173 (Cant.
564 2121 678 2167 vm,
699 2105 775 2176 6).
804 2104 1079 2173 Quomodo
1097 2104 1236 2158 enim
1259 2118 1402 2158 mors
1421 2102 1631 2173 quando
1649 2100 1817 2167 venit,

235 2194 414 2249 resisti
442 2196 491 2249 ei
534 2210 639 2248 non
681 2206 873 2264 potest,
898 2194 1219 2264 quibuslibet
1243 2194 1465 2259 artibus,
1497 2191 1816 2263 quibuslibet

234 2283 641 2339 medicamentis
666 2299 943 2349 occurras;
970 2285 1272 2339 violentiam
1302 2283 1489 2337 mortis
1515 2284 1684 2337 vitare
1707 2296 1814 2336 non

232 2382 434 2445 potest,
465 2375 553 2444 qui
586 2375 822 2430 mortalis
852 2384 1006 2428 natus
1042 2384 1126 2429 est
1159 2393 1172 2428 :
1200 2374 1276 2428 sic
1302 2385 1485 2427 contra
1513 2373 1815 2427 violentiam

230 2469 514 2524 charitatis
539 2468 767 2522 mundus
794 2468 865 2521 nil
901 2475 1092 2536 potest.
1124 2468 1166 2520 A
1197 2465 1462 2521 contrario
1490 2466 1631 2519 enim
1670 2465 1818 2518 simi-

231 2559 405 2615 litudo
432 2560 551 2613 data
575 2568 657 2613 est
684 2558 750 2613 de
772 2567 978 2625 morte;
1016 2556 1278 2627 quomodo
1307 2558 1446 2612 enim
1472 2571 1619 2610 mors
1633 2556 1817 2610 ad'aue-

233 2650 518 2706 ferendum
548 2648 931 2703 violentissima
966 2657 1064 2713 est,
1093 2647 1167 2702 sic
1193 2647 1421 2701 charitas
1438 2646 1815 2700 violentissima

231 2744 315 2795 est
338 2741 408 2795 ad
438 2739 768 2794 salvandum.
797 2738 902 2793 Per
928 2738 1237 2793 charitatem
1262 2737 1405 2791 enim
1444 2736 1592 2790 multi
1622 2737 1815 2791 mortui

232 2842 356 2885 sunt
385 2831 605 2895 smculo,
637 2840 693 2882 ut
730 2830 974 2883 viverent
1011 2827 1139 2882 Deo.
1173 2826 1283 2882 Hoc
1322 2825 1579 2882 charitate
1606 2826 1813 2880 accensi

229 2931 523 2993 martyres,
575 2928 677 2975 non
722 2919 972 2983 simulati,
1020 2934 1125 2972 non
1164 2933 1296 2972 vana
1341 2917 1507 2987 gloria
1554 2916 1811 2982 ventilati,

230 3028 339 3066 non
373 3010 609 3066 talesde
651 3011 841 3079 quibus
865 3010 1061 3064 dictum
1098 3019 1201 3074 est,
1245 3008 1306 3063 Si
1346 3007 1598 3062 tradidero
1634 3024 1815 3077 corpus

228 3122 400 3159 meum
429 3115 484 3157 ut
517 3104 742 3167 ardeam,
768 3103 1257 3157 charitatem-autem
1291 3116 1391 3154 non
1425 3100 1653 3165 habeam,
1688 3099 1815 3153 nihil

229 3198 357 3250 mihi
379 3195 585 3266 prodest
601 3196 642 3264 (Ι
666 3194 781 3248 Cor.
811 3208 926 3259 snt,
946 3192 1026 3264 3),
1053 3191 1298 3247 sed'tales
1318 3205 1459 3261 quos.
1471 3206 1596 3247 vere
1618 3190 1814 3244 Christi

226 3302 283 3346 et
314 3290 559 3346 veritatis
597 3288 829 3343 charitas
874 3286 1186 3357 perduceret
1221 3283 1287 3339 ad
1326 3284 1657 3354 passionem;
1688 3283 1813 3352 quid

227 3386 308 3439 eis
364 3384 608 3437 fecerunt
650 3382 989 3455 tentationes_
1012 3375 1385 3433 saevientium?
1421 3376 1669 3446 Majorem
1696 3376 1812 3430 vio-

226 3475 455 3530 lentiam
489 3474 784 3529 habuerunt
815 3473 953 3527 oculi
984 3472 1220 3525 ﬂentium
1245 3484 1481 3534 suorum,
1506 3484 1663 3539 quam
1697 3482 1814 3537 pcr-

224 3569 539 3623 secutiones
569 3565 959 3623 iusectantium.
983 3563 1149 3631 Quam
1183 3562 1374 3616 multos
1401 3557 1541 3616 enim
1565 3559 1814 3614 tenebant

225 3663 322 3715 lilii
357 3677 427 3716 ne
455 3660 793 3730 paterentur!
822 3673 977 3727 quam
1020 3656 1304 3710 multorum
1341 3653 1564 3724 genibus
1604 3652 1814 3722 provol-

222 3757 499 3811 vebantur
539 3766 773 3817 uxores,
822 3766 889 3804 ne
928 3750 1099 3802 viduae
1144 3746 1602 3815 relinquerentur!
1656 3758 1811 3813 quam

220 3851 433 3903 multos
466 3855 709 3916 parentes
740 3844 831 3898 lilii
858 3842 1209 3913 prohibebant
1241 3841 1396 3905 mori,
1416 3838 1553 3892 sicut
1571 3838 1815 3891 novimus

220 3952 275 3993 et
306 3939 542 4007 legimus
585 3936 635 3988 in
680 3935 923 4005 passione
960 3933 1127 3987 beata:
1159 3930 1465 3999 Perpetuae!
1504 3928 1659 3982 Facta
1694 3938 1816 3981 sunt

220 4030 356 4086 ista.
389 4030 497 4084 Sed
526 4029 772 4098 lacrymze
797 4023 1138 4096 quarumlibet
1171 4032 1220 4076 et
1253 4020 1581 4099 quantolibet
1617 4020 1815 4087 impetu

219 4122 485 4187 ﬂuerent,
528 4118 740 4191 quando
783 4116 1026 4171 ardorem
1067 4113 1339 4168 charitatis
1379 4109 1815 4179 exsgtlnguerent?

218 4213 360 4267 lla-c
384 4222 467 4265 est
487 4212 652 4265 virtus
679 4209 829 4274 Sion,
857 4209 941 4262 cui
980 4216 1033 4261 et
1069 4205 1192 4259 alibi
1223 4203 1452 4257 dicitur:
1485 4200 1603 4254 Fiat
1636 4217 1737 4271 pax
1762 4201 1816 4254 in

217 4306 422 4359 virtute
446 4314 553 4368 tua,
584 4312 629 4356 et
654 4302 964 4356 abundantia
998 4300 1049 4353 in
1093 4297 1310 4352 turribus
1340 4297 1437 4349 tuis
1464 4293 1631 4362 (Psai.
1665 4309 1812 4362 cxx],

216 4399 302 4471 7).
337 4399 655 4453 Annuntiate
694 4399 746 4450 in
772 4396 990 4449 turribus
1021 4397 1149 4463 ejus,
1181 4391 1363 4445 Ponite
1392 4389 1546 4443 corda
1574 4398 1733 4443 vestra
1764 4389 1816 4442 in

214 4493 423 4545 virtute
442 4490 569 4562 ejus,
595 4498 637 4542 et
665 4488 944 4542 distribuite
970 4485 1142 4537 domos
1163 4484 1286 4554 ejus.

301 4584 399 4637 14.
451 4581 586 4653 Quid
633 4580 718 4637 hic
765 4576 1124 4646 intelligimus,
1160 4572 1341 4626 Ponite
1385 4571 1538 4624 corda
1565 4580 1725 4625 vestra
1763 4574 1817 4624 in

212 4678 425 4727 uirtute
467 4674 595 4742 ejus,
632 4681 678 4726 et
704 4669 978 4723 distribuite
1006 4666 1178 4725 domos
1208 4663 1355 4731 ejus?
1392 4662 1445 4716 ld
1486 4671 1585 4725 est,
1632 4662 1818 4715 distin-

210 4770 384 4839 guite
416 4765 630 4818 domum
659 4778 687 4815 a
726 4761 904 4824 demo,
947 4759 1108 4813 nolite
1137 4754 1479 4809 confundere.
1514 4753 1708 4806 Domus
1736 4762 1818 4807 est

209 4860 387 4912 enim
434 4854 653 4909 formam
700 4852 906 4923 pietatis
951 4848 1168 4909 habens,
1206 4854 1262 4900 et
1303 4845 1544 4914 pietatem
1587 4858 1687 4896 non
1720 4842 1817 4895 ha-

209 4951 377 5005 bens
406 4964 421 4999 :
453 4956 530 4999 est
555 4934 729 4998 autem
772 4942 959 4996 domus
996 4950 1049 4993 et
1093 4939 1313 4993 formam
1356 4945 1409 4989 et
1457 4934 1819 5004 pietatemba-

210 5044 405 5098 hens.
436 5036 743 5100 Distribuite,
772 5034 935 5087 nolite
960 5029 1299 5085 confundere.
1334 5028 1480 5082 Tunc
1508 5036 1689 5080 autem
1707 5026 1819 5079 dis-

210 5130 482 5189 tribuitis
530 5140 582 5183 et
628 5144 732 5183 nou
760 5124 1106 5186 confunditis,
1134 5120 1344 5191 quando
1381 5120 1738 5173 cerdavestra
1769 5119 1818 5172 in

209 5228 450 5281 virtute
477 5222 590 5291 ejus
618 5219 827 5290 ponitis,
864 5218 913 5271 id
933 5226 1032 5280 est,
1055 5230 1173 5268 cum
1206 5214 1326 5268 facti
1356 5213 1557 5267 ftmritis
1587 5211 1824 5280 percha-

210 5321 463 5373 rientem
493 5314 808 5383 spirituales.
833 5311 977 5364 Tunc
1000 5319 1194 5361 temere
1215 5323 1315 5360 non
1343 5306 1673 5376 judicabitis;
1699 5314 1822 5361 tunc

208 5405 503 5463 videbitis
532 5404 659 5457 nihil
688 5404 876 5456 obesse
907 5399 1057 5451 benis
1079 5399 1267 5473 malos,
1296 5397 1542 5467 quamdiu
1566 5412 1746 5451 sumus
1770 5398 1820 5450 in

210 5488 336 5556 hac
374 5510 540 5549 area:
572 5492 861 5547 Distribuite
882 5490 1058 5543 domos
1095 5488 1220 5558 ejus.
1251 5487 1437 5543 Potest
1459 5487 1823 5540 et—aliusesse

291 5658 309 5688 ι
357 5653 442 5702 lla
468 5652 683 5710 nv-ume
707 5655 811 5697 Mss.
834 5647 960 5710 Διῐάα.
985 5661 1104 5710 vero
1138 5662 1151 5697 :
1178 5645 1415 5697 Christum
1450 5644 1586 5707 cujus
1616 5642 1827 5696 membra

209 5725 374 5777 sunt,
397 5724 454 5763 ut
476 5708 667 5772 corpore
689 5708 1065 5772 complectimini.

1280 239 1673 298 numnam
1728 237 1796 294 is
1830 239 2149 302 PSALMUM
2188 246 2389 307 XLVII.

3374 281 3480 337 5's?

1919 358 2234 461 intellectus.
2259 370 2453 425 Domos
2477 369 2591 429 illas
2616 375 2768 447 duas,
2796 397 2951 440 unam
2979 401 3039 441 ex
3060 388 3479 461 circumcisione,

1919 450 2135 545 alteram
2163 470 2228 509 ex
2260 461 2516 528 praeputio
2542 468 2861 538 venientem,
2891 477 3156 545 Apostolis
3179 450 3377 540 dictum

1922 552 1977 640 ut
2004 541 2402 606 distribuerent.
2436 551 2566 608 Cum
2609 560 2749 615 enim
2790 541 3004 622 vocatus
3032 585 3169 627 esset
3196 541 3485 640 Saulusset

1920 628 2088 686 factus
2112 638 2386 704 apostolus
2416 642 2609 726 Paulus
2633 689 2647 712 ,
2679 657 2997 712 conveniens
3028 661 3078 715 in
3121 667 3371 723 unitatem
3390 628 3485 723 co-

1919 726 2276 823 apostolorum
2306 745 2540 799 suorum,
2571 739 2646 793 sic
2672 756 2789 796 cum
2822 748 2898 801 eis
2921 748 3099 807 habuit
3135 755 3403 823 placitum,
3429 772 3484 815 ut

2018 813 2153 919 irent
2170 818 2218 871 in
2241 820 2713 892 circumcisiouem,
2739 834 2835 891 iste
2857 838 2907 891 in
2932 810 3241 912 prmputium
3267 810 3403 919 (Gal,

1920 904 2000 999 ἐξ).
2034 906 2133 961 Ista
2179 910 2571 981 dispensatione
2612 896 2943 993 apostolatus.
2979 896 3057 990 sui
3104 896 3485 999 distribuerun;

1919 994 2107 1053 domos
2131 1001 2356 1059 civitatis
2392 1012 2563 1079 magni
2608 1017 2764 1085 regis,
2796 1029 2849 1074 et
2886 1028 3271 1087 concordantes
3310 1035 3360 1088 in
3387 1052 3485 1089 au-

1917 1090 2059 1190 gnlo,
2090 1092 2430 1190 Evangelium
2475 1102 2865 1173 dispensatione
2894 1116 3201 1188 diviserunt,
3230 1126 3485 1185 charitate

1912 1188 2228 1283 junxerunt.
2267 1188 2334 1242 Et
2367 1206 2551 1250 revera
2603 1198 2702 1254 hoc
2746 1206 2910 1273 magis
2949 1208 3342 1283 intelligendum
3383 1231 3485 1275 est.

1916 1268 2048 1374 liam
2084 1278 2337 1374 seq-uitur,
2389 1292 2443 1338 et
2470 1292 2697 1346 ostendit
2736 1268 2873 1364 quod
2912 1298 3013 1357 hoc
3057 1268 3489 1374 praedicat-oribus

1917 1362 2116 1420 dictum
2144 1370 2231 1433 sit,
2274 1370 2342 1426 Et
2375 1375 2654 1436 dislribuite
2678 1362 2851 1441 dot—nos
2884 1392 2991 1461 ejus
3024 1362 3127 1450 :uut
3161 1362 3484 1458 enarratis;

1918 1460 2152 1558 progenie
2172 1462 2362 1558 ultera,
2406 1468 2458 1522 id
2496 1481 2595 1536 est,
2640 1478 2877 1533 utetiam
2919 1483 2985 1537 ad
3018 1501 3115 1539 nos
3142 1499 3260 1556 post
3287 1491 3486 1549 futuros

1918 1547 2126 1639 illorum
2172 1552 2439 1626 Evangelii
2487 1561 2811 1630 diSpensatio
2843 1547 3163 1638 perveniret:
3197 1578 3311 1634 Non
3343 1547 3485 1639 enim

1917 1638 2021 1734 illis
2062 1652 2263 1701 tantum
2302 1648 2690 1724 laboraverunt,
2731 1675 2849 1715 cum
2895 1666 3172 1734 quibusin
3221 1672 3320 1728 hac
3347 1638 3486 1732 terra

1918 1731 2190 1837 vixerunt;
2221 1752 2317 1837 nec
2343 1740 2596 1798 Dominus
2627 1748 2735 1801 illis,
2754 1731 2949 1808 tantum
2979 1759 3267 1829 Apostolis,
3296 1767 3486 1834 quibus

1915 1839 1976 1879 se
2018 1832 2191 1923 vivum
2235 1832 2395 1887 etiam
2444 1847 2563 1905 post
2610 1850 3051 1905 resurrectionem
3109 1832 3352 1923 dignatus
3404 1832 3486 1915 est

1915 1919 2331 2014 ostenderesed
2358 1929 2611 1986 etnobis.
2640 1933 2899 1993 Namillis
2941 1919 3269 2014 loquebatur,
3298 1958 3352 2003 et
3388 1964 3486 2006 nos

1916 2010 2265 2081 signiﬁcabat,
2291 2031 2410 2072 cum
2434 2021 2670 2079 diceret:
2705 2025 2831 2081 Ecce
2851 2047 2943 2100 ego
2981 2010 3229 2090 vobiscum
3248 2010 3359 2092 sum
3379 2058 3487 2095 om-

1916 2105 2062 2160 nibus
2086 2107 2276 2175 dirbus,
2307 2128 2460 2182 usque
2487 2115 2556 2168 ad
2579 2124 3052 2179 consummationem
3079 2131 3248 2183 swculi
3274 2131 3484 2201 (Matth.

1916 2211 2098 2260 mvtu.
2136 2198 2251 2269 20).
2291 2201 2555 2273 Numquid
2596 2208 2669 2262 illi
2712 2210 2796 2265 hic
2843 2211 3001 2269 futuri
3041 2228 3189 2272 erant
3230 2198 3396 2290 usque
3435 2224 3485 2279 in

1915 2293 2423 2350 Culmumtnationem
2473 2301 2692 2356 saeculi?
2728 2301 2858 2359 Item
2887 2306 3014 2362 dicit
3052 2327 3066 2364 :
3118 2309 3240 2367 Non
3278 2332 3368 2383 pro
3411 2317 3487 2373 his

1914 2396 2049 2473 rogo.
2073 2391 2283 2449 tantum,
2316 2389 2405 2441 sed
2431 2405 2523 2459 pro
2553 2391 2631 2445 his
2667 2394 2759 2462 qui
2773 2398 3010 2452 credituri
3033 2411 3146 2455 sunt
3176 2421 3263 2473 per
3289 2407 3486 2460 verbum

1915 2471 2118 2527 illorum
2138 2477 2189 2529 in
2212 2494 2288 2530 me
2303 2478 2480 2544 (Joan.
2512 2498 2639 2545 xvu.
2671 2483 2785 2557 90)..
2821 2488 2955 2558 Ergo
2977 2471 3201 2547 attendit
3222 2511 3338 2558 nos,
3368 2499 3487 2565 quia

1916 2579 2104 2634 passus
2124 2576 2203 2623 est
2230 2579 2446 2640 propter
2472 2589 2589 2629 nos.
2615 2575 2801 2632 Merito
2826 2578 3001 2650 itaque
3023 2582 3232 2650 dicitur,
3256 2586 3322 2641 Ut
3341 2605 3488 2643 enar-

1916 2658 2035 2710 retis
2063 2659 2113 2712 in
2139 2663 2375 2731 progenie
2392 2663 2571 2719 altera.

1988 2748 2073 2804 15.
2116 2748 2264 2822 [vers.
2320 2753 2430 2827 15.]
2469 2754 2606 2823 Quid
2653 2764 2956 2819 enarretis?
3009 2766 3256 2833 Quoniam
3296 2774 3383 2825 hic.
3417 2784 3488 2829 est

1920 2837 2075 2905 Deus,
2123 2842 2252 2894 Deus
2281 2855 2464 2899 noster.
2517 2847 2681 2904 Terra
2709 2852 3013 2923 videbatur;
3048 2869 3203 2914 terra:
3246 2864 3489 2920 conditor

1915 2948 2022 2988 non
2075 2934 2348 2991 videbatur
2396 2956 2410 2993 :
2458 2955 2584 2995 caro
2623 2945 2918 3010 tenebatur,
2949 2950 3040 3004 sed
3071 2952 3208 3007 Deus
3244 2955 3296 3009 iu
3327 2972 3487 3015 carne

1917 3041 2020 3080 non
2063 3028 2459 3095 agnoscebatur.
2506 3031 2806 3089 Tenebatur
2847 3053 2981 3094 caro
3005 3041 3071 3095 ab
3100 3044 3177 3097 eis
3206 3047 3489 3112 exquibus

1916 3118 2084 3173 fuerat
2132 3132 2351 3191 sumpta
2392 3124 2504 3207 ipsa
2550 3140 2697 3192 caro,
2740 3143 2815 3182 ex
2847 3131 3050 3187 semine
3093 3135 3486 3196 Abrahzeenim

1913 3211 2061 3281 virgo
2108 3211 2279 3266 Maria.
2322 3230 2347 3266 εκ
2383 3214 2447 3267 ad
2489 3229 2701 3271 carnem
2746 3233 3133 3293 remanserunt,
3162 3226 3487 3287 divinitatem

1916 3319 2020 3356 non
2046 3303 2433 3359 intellexerunt.
2467 3304 2511 3360 0
2526 3308 2784 3377 Apostoli,
2802 3325 2834 3365 ο
2850 3313 3034 3369 civitas
3056 3321 3271 3388 magna!
3305 3322 3487 3378 intur-

1913 3396 2062 3450 ribus
2083 3407 2136 3450 tu
2162 3396 2409 3466 prmdica,
2433 3408 2483 3453 et
2504 3398 2608 3465 dic,
2638 3399 2737 3454 Hic
2759 3414 2832 3457 est
2846 3403 3000 3470 Deus,
3016 3407 3150 3464 Deus
3169 3424 3351 3468 noster.
3376 3417 3485 3485 Sic,

1913 3486 1992 3541 sic
2017 3487 2281 3556 quomodo
2309 3498 2642 3558 contemptus
2666 3503 2765 3557 est,
2798 3499 3063 3563 quomodo
3091 3500 3227 3569 lapis
3247 3515 3373 3559 ante
3390 3522 3487 3575 pe-

1911 3577 2013 3635 des
2031 3580 2195 3649 jacuit
2221 3580 2620 3645 ollendentium,
2637 3592 2693 3637 ut
2719 3586 3018 3642 humiliarct
3044 3593 3204 3645 corda
3230 3598 3486 3651 oonliten-

1916 3672 2080 3731 tium;
2121 3671 2199 3725 sie
2235 3671 2316 3724 hic
2355 3680 2447 3731 est_
2471 3670 2605 3725 Deus
2646 3684 2828 3727 noster.
2861 3676 3014 3732 Certe
3041 3681 3183 3734 visus
3211 3694 3323 3749 est,
3352 3687 3488 3742 sicut

1914 3762 2111 3818 dictum
2141 3772 2224 3817 est
2263 3780 2276 3815 :
2318 3761 2447 3816 Post
2474 3764 2578 3818 lucc
2602 3765 2660 3818 in
2681 3768 2823 3820 terris
2848 3769 2981 3822 visus
3006 3782 3094 3836 est,
3127 3785 3171 3825 et
3196 3792 3307 3828 cum
3333 3779 3487 3833 homi-

1917 3854 2060 3907 nibus
2088 3866 2404 3907 conversatus
2456 3864 2525 3908 est
2565 3855 2789 3927 (Bartsch
2827 3874 2901 3921 tu.
2947 3860 3058 3933 '58).
3110 3863 3207 3919 Hic
3247 3878 3315 3920 est
3350 3868 3486 3926 Deus

1916 3955 2099 3999 noster.
2132 3944 2196 3999 Et
2225 3945 2382 4000 homo
2410 3958 2519 4010 est,
2552 3957 2605 4002 et
2644 3950 2761 4018 quis
2785 3962 2861 4004 est
2890 3954 2975 4021 qui
3008 3970 3288 4025 cognoscet
3324 3965 3486 4019 eum?

1920 4037 2167 4103 Quoniam
2206 4037 2285 4090 hic
2313 4047 2385 4090 est
2427 4037 2581 4092 Deus
2611 4051 2793 4096 noster.
2835 4043 2937 4099 Sed
2981 4045 3118 4102 forte
3159 4051 3223 4104 ad
3258 4064 3482 4125 tempus,

1916 4127 2181 4197 quomodo
2207 4127 2278 4181 dii
2306 4128 2437 4183 falsi.
2469 4129 2598 4197 Quia
2624 4132 2762 4185 enim
2794 4138 2969 4189 vocari
3001 4151 3219 4207 possunt
3246 4143 3338 4211 dii,
3368 4162 3487 4203 esse

1916 4231 2091 4273 autem
2122 4236 2226 4272 non
2274 4229 2506 4288 possunt,
2542 4219 2607 4274 ad
2654 4230 2860 4293 tempus
2901 4228 2982 4281 vel
3032 4240 3303 4286 vocantur.
3353 4234 3484 4292 Nam

1916 4312 2038 4381 quid
2064 4312 2142 4365 eis
2168 4311 2292 4364 dicit
2319 4311 2595 4381 propheta,
2619 4314 2699 4367 vel
2727 4316 2850 4385 quid
2874 4330 3052 4376 monet
3075 4332 3128 4377 ut
3147 4325 3224 4379 eis
3245 4326 3489 4385 dicatur?

1918 4404 2041 4459 Haec
2078 4405 2155 4459 eis
2190 4402 2375 4457 dicetis
2408 4421 2422 4456 :
2451 4404 2618 4469 Quid?
2645 4404 2733 4459 Dii
2769 4409 2854 4476 qui
2881 4412 3060 4464 costum
3094 4424 3141 4466 et
3172 4424 3354 4470 terram
3388 4436 3488 4474 non

1918 4503 2167 4567 fecerunt,
2200 4505 2402 4566 pereant
2429 4496 2492 4549 de
2519 4507 2647 4551 terra
2666 4540 2680 4562 ,
2713 4508 2756 4551 et
2786 4500 2848 4553 de
2878 4501 2954 4555 his
2982 4518 3093 4570 quo:
3110 4504 3199 4557 sub
3221 4507 3344 4560 caelo
3371 4520 3488 4565 sunt

1919 4587 2129 4657 (Jerem.
2158 4603 2213 4653 Χ,
2247 4586 2354 4657 Η).
2388 4586 2603 4641 Νυηεεῑ
2630 4587 2870 4643 ἰδιθιηιίε
2896 4590 3053 4658 Deus,
3074 4594 3322 4662 quoniam
3353 4599 3488 4655 Deus

1920 4690 2098 4735 noster
2126 4695 2286 4749 super
2314 4695 2498 4735 omnes
2526 4680 2679 4756 deos.
2719 4680 2890 4752 Super
2917 4699 3050 4750 quos
3091 4701 3276 4741 omnes
3315 4688 3444 4744 deos
3469 4694 3489 4748 ἲ

1924 4775 2172 4842 Quoniam
2200 4790 2368 4827 omnes
2396 4773 2469 4826 dii
2497 4774 2713 4843 gentium
2738 4774 2984 4828 dwmonia
3007 4817 3020 4835 .
3054 4775 3301 4832 Dominus
3324 4794 3487 4836 autem

1921 4869 2067 4922 cazlos
2096 4867 2210 4937 fecit
2240 4864 2408 4938 (Psul.
2450 4880 2569 4930 sev,
2610 4865 2684 4934 5).
2732 4865 2844 4932 Ipse
2869 4876 2949 4919 est
2973 4882 3099 4935 ergo
3123 4868 3260 4923 Deus
3290 4885 3487 4937 noster,

1923 4958 2001 5011 hic
2036 4968 2105 5011 est
2149 4957 2285 5011 Deus
2324 4966 2506 5010 noster.
2535 4955 2862 5025 Quousque?
2902 4956 2967 5010 In
2992 4968 3229 5013 internum
3259 4972 3303 5015 et
3327 4964 3492 5020 insce-

1921 5050 2322 5113 culunrsteculi;
2350 5050 2455 5119 ipse
2475 5058 2611 5118 reget
2635 5065 2721 5101 nos
2742 5049 2797 5100 in
2825 5050 3026 5104 swcula.
3058 5051 3113 5107 Si
3142 5053 3282 5109 Deus
3309 5066 3492 5112 noster

1923 5153 2024 5207 est,
2052 5153 2103 5198 et
2129 5158 2219 5196 rex
2242 5149 2419 5195 noster
2444 5148 2553 5201 est;
2586 5141 2805 5208 protegit
2832 5156 2947 5206 nos,
2976 5144 3096 5212 quia
3127 5146 3266 5201 Deus
3291 5157 3392 5212 est,
3424 5164 3492 5205 ne

1924 5236 2239 5298 moriamur;
2282 5231 2418 5301 regit
2450 5244 2567 5295 nos;
2595 5230 2714 5297 quia
2742 5248 2835 5285 rex
2865 5243 2964 5299 est,
2988 5251 3055 5290 ne
3080 5238 3347 5293 cudamus.
3381 5240 3490 5297 Re-

1925 5327 2095 5399 gendo
2119 5334 2292 5379 autem
2322 5338 2419 5378 nos
2448 5338 2550 5377 non
2592 5321 2781 5393 frangit
2808 5338 2932 5389 nos;
2966 5341 3081 5379 nam
3111 5343 3253 5396 quos.
3270 5345 3374 5383 non
3403 5347 3490 5385 re.

1924 5422 2018 5491 git,
2050 5418 2253 5488 frangit.
2284 5416 2442 5487 Reges
2466 5433 2568 5478 eos.
2603 5415 2798 5486 inquit,
2826 5416 2878 5469 in
2903 5418 3040 5487 virga
3066 5419 3228 5487 ferrea
3248 5461 3263 5483 ,
3311 5431 3355 5473 et
3383 5431 3493 5475 tan-

1926 5529 2074 5577 quam
2119 5527 2202 5564 vas
2244 5507 2389 5579 ﬁguli
2431 5518 2653 5561 conteres
2693 5525 2777 5561 eos
2819 5507 2983 5577 (Psal.
3017 5524 3072 5573 ιι,
3115 5510 3191 5576 9‘).
3241 5507 3345 5564 Sed
3371 5520 3492 5567 sunt

1928 5620 2060 5676 quos
2090 5618 2191 5656 non
2233 5600 2364 5670 regit
2393 5617 2406 5653 :
2437 5600 2702 5670 ipsisrnon
2735 5598 2920 5668 parcit,
2956 5608 3201 5669 tanquam
3230 5615 3322 5655 vas
3352 5602 3490 5671 ﬁguli

1935 5705 2208 5752 conterens
2239 5706 2347 5748 cos.
2382 5690 2460 5746 Ab
2484 5692 2571 5747 illo
2597 5706 2722 5763 ergo
2751 5700 2988 5760 optemus
3015 5693 3120 5761 regi
3153 5701 3204 5746 et
3232 5691 3441 5749 liberari
3474 5713 3487 5753 :
