4004 6200
745 124 757 163 ι

532 228 638 288 545

527 342 646 408 quia
670 337 749 392 hic
768 345 840 393 est
866 334 1003 392 Deus
1031 346 1198 393 noster
1224 337 1277 391 in
1295 344 1554 404 internum,
1585 346 1632 393 et
1657 338 1708 392 in
1732 339 1974 393 sarculum
1997 355 2092 394 ste-

531 430 669 494 culi;
694 440 742 484 et
764 430 871 498 ipse
894 439 1027 499 reget
1055 445 1145 482 nos
1168 442 1218 483 in
1236 435 1442 484 uacula.

937 638 1015 698 IN
1057 638 1431 700 PSALMUM
1459 640 1717 703 XLVIII

1102 762 1515 818 ENARRATIO.

1187 891 1357 932 SEBIO
1395 894 1430 931 μ

959 989 1039 1047 De
1072 992 1236 1062 prima
1272 1001 1413 1061 parte
1449 991 1661 1048 Psalmi.

596 1103 615 1156 ι
630 1144 642 1154 .
685 1102 874 1157 Omnia
898 1102 1070 1157 divina
1093 1103 1299 1172 eloquia
1320 1103 1546 1158 salubria
1583 1113 1706 1158 sunt
1732 1103 1866 1159 bene
1894 1100 2087 1160 Intellio

518 1194 790 1262 gentibus;
835 1194 1128 1264 periculosa
1162 1209 1289 1248 vero
1329 1193 1412 1247 bis
1457 1193 1543 1263 qui
1585 1209 1647 1249 ea
1674 1193 1852 1248 volunt
1898 1193 1962 1249 ad
2002 1195 2084 1249 sui

519 1283 695 1338 cordis
742 1284 1136 1354 perversitatem
1184 1284 1518 1355 detorquere,
1551 1283 1721 1354 potius
1747 1299 1901 1356 quam
1930 1300 2081 1341 suum

518 1388 613 1429 cor
638 1374 703 1428 ad
732 1389 913 1429 eorum
939 1374 1305 1430 rectitudinem
1332 1375 1616 1446 corrigere.
1666 1375 1788 1431 Haec
1827 1384 1909 1431 est
1941 1374 2081 1430 enim

519 1466 572 1521 in
605 1466 905 1522 hominibus
931 1482 1117 1538 magna
1142 1475 1198 1522 et
1231 1468 1418 1522 usitata
1447 1468 1791 1537 perversitas;
1818 1470 1937 1538 quia
1963 1483 2082 1523 cum

517 1557 741 1613 debeant
766 1559 944 1614 vivere
973 1560 1069 1630 ipsi
1098 1561 1383 1615 secundum
1413 1561 1734 1618 voluntatem
1765 1562 1879 1626 Dei,
1913 1563 2078 1618 Deum

516 1649 702 1704 volunt
738 1650 913 1705 vivere
958 1652 1245 1706 secundum
1273 1652 1590 1706 voluntatem
1619 1668 1769 1708 suam
1819 1670 1834 1707 :
1872 1663 1927 1710 et
1962 1671 2079 1709 cum

517 1739 614 1808 ipsi
647 1740 832 1795 nolunt
859 1742 1086 1813 corrigi,
1130 1742 1277 1798 illum
1305 1744 1487 1798 volunt
1523 1744 1836 1814 depravari;
1876 1756 2079 1803 rectum

519 1844 624 1883 non
654 1830 971 1887 arbitrantes
995 1832 1133 1902 quod
1161 1832 1247 1887 ille
1277 1834 1421 1898 vult,
1453 1833 1548 1889 sed
1584 1833 1723 1905 quod
1753 1835 1849 1904 ipsi
1877 1836 2076 1891 volunt.

515 1921 760 1977 Solemus
784 1932 958 1978 autem
987 1924 1169 1979 audire
1208 1924 1447 1980 homines
1476 1936 1862 1983 murmurantes
1887 1928 2079 1985 adver-

512 2025 605 2065 sus
628 2011 814 2075 Deum,
844 2012 984 2082 quod
1010 2012 1160 2069 malis
1188 2014 1237 2067 in
1268 2013 1368 2069 hac
1385 2014 1489 2069 vita
1516 2015 1649 2071 bene
1676 2017 1745 2072 sit
1763 2026 1818 2073 et
1843 2018 2080 2075 laborent

514 2102 634 2156 boni
669 2121 683 2155 :
727 2103 874 2172 quasi
906 2104 991 2158 ille
1021 2120 1294 2172 perversus
1319 2106 1387 2160 sit
1408 2145 1425 2172 ,
1454 2098 1508 2162 et
1537 2109 1737 2163 nesciat
1764 2109 1889 2179 quid
1914 2120 2034 2181 agat
2058 2153 2074 2176 ,

512 2203 599 2246 aut
631 2196 844 2247 omnino
868 2199 1115 2249 averterit
1139 2196 1321 2250 oculos
1348 2212 1376 2248 a
1405 2196 1563 2251 rebus
1586 2196 1861 2266 humanis;
1892 2200 1976 2255 vel
2001 2217 2079 2257 se-

511 2283 786 2336 curitatem
828 2299 975 2338 suam
1023 2286 1313 2354 perturbari
1343 2288 1492 2355 nolit,
1533 2296 1591 2343 ut
1636 2289 1747 2344 haec
1775 2306 1877 2345 non
1907 2301 2079 2347 atten-

511 2372 620 2438 dat,
660 2374 779 2441 quia
807 2390 925 2429 cum
969 2375 1148 2431 labore
1175 2377 1273 2431 ista
1303 2378 1440 2433 Deus
1468 2388 1559 2433 aut
1586 2380 1760 2436 videat
1782 2391 1874 2436 aut
1906 2385 2077 2439 corri-

509 2473 616 2534 gat.
644 2465 965 2521 Murmurant
993 2483 1120 2538 ergo
1146 2469 1387 2524 homines
1409 2510 1424 2534 ,
1452 2471 1542 2541 qui
1589 2481 1862 2542 propterea
1896 2474 2077 2530 volunt

513 2556 675 2609 Deum
695 2557 871 2612 colere
898 2569 954 2613 ut
981 2558 1064 2614 hic
1091 2559 1193 2613 illis
1220 2560 1357 2616 bene
1376 2562 1463 2627 sit,
1491 2563 1702 2632 quando
1728 2564 1951 2620 viderint
1982 2581 2075 2622 eos

508 2648 597 2716 qui
628 2648 790 2703 Deum
819 2665 921 2703 non
950 2650 1131 2704 colunt
1172 2651 1371 2720 pollere
1396 2664 1555 2722 atque
1595 2653 1787 2711 ﬂorere
1826 2655 2074 2727 felicitate

509 2748 718 2793 terrena
744 2756 769 2802 ;'
792 2754 851 2795 se
883 2750 1057 2796 autem
1100 2742 1335 2797 colentes
1368 2744 1529 2799 Deum
1558 2745 1797 2801 laborare
1823 2747 1873 2801 in
1904 2763 2072 2816 angu-

506 2828 642 2893 stiis,
680 2830 733 2883 in
774 2832 1196 2897 necessitatibus,
1222 2833 1274 2887 in
1305 2849 1562 2901 aerumna,
1602 2837 1911 2907 ueterisque
1934 2837 2074 2893 difﬁ-

506 2919 784 2974 cultatibus
820 2922 1152 2976 mortalitatis
1179 2923 1442 2978 humanm.
1487 2927 1680 2980 Contra
1708 2927 1859 2982 istam
1888 2944 2069 2985 vocem

506 3019 560 3062 et
587 3020 769 3064 contra
799 3010 894 3065 has
935 3011 1289 3082 blasphemias
1329 3017 1788 3081 murmurantium,
1834 3020 2070 3074 incantat

504 3112 717 3167 semper
742 3114 918 3155 sermo
943 3100 1168 3168 divinus,
1189 3117 1380 3157 curans
1399 3120 1426 3156 a
1455 3119 1630 3160 morsu
1658 3109 1937 3176 serpentis.
1968 3108 2072 3163 Ve-

505 3192 685 3245 nenati
709 3192 850 3246 enim
880 3193 1054 3247 cordis
1081 3204 1163 3249 est
1192 3195 1288 3249 ista
1317 3196 1508 3260 sanies,
1539 3207 1784 3252 eructans
1820 3200 1870 3253 in
1903 3200 2067 3255 Deum

506 3294 746 3352 putorem
790 3283 1149 3352 blasphemite,
1177 3295 1231 3340 et
1271 3285 1411 3355 quod
1452 3287 1599 3356 pejus
1627 3296 1708 3343 est
1749 3304 1935 3344 manus
1970 3307 2066 3345 cu-

504 3373 666 3427 rantis
710 3372 994 3443 repellens,
1044 3389 1277 3429 morsum
1324 3375 1582 3444 serpentis
1628 3391 1732 3432 non
1780 3379 2062 3448 repellens.

503 3465 616 3520 lloc
641 3464 770 3528 dixi,
799 3465 1006 3536 repellit
1033 3481 1061 3519 a
1090 3482 1149 3520 se
1172 3481 1267 3521 cor
1296 3466 1524 3523 hominis
1552 3469 1699 3524 verbi
1740 3469 1834 3526 Dei
1858 3473 2062 3527 severi-

503 3565 683 3619 tatem,
701 3562 757 3611 et
783 3555 1010 3610 admittit
1032 3556 1095 3610 ad
1119 3571 1176 3610 se
1203 3557 1339 3610 male
1352 3556 1621 3612 suadentis
1636 3560 1894 3629 serpentis
1910 3561 2063 3616 blan-

498 3647 675 3701 ditias.
711 3647 906 3701 Contra
933 3646 1029 3701 hos
1054 3648 1180 3715 crgo
1205 3655 1383 3702 cantat
1405 3662 1584 3704 sermo
1604 3649 1812 3705 divinus
1833 3692 1848 3716 ,
1877 3660 1930 3706 et
1951 3651 2062 3723 jam

500 3740 550 3793 in
581 3739 681 3793 isto
711 3740 912 3809 psalmo
951 3738 1182 3809 loquitur
1223 3738 1394 3794 nobis.
1439 3738 1519 3794 Ad
1550 3754 1705 3810 quem
1749 3741 2009 3811 psalmum
2042 3744 2059 3776 ι

499 3831 751 3885 intentam
781 3846 878 3900 ego
906 3832 1129 3885 facerem
1158 3828 1501 3885 Sanctitatem
1532 3830 1793 3898 Vestram,
1821 3834 1921 3888 nisi
1950 3835 2061 3906 ipse

498 3937 598 3977 nos
623 3921 815 3977 hiccret
838 3937 1023 3978 omnes
1050 3923 1305 3988 intentos;
1334 3937 1430 3979 nec
1451 3938 1547 3979 nos
1570 3924 1734 3989 solos,
1769 3926 1861 3981 sed
1891 3935 2057 3984 totum

498 4011 681 4065 urbem
709 4021 985 4066 terrarum.
1016 4011 1206 4066 Audite
1243 4013 1383 4067 enim
1408 4014 1847 4083 quemadmodum
1876 4019 2056 4088 cmpit.

565 4100 620 4155 2.
661 4099 808 4173 [uera
838 4100 917 4175 2.]
945 4102 1125 4156 Audite
1151 4103 1257 4157 haec
1276 4119 1443 4159 omnes
1467 4113 1653 4175 gentes.
1685 4106 1797 4162 Non
1817 4124 1943 4180 ergo
1964 4124 2056 4168 vos

496 4195 596 4248 soli
625 4194 712 4263 qui
744 4195 827 4248 hic
862 4196 1011 4249 estis.
1047 4194 1176 4248 Nam
1205 4211 1306 4249 vox
1332 4206 1510 4251 nostra
1534 4206 1727 4267 quanta
1756 4208 1868 4263 est,
1896 4210 1952 4255 ut
1977 4182 2056 4275 sic

494 4286 803 4350 clamamus,
850 4294 906 4337 ut
931 4283 1145 4339 audiant
1169 4301 1351 4340 omnes
1376 4289 1593 4355 gentes?
1633 4285 1890 4344 Clamavit
1912 4293 2051 4347 enim

496 4393 590 4447 per
614 4375 895 4444 Apostolos
919 4375 1168 4429 Dominus
1194 4384 1372 4430 noster
1397 4376 1551 4432 Jesus
1571 4377 1831 4446 Christus,
1852 4381 2051 4437 clama-

494 4469 568 4522 vit
596 4475 672 4522 tot
695 4466 883 4536 linguis
904 4478 1034 4535 quas
1059 4463 1199 4518 misit
1214 4465 1270 4531 ';
1298 4473 1353 4519 et
1376 4465 1612 4522 videmus
1630 4466 1768 4522 hunc
1797 4469 2049 4537 psalmum

491 4559 578 4627 qui
618 4568 741 4612 ante
768 4572 871 4612 non
902 4554 1221 4611 recitabatur
1260 4556 1358 4610 nisi
1387 4557 1439 4611 in
1469 4572 1568 4611 una
1598 4568 1783 4627 gente,
1811 4560 1863 4615 iu
1889 4576 2046 4633 syna-

490 4665 620 4719 goga
648 4649 968 4711 Iudaeorum,
999 4648 1209 4704 recitari
1239 4663 1333 4717 per
1361 4657 1526 4703 totum
1558 4650 1739 4705 orbem
1767 4660 2045 4721 terrarum,

493 4757 585 4809 per
608 4757 795 4798 omnes
825 4742 1102 4805 Ecclesias,
1144 4741 1518 4812 impletumque
1541 4757 1659 4798 esse
1685 4745 1822 4813 quod
1853 4743 1937 4802 hic
1961 4746 2045 4802 di-

487 4843 629 4886 ctum
678 4843 778 4896 est,
825 4834 1006 4888 Audite
1035 4834 1139 4887 hwc
1167 4849 1333 4887 omnes
1369 4842 1555 4904 gentes.
1602 4834 1682 4888 Ad
1725 4833 1826 4890 hoc
1868 4837 2040 4892 solum

487 4920 607 4975 volo
632 4920 857 4977 intentos
884 4922 1055 4979 facere
1079 4924 1283 4978 animus
1309 4932 1531 4988 vestros,
1564 4938 1632 4978 ne
1660 4935 1874 4995 propter
1897 4926 2045 4989 labos

486 5029 599 5071 rem
627 5013 953 5083 corporalem
997 5031 1100 5071 non
1147 5016 1357 5085 erigatis
1384 5015 1615 5071 animum
1641 5057 1658 5084 ,
1689 5025 1923 5075 terrente
1948 5035 2043 5077 vos

483 5106 809 5176 longitudine
836 5107 1017 5175 psalmi
1039 5107 1213 5178 hujus.
1236 5108 1291 5163 Si
1324 5109 1572 5178 potuerit.
1605 5110 1816 5166 ﬁnietur
1841 5109 1998 5168 hodie
2022 5130 2039 5168 :

480 5199 527 5252 si
556 5211 659 5252 non
679 5236 696 5262 ,
727 5195 946 5252 restabit
968 5198 1119 5251 nobis
1146 5198 1341 5267 aliquid
1366 5199 1418 5254 in
1445 5201 1729 5256 crastinum
1757 5201 1929 5268 diem;
1957 5212 2039 5258 ta-

481 5307 606 5348 men
634 5305 732 5348 vos
752 5304 962 5359 semper
988 5290 1173 5345 intenti
1195 5298 1385 5346 estote.
1416 5292 1641 5348 Tantum
1679 5294 1820 5350 enim
1856 5294 2040 5352 audie-

542 5450 558 5482 ι
594 5446 727 5509 ωσι,
747 5444 981 5511 quomodo
999 5443 1224 5496 intentam
1241 5456 1327 5508 ego
1356 5445 1581 5508 facerent.
1607 5447 1751 5498 Abest
1783 5449 2038 5513 quomodo,

476 5524 506 5562 .
526 5516 662 5635 ῗῗῖο
679 5574 753 5635 Eg.
786 5577 839 5620 et,
868 5574 974 5635 ams.
1011 5574 1188 5635 praeter
1210 5567 1353 5635 νηῦς.
1380 5572 1577 5635 culteg.
1600 5569 1681 5632 qui
1704 5567 1900 5632 habent,
1923 5578 2035 5635 quot

477 5632 623 5686 ausit.
642 5639 698 5682 At
717 5633 860 5700 Lov.,
877 5633 925 5687 in
942 5627 1057 5696 quas
1078 5628 1205 5681 misit
1232 5630 1419 5680 :uiiuus
1440 5627 1586 5679 hcine.

1708 218 1715 227 ’
1789 215 1849 274 S.
1888 217 2257 281 AUGUSTINI
2293 226 2589 287 EPISCOP!

3605 253 3686 307 5η

2198 339 2284 407 tis,
2314 342 2358 396 si
2404 344 2655 401 Dominus
2694 345 2938 413 voluerit,
2978 356 3224 420 quantum
3259 366 3347 409 vos
3384 370 3481 411 non
3513 373 3688 430 gravet.

2193 434 2286 489 sed
2315 436 2529 492 relevet.
2570 439 2748 493 Audite
2788 441 2914 508 haec,
2938 457 3110 511 omnes
3137 454 3295 517 gentes
3322 462 3340 500 :
3363 446 3493 504 unde
3518 455 3627 508 estis
3650 467 3692 511 et

2192 541 2308 580 vos.
2334 520 2549 582 Auribus
2576 530 2829 599 peroipite,
2861 548 3032 588 omnes
3055 534 3141 604 qui
3165 535 3386 592 habitatis
3410 541 3575 597 orbem.
3603 545 3694 598 Hoc

2190 619 2382 675 iterum
2429 620 2633 677 videtur
2674 625 2948 693 repetisse,
2987 626 3138 697 quasi
3181 642 3358 698 parum
3400 631 3539 687 fuerit
3576 637 3695 704 quod

2186 710 2341 774 dixit,
2370 713 2569 769 Audite.
2598 715 2749 782 Quod
2777 718 2913 783 dico,
2943 718 3137 789 inquit,
3168 721 3336 776 audite
3355 765 3368 784 .
3397 724 3581 779 auribus
3602 745 3696 795 per-

2188 805 2356 868 uaite,
2405 804 2505 860 hoc
2529 817 2631 870 est,
2663 809 2828 863 nolite
2856 818 3188 866 transeunter
3228 814 3422 869 audire.
3458 816 3578 884 Quid
3604 831 3700 885 est,

2187 896 2392 951 amtbus
2417 900 2689 968 μετεξρὶιεῖ
2721 902 2868 970 Quod
2909 903 3158 959 Dominus
3184 905 3416 971 dicebat,
3460 910 3549 976 Qui
3580 911 3702 966 habet

2186 1001 2333 1042 aures
2367 989 2622 1057 audiendi,
2664 993 2840 1047 audiat
2878 992 3087 1066 (Matth.
3132 1011 3208 1059 ιι,
3233 995 3325 1067 25)
3362 1015 3376 1053 :
3411 1013 3521 1053 cum
3548 1015 3708 1056 omnes

2187 1076 2275 1145 qui
2302 1077 2356 1130 in
2381 1089 2665 1157 conspectu
2693 1068 2805 1151 ejus
2839 1093 3010 1151 erant,
3052 1085 3232 1156 utique
3270 1086 3511 1143 haberent
3534 1105 3706 1157 aures;

2185 1181 2316 1236 quas
2358 1168 2444 1223 ille
2486 1155 2642 1227 aures
2681 1174 2948 1244 quaerebat
2975 1176 3075 1230 nisi
3119 1155 3316 1243 cordis,
3358 1194 3476 1234 cum
3518 1180 3709 1249 diceret,

2189 1257 2291 1325 Qui
2318 1260 2461 1316 habet
2481 1278 2629 1318 aures
2654 1264 2912 1333 audiendi,
2935 1267 3148 1322 audiat?
3172 1268 3283 1324 Has
3305 1277 3359 1325 et
3385 1270 3479 1326 iste
3508 1272 3713 1340 psalmus

2184 1365 2340 1405 aures
2384 1352 2573 1421 pulsat.
2618 1353 2835 1410 Auribus
2875 1357 3133 1428 percipite,
3182 1374 3351 1414 omnes
3384 1361 3469 1431 qui
3512 1362 3718 1418 habitatis

2184 1440 2369 1496 orbem.
2394 1442 2552 1499 Forte
2573 1453 2634 1513 et.
2655 1444 2741 1500 hic
2767 1455 2849 1501 est
2870 1447 3044 1516 aliqua
3075 1448 3365 1505 distinctio.
3392 1450 3503 1505 Non
3530 1452 3714 1520 quidem

2183 1549 2282 1591 nos
2307 1545 2576 1592 coarctare
2595 1537 2864 1601 debemus,
2891 1539 2984 1593 sed
3005 1540 3135 1594 nihil
3163 1541 3287 1595 mali
3312 1550 3395 1595 est
3413 1542 3566 1597 etiam
3585 1544 3720 1598 istam

2184 1627 2446 1695 explicare
2485 1631 2822 1684 sententiam.
2872 1630 3030 1686 Forte
3079 1631 3277 1702 aliquid
3317 1632 3474 1686 distat
3513 1634 3641 1688 inter
3679 1635 3720 1687 id

2181 1717 2321 1787 quod
2345 1718 2494 1785 dixit,
2522 1736 2691 1779 omnes
2717 1731 2902 1792 gentes,
2929 1731 2984 1777 et
3010 1724 3151 1794 quod
3167 1723 3324 1790 dixit,
3348 1742 3516 1780 omnes
3541 1727 3620 1795 qui
3645 1727 3723 1780 ha-

2182 1814 2348 1868 bitatis
2371 1815 2556 1871 orbem.
2594 1816 2985 1887 Signiﬁcantius
3024 1819 3168 1873 enim
3211 1804 3438 1875 l'ortassc
3465 1820 3617 1874 voluit
3643 1802 3725 1875 nos

2181 1904 2475 1977 intelligere
2501 1907 2640 1977 quod
2667 1908 2818 1974 dixit,
2846 1908 3134 1965 inhabitatis
3153 1952 3169 1977 ,
3192 1918 3253 1964 ut
3277 1921 3461 1980 gentes
3491 1911 3726 1981 intelliga-

2180 2012 2299 2054 mus
2321 2014 2504 2055 omnes
2532 2000 2737 2070 iniquos
2759 2042 2775 2068 ,
2823 2000 3142 2057 habitatores
3170 2012 3351 2057 autem
3379 2003 3520 2057 orbis
3542 2017 3727 2068 omnes,

2173 2088 2367 2159 justos.
2394 2089 2486 2146 Ille
2518 2090 2658 2145 enim
2700 2090 2899 2147 habitat
2934 2094 3021 2164 qui
3064 2108 3170 2149 non
3216 2102 3429 2150 tenetur
3465 2113 3478 2149 :
3511 2110 3623 2148 nam
3648 2095 3725 2164 qui

2180 2188 2408 2246 tenetur,
2440 2181 2723 2248 habitatur,
2772 2198 2876 2237 non
2907 2183 3126 2239 habitat.
3160 2184 3447 2253 Quomodo
3470 2186 3557 2241 ille
3582 2186 3731 2254 possi-

2177 2271 2268 2327 det
2302 2287 2646 2342 quaecumque
2676 2273 2863 2339 habet,
2907 2277 2997 2345 qui
3030 2276 3282 2331 dominus
3320 2286 3403 2331 est
3432 2292 3603 2332 rerum
3628 2290 3731 2330 sua-

2177 2377 2328 2426 rum;
2355 2361 2597 2418 dominus
2621 2377 2796 2421 autem
2820 2374 2923 2432 est,
2944 2367 3034 2437 qui
3060 2376 3167 2422 non
3186 2379 3274 2424 est
3294 2370 3530 2425 irretitus
3556 2367 3734 2436 cupidi-

2178 2462 2284 2510 tate
2326 2473 2341 2509 :
2384 2455 2475 2525 qui
2514 2465 2689 2511 autem
2729 2457 3017 2527 cupiditate
3055 2468 3300 2525 tenetur,
3346 2473 3623 2531 possessus
3647 2467 3734 2522 est,

2177 2560 2281 2599 non
2306 2560 2597 2615 possessor.
2645 2548 2909 2613 Habemus
2936 2550 3075 2605 enim
3103 2551 3384 2620 quoddam
3413 2551 3631 2607 verbum
3655 2549 3739 2603 ba-

2175 2634 2426 2692 bitatione
2447 2638 2707 2706 signatum
2726 2639 2777 2694 in
2805 2639 3075 2709 Scriptura
3100 2641 3225 2709 Dei,
3261 2642 3352 2697 ubi
3379 2643 3474 2705 ait,
3505 2641 3644 2712 Elegi
3661 2641 3738 2693 ab-

2164 2726 2262 2796 jiei
2296 2726 2347 2780 in
2376 2727 2524 2783 domo
2552 2728 2772 2794 Domini,
2813 2732 2973 2802 magis
3008 2748 3166 2801 quam
3192 2734 3427 2788 habitare
3454 2735 3509 2788 in
3536 2733 3743 2788 taberna-

2174 2818 2300 2872 culis
2327 2829 2638 2887 peccatorum
2666 2820 2834 2893 (Psal.
2858 2838 3072 2885 uuln,
3102 2825 3226 2895 11).
3248 2825 3389 2893 Quid
3413 2825 3576 2891 enim,
3605 2824 3645 2877 si
3664 2823 3742 2877 ab-

2169 2907 2348 2977 jiceris
2399 2909 2451 2964 in
2495 2908 2657 2965 domo
2704 2911 2946 2980 Domini,
2997 2929 3100 2968 non
3163 2916 3238 2971 ibi
3288 2915 3538 2972 habitas?
3586 2915 3745 2973 Noluit

2173 3000 2469 3070 signiﬁcare
2488 3001 2860 3059 habitationem
2876 3044 2893 3072 ,
2924 3005 3022 3059 nisi
3051 3008 3101 3059 in
3126 3007 3217 3062 eis
3241 3008 3337 3079 qui
3365 3016 3578 3079 regunt,
3599 3017 3649 3062 et
3675 3015 3744 3060 te-

2171 3101 2318 3158 nent,
2340 3102 2394 3146 et
2419 3091 2774 3161 dominantur,
2797 3104 2851 3151 et
2873 3081 3179 3166 gubernant
3209 3116 3223 3153 :
3254 3099 3352 3169 qui
3377 3108 3559 3154 autem
3584 3105 3747 3151 001W!-

2171 3192 2440 3246 mnuutur,
2487 3198 2592 3238 non
2621 3186 2768 3256 quasi
2806 3184 3060 3252 habitant,
3099 3190 3203 3244 sed
3244 3190 3478 3259 subjecti
3510 3198 3649 3245 sunt.
3684 3188 3745 3240 Ita

2169 3281 2344 3327 autem
2367 3271 2501 3327 dixit
2528 3291 2542 3327 :
2567 3273 2816 3330 Subditus
2844 3276 2961 3330 volo
2985 3292 3108 3333 esse
3151 3279 3208 3334 in
3236 3280 3406 3335 domo
3451 3280 3567 3347 Dei,
3597 3278 3748 3348 magis

2166 3378 2322 3432 quam
2389 3379 2609 3436 regnare
2660 3360 2735 3421 in'
2784 3367 3131 3425 tabernaculis
3218 3382 3595 3443 peccatorum.
3660 3371 3750 3426 Ita-

2166 3470 2268 3525 que
2324 3454 2370 3511 si
2410 3465 2493 3510 est
2519 3457 2690 3528 aliqua
2726 3458 2991 3515 distinctio
3043 3460 3188 3518 inter
3242 3482 3426 3519 anates
3466 3474 3669 3536 gentes,
3704 3470 3751 3518 et
3802 3516 3805 3519 .

2167 3548 2466 3605 habitatores
2489 3550 2654 3616 orbis,
2682 3551 2817 3607 sicut
2841 3562 2923 3607 est
2959 3552 3239 3611 distinctio
3282 3558 3433 3613 inter
3479 3558 3668 3622 audite,
3703 3564 3750 3610 et

2164 3641 2365 3697 auribus
2407 3643 2662 3714 percipite,
2690 3643 2792 3699 hoc
2830 3644 3040 3714 quidem
3070 3646 3292 3704 videtur
3327 3652 3627 3719 repetisse;
3665 3646 3749 3704 sed

2166 3742 2337 3789 tamen
2366 3734 2509 3791 aliud
2547 3745 2664 3798 est.
2693 3737 2835 3806 quod
2872 3753 3000 3793 sane
3025 3739 3199 3794 voluit
3245 3743 3601 3813 signiﬁcare;
3645 3740 3752 3812 quia

2163 3824 2261 3879 ista
2301 3825 2508 3896 eloquia
2542 3825 2772 3881 audituri
2816 3835 2969 3881 erant
2996 3842 3098 3882 non
3140 3830 3330 3886 solum
3377 3842 3687 3902 peccatores
3706 3837 3752 3885 et

2162 3917 2326 3987 impii,
2369 3917 2463 3973 sed
2487 3927 2541 3974 et
2562 3919 2711 3989 justi.
2757 3919 3023 3976 Permixte
3061 3921 3233 3977 modo
3262 3925 3504 3980 audiunt
3534 3938 3753 3981 omnes:

2158 4010 2252 4066 sed
2278 4026 2397 4066 cum
2416 4019 2627 4066 ventum
2655 4008 2812 4066 fuerit
2834 4011 2898 4065 ad
2925 4010 3260 4069 reddendam
3288 4016 3587 4080 rationem,
3610 4028 3753 4084 sepa-

2159 4101 2413 4156 rabuutur
2437 4100 2526 4172 qui
2554 4100 2669 4155 sine
2691 4115 2846 4155 causa
2872 4099 3177 4168 audierunt,
3228 4104 3304 4159 ab
3346 4105 3462 4161 illis
3504 4105 3598 4176 qui
3624 4102 3756 4159 auri-

2156 4194 2256 4250 bus
2280 4203 2642 4264 percepcrunt.
2673 4193 2904 4248 Audiant
2926 4209 3050 4265 ergo
3077 4204 3132 4250 et
3158 4207 3505 4267 peccatores
3539 4217 3553 4252 :
3586 4196 3757 4253 Audite

2157 4284 2283 4347 lucc,
2312 4300 2480 4339 omnes
2524 4293 2708 4355 gentes.
2749 4285 2980 4340 Audiaut
3018 4294 3070 4339 et
3115 4286 3286 4357 justi,
3333 4290 3435 4361 qui
3495 4307 3606 4345 non
3654 4288 3761 4344 sine

2154 4391 2315 4432 causa
2359 4376 2657 4439 audierunt,
2696 4386 2752 4431 et
2775 4386 2961 4449 regunt
2987 4378 3162 4447 potius
3192 4387 3414 4435 terram
3440 4423 3456 4445 ,
3491 4396 3652 4452 quam
3679 4394 3758 4433 re-

2153 4477 2346 4539 guntur
2368 4483 2401 4524 a
2430 4476 2567 4523 terra
2594 4485 2608 4523 :
2636 4467 2851 4523 Auribus
2889 4468 3150 4538 percipite,
3181 4486 3380 4527 omnes
3406 4472 3502 4543 qui
3532 4468 3762 4527 habitatis

2152 4559 2339 4614 orbem;
3176 4602 3185 4611 -
3492 4562 3507 4569 ’
3586 4618 3591 4623 ,

2221 4652 2274 4706 3.
2313 4649 2461 4723 [vers.
2486 4648 2565 4724 5.]
2609 4650 2675 4706 Et
2716 4650 2905 4727 iterum
2951 4648 3116 4704 dicit:
3152 4650 3379 4722 Quique
3421 4654 3692 4727 terrigena
3719 4657 3763 4706 et

2151 4743 2245 4811 filii
2269 4743 2544 4798 hominum.
2575 4741 2725 4811 Quod
2745 4725 2861 4808 ait;
2875 4743 3133 4814 terrigena
3156 4785 3176 4809 ,
3212 4745 3292 4800 ad
3327 4725 3659 4817 peccatores
3686 4760 3762 4800 re-

2150 4833 2297 4896 tulit;
2337 4833 2477 4903 quod
2516 4833 2607 4897 ait,
2662 4831 2756 4901 ﬁlii
2784 4833 3059 4897 hominum,
3090 4832 3157 4887 ad
3212 4834 3427 4893 ﬁdeles
3474 4847 3535 4894 et
3579 4837 3761 4909 justas.

2148 4921 2351 4978 Videtis
2374 4938 2520 4993 ergo,
2547 4922 2667 4993 quia
2703 4933 2944 4978 servatur
2978 4924 3076 4978 ista
3117 4922 3452 4986 distinctio.
3506 4929 3612 4999 Qui
3647 4939 3764 4983 sunt

2142 5028 2272 5084 ergo
2295 5015 2590 5086 tet-rigente?
2627 5014 2745 5069 Filii
2769 5024 2943 5070 terrae.
2982 5014 3081 5083 Qui
3106 5024 3244 5071 sunt
3293 5018 3399 5074 lilii
3430 5019 3642 5078 terrae?
3669 5018 3764 5087 Qui

2145 5105 2478 5161 hereditates
2507 5114 2745 5162 terrenas
2773 5106 3068 5176 requirunt.
3111 5104 3227 5174 Qui
3275 5120 3421 5166 sunt
3457 5113 3567 5182 ﬁlii
3606 5111 3764 5167 Itami-

2143 5199 2308 5254 num.’
2359 5197 2459 5265 Qui
2498 5198 2763 5269 pertinent
2795 5196 2859 5251 ad
2906 5197 3068 5253 ﬁlium
3104 5196 3397 5257 hominis.
3456 5201 3767 5277 Aliquando

2137 5289 2246 5360 jam
2271 5289 2369 5344 ista
2396 5288 2726 5344 distinximus
2752 5287 3023 5344 Sanctitati
3050 5285 3272 5344 Vestra:
3292 5332 3315 5358 ,
3361 5303 3424 5348 et
3456 5294 3769 5352 invenimus

2140 5382 2261 5452 quia
2280 5379 2445 5436 Adam
2467 5380 2623 5435 homo
2643 5389 2777 5445 erat,
2806 5379 2945 5435 ﬁlius
2972 5374 3209 5435 hominis
3244 5398 3368 5440 non
3404 5396 3577 5454 erat;
3606 5386 3767 5444 Chri-

2139 5481 2253 5528 stus
2272 5480 2448 5528 autem
2478 5469 2615 5526 ﬁlius
2639 5469 2869 5526 hominis
2895 5479 3032 5537 erat,
3057 5477 3110 5530 et
3144 5468 3314 5530 Deus
3342 5489 3473 5535 erat
3503 5480 3608 5552 (ει).
3638 5479 3772 5547 Qui-

2201 5628 2273 5674 (ω
2295 5633 2347 5678 tn
2367 5633 2502 5678 ΕΜΓ.
2524 5627 2644 5680 Pssl.
2660 5639 2834 5690 vtu,a.
2868 5627 2951 5676 to.
