4004 6200
291 384 398 442 515

291 509 521 565 cumque
548 495 687 549 enim
718 495 979 564 pertinent
1002 492 1067 547 ad
1096 490 1280 553 Adam,
1305 492 1561 561 terrigena:
1580 506 1601 545 :
1626 490 1855 561 quicum-

293 603 397 658 que
421 587 685 657 pertinent
710 586 775 639 ad
813 584 1097 647 Christum,
1130 582 1223 650 filii
1250 581 1523 634 hominum.
1551 579 1747 635 Omnes
1777 589 1855 634 ta-

293 695 417 733 men
466 678 702 741 audiant,
737 692 835 748 ego
860 676 985 730 nulli
1028 672 1281 729 subtraho
1322 686 1619 727 sermonem
1657 685 1853 725 meum.

292 772 581 840 Terrigena
630 778 731 837 est,
770 768 945 823 audiat
991 775 1205 837 propter
1238 764 1523 835 judicium;
1582 761 1717 816 illius
1757 762 1855 815 ho-

294 861 454 915 minis
494 868 603 926 est,
645 859 820 913 audiat
861 865 1074 927 propter
1109 869 1348 926 regnum.
1394 852 1560 909 Simul
1603 852 1657 905 in
1703 867 1857 905 unum

294 953 432 1006 dives
467 960 516 1006 et
562 966 769 1022 pauper.
817 949 1009 1005 lterum
1042 951 1153 1019 ipsa
1180 957 1305 1002 sunt
1332 946 1572 1015 repetita.
1605 942 1753 1010 Quod
1783 943 1857 996 ait

294 1044 456 1112 dives,
496 1042 562 1097 ad
597 1043 882 1112 terrigenas
920 1040 1179 1110 pertinet;
1228 1037 1364 1108 quod
1405 1038 1495 1101 ait,
1538 1050 1744 1106 pauper,
1788 1033 1855 1087 ad

294 1134 432 1188 filios
459 1134 748 1187 hominum.
780 1132 978 1187 Divites
1020 1130 1248 1197 intelligo
1284 1128 1558 1197 superbos,
1600 1137 1857 1195 pauperes

293 1225 538 1279 humiles.
580 1224 778 1279 Habeat
818 1223 1007 1277 multas
1035 1221 1308 1275 facultates
1337 1219 1706 1288 pecuniarum;
1734 1215 1779 1270 si
1802 1215 1854 1269 in

292 1316 375 1370 eis
401 1331 502 1370 non
531 1315 835 1381 extollitur,
886 1329 1082 1384 pauper
1128 1320 1209 1367 est
1248 1325 1393 1365 :non
1423 1309 1611 1363 habeat
1637 1306 1852 1376 aliquid,

291 1416 349 1462 et
376 1408 550 1479 cupiat
574 1416 629 1463 et
653 1407 893 1470 inﬂetur;
920 1406 1054 1460 inter
1076 1404 1264 1458 divites
1283 1412 1336 1458 et
1357 1402 1605 1471 reprobos
1620 1415 1737 1455 eum
1765 1399 1856 1453 de-

292 1509 444 1569 putat
469 1501 622 1555 Deus.
652 1500 718 1553 Et
741 1499 929 1553 divites
954 1506 1008 1553 et
1033 1510 1290 1567 pauperes
1317 1495 1366 1548 in
1386 1493 1544 1547 corde
1570 1493 1855 1561 interrogat

293 1594 451 1656 Deus,
484 1608 586 1647 non
630 1591 685 1646 in
708 1606 828 1646 arca
871 1592 888 1623 ⁸
928 1598 982 1644 et
1018 1590 1194 1643 domo.
1225 1586 1408 1642 Nonne
1450 1599 1706 1655 pauperes
1732 1593 1855 1637 sunt

288 1685 381 1754 qui
407 1683 663 1752 accipiunt
689 1682 991 1759 mandatum
1022 1679 1259 1750 Apostoli
1286 1678 1509 1733 dicentis
1533 1674 1807 1730 Timotheo
1833 1692 1848 1728 :

292 1773 520 1845 Prwcipe
560 1774 789 1828 diuitibus
835 1775 985 1843 hujus
1026 1771 1198 1826 saeculi
1240 1786 1339 1823 non
1393 1768 1599 1838 superbe
1637 1767 1853 1836 sapere?

287 1865 562 1932 Quomodo
597 1881 689 1920 eos
715 1866 805 1935 qui
833 1864 1020 1919 divites
1046 1870 1199 1918 erant
1239 1861 1363 1916 fecit
1394 1859 1681 1929 pauperes?
1709 1859 1849 1912 Tulit

292 1957 397 2011 illis
423 1972 583 2026 quare
612 1966 916 2027 quaeruntur
955 1954 1169 2009 divitiae.
1210 1952 1376 2008 Nemo
1412 1952 1551 2006 enim
1594 1950 1703 2005 vult
1730 1964 1848 2004 esse

282 2048 454 2113 dives,
483 2047 582 2102 nisi
610 2056 668 2102 ut
692 2046 901 2102 inﬂetur
920 2046 1053 2100 inter
1078 2058 1170 2100 eos
1199 2044 1334 2098 inter
1356 2038 1491 2112 quos
1519 2040 1662 2105 vivit,
1691 2048 1746 2094 et
1766 2054 1848 2093 su-

283 2140 461 2210 perior
485 2141 585 2195 illis
611 2140 866 2195 videatur.
898 2138 1026 2194 Cum
1049 2146 1220 2193 autem
1241 2136 1391 2201 dixit,
1417 2151 1515 2188 non
1535 2135 1742 2203 superbe
1764 2149 1847 2186 sa-

283 2248 423 2301 pere,
451 2232 681 2301 aequales
716 2247 807 2286 eos
846 2230 970 2285 fecit
1012 2245 1115 2285 non
1155 2229 1495 2293 habentibus;
1528 2236 1582 2281 nt
1611 2225 1845 2279 fortassis

283 2321 522 2391 pauculis
544 2322 772 2376 nummis
801 2321 1070 2376 mendicus
1094 2320 1211 2390 plus
1237 2318 1543 2381 extollatur,
1572 2332 1726 2387 quam
1758 2315 1844 2371 ille

276 2414 429 2468 dives
452 2414 540 2482 qui
568 2412 712 2467 audit
741 2413 1044 2481 Apostolum
1070 2411 1328 2467 dicentem
1353 2428 1367 2464 :
1410 2408 1639 2478 Prtecipe
1673 2406 1842 2460 diviti-

280 2504 409 2559 tibus
452 2505 600 2574 hujus
643 2506 811 2585 swculi
840 2521 938 2558 non
965 2503 1172 2572 superbe
1204 2519 1394 2572 sapere.
1440 2500 1588 2556 Unde
1628 2515 1727 2552 non
1751 2515 1840 2551 su-

277 2596 428 2664 perbe
449 2595 660 2665 sapere?
685 2594 738 2649 Si
766 2593 953 2648 faciant
981 2593 1119 2663 quod
1143 2594 1398 2661 sequitur,
1442 2589 1618 2660 Neque
1641 2604 1842 2657 sperare

272 2686 332 2737 in
353 2685 540 2738 incerto
561 2685 866 2752 divitiarum,
889 2685 975 2738 sed
997 2686 1050 2737 in
1072 2683 1178 2737 Deo
1202 2684 1327 2747 vivo,
1355 2683 1438 2751 qui
1464 2691 1664 2751 prestat
1701 2680 1840 2733 nobis

274 2780 445 2832 omnia
483 2777 793 2832 abundanter
833 2777 901 2830 ad
944 2778 1207 2845 fruendum
1237 2774 1275 2846 (Ι
1302 2774 1434 2827 Tim.
1463 2790 1535 2839 γι,
1567 2774 1674 2833 17).
1724 2771 1837 2825 Νοιι

271 2871 427 2938 dixit,
463 2871 551 2941 qui
592 2878 806 2939 praestat
843 2868 978 2934 illis;
1005 2867 1121 2929 sed,
1152 2868 1235 2937 qui
1260 2874 1459 2936 prazslal
1492 2864 1649 2917 nobis.
1677 2862 1850 2916 Numm

270 2962 396 3032 quid
425 2963 537 3032 ipse
560 2961 752 3015 Paulus
772 2976 875 3015 non
897 2960 1122 3014 habebat
1139 2957 1377 3013 divitias?
1405 2955 1635 3009 Habebat
1660 2954 1833 3023 plane.

267 3054 414 3121 Quas
434 3053 676 3108 divitias?
706 3054 779 3109 De
803 3053 991 3123 quibus
1014 3051 1140 3106 dicit
1157 3050 1260 3105 alio
1289 3049 1404 3103 loco
1419 3047 1684 3118 Scriptura
1709 3064 1721 3098 :
1753 3045 1838 3098 Fi-

267 3147 373 3199 deli
393 3146 583 3199 homini
605 3144 819 3197 mundus
847 3153 974 3196 totus
1004 3142 1286 3195 divitiarum
1321 3149 1393 3193 est
1418 3138 1594 3209 (Prov.
1623 3154 1748 3204 xvn,
1776 3137 1831 3200 6,

265 3254 369 3291 sec.
400 3233 583 3308 LXX).
618 3235 751 3289 Audi
787 3244 839 3288 et
864 3235 1033 3305 ipsum
1075 3231 1410 3286 confitentem
1455 3247 1468 3282 :
1521 3229 1677 3294 Quasi
1710 3228 1835 3283 nihil

264 3330 523 3393 habentes,
547 3338 592 3381 ct
615 3329 780 3381 omnia
800 3327 1101 3398 possidentes
1128 3324 1191 3395 (ll
1217 3324 1332 3379 Cor.
1356 3339 1430 3388 νι,
1459 3322 1570 3393 10).
1599 3322 1694 3389 Qui
1724 3322 1834 3375 vult

262 3436 396 3491 ergo
421 3435 537 3475 esse
562 3420 708 3474 dives
727 3462 742 3486 ,
786 3436 888 3475 non
919 3419 1114 3472 llzcreat
1142 3417 1293 3487 parti,
1326 3424 1379 3470 et
1403 3424 1567 3468 totum
1596 3413 1831 3484 posside-

263 3512 343 3566 hit
374 3530 389 3564 :
422 3506 497 3565 illi
537 3512 791 3566 inhmreat
819 3510 909 3580 qui
937 3518 1103 3563 totum
1132 3507 1348 3562 creavit.
1391 3506 1557 3560 Simul
1592 3506 1645 3558 in
1677 3520 1831 3557 unum

261 3604 400 3656 dives
425 3612 472 3655 et
498 3618 706 3671 pauper.
738 3601 871 3654 Dicit
894 3600 948 3655 in
978 3599 1081 3652 alio
1109 3597 1309 3667 psalmo
1340 3612 1353 3659 ;
1385 3594 1546 3648 Edent
1568 3611 1828 3664 pauperes,

262 3704 307 3747 et
366 3692 744 3747 saturabuntur.
790 3689 1065 3757 Quomodo
1102 3685 1490 3743 commendavit
1538 3685 1829 3754 pauperes?

264 3786 430 3839 Edent
461 3800 715 3855 pauperes,
758 3792 804 3836 et
848 3766 1219 3835 saturabuntur.
1250 3775 1382 3842 Quid
1433 3774 1628 3829 edunt?
1678 3771 1828 3839 Quod

258 3880 436 3932 sciunt
461 3875 660 3930 lideles.
688 3872 959 3943 Quomodo
988 3869 1386 3925 saturabuntur?
1430 3865 1684 3919 lmitando
1711 3880 1830 3933 pas:-

258 3970 469 4021 sionem
500 3966 701 4020 Domini
732 3964 832 4029 sui,
864 3974 917 4017 et
943 3978 1043 4015 non
1074 3962 1186 4015 sine
1204 3974 1358 4013 causa
1385 3956 1689 4025 accipiendo
1712 3972 1829 4023 pre-

260 4061 392 4111 tium
414 4072 585 4110 suum.
629 4054 787 4109 Edent
811 4038 1067 4122 pauperes,
1097 4061 1141 4104 et
1169 4048 1539 4112 saturabuntur,
1567 4055 1612 4098 et
1652 4045 1826 4098 lauda-

255 4148 383 4201 bunt
408 4146 700 4210 Dominum,
722 4145 807 4213 qui
832 4144 1085 4214 requirunt
1105 4157 1236 4193 eum.
1268 4138 1461 4191 Divitcs
1478 4136 1635 4206 quid?
1661 4137 1825 4188 Etiam

255 4241 358 4310 ipsi
403 4239 584 4294 edunt.
633 4238 737 4293 Sed
767 4235 1028 4308 quomodo
1064 4232 1267 4289 edunt?
1314 4230 1739 4285 Manducaverunt
1779 4238 1826 4281 et

251 4333 592 4384 adoraverunt
623 4345 791 4383 omnes
833 4326 1005 4380 divites
1047 4334 1191 4379 terra:
1235 4324 1399 4395 (Psal.
1427 4339 1540 4387 XXI,
1575 4323 1665 4386 27,
1708 4321 1821 4390 ‘50).

249 4421 370 4477 Non
389 4418 539 4485 dixit,
562 4418 1016 4480 Mauducaverunt,
1035 4426 1087 4470 et
1110 4414 1325 4468 saturati
1353 4422 1504 4476 sunt;
1536 4412 1648 4475 sed,
1675 4411 1827 4464 Man-

248 4512 594 4573 dueaverunt,
638 4519 682 4563 et
716 4508 1063 4585 a'doraverunt.
1108 4505 1341 4560 Adorant
1382 4504 1592 4574 quidem
1635 4503 1821 4567 Deum,

246 4602 348 4655 sed
376 4601 747 4654 humanitatem
771 4598 953 4651 nolunt
977 4596 1231 4651 exhibere
1261 4594 1566 4647 fraternam.
1600 4590 1819 4644 Mandu-

242 4700 377 4744 cant
405 4691 498 4754 illi,
536 4698 589 4744 et
625 4690 873 4752 adorant;
905 4687 1219 4741 manducant
1247 4684 1353 4749 isti,
1394 4693 1447 4737 et
1478 4689 1817 4736 saturantur:

241 4797 430 4837 tamen
480 4797 663 4837 omnes
704 4780 1037 4836 manducant.
1085 4778 1325 4847 Exigitur
1362 4776 1429 4830 de
1475 4774 1820 4830 manducante

235 4874 395 4944 quod
444 4873 754 4938 manducat;
788 4887 888 4925 non
925 4869 1263 4941 prohibeatur
1303 4867 1619 4921 manducare
1656 4881 1685 4919 a
1712 4865 1819 4920 dis-

232 4974 560 5036 pensatore,
600 4961 694 5017 sed
724 4971 999 5016 moneatur
1027 4961 1211 5014 timere
1234 4968 1556 5014 exactorem.
1589 4957 1817 5012 Audiallt

229 5071 377 5124 ergo
407 5056 504 5108 ista
536 5062 835 5123 peccatores
876 5060 929 5106 et
961 5050 1123 5120 justi,
1155 5060 1338 5121 gentes
1369 5058 1421 5104 et
1448 5048 1534 5118 qui
1580 5049 1816 5103 habitant

226 5148 457 5209 orbem,
489 5145 746 5214 terrigena:
763 5151 807 5195 et
829 5142 921 5209 ﬁlii
942 5141 1211 5201 hominum,
1240 5139 1388 5193 simul
1424 5139 1474 5191 in
1495 5154 1646 5214 unum
1680 5139 1814 5192 diues

224 5248 285 5291 et
336 5250 528 5304 pauper
550 5251 569 5287 :
598 5248 702 5287 non
729 5231 880 5286 divisi
907 5272 921 5293 ,
954 5245 1055 5282 non
1083 5228 1329 5298 separati.
1372 5212 1599 5295 Tempus
1627 5229 1813 5281 messis

222 5328 347 5382 huc
377 5324 552 5389 faciet,
582 5338 766 5377 manus
792 5318 1120 5376 velltilatoris
1150 5319 1248 5372 hoc
1280 5319 1468 5388 poterit
1493 5316 1702 5386 (Matth.
1730 5332 1808 5381 ιιι,

222 5417 357 5487 12).
399 5416 548 5471 Nunc
581 5416 736 5471 simul
776 5416 829 5469 in
875 5428 1035 5467 unum
1083 5411 1296 5465 audiant
1330 5411 1474 5465 dives
1510 5418 1565 5463 et
1594 5423 1807 5478 pauper,

218 5509 404 5566 simul
438 5510 489 5562 ill
521 5523 683 5562 unum
711 5514 993 5577 pascantur
1019 5503 1156 5557 haedi
1184 5513 1237 5559 et
1262 5504 1402 5574 agni,
1443 5503 1611 5558 donec
1638 5504 1810 5557 veniat

215 5602 329 5674 qui
377 5610 617 5670 segreget
652 5598 786 5653 alios
822 5597 888 5652 ad
930 5597 1231 5663 dexteram,
1263 5595 1392 5649 alios
1436 5593 1502 5648 ad
1544 5594 1807 5649 sinistram

221 5698 243 5766 ς
254 5694 354 5747 Id.
391 5706 516 5757 xxv,
543 5690 631 5757 52,
663 5689 773 5762 55).
801 5688 968 5744 Simul
997 5690 1049 5744 in
1079 5703 1236 5743 unum
1273 5684 1486 5741 audiant
1507 5674 1801 5748 docentem,

303 5807 323 5834 '
358 5810 432 5852 Er.
459 5812 512 5855 et
530 5804 750 5866 plerique
775 5813 900 5857 Mss.
925 5810 975 5854 tn
996 5817 1125 5855 arca.
1152 5805 1296 5855 Vatic.
1319 5800 1493 5859 codex,
1513 5797 1563 5849 in
1579 5796 1767 5847 horreo.
1840 5808 1884 5845 ο.

1359 379 1747 435 ENARRATIO
1784 379 1836 434 LV

1936 377 2201 436 SALMUM
2239 382 2465 437 XLVIII.
3418 395 3519 451 556

1962 506 2029 545 ne
2055 495 2307 562 segregati
2333 495 2399 546 ah
2425 494 2645 550 invicem
2672 497 3240 569 andiantjudicantem.

2029 582 2080 636 4.
2102 581 2247 654 [vers.
2276 583 2354 655 4.]
2375 586 2435 639 Et
2458 587 2580 655 quid
2607 590 2837 658 estquod
2866 608 3001 647 nunc
3029 596 3252 652 audituri
3272 606 3430 655 sunt”!
3450 604 3519 659 0s

1959 686 2123 723 meum
2143 672 2367 741 loquetur
2384 676 2697 744 sapientiam,
2716 689 2761 731 et
2785 682 3036 737 meditatio
3058 687 3221 740 cordis
3236 691 3348 753 mei,
3378 692 3518 747 intel-

1960 761 2228 831 ligentiam.
2250 764 2315 817 Et
2330 765 2440 833 hagc
2460 769 2675 835 repetita
2692 770 2883 838 potius,
2908 788 2973 839 ne
2994 774 3126 830 forte
3141 792 3257 831 cum
3279 779 3516 849 dixisset,

1959 867 2013 904 os
2039 869 2219 915 meum,
2248 855 2565 925 intelligeres
2590 874 2708 913 eum
2738 861 2828 915 tibi
2866 863 3025 932 loqui,
3049 867 3135 935 qui
3166 867 3215 920 in
3242 870 3393 925 labiis
3424 874 3518 926 lla-

1958 942 2105 998 heret
2129 947 2453 1014 sapientiam.
2482 949 2624 1004 Multi
2649 952 2785 1005 enim
2818 953 3012 1009 habent
3040 958 3090 1011 ill
3136 959 3284 1016 labiis
3327 974 3380 1017 et
3413 981 3516 1020 non

1959 1029 2152 1124 habent
2188 1035 2239 1087 in
2276 1037 2452 1101 corde,
2484 1038 2550 1092 de
2578 1040 2764 1109 quibus
2802 1043 2928 1099 dicit
2966 1046 3517 1124 ScripturazPopulus

1957 1120 2047 1174 iste
2088 1122 2231 1178 labiis
2271 1142 2348 1179 me
2385 1128 2612 1191 honorat,
2641 1146 2726 1182 cor
2745 1143 2905 1185 autem
2932 1152 3099 1189 eorum
3126 1140 3270 1211 longe
3286 1120 3418 1197 ostia
3441 1162 3515 1198 me

1960 1211 2108 1283 (Isai.
2140 1231 2283 1279 xxix,
2310 1219 2420 1285 15).
2449 1219 2581 1286 Quid
2599 1236 2723 1291 ergo
2746 1224 2923 1279 aitille
2939 1228 3024 1295 qui
3044 1229 3133 1282 tibi
3151 1230 3513 1304 loquitur?qui

1957 1316 2075 1357 cum
2100 1304 2306 1370 dixerit,
2331 1307 2400 1362 0s
2429 1327 2588 1363 nteant
2632 1314 2859 1383 loquetur
2885 1318 3207 1385 sapientiam;
3237 1332 3293 1377 ut
3322 1325 3512 1380 intelli-

1956 1406 2048 1459 gas
2072 1394 2189 1462 quia
2222 1395 2343 1448 illud
2374 1400 2509 1465 quod
2552 1416 2615 1453 ex
2657 1417 2748 1457 ore
2778 1404 3027 1471 funditur,
3070 1407 3136 1462 de
3162 1425 3292 1465 vena
3335 1416 3511 1470 cordis

1955 1494 2182 1573 emanat,
2218 1486 2406 1552 intulit,
2443 1489 2505 1541 Et
2524 1493 2776 1546 meditatio
2805 1498 2968 1549 cordis
2992 1499 3087 1552 mei
3113 1500 3509 1573 intelligentiam.

2024 1574 2078 1628 5.
2119 1571 2268 1645 [vers.
2320 1576 2396 1649 5.]
2437 1578 2695 1635 Inclinabo
2738 1584 2789 1636 in
2816 1586 3104 1654 parabolam
3131 1571 3302 1644 aurem
3328 1610 3508 1660 meam,

1952 1666 2175 1734 aperiam
2212 1668 2265 1721 in
2290 1671 2521 1737 psalterio
2547 1676 2929 1742 prapositianem
2954 1696 3133 1734 meam.
3159 1682 3286 1750 Quis
3316 1696 3396 1741 est
3424 1688 3506 1745 hic

1952 1755 2101 1823 cujus
2122 1758 2392 1813 meditatio
2415 1761 2589 1815 cordis
2614 1764 2845 1834 loquitur
2866 1766 3285 1844 intelligentiam,
3320 1785 3374 1831 ut
3402 1796 3503 1837 non

1951 1846 2016 1899 sit
2039 1846 2088 1899 ill
2120 1848 2228 1901 sola
2259 1851 2534 1918 superﬁcie
2558 1853 2831 1919 labiorum,
2872 1860 2965 1914 sed
2992 1862 3220 1920 hominis
3258 1869 3504 1926 interiora

1950 1937 2246 2027 possideat?
2284 1939 2409 2007 Quis
2447 1951 2528 1996 est
2573 1943 2670 1999 iste
2708 1947 2793 2015 qui
2832 1950 2993 2017 audit,
3037 1962 3091 2007 et
3128 1955 3204 2009 sic
3244 1958 3506 2027 loquitur?

1948 2025 2091 2119 blulti
2119 2028 2260 2082 enim
2293 2031 2575 2099 loquuntur
2598 2035 2737 2102 quod
2768 2052 2867 2091 non
2898 2025 3502 2119 audiunt?Quisuntqui

1947 2114 2390 2208 loquunturquod
2420 2136 2523 2176 non
2548 2124 2799 2179 audiunt?
2825 2127 2919 2196 Qui
2942 2146 3046 2186 non
3074 2128 3270 2191 faciunt
3297 2114 3502 2208 quredi-

1946 2215 2104 2260 cunt:
2134 2207 2316 2276 quales
2352 2210 2477 2265 dicit
2504 2212 2752 2270 Dominus
2780 2217 3072 2276 Pllarisazos
3114 2207 3503 2299 sedereisuper

1944 2296 2244 2353 cathedram
2271 2300 2456 2373 Moysi.
2485 2303 2660 2360 Voluit
2681 2307 2770 2362 tibi
2793 2309 2930 2379 loqui
2953 2312 3003 2366 in
3032 2314 3279 2373 cathedra
3312 2296 3494 2386 Movsi,

1943 2401 2039 2456 per
2064 2402 2156 2443 eos
2178 2392 2266 2460 qui
2291 2407 2351 2445 ea
2389 2392 2695 2463 loquuntur,
2735 2407 2790 2453 et
2825 2416 2930 2455 non
2958 2401 3181 2471 faciunt;
3212 2417 3264 2463 et
3293 2380 3499 2467 tibi'se;

1943 2480 2219 2535 curitatem
2268 2482 2521 2539 Dominus
2548 2487 2711 2543 voluit
2752 2490 2897 2545 dare.
2940 2493 3112 2550 Nolite
3142 2499 3343 2566 timere,
3374 2504 3498 2567 Qua:

1942 2569 2133 2661 dicunt,
2162 2573 2347 2641 inquit,
2377 2576 2544 2644 facile,
2585 2594 2697 2645 quae
2728 2590 2889 2634 autem
2916 2585 3104 2653 faciunt
3129 2587 3279 2642 nolite
3307 2594 3498 2661 facere;

1940 2659 2109 2714 dicunt
2133 2662 2281 2728 enim,
2306 2673 2352 2717 et
2373 2682 2470 2718 non
2487 2665 2675 2735 faciunt
2701 2668 2905 2739 (Matth.
2936 2690 3079 2741 χχιιι,
3107 2676 3160 2743 2,
3177 2678 3250 2748 5).
3270 2659 3381 2735 Non
3400 2699 3495 2738 au-

1941 2751 2092 2806 diunt
2117 2754 2255 2822 quod
2282 2755 2480 2810 dicunt.
2510 2757 2606 2825 Qui
2633 2775 2758 2814 vero
2785 2762 2997 2831 faciunt,
3025 2779 3079 2821 et
3099 2769 3174 2824 sic
3191 2770 3391 2839 dicunt,
3410 2791 3494 2829 au-

1938 2842 2089 2897 diunt
2118 2844 2257 2912 quod
2284 2846 2500 2904 dicunt:
2527 2858 2580 2903 et
2604 2850 2723 2905 ideo
2748 2850 3013 2910 fructuose
3036 2856 3230 2923 dicunt,
3261 2863 3377 2931 quia
3399 2880 3491 2919 au.

1938 2936 2105 2989 diunt.
2126 2936 2223 3001 Qui
2245 2952 2372 3007 ergo
2396 2938 2569 2995 dictor
2592 2952 2644 2996 et
2671 2958 2773 2997 non
2803 2944 3013 3000 auditor
3036 2958 3136 3013 est,
3156 2951 3305 3006 alteri
3332 2956 3493 3024 prod-

1937 3037 2037 3093 est,
2065 3029 2163 3084 sibi
2203 3044 2307 3084 non
2336 3032 2564 3101 prodest.
2594 3032 2693 3088 Iste
2718 3051 2843 3105 ergo
2856 3038 2942 3106 qui
2970 3048 3022 3092 ct
3047 3040 3254 3097 auditor
3283 3047 3492 3101 volebat

1936 3132 2056 3173 esse
2084 3127 2137 3173 et
2172 3119 2362 3188 dictor,
2406 3122 2494 3191 qui
2540 3123 2632 3178 tibi
2676 3125 2923 3195 loquitur,
2950 3138 3228 3199 antequam
3268 3134 3485 3201 diceret,

1934 3209 2168 3278 Aperiam
2186 3212 2239 3263 in
2263 3212 2497 3280 psalterio
2517 3217 2899 3284 propositionem
2922 3236 3100 3286 meam,
3125 3222 3263 3290 quod
3289 3234 3368 3291 est
3381 3224 3489 3295 jam

1936 3298 2073 3370 loqui
2105 3316 2196 3370 per
2224 3317 2435 3370 corpus,
2467 3305 2543 3357 sic
2570 3306 2707 3359 enim
2737 3308 2897 3361 utimr
2910 3310 3080 3362 anima
3101 3326 3340 3381 corpore,
3362 3331 3490 3384 quo-

1934 3392 2091 3445 modo
2137 3393 2296 3445 utitur
2335 3394 2605 3467 citharista
2642 3397 2908 3463 psalterio,
2952 3400 3103 3463 dixit,
3147 3386 3409 3458 Incliuabo
3438 3406 3489 3459 in

1946 3481 2235 3550 parabolam
2256 3499 2425 3536 aurem
2450 3501 2628 3538 meam.
2656 3488 2947 3556 Antequam
2966 3490 3271 3558 loquartibi,
3292 3493 3475 3562 inquit,

1931 3589 2027 3643 per
2064 3590 2278 3645 corpus,
2324 3584 2603 3645 antequam
2650 3580 2950 3647 psalterium
2981 3592 3148 3647 sonet,
3195 3587 3362 3652 primo
3390 3602 3487 3656 ego

1933 3665 2178 3718 inclinabo
2207 3666 2260 3718 in
2298 3666 2588 3732 parabolam
2617 3684 2786 3721 aurem
2816 3685 2995 3735 meam,
3041 3672 3089 3725 id
3131 3682 3230 3734 est.
3279 3676 3486 3730 audiam

1930 3756 2055 3824 quid
2086 3755 2176 3810 tibi
2214 3755 2406 3810 dicam.
2452 3758 2514 3810 Et
2548 3772 2729 3827 quare,
2760 3760 2811 3812 in
2841 3762 3321 3836 parabolam?.Quia
3348 3768 3487 3820 vide-

1931 3863 2041 3899 mus
2068 3863 2202 3899 nunc
2231 3863 2318 3915 per
2342 3848 2601 3916 speculum
2625 3849 2678 3901 in
2701 3850 2960 3919 arnigmate
2997 3851 3038 3921 (Ι
3077 3853 3191 3905 Cor.
3234 3871 3344 3917 xm,
3376 3857 3484 3927 12),

1930 3938 2069 3992 sicut
2092 3937 2218 3991 dicit
2243 3939 2544 4007 Apostolus.
2578 3939 2830 4005 Quamdiu
2865 3958 3037 3995 sumus
3060 3944 3111 3996 in
3137 3944 3229 3997 hoc
3257 3962 3482 4016 corpore,

1931 4031 2304 4101 peregrinantur
2328 4047 2359 4083 a
2387 4029 2603 4097 Domino
2634 4031 2698 4101 (ll
2728 4030 2844 4085 Cor.
2880 4048 2931 4097 v,
2960 4033 3038 4105 6).
3079 4035 3208 4101 Quia
3252 4038 3482 4093 nondum

1928 4129 2012 4175 est
2039 4121 2123 4175 illa
2153 4120 2283 4174 visio
2311 4128 2486 4174 nostra
2514 4120 2646 4175 facie
2669 4121 2733 4175 ad
2764 4121 2969 4186 faciem,
3003 4124 3087 4177 ubi
3112 4124 3219 4194 jam
3252 4128 3482 4203 noqsiut

1929 4215 2210 4283 parabolae,
2242 4214 2327 4268 ubi
2369 4214 2474 4283 jam
2507 4228 2609 4267 non
2654 4214 2759 4267 sint
2801 4215 3481 4284 mnigmata'et'sinlilitudi-

1929 4319 2043 4359 nes.
2076 4292 2334 4373 Quidquid
2360 4303 2515 4358 modo
2546 4303 2901 4374 intelligimus,
2927 4320 3024 4375 per
3048 4307 3322 4376 aenigmata
3356 4323 3482 4362 con-

1926 4394 2195 4465 spicimus.
2225 4393 2469 4462 Euigma
2498 4402 2579 4448 est
2606 4394 2824 4448 obscura
2850 4395 3098 4463 parabola
3127 4411 3243 4464 quae
3269 4395 3482 4455 difficile

1926 4487 2250 4556 intelligitur.
2280 4485 2623 4550 Quantumvis
2666 4487 2872 4540 excolat
2912 4486 3072 4539 homo
3101 4501 3195 4541 cor
3214 4503 3396 4565 suum,
3428 4498 3481 4543 et

1924 4578 1990 4633 ad
2038 4577 2286 4631 interiora
2330 4577 2661 4648 intelligenda
2692 4577 2932 4646 refugiat,
2967 4577 3214 4646 quamdiu
3239 4593 3331 4648 per
3359 4593 3479 4634 cor-

1923 4668 2318 4737 ruptibilitatem
2348 4669 2522 4722 carnis
2550 4668 2705 4737 hujus
2734 4669 2988 4731 videmus,
3030 4682 3096 4722 ex
3148 4676 3294 4737 parte
3330 4669 3479 4724 vidc-

1923 4776 2060 4815 mus.
2086 4764 2364 4830 Assumpta
2393 4769 2567 4815 autem
2597 4760 2988 4827 incorruptione
3016 4758 3065 4812 in
3092 4759 3475 4816 resurrectione

1921 4860 2267 4914 mortuorum,
2297 4866 2416 4905 cum
2437 4850 2735 4920 apparuerit
2755 4848 2920 4902 Filius
2962 4848 3188 4903 hominis
3209 4849 3477 4915 judicatu-

1918 4957 2008 4996 rus
2046 4942 2191 4995 vivos
2216 4950 2268 4994 et
2296 4949 2552 4999 mortuos.
2582 4947 2706 4992 tunc
2733 4938 2997 4992 videbitur
3026 4937 3188 4993 Filius
3224 4938 3473 5008 hominis,

1918 5036 2005 5105 qui
2035 5035 2204 5104 primo
2218 5032 2480 5101 judicatus
2505 5040 2604 5096 est,
2630 5030 2890 5098 judicans,
2914 5030 3225 5086 discernens
3256 5033 3423 5087 malos
3445 5049 3473 5086 a

1917 5127 2090 5192 bonis,
2119 5139 2319 5194 ponens
2344 5124 2508 5178 malos
2540 5138 2569 5174 a
2594 5121 2836 5186 sinistris,
2872 5123 3040 5177 bonos
3064 5138 3095 5177 a
3136 5122 3355 5180 dextris.
3388 5125 3477 5179 Vi-

1915 5217 2116 5272 debunt
2138 5215 2280 5268 illum
2308 5223 2361 5267 et
2399 5212 2521 5266 boni
2560 5219 2613 5266 et
2653 5212 2795 5276 mali,
2824 5212 2914 5265 sed
2950 5213 3099 5265 malis
3124 5212 3282 5277 dicet,
3313 5210 3393 5267 Ite
3422 5213 3474 5266 in

1913 5311 2079 5379 ignem
2101 5318 2337 5361 aeternum
2362 5320 2380 5357 :
2408 5303 2560 5357 bonis
2596 5312 2769 5357 autem
2811 5302 2970 5367 dicet,
3024 5302 3197 5357 Venite
3234 5303 3473 5358 benedicti

1916 5399 2085 5453 Patris
2114 5398 2231 5461 mei,
2273 5396 2507 5465 percipite
2533 5409 2757 5464 regnum.
2802 5394 3018 5447 Abibunt
3049 5394 3170 5446 mali
3206 5394 3257 5447 in
3296 5392 3471 5446 ambu-

1912 5492 2120 5543 stionem
2146 5498 2399 5549 attentam,
2413 5485 2541 5554 justi
2564 5492 2729 5541 autem
2753 5483 2806 5536 in
2830 5484 2981 5536 vitam
3000 5492 3237 5542 aeternam
3257 5481 3466 5551 (Matth.

1912 5599 2033 5646 xxv,
2056 5582 2146 5644 33,
2173 5580 2260 5643 54,
2292 5579 2379 5644 41,
2406 5576 2526 5647 46);
2548 5587 2597 5630 et
2629 5574 2697 5629 ibi
2725 5574 2825 5628 erit
2847 5574 2930 5627 illa
2963 5574 3095 5627 visio
3126 5570 3258 5626 facie
3294 5571 3361 5625 ad
3395 5572 3470 5625 fa-

1911 5673 2065 5737 ciem,
2093 5687 2192 5742 qua
2223 5671 2296 5725 illi
2340 5685 2457 5724 non.
2478 5678 2600 5723 sunt
2627 5666 2791 5735 digni.
2825 5663 3094 5720 Attendite
3122 5661 3243 5729 quid
3271 5660 3464 5717 dicam.

1911 5765 2098 5821 Filium
2127 5766 2265 5820 cnim
2298 5763 2522 5818 hominis
2552 5764 2686 5815 sicut
2714 5758 2798 5811 hic
2825 5770 2944 5809 cum
2972 5762 3111 5808 esset
3136 5751 3306 5806 adhuc
3328 5751 3468 5821 judi-
