4004 6200
565 385 665 441 547
1739 369 1796 426 S.
1839 362 2201 424 AUGUSTI!“
2239 364 2536 422 EPISCUPI

565 498 781 557 candus,
809 500 859 548 et
880 489 1008 545 mali
1033 487 1294 550 viderunt,
1310 496 1364 538 et
1390 484 1543 548 hom;
1566 481 1808 538 viderunt
1824 481 2122 541 cnim'Apo-

567 586 686 643 s‘tnli
727 582 817 653 qui
860 578 1025 635 secuti
1068 586 1208 639 sum,
1242 573 1488 629 vider-mit
1514 571 1682 627 Judaei
1711 571 1802 640 qui
1842 568 2122 624 crmitixe-

569 685 716 739 runt;
745 674 822 729 sic
849 685 971 727 cum
1006 667 1211 733 venerit
1246 664 1595 737 iudicaturus,
1622 670 1681 716 et
1705 660 1830 716 boni
1869 659 2013 713 mum
2038 657 2119 711 ri-

556 765 763 820 .ilebum
782 770 836 821 et
855 758 978 815 mali
1003 774 1017 811 :
1047 756 1192 831 boni,
1226 763 1282 809 ut
1309 753 1598 823 percipiant
1621 748 1946 811 mercedem,
2000 746 2120 815 quia

562 854 734 912 seculi
778 859 930 916 sunt;
975 849 1120 913 mali,
1140 857 1197 901 ut
1218 845 1516 916 percipiant
1545 856 1775 912 pinnam,
1805 840 1924 908 quia
1943 838 2122 892 aluei-

570 949 815 1003 ﬁxerunt.
843 941 1122 1009 Soliergo
1159 937 1234 994 illi
1262 936 1669 998 damnabantur,
1715 932 1806 1000 qui
1842 928 2123 983 cruciﬁate-

570 1034 726 1090 runt?
764 1032 947 1089 Audeo
971 1029 1169 1095 dicere,
1213 1026 1331 1081 soli.
1361 1026 1500 1097 Ergo
1524 1038 1640 1085 nos.
1666 1022 1909 1091 inquiunt
1933 1032 2124 1088 pecca-

573 1137 714 1180 tores
740 1123 898 1194 huius
927 1119 1194 1190 temporis.
1220 1117 1395 1173 securi
1424 1130 1624 1170 sumus.
1652 1112 1711 1169 Si
1734 1128 1848 1165 μου
1890 1110 2125 1164 animum

572 1216 860 1283 interrogat
883 1213 1043 1275 Deus,
1071 1208 1243 1264 securi
1265 1208 1409 1262 estis.
1436 1204 1576 1273 Quid
1606 1213 1688 1258 est
1716 1201 1855 1272 quod
1883 1197 2128 1255 dixiiln-

574 1308 772 1378 telligat
796 1304 1041 1360 Charitas
1066 1301 1273 1365 Vestra,
1298 1315 1363 1355 ne
1390 1298 1495 1353 hoc
1513 1297 1691 1351 dicant
1719 1296 1770 1349 in
1791 1293 1990 1363 iudicio
2009 1291 2125 1354 Dei.

571 1399 694 1467 quia
715 1412 819 1453 non
842 1396 1241 1453 intellexerunt.
1252 1391 1419 1446 «ιιιόωὶ
1446 1391 1566 1460 quia
1581 1387 1825 1443 viderunt
1837 1385 2124 1448 Christum.

572 1488 947 1544 cruciﬁxerunt
960 1504 977 1552 ;
992 1494 1044 1539 tu
1061 1484 1180 1554 quia
1199 1498 1303 1538 non
1320 1481 1467 1536 vides
1486 1479 1771 1545 Christum,
1793 1479 1954 1532 verbo
1966 1476 2130 1546 ipsius

577 1579 797 1635 resistis.
825 1577 922 1646 Qui
950 1576 1112 1630 verbo
1141 1574 1362 1633 resistis.
1385 1585 1607 1625 carnem
1652 1582 1755 1622 non
1795 1566 2131 1636 cruciﬁgeres

576 1670 621 1724 si
661 1668 897 1725 videres?
926 1664 1252 1732 Contempsit
1287 1662 1499 1718 luds-sus
1529 1662 1580 1715 in
1622 1660 1767 1730 ligno
1788 1658 2127 1729 pendentem,

576 1760 870 1816 contemnis
897 1767 950 1813 tu
989 1757 1043 1813 in
1066 1754 1203 1811 caelo
1222 1753 1517 1809 sedentem.
1555 1752 1691 1818 Ergo
1736 1749 1980 1804 viderunt
2009 1762 2129 1803 eum

575 1850 733 1905 ambo
762 1862 978 1918 genera,
1007 1846 1131 1901 dum
1159 1844 1244 1900 hic
1264 1850 1435 1898 esset:
1458 1840 1613 1896 ambo
1638 1852 1832 1908 genera
1850 1837 2128 1901 videbunt,

576 1949 773 1994 etcum
796 1938 1020 1995 venerit.
1039 1935 1201 1990 Filius
1224 1934 1364 1988 enim
1390 1931 1617 1986 hominis
1636 1928 1812 1984 veniet
1827 1936 1882 1982 ut
1899 1927 2129 1996 judicet;

576 2032 697 2100 quia
726 2029 888 2084 Filius
916 2028 1148 2082 hominis
1178 2026 1320 2080 venit
1364 2031 1421 2077 ut
1450 2016 1799 2093 judicaretur.
1843 2020 1966 2075 Ideo
2001 2019 2123 2088 quia

578 2125 733 2178 l’ater
746 2138 852 2176 non
878 2129 958 2175 est
981 2120 1298 2180 inmrnatus,
1324 2116 1478 2170 Pater
1499 2128 1603 2168 non
1631 2120 1714 2166 est
1737 2126 1943 2182 passus.
1969 2119 2022 2166 et
2041 2125 2135 2179 per

579 2214 770 2269 Filium
793 2212 1021 2266 hominis
1042 2210 1260 2280 iudicat,
1291 2208 1429 2264 sicut
1453 2207 1568 2278 ipse
1586 2205 1719 2261 dixit
1738 2206 1795 2260 in
1826 2204 2131 2275 Evangelia,

582 2304 737 2359 Pater
763 2320 862 2361 non
880 2303 1077 2373 judico!
1105 2316 1419 2372 quemquam,
1443 2297 1537 2352 sed
1561 2313 1706 2352 omne
1728 2296 1979 2368 judicium
1994 2295 2135 2348 dedit

583 2396 688 2464 ﬁlio
714 2410 730 2447 :
752 2402 967 2450 secutus
993 2393 1147 2462 paulo
1170 2400 1289 2461 post
1308 2390 1404 2456 ait,
1431 2387 1501 2442 Et
1523 2387 1659 2442 dedit
1676 2386 1728 2445 ei.’
1744 2395 2029 2457 potestatem
2049 2386 2136 2457 ju-

584 2484 706 2541 dicii
718 2483 960 2555 faciendi.
986 2482 1219 2552 quoniam
1246 2479 1410 2534 Filius
1430 2480 1650 2533 [taurinis
1674 2487 1743 2533 est
1766 2477 1944 2548 (Joan.
1967 2494 2025 2545 v,
2040 2476 2132 2542 τε,

582 2573 694 2640 27).
722 2572 1023 2630 Secundum
1062 2571 1208 2627 enim
1252 2568 1395 2640 quod
1436 2568 1604 2624 Filius
1646 2568 1738 2623 Dei
1766 2576 1868 2634 est.
1911 2567 2135 2623 Verbum

470 2654 485 2675 ⁸
583 2681 793 2735 semper
826 2681 945 2722 cum
984 2665 1174 2730 Patre;
1198 2672 1255 2720 et
1274 2664 1395 2734 quia
1428 2678 1643 2734 semper
1664 2677 1785 2717 cum
1814 2662 1987 2725 Patre,
2016 2675 2136 2716 cum

585 2757 740 2815 Patre
767 2771 978 2826 semper
995 2754 1229 2825 iudicat:
1259 2752 1546 2810 sectmdum
1572 2761 1746 2807 autem
1786 2752 1925 2823 quod
1971 2751 2139 2806 Filius

516 2917 519 2920 p
585 2845 813 2904 hominis
838 2855 939 2914 est,
966 2854 1020 2901 et
1038 2845 1303 2916 judicatus
1327 2852 1428 2910 est,
1449 2854 1506 2899 et
1523 2843 1850 2914 indicaturus
1875 2850 1980 2899 est.
1996 2843 2140 2910 Quo-

587 2938 744 2993 modo
766 2945 939 2995 autem
969 2937 1110 2991 visus
1135 2946 1218 2991 est
1256 2935 1325 2990 ab
1362 2936 1444 2991 eis
1482 2935 1570 3006 qui
1612 2933 1972 3000 crediderunt,
1995 2940 2051 2989 et
2073 2932 2140 2988 ab

587 3030 667 3083 eis
694 3027 780 3097 qui
807 3028 1200 3094 crucitixerunt,
1224 3025 1438 3096 quando
1455 3025 1716 3096 judicatus
1743 3032 1854 3089 est;
1891 3025 1969 3079 sic
1990 3024 2143 3079 vide-

592 3118 752 3181 bitur,
780 3132 900 3171 cum
923 3116 1145 3184 cmperit
1172 3130 1294 3170 esse
1313 3115 1495 3184 iudex,
1514 3116 1661 3171 etab
1678 3114 1757 3170 eis
1778 3128 1910 3184 quos
1928 3114 2142 3169 damna-

590 3209 687 3272 hit,
706 3216 764 3264 et
784 3208 855 3264 ab
878 3208 958 3263 eis
980 3222 1112 3277 quos
1149 3207 1441 3263 coronabit.
1475 3205 1744 3263 Visionem
1775 3217 1948 3263 autem
1997 3207 2138 3261 illam

590 3298 896 3363 divinitatis,
921 3311 1078 3368 quam
1109 3297 1349 3366 promisit
1383 3295 1723 3351 dilectoribus
1760 3297 1889 3361 suis.
1929 3297 2141 3366 quando

590 3389 684 3450 ait,
710 3387 809 3453 Qui
835 3385 999 3458 diligit
1020 3402 1115 3451 me.
1137 3387 1369 3457 diligetur
1392 3403 1425 3440 a
1452 3385 1602 3440 Patre
1624 3402 1732 3441 meo
1759 3402 1780 3443 :
1801 3397 1848 3443 et
1873 3387 1959 3459 qui
1979 3387 2143 3458 diligit

592 3496 690 3539 me.
719 3479 955 3534 mandata
980 3496 1090 3534 mea
1115 3479 1349 3543 custodit,
1371 3487 1418 3533 et
1433 3494 1523 3548 ego
1537 3479 1743 3550 diligam
1763 3495 1892 3544 eum,
1915 3489 1963 3536 et
1982 3488 2146 3535 osten-

590 3572 709 3627 dum
726 3572 971 3642 meiprum
996 3569 1075 3625 illi
1102 3568 1213 3645 (1d.
1255 3585 1369 3636 xw,
1395 3569 1507 3640 21),
1547 3569 1657 3639 jam
1682 3571 1825 3640 impii
1852 3586 1955 3627 non
1990 3571 2142 3627 vide-

582 3662 741 3725 ,buut.
784 3661 886 3717 Ista
918 3660 1299 3717 demonstratio
1334 3659 1719 3732 quodammodo
1747 3660 2018 3716 familiaris
2040 3669 2139 3728 est,

594 3756 706 3811 suis
725 3755 867 3810 illam
883 3764 1089 3835 servat,
1111 3767 1217 3807 non
1241 3752 1381 3808 illam
1404 3752 1637 3808 ostendit
1658 3753 1846 3823 impiis.
1873 3752 2051 3822 Qualis
2065 3763 2146 3810 est

594 3846 694 3903 ista
716 3846 886 3901 visio?
914 3844 1095 3913 Qualis
1110 3841 1651 3913 Claristulequalis
1669 3842 1832 3898 Patri.
1857 3842 2039 3911 Qualis
2063 3852 2146 3898 est

594 3935 867 3990 Christus?
890 3933 947 3990 lu
976 3934 1232 4005 principio
1251 3942 1367 3990 erat
1392 3932 1640 3999 Verbum,
1668 3942 1735 3988 et
1772 3932 2000 3987 Verbum
2026 3942 2147 3988 erat

594 4026 732 4095 apud
764 4028 946 4093 Deum,
972 4036 1028 4081 et
1053 4027 1188 4081 Deus
1216 4036 1333 4082 erat
1356 4024 1588 4082 Verbum
1610 4024 1720 4099 (Id.
1747 4041 1786 4090 ι,
1813 4025 1891 4104 1)..
1916 4025 2045 4080 Huic
2063 4025 2144 4079 vi-

595 4116 732 4187 sionj
770 4116 1097 4185 suspiramus
1140 4118 1316 4182 modo,
1355 4126 1410 4172 et
1432 4118 1691 4187 gemimus
1729 4117 1974 4188 quamdiu
2022 4132 2144 4187 pero

595 4205 760 4276 egrini
788 4221 996 4272 sumus;
1018 4207 1139 4262 huic
1167 4208 1349 4263 visioni
1377 4209 1433 4263 in
1454 4213 1556 4264 line
1578 4207 1879 4274 reddemur,
1910 4207 2047 4263 hanc
2065 4209 2145 4262 νει-

594 4298 795 4355 sionem
814 4298 969 4353 modo
986 4299 1034 4351 in
1052 4300 1325 4369 aenigmate
1345 4300 1788 4372 videmus,siergo
1810 4302 1861 4355 in
1872 4302 2146 4372 aenigmate

596 4390 852 4454 videmus,
894 4389 1208 4446 inclinemus
1244 4392 1296 4446 in
1333 4393 1631 4461 parabolam
1668 4407 1851 4448 aurem
1887 4403 2142 4461 nostram,

593 4492 646 4538 et
669 4485 746 4539 sic
770 4482 1066 4555 aperiamus
1094 4482 1147 4536 in
1177 4482 1422 4552 psalterio
1451 4486 1856 4554 propositionem
1877 4496 2144 4543 nostram:

594 4575 866 4630 audiamus
880 4573 1019 4644 quod
1035 4573 1277 4639 dicimus,
1305 4572 1557 4629 faciamus
1579 4575 1717 4645 quod
1745 4576 2096 4647 prtecipimus.

663 4664 716 4719 6.
760 4663 906 4737 [nam
932 4663 1010 4737 6.]
1048 4663 1117 4719 Et
1137 4664 1262 4735 quid
1281 4664 1445 4719 dixit?
1469 4664 1654 4735 thuid
1672 4667 1848 4721 timebo
1866 4668 1919 4721 in
1942 4648 2022 4723 die
2038 4684 2148 4721 mu-

596 4754 681 4807 la.’
719 4753 969 4824 lniquitas
993 4755 1210 4809 δαισαηά
1239 4754 1336 4809 mei
1364 4756 1691 4811 circumdabit
1728 4774 1824 4812 me.
1854 4758 2024 4828 Coepit
2045 4760 2147 4815 ob-

597 4845 818 4912 scurius,
862 4845 1046 4917 thuid
1070 4846 1267 4909 timebo.
1295 4846 1483 4917 inquit,
1509 4847 1562 4901 in
1587 4847 1669 4901 die
1702 4848 1876 4905 malai
1900 4849 2149 4921 lniquitas

597 4936 814 4989 calcuuei
835 4937 929 4990 mei
953 4937 1275 4992 circumdabit
1296 4955 1393 4992 me.
1426 4939 1586 5009 Magis
1609 4953 1737 5010 ergo
1755 4939 1911 4996 debet
1936 4941 2144 5010 timere,

597 5026 640 5078 si
669 5025 913 5094 iniquitas
936 5027 1167 5085 calcanei
1193 5029 1307 5099 ejus
1323 5030 1663 5087 circumdabit
1686 5048 1831 5088 eum.
1861 5033 1973 5088 Non
2005 5034 2144 5090 enim

599 5119 1010 5189 tiincat,.inquit,
1044 5122 1201 5177 homo
1225 5122 1365 5193 quod
1390 5138 1495 5178 non
1525 5125 1677 5180 habet
1707 5125 1757 5179 in
1784 5135 2040 5195 potestate
2054 5127 2149 5182 de-

598 5209 782 5262 vitare.
815 5206 970 5262 Verbi
999 5210 1196 5279 gratia:
1221 5213 1308 5281 qui
1331 5212 1475 5268 timet
1499 5226 1742 5281 mortem,
1768 5217 1891 5286 quid
1918 5216 2148 5275 facturus

599 5310 682 5357 est
709 5310 766 5356 ut
787 5317 889 5356 non
912 5302 1198 5357 moriatur?
1226 5304 1372 5358 Dicat
1392 5305 1519 5359 mihi
1546 5322 1649 5377 qua
1675 5308 1859 5362 evadat
1881 5308 2019 5379 quod
2050 5309 2146 5364 de-

603 5396 690 5449 bet
728 5393 914 5460 Adam,
939 5394 1028 5464 qui
1067 5404 1217 5449 natus
1252 5405 1421 5451 estex
1446 5397 1632 5453 Adam.
1675 5397 1777 5455 Sed
1808 5402 1999 5471 cogitet
2030 5402 2147 5472 quia

604 5494 758 5543 natus
783 5494 865 5541 est
884 5486 950 5540 ex
970 5485 1158 5548 Adam,
1184 5494 1238 5540 et
1255 5493 1465 5542 secutus
1487 5497 1569 5542 est
1590 5486 1854 5544 Christum
1872 5534 1886 5558 ,
1908 5501 1960 5546 et
1987 5507 2146 5562 opor-

602 5585 677 5631 tet
693 5577 710 5609 ⁸
740 5591 863 5634 eum
886 5575 1093 5632 solvere
1119 5576 1256 5647 quod
1280 5576 1438 5632 debet
1456 5566 1643 5645 Adam,
1671 5589 1725 5635 et
1750 5582 2151 5651 cnnseqniquod

597 5668 839 5737 promnit
858 5666 1115 5724 Christus.
1139 5668 1236 5738 Qui
1254 5683 1380 5741 ergo
1397 5669 1543 5725 timet
1561 5678 1805 5735 mortem,
1833 5688 1935 5726 non
1956 5683 2036 5727 est
2050 5688 2150 5738 qua

654 5777 671 5809 ι
706 5781 780 5830 ste
801 5781 1025 5833 nam.
1047 5794 1177 5844 vero,
1220 5780 1356 5833 Dicat
1382 5780 1610 5848 mihiquo
1643 5782 1799 5834 vadat.
1845 5781 1988 5835 Debet
2025 5784 2155 5848 qm

2228 484 2418 532 eradat
2442 481 2561 548 :qui
2587 489 2768 535 autem
2790 482 2945 555 timet
2969 475 3351 538 damnationem
3378 496 3523 554 quam
3544 486 3730 543 audient

2220 570 2390 638 iitnpii.
2412 570 2488 625 Ite
2500 572 3205 643 invgncuiwternummstqua
3214 574 3416 629 evadat.
3434 575 3732 648 inhumati-

2226 659 2407 714 meth-
2423 660 2610 731 Uequid
2635 662 2771 716 enim
2794 663 3010 718 timeat?
3029 662 3277 732 lniquitas
3290 663 3508 720 θειωωεὶ
3525 664 3669 726 iusius
3683 669 3735 721 il-

2222 752 2335 805 llum
2351 753 2729 809 circumdatum
2745 754 2922 811 est?$i
2939 768 3064 825 ergo
3077 753 3735 823 vitetiniqtﬁaatemmlcanet

2220 842 2329 908 sui,
2355 852 2410 899 et
2422 843 2659 900 ambulet
2672 846 3016 914 perviasliei,
3034 859 3139 900 nun
3161 845 3496 915 pervenietad
3515 847 3637 902 diem
3652 864 3739 904 nta-

2228 932 2632 1000 lamt-d'tesmala,
2651 936 3077 1002 diesnevissima,
3090 950 3197 991 non
3211 936 3308 991 erit
3322 936 3550 990 ililtn'tala.
3564 938 3738 993 Eteaim

2227 1023 2341 1078 dies
2360 1025 2646 1080 novissima
2677 1026 2812 1080 mala
2837 1026 2938 1080 erit
2956 1025 3295 1095 quibusdam,
3317 1026 3444 1080 bona
3464 1027 3556 1082 erit
3568 1028 3741 1095 quibus

2226 1114 2370 1169 ἀπιῇ.
2384 1115 2909 1184 Numquid-initiatam
2922 1117 3025 1170 illis
3039 1115 3461 1186 (mihisdioetur:
3477 1115 3649 1179 Venite.
3664 1118 3739 1171 ive-

2230 1203 2414 1258 nedicti
2433 1205 2602 1260 Patris
2616 1207 2732 1267 uici.
2756 1208 2993 1277 percipite
3009 1207 3253 1278 regant?
3270 1205 3374 1262 Sed
3392 1208 3524 1261 insula
3544 1207 3634 1261 erit
3662 1207 3745 1262 illis

2236 1295 2426 1363 quibus
2445 1295 2685 1351 dicetur:
2707 1295 2786 1349 ite
2802 1297 2853 1350 in
2872 1298 3035 1368 ignem
3059 1309 3296 1351 aues-num
3322 1295 3650 1367 (ﬂauum.
3671 1297 3742 1358 54.

2233 1386 2345 1455 Μ).
2372 1385 2526 1452 Quod
2552 1386 2597 1441 si
2616 1387 2867 1455 iniquitas
2894 1387 3126 1442 mdeanei
3158 1386 3246 1440 sui
3272 1385 3603 1441 circuuxhbit
3623 1401 3743 1450 eum,

2230 1476 2415 1546 utquid
2438 1491 2565 1547 ergo
2584 1477 2739 1533 timet
2764 1479 2817 1532 in
2846 1477 2931 1532 die
2955 1478 3125 1531 mala?
3152 1477 3306 1532 Modo
3333 1490 3447 1532 cum
3471 1476 3749 1545 vivuntpro-

2226 1568 2443 1623 videant
2463 1569 2584 1634 sibi,
2616 1570 2800 1624 tollant
2841 1570 3165 1638 iniquitatem
3192 1584 3222 1622 ει
3249 1568 3492 1623 calcaneo
3514 1582 3748 1622 suozam-

2234 1659 2417 1716 bulent
2442 1661 2584 1716 illam
2620 1661 2786 1728 viam,
2825 1660 3095 1715 ambulent
3130 1674 3229 1729 per
3265 1658 3399 1713 viam
3436 1658 3501 1713 de
3531 1672 3627 1728 qua
3659 1658 3752 1727 ipse

2233 1752 2382 1816 dixit,
2414 1752 2527 1823 Ego
2545 1769 2656 1806 sicut
2674 1750 2772 1815 ria,
2798 1760 2848 1806 et
2868 1751 3069 1818 verum,
3090 1758 3139 1805 et
3154 1751 3256 1803 vita
3287 1747 3459 1819 (Jonn.
3489 1762 3593 1811 xw,
3613 1745 3665 1816 6)
3680 1754 3754 1800 εει

2233 1859 2339 1897 non
2368 1844 2584 1898 timeant
2624 1841 2676 1898 in
2716 1843 2807 1897 die
2831 1843 2989 1905 mala.
3031 1843 3153 1912 quia
3180 1841 3271 1894 dat
3292 1839 3400 1894 illis
3438 1840 3753 1903 searritatem,

2234 1933 2322 2002 qui
2352 1932 2518 1988 factus
2540 1940 2625 1988 est
2643 1932 2745 1986 ria.
2766 1930 2962 2003 Ulquid
2984 1931 3162 1986 timebo
3185 1932 3240 1984 in
3261 1930 3341 1984 die
3361 1927 3524 1982 male?
3543 1925 3755 1997 Iniquum

2228 2023 2454 2078 δαιταηά
2474 2023 2574 2077 mei
2592 2021 2925 2077 tiret-Idalia
2959 2038 3056 2076 nte.
3082 2021 3234 2091 Ergo
3273 2021 3435 2075 vitent
3468 2019 3755 2088 iniquitatem

2234 2115 2467 2172 calcanei
2506 2116 2610 2170 sui.
2656 2115 2712 2170 ln
2756 2115 3005 2170 ρειπωιεο
3045 2114 3272 2184 quisque
3311 2112 3515 2167 labitur.
3550 2109 3757 2166 late-dat

2209 2205 2477 2262 Charitas
2509 2208 2712 2263 Vestra.
2763 2207 2805 2261 A
2852 2207 2962 2262 Deo
2996 2205 3123 2276 quid
3161 2204 3359 2260 (ictum
3404 2213 3486 2260 est
3522 2202 3758 2272 serpenti?

2234 2296 2362 2367 Ipsa
2384 2308 2526 2352 tuum
2545 2297 2824 2352 obsereabit
2844 2305 3021 2367 caput,
3048 2306 3092 2350 et
3117 2305 3171 2350 tu
3200 2296 3313 2366 eius
3335 2293 3598 2349 obeundis
3617 2293 3758 2346 ealcu-

2237 2404 2381 2442 m
2415 2386 2565 2458 (ϐαι.
2583 2402 2665 2453 n,
2694 2387 2803 2458 15).
2831 2386 3079 2442 unum
3100 2384 3409 2441 caicanemn
3432 2393 3572 2439 tuum
3598 2367 3756 2438 obsu—

2236 2486 2347 2542 vat.
2375 2478 2588 2549 quando
2625 2479 2839 2545 labaris,
2867 2487 2924 2533 ut
2944 2477 3159 2548 deiieiat
3184 2484 3263 2532 te.
3296 2476 3388 2532 ille
3424 2477 3653 2531 observat
3668 2473 3759 2529 cal-

2236 2586 2463 2627 cuneum
2483 2580 2652 2636 tuum,
2680 2580 2738 2626 tu
2762 2571 2985 2625 observa
3010 2579 3168 2640 caput
3192 2570 3354 2624 illius.
3375 2568 3521 2637 Quod
3536 2577 3613 2624 est
3632 2575 3761 2637 caput

2240 2662 2413 2718 illius?
2443 2661 2651 2717 Initium
2666 2663 2820 2717 malm
2841 2660 3223 2732 suggestionis.
3238 2659 3456 2728 Quando
3648 2656 3760 2712 mala

2241 2768 2543 2826 suggerere.
2572 2762 2702 2808 tunc
2740 2751 2939 2823 repelle
2978 2760 3271 2821 antequam
3297 2758 3475 2821 surgat
3496 2747 3759 2811 delectatio,

2234 2855 2295 2901 et
2319 2854 2570 2916 sequatur
2594 2843 2904 2908 consensio;
2948 2850 3004 2898 et
3050 2850 3174 2898 tunc
3229 2842 3418 2897 vitabis
3460 2849 3608 2911 caput
3646 2840 3760 2907 eius,

2229 2948 2295 2993 .et
2318 2951 2421 2992 non
2464 2934 2826 3007 apprehendat
2864 2935 2954 2990 llle
2976 2934 3286 2990 calcaneum
3316 2947 3478 2989 tuum.
3503 2934 3663 3002 Quare
3681 2947 3761 2986 al-

2240 3037 2348 3084 tem
2374 3028 2500 3084 Evm
2525 3027 2627 3082 hoc
2650 3026 2814 3081 dixit?
2857 3014 2994 3095 Quia
3036 3041 3131 3096 per
3170 3040 3388 3082 carnem
3412 3026 3595 3081 labitur
3611 3025 3762 3077 homo.

2238 3119 2350 3175 Eva
2377 3120 2526 3174 nobis
2546 3119 2764 3174 interior
2785 3132 2912 3173 caro
2940 3125 3117 3172 nostra
3145 3127 3253 3174 est.
3281 3118 3381 3186 Qui
3403 3117 3582 3189 diligit.
3604 3115 3762 3183 inquit.

2238 3225 2445 3265 uxorem
2469 3225 2634 3274 suam,
2662 3208 2881 3279 reiprurn
2906 3206 3092 3278 diligit.
3119 3209 3261 3275 Quid
3302 3217 3401 3271 est.
3430 3206 3666 3278 «ipsum?
3687 3203 3765 3259 Se-

2238 3302 2438 3372 quitur,
2469 3308 2523 3355 et
2540 3299 2702 3356 dicit:
2729 3298 2895 3375 Nemo
2922 3299 3053 3354 enim
3078 3315 3301 3370 unquam
3318 3316 3514 3355 carnem
3531 3314 3660 3353 rem
3672 3295 3766 3349 odio

2242 3392 2413 3446 habuit
2441 3390 2654 3464 (Epiros.
2679 3407 2733 3457 v,
2772 3390 2862 3453 28.
2891 3388 3006 3462 ‘29).
3044 3390 3177 3458 Quia
3218 3407 3350 3462 ergo
3372 3389 3626 3462 quomodo
3646 3389 3765 3442 illurn

2240 3483 2510 3539 hominem
2533 3482 2700 3538 Adam
2729 3499 2822 3552 per
2847 3482 3008 3538 Evam
3048 3483 3410 3552 supplantavit
3437 3482 3580 3557 (Gen.
3604 3497 3675 3544 nt.
3700 3479 3764 3547 6).

2239 3576 2322 3631 sic
2348 3574 2588 3631 diabolus
2627 3589 2720 3642 per
2747 3588 2959 3629 carnem
2988 3575 3099 3629 vult
3126 3589 3229 3630 nos
3265 3575 3623 3646 supplantare;
3658 3588 3769 3642 prm-

2244 3674 2453 3735 ceptum
2481 3672 2565 3719 est
2591 3664 2733 3719 Evm‘
2756 3673 2814 3719 ut
2841 3663 3088 3719 observet
3108 3674 3275 3733 caput
3301 3665 3513 3733 diaboli,
3541 3664 3652 3735 quia
3673 3662 3767 3716 dia-
3876 3683 3887 3697 -

2244 3758 2396 3813 bolos
2433 3758 2736 3813 calcaneum
2784 3757 2947 3826 ipsius
2986 3757 3258 3813 observat.
3303 3758 3359 3814 Si
3406 3773 3532 3828 ergo
3558 3756 3770 3827 iniquitas

2240 3849 2475 3906 calcanei
2489 3848 2832 3904 circumdabit
2856 3864 2971 3911 nos.
2990 3848 3171 3918 utquid
3194 3850 3443 3905 timemus
3463 3850 3515 3904 in
3533 3847 3614 3904 die
3636 3844 3767 3909 mala,

2243 3954 2365 3997 cum
2390 3938 2631 4001 conversi
2656 3938 2723 3992 ad
2764 3937 3027 3993 Christum
3070 3938 3359 3995 habeamus
3384 3941 3438 3995 in
3464 3946 3703 4009 potestate
3725 3946 3771 3987 ut

2248 4046 2352 4086 non
2375 4030 2632 4086 faciamus
2656 4028 3011 4099 iniquitatem;
3042 4039 3095 4084 et
3122 4043 3231 4083 non
3271 4031 3377 4085 erit
3416 4028 3553 4100 quod
3580 4041 3669 4081 nos
3688 4023 3775 4080 cir-

2245 4120 2476 4185 cumdet,
2514 4129 2570 4176 et
2607 4120 2950 4190 gaudebimus
2979 4120 3030 4174 in
3058 4119 3146 4175 die
3184 4121 3496 4188 novissima,
3526 4131 3625 4173 non
3648 4119 3770 4188 plain

2245 4214 2460 4283 genius?

2318 4302 2369 4357 7.
2406 4299 2556 4374 lucra.
2597 4298 2675 4372 7.]
2703 4298 2801 4366 Qui
2826 4308 2949 4355 sunt
2972 4309 3148 4355 autem
3169 4313 3307 4369 quos
3329 4298 3663 4356 circumdabit
3694 4294 3767 4348 inii

2215 4414 2218 4417 λ
2246 4393 2418 4463 quitas
2434 4391 2667 4446 calcanei
2687 4390 2710 4443 ἲ
2733 4388 2830 4456 Qui
2844 4390 3101 4459 conﬁdunt
3114 4389 3166 4443 in
3184 4389 3368 4444 uirtute
3385 4403 3499 4454 sua,
3520 4401 3563 4443 et
3580 4389 3628 4441 in
3644 4385 3776 4439 abut.-

2247 4483 2420 4537 dantia
2443 4482 2725 4536 divitiarum
2744 4496 2954 4540 suarum
2976 4480 3280 4552 gloriantur.
3312 4481 3453 4550 Ergo
3475 4480 3640 4535 vitabo
3665 4477 3774 4532 ista.

2246 4584 2303 4629 et
2339 4587 2441 4628 non
2485 4571 2728 4641 iniquitas
2751 4572 2986 4645 calcanei
3028 4571 3132 4625 mei
3156 4570 3505 4626 circumdabit
3543 4587 3641 4623 me.
3663 4565 3772 4634 Quid

2248 4674 2333 4720 est
2347 4665 2513 4719 vitare
2540 4663 2672 4717 ista?
2696 4662 2807 4717 Non
2835 4660 3159 4716 conﬁdamus
3186 4661 3239 4715 in
3261 4662 3457 4717 virtute
3482 4671 3665 4722 nostra,
3689 4670 3776 4710 non

2247 4755 2529 4825 gloriemur
2566 4754 2621 4809 in
2656 4751 2971 4809 abundantia
3012 4751 3314 4806 divitiarum
3356 4743 3776 4812 nostrarum;le

2248 4846 2532 4913 gloriemur
2561 4843 2613 4898 in
2649 4857 2715 4898 eo
2742 4841 2833 4913 qui
2858 4840 3011 4897 nobis
3041 4842 3288 4912 promisit
3316 4840 3598 4897 humilibus
3626 4837 3779 4892 altituo

2248 4934 2448 5000 dinem,
2469 4943 2522 4989 et
2542 4934 2770 4988 minatus
2789 4939 2873 4989 est
2885 4931 3041 4987 elatis
3059 4931 3453 4988 damnationem
3473 4946 3490 4996 ;
3513 4941 3566 4989 et
3588 4943 3683 4983 non
3702 4940 3780 4979 nas

2250 5026 2496 5095 iniquitas
2521 5023 2755 5080 calcnnei
2792 5021 3157 5079 circumdabit.
3189 5022 3292 5089 Qui
3329 5023 3585 5091 conﬁdunt
3620 5020 3666 5074 in
3699 5015 3782 5071 rit-

2251 5126 2355 5171 tute
2390 5133 2503 5184 sua,
2535 5126 2582 5170 et
2614 5116 2668 5170 in
2692 5115 2999 5171 abundantia
3025 5113 3312 5168 divitiarum
3340 5128 3547 5167 suarum
3585 5110 3782 5182 gloriari.

2253 5218 2352 5262 tur.

2321 5298 2373 5354 8.
2406 5295 2554 5370 [υεη.
2585 5293 2662 5369 8.]
2704 5294 2841 5353 Sunt
2877 5296 2968 5364 qui
3007 5305 3332 5365 praesumunt
3367 5295 3421 5348 in
3449 5293 3628 5349 amicis
3661 5288 3782 5343 suis:

2254 5387 2340 5443 alii
2360 5393 2685 5459 pmsumunt
2707 5386 2759 5441 in
2787 5386 2978 5440 virtute
3006 5400 3120 5451 sua,
3153 5385 3239 5441 alii
3282 5384 3335 5439 in
3364 5384 3577 5439 divitiis.
3603 5380 3695 5437 lata
3718 5384 3785 5432 est

2253 5479 2592 5549 praesumptio
2609 5476 2817 5548 generis
2837 5478 3071 5544 humani,
3094 5492 3197 5533 nou
3218 5478 3587 5546 prazsumentis
3605 5477 3652 5529 in
3672 5474 3783 5525 Deo.

2256 5569 2394 5627 Dixit
2429 5570 2500 5628 de
2533 5569 2761 5634 virtute,
2799 5566 2932 5625 dixit
2968 5568 3039 5624 de
3071 5568 3296 5630 divitiis,
3325 5566 3458 5622 dicit
3490 5571 3557 5623 dc
3579 5561 3746 5620 amicis
3772 5573 3785 5610 :

2256 5725 2425 5783 Adam.
2450 5721 2533 5788 qui
2547 5728 2684 5774 natus
2704 5727 2850 5788 estea:
2872 5718 3041 5788 4dam.
3079 5721 3168 5788 sed
3196 5716 3367 5788 cogitet
3387 5715 3473 5775 qui
3492 5721 3622 5765 naua
3653 5716 3716 5763 est
3734 5717 3789 5761 ex

2196 5822 2206 5833 .
2259 5781 2681 5839 admouentur
2695 5791 2767 5838 est
2782 5781 3021 5835 Christum
3052 5783 3164 5846 quia
3186 5785 3387 5845 operta,
3403 5788 3499 5829 etc.
