  <div class='ocr_page' id='page_1' title='image "/cluster/home/n/w/nwhite01/storage/ocr_20150623/36/hvd.32044096580584/283.png"; bbox 0 0 4004 6200; ppageno 0'>
   <div class='ocr_carea' id='block_1_1' title="bbox 444 483 1982 583">
    <p class='ocr_par' dir='ltr' id='par_1_1' title="bbox 444 483 1982 583">
     <span class='ocr_line' id='line_1_1' title="bbox 444 483 1982 583; baseline -0.018 -17"><span class='ocrx_word' id='word_1_1' title='bbox 444 519 655 583; x_wconf 83' lang='lat' dir='ltr'><strong>postea;</strong></span> <span class='ocrx_word' id='word_1_2' title='bbox 685 504 784 562; x_wconf 88' lang='lat' dir='ltr'><strong>erit</strong></span> <span class='ocrx_word' id='word_1_3' title='bbox 811 501 949 557; x_wconf 88' lang='lat' dir='ltr'><strong>enim</strong></span> <span class='ocrx_word' id='word_1_4' title='bbox 979 498 1085 552; x_wconf 85' lang='lat' dir='ltr'><strong>vita</strong></span> <span class='ocrx_word' id='word_1_5' title='bbox 1103 483 1287 551; x_wconf 85' lang='lat' dir='ltr'><strong>nostra</strong></span> <span class='ocrx_word' id='word_1_6' title='bbox 1319 488 1560 548; x_wconf 83' lang='lat' dir='ltr'><strong>Christus</strong></span> <span class='ocrx_word' id='word_1_7' title='bbox 1594 489 1648 544; x_wconf 91' lang='lat' dir='ltr'><strong>in</strong></span> <span class='ocrx_word' id='word_1_8' title='bbox 1683 497 1935 543; x_wconf 65' lang='lat' dir='ltr'><strong>arternum</strong></span> <span class='ocrx_word' id='word_1_9' title='bbox 1968 503 1982 539; x_wconf 89' lang='lat'>:</span> 
     </span>
    </p>
   </div>
   <div class='ocr_carea' id='block_1_2' title="bbox 446 576 1990 663">
    <p class='ocr_par' dir='ltr' id='par_1_2' title="bbox 446 576 1990 663">
     <span class='ocr_line' id='line_1_2' title="bbox 446 576 1990 663; baseline -0.018 -6"><span class='ocrx_word' id='word_1_10' title='bbox 446 576 521 658; x_wconf 82' lang='lat' dir='ltr'><strong>illi</strong></span> <span class='ocrx_word' id='word_1_11' title='bbox 547 608 719 653; x_wconf 89' lang='lat' dir='ltr'><strong>autem</strong></span> <span class='ocrx_word' id='word_1_12' title='bbox 744 593 833 663; x_wconf 87' lang='lat' dir='ltr'><strong>qui</strong></span> <span class='ocrx_word' id='word_1_13' title='bbox 862 590 949 645; x_wconf 90' lang='lat' dir='ltr'><strong>hic</strong></span> <span class='ocrx_word' id='word_1_14' title='bbox 973 588 1156 643; x_wconf 92' lang='lat' dir='ltr'><strong>volunt</strong></span> <span class='ocrx_word' id='word_1_15' title='bbox 1182 584 1379 641; x_wconf 83' lang='lat' dir='ltr'><strong>habere</strong></span> <span class='ocrx_word' id='word_1_16' title='bbox 1398 583 1582 648; x_wconf 88' lang='lat' dir='ltr'><strong>vitam,</strong></span> <span class='ocrx_word' id='word_1_17' title='bbox 1611 576 1918 634; x_wconf 86' lang='lat' dir='ltr'><strong>laborabunt</strong></span> <span class='ocrx_word' id='word_1_18' title='bbox 1937 576 1990 629; x_wconf 90' lang='lat' dir='ltr'><strong>in</strong></span> 
     </span>
    </p>
   </div>
   <div class='ocr_carea' id='block_1_3' title="bbox 447 676 1299 747">
    <p class='ocr_par' dir='ltr' id='par_1_3' title="bbox 447 676 1299 747">
     <span class='ocr_line' id='line_1_3' title="bbox 447 676 1299 747; baseline -0.021 -1"><span class='ocrx_word' id='word_1_19' title='bbox 447 700 723 747; x_wconf 78' lang='lat' dir='ltr'><strong>aeternum,</strong></span> <span class='ocrx_word' id='word_1_20' title='bbox 757 691 812 739; x_wconf 91' lang='lat' dir='ltr'><strong>et</strong></span> <span class='ocrx_word' id='word_1_21' title='bbox 838 682 1016 735; x_wconf 87' lang='lat' dir='ltr'><strong>vivent</strong></span> <span class='ocrx_word' id='word_1_22' title='bbox 1043 679 1095 732; x_wconf 88' lang='lat' dir='ltr'><strong>in</strong></span> <span class='ocrx_word' id='word_1_23' title='bbox 1123 676 1299 731; x_wconf 81' lang='lat' dir='ltr'><strong>linem.</strong></span> 
     </span>
    </p>
   </div>
   <div class='ocr_carea' id='block_1_4' title="bbox 518 752 1993 851">
    <p class='ocr_par' dir='ltr' id='par_1_4' title="bbox 518 752 1993 851">
     <span class='ocr_line' id='line_1_4' title="bbox 518 752 1993 851; baseline -0.02 -15"><span class='ocrx_word' id='word_1_24' title='bbox 518 783 602 837; x_wconf 93' lang='grc'><strong>11.</strong></span> <span class='ocrx_word' id='word_1_25' title='bbox 644 776 793 851; x_wconf 83' lang='lat' dir='ltr'><strong>[vers.</strong></span> <span class='ocrx_word' id='word_1_26' title='bbox 827 771 937 846; x_wconf 83' lang='lat' dir='ltr'><strong>ll.]</strong></span> <span class='ocrx_word' id='word_1_27' title='bbox 969 770 1216 843; x_wconf 77' lang='lat' dir='ltr'><strong>Quoniam</strong></span> <span class='ocrx_word' id='word_1_28' title='bbox 1245 752 1345 820; x_wconf 85' lang='lat' dir='ltr'><strong>non</strong></span> <span class='ocrx_word' id='word_1_29' title='bbox 1375 761 1556 818; x_wconf 76' lang='lat' dir='ltr'><strong>videbit</strong></span> <span class='ocrx_word' id='word_1_30' title='bbox 1575 759 1852 822; x_wconf 82' lang='lat' dir='ltr'><strong>interitum,</strong></span> <span class='ocrx_word' id='word_1_31' title='bbox 1879 771 1993 809; x_wconf 82' lang='lat' dir='ltr'><strong>eum</strong></span> 
     </span>
    </p>
   </div>
   <div class='ocr_carea' id='block_1_5' title="bbox 447 849 1997 937">
    <p class='ocr_par' dir='ltr' id='par_1_5' title="bbox 447 849 1997 937">
     <span class='ocr_line' id='line_1_5' title="bbox 447 849 1997 937; baseline -0.02 -8"><span class='ocrx_word' id='word_1_32' title='bbox 447 872 623 929; x_wconf 74' lang='lat' dir='ltr'><strong>viderit</strong></span> <span class='ocrx_word' id='word_1_33' title='bbox 647 849 898 937; x_wconf 71' lang='lat' dir='ltr'><strong>sapientes</strong></span> <span class='ocrx_word' id='word_1_34' title='bbox 922 863 1207 917; x_wconf 83' lang='lat' dir='ltr'><strong>morientes.</strong></span> <span class='ocrx_word' id='word_1_35' title='bbox 1235 858 1337 912; x_wconf 86' lang='lat' dir='ltr'><strong>Iste</strong></span> <span class='ocrx_word' id='word_1_36' title='bbox 1363 854 1451 925; x_wconf 85' lang='lat' dir='ltr'><strong>qui</strong></span> <span class='ocrx_word' id='word_1_37' title='bbox 1482 852 1740 907; x_wconf 73' lang='lat' dir='ltr'><strong>laboravit</strong></span> <span class='ocrx_word' id='word_1_38' title='bbox 1760 849 1813 903; x_wconf 89' lang='lat' dir='ltr'><strong>in</strong></span> <span class='ocrx_word' id='word_1_39' title='bbox 1841 855 1997 901; x_wconf 63' lang='lat' dir='ltr'><strong>mter-</strong></span> 
     </span>
    </p>
   </div>
   <div class='ocr_carea' id='block_1_6' title="bbox 406 934 1997 1027">
    <p class='ocr_par' dir='ltr' id='par_1_6' title="bbox 406 934 1997 1027">
     <span class='ocr_line' id='line_1_6' title="bbox 406 934 1997 1027; baseline -0.021 -8"><span class='ocrx_word' id='word_1_40' title='bbox 406 1016 409 1021; x_wconf 75' lang='lat'>,</span> <span class='ocrx_word' id='word_1_41' title='bbox 440 977 593 1027; x_wconf 87' lang='lat' dir='ltr'><strong>num,</strong></span> <span class='ocrx_word' id='word_1_42' title='bbox 616 967 671 1013; x_wconf 91' lang='lat' dir='ltr'><strong>et</strong></span> <span class='ocrx_word' id='word_1_43' title='bbox 691 934 830 1011; x_wconf 84' lang='lat' dir='ltr'><strong>vivet</strong></span> <span class='ocrx_word' id='word_1_44' title='bbox 858 955 907 1008; x_wconf 91' lang='lat' dir='ltr'><strong>in</strong></span> <span class='ocrx_word' id='word_1_45' title='bbox 936 952 1093 1006; x_wconf 82' lang='lat' dir='ltr'><strong>ﬁnem</strong></span> <span class='ocrx_word' id='word_1_46' title='bbox 1113 990 1129 1016; x_wconf 93' lang='lat'><strong>,</strong></span> <span class='ocrx_word' id='word_1_47' title='bbox 1154 963 1256 1002; x_wconf 89' lang='lat' dir='ltr'><strong>non</strong></span> <span class='ocrx_word' id='word_1_48' title='bbox 1277 943 1458 999; x_wconf 78' lang='lat' dir='ltr'><strong>uidebit</strong></span> <span class='ocrx_word' id='word_1_49' title='bbox 1480 941 1888 999; x_wconf 80' lang='lat' dir='ltr'><strong>interitum,&#39;cum</strong></span> <span class='ocrx_word' id='word_1_50' title='bbox 1918 934 1997 987; x_wconf 74' lang='lat' dir='ltr'><strong>oi-</strong></span> 
     </span>
    </p>
   </div>
   <div class='ocr_carea' id='block_1_7' title="bbox 445 1025 1999 1119">
    <p class='ocr_par' dir='ltr' id='par_1_7' title="bbox 445 1025 1999 1119">
     <span class='ocr_line' id='line_1_7' title="bbox 445 1025 1999 1119; baseline -0.019 -12"><span class='ocrx_word' id='word_1_51' title='bbox 445 1053 568 1107; x_wconf 86' lang='lat' dir='ltr'><strong>derit</strong></span> <span class='ocrx_word' id='word_1_52' title='bbox 582 1025 838 1119; x_wconf 77' lang='lat' dir='ltr'><strong>sapientes</strong></span> <span class='ocrx_word' id='word_1_53' title='bbox 856 1043 1116 1098; x_wconf 80' lang='lat' dir='ltr'><strong>morientes</strong></span> <span class='ocrx_word' id='word_1_54' title='bbox 1136 1055 1155 1093; x_wconf 91' lang='lat'><strong><em>:</em></strong></span> <span class='ocrx_word' id='word_1_55' title='bbox 1180 1035 1304 1107; x_wconf 88' lang='lat' dir='ltr'><strong>quid</strong></span> <span class='ocrx_word' id='word_1_56' title='bbox 1330 1042 1413 1090; x_wconf 87' lang='lat' dir='ltr'><strong>est</strong></span> <span class='ocrx_word' id='word_1_57' title='bbox 1440 1032 1538 1087; x_wconf 90' lang='lat' dir='ltr'><strong>hoc</strong></span> <span class='ocrx_word' id='word_1_58' title='bbox 1554 1030 1579 1084; x_wconf 76' lang='lat' dir='ltr'><strong>‘I</strong></span> <span class='ocrx_word' id='word_1_59' title='bbox 1598 1029 1713 1084; x_wconf 84' lang='lat' dir='ltr'><strong>Non</strong></span> <span class='ocrx_word' id='word_1_60' title='bbox 1742 1025 1999 1094; x_wconf 67' lang='lat' dir='ltr'><strong>intelliget</strong></span> 
     </span>
    </p>
   </div>
   <div class='ocr_carea' id='block_1_8' title="bbox 446 1117 1996 1214">
    <p class='ocr_par' dir='ltr' id='par_1_8' title="bbox 446 1117 1996 1214">
     <span class='ocr_line' id='line_1_8' title="bbox 446 1117 1996 1214; baseline -0.02 -16"><span class='ocrx_word' id='word_1_61' title='bbox 446 1142 571 1214; x_wconf 89' lang='lat' dir='ltr'><strong>quid</strong></span> <span class='ocrx_word' id='word_1_62' title='bbox 598 1117 666 1197; x_wconf 83' lang='lat' dir='ltr'><strong>sit</strong></span> <span class='ocrx_word' id='word_1_63' title='bbox 686 1136 945 1196; x_wconf 85' lang='lat' dir='ltr'><strong>interitus,</strong></span> <span class='ocrx_word' id='word_1_64' title='bbox 964 1129 1174 1203; x_wconf 84' lang='lat' dir='ltr'><strong>quando</strong></span> <span class='ocrx_word' id='word_1_65' title='bbox 1198 1126 1388 1181; x_wconf 88' lang='lat' dir='ltr'><strong>viderit</strong></span> <span class='ocrx_word' id='word_1_66' title='bbox 1412 1123 1675 1193; x_wconf 90' lang='lat' dir='ltr'><strong>sapientes</strong></span> <span class='ocrx_word' id='word_1_67' title='bbox 1690 1117 1996 1172; x_wconf 90' lang='lat' dir='ltr'><strong>morientes.</strong></span> 
     </span>
    </p>
   </div>
   <div class='ocr_carea' id='block_1_9' title="bbox 447 1217 2000 1291">
    <p class='ocr_par' dir='ltr' id='par_1_9' title="bbox 447 1217 2000 1291">
     <span class='ocr_line' id='line_1_9' title="bbox 447 1217 2000 1291; baseline -0.019 -2"><span class='ocrx_word' id='word_1_68' title='bbox 447 1234 582 1289; x_wconf 92' lang='lat' dir='ltr'><strong>Dicit</strong></span> <span class='ocrx_word' id='word_1_69' title='bbox 605 1231 744 1287; x_wconf 90' lang='lat' dir='ltr'><strong>enim</strong></span> <span class='ocrx_word' id='word_1_70' title='bbox 773 1227 872 1282; x_wconf 92' lang='lat' dir='ltr'><strong>sibi</strong></span> <span class='ocrx_word' id='word_1_71' title='bbox 904 1243 919 1278; x_wconf 92' lang='lat'><strong>:</strong></span> <span class='ocrx_word' id='word_1_72' title='bbox 952 1225 1084 1286; x_wconf 87' lang='lat' dir='ltr'><strong>lste,</strong></span> <span class='ocrx_word' id='word_1_73' title='bbox 1115 1220 1235 1291; x_wconf 86' lang='lat' dir='ltr'><strong>quia</strong></span> <span class='ocrx_word' id='word_1_74' title='bbox 1272 1217 1482 1287; x_wconf 84' lang='lat' dir='ltr'><strong>sapiens</strong></span> <span class='ocrx_word' id='word_1_75' title='bbox 1508 1221 1654 1275; x_wconf 90' lang='lat' dir='ltr'><strong>erat,</strong></span> <span class='ocrx_word' id='word_1_76' title='bbox 1684 1218 1883 1265; x_wconf 90' lang='lat' dir='ltr'><strong>etcum</strong></span> <span class='ocrx_word' id='word_1_77' title='bbox 1911 1222 2000 1261; x_wconf 86' lang='lat' dir='ltr'><strong>sa-</strong></span> 
     </span>
    </p>
   </div>
   <div class='ocr_carea' id='block_1_10' title="bbox 449 1302 2000 1396">
    <p class='ocr_par' dir='ltr' id='par_1_10' title="bbox 449 1302 2000 1396">
     <span class='ocr_line' id='line_1_10' title="bbox 449 1302 2000 1396; baseline -0.021 -15"><span class='ocrx_word' id='word_1_78' title='bbox 449 1326 641 1396; x_wconf 89' lang='lat' dir='ltr'><strong>pientia</strong></span> <span class='ocrx_word' id='word_1_79' title='bbox 669 1318 1013 1383; x_wconf 87' lang='lat' dir='ltr'><strong>iuhabitabat,</strong></span> <span class='ocrx_word' id='word_1_80' title='bbox 1037 1324 1228 1370; x_wconf 90' lang='lat' dir='ltr'><strong>etcum</strong></span> <span class='ocrx_word' id='word_1_81' title='bbox 1255 1310 1448 1380; x_wconf 89' lang='lat' dir='ltr'><strong>pietate</strong></span> <span class='ocrx_word' id='word_1_82' title='bbox 1468 1306 1628 1360; x_wconf 87' lang='lat' dir='ltr'><strong>Deum</strong></span> <span class='ocrx_word' id='word_1_83' title='bbox 1644 1302 1823 1367; x_wconf 83' lang='lat' dir='ltr'><strong>coluit,</strong></span> <span class='ocrx_word' id='word_1_84' title='bbox 1846 1314 2000 1353; x_wconf 86' lang='lat' dir='ltr'><strong>num-</strong></span> 
     </span>
    </p>
   </div>
   <div class='ocr_carea' id='block_1_11' title="bbox 452 1390 1999 1486">
    <p class='ocr_par' dir='ltr' id='par_1_11' title="bbox 452 1390 1999 1486">
     <span class='ocr_line' id='line_1_11' title="bbox 452 1390 1999 1486; baseline -0.022 -15"><span class='ocrx_word' id='word_1_85' title='bbox 452 1390 574 1486; x_wconf 77' lang='lat' dir='ltr'><strong>quid</strong></span> <span class='ocrx_word' id='word_1_86' title='bbox 600 1428 704 1468; x_wconf 90' lang='lat' dir='ltr'><strong>non</strong></span> <span class='ocrx_word' id='word_1_87' title='bbox 730 1418 812 1466; x_wconf 88' lang='lat' dir='ltr'><strong>est</strong></span> <span class='ocrx_word' id='word_1_88' title='bbox 841 1402 1117 1461; x_wconf 87' lang='lat' dir='ltr'><strong>mortuus?</strong></span> <span class='ocrx_word' id='word_1_89' title='bbox 1147 1399 1357 1455; x_wconf 86' lang='lat' dir='ltr'><strong>Faciam</strong></span> <span class='ocrx_word' id='word_1_90' title='bbox 1380 1394 1508 1450; x_wconf 90' lang='lat' dir='ltr'><strong>mihi</strong></span> <span class='ocrx_word' id='word_1_91' title='bbox 1543 1406 1671 1461; x_wconf 90' lang='lat' dir='ltr'><strong>ergo</strong></span> <span class='ocrx_word' id='word_1_92' title='bbox 1699 1390 1854 1451; x_wconf 88' lang='lat' dir='ltr'><strong>bene,</strong></span> <span class='ocrx_word' id='word_1_93' title='bbox 1881 1401 1999 1441; x_wconf 91' lang='lat' dir='ltr'><strong>eum</strong></span> 
     </span>
    </p>
   </div>
   <div class='ocr_carea' id='block_1_12' title="bbox 455 1480 2002 1565">
    <p class='ocr_par' dir='ltr' id='par_1_12' title="bbox 455 1480 2002 1565">
     <span class='ocr_line' id='line_1_12' title="bbox 455 1480 2002 1565; baseline -0.021 -5"><span class='ocrx_word' id='word_1_94' title='bbox 455 1480 574 1560; x_wconf 75' lang='lat' dir='ltr'><strong>vivo</strong></span> <span class='ocrx_word' id='word_1_95' title='bbox 602 1519 617 1557; x_wconf 87' lang='lat'><strong>:</strong></span> <span class='ocrx_word' id='word_1_96' title='bbox 647 1517 767 1557; x_wconf 90' lang='lat' dir='ltr'><strong>nam</strong></span> <span class='ocrx_word' id='word_1_97' title='bbox 813 1499 856 1553; x_wconf 90' lang='lat' dir='ltr'><strong>si</strong></span> <span class='ocrx_word' id='word_1_98' title='bbox 886 1493 1080 1565; x_wconf 89' lang='lat' dir='ltr'><strong>aliquid</strong></span> <span class='ocrx_word' id='word_1_99' title='bbox 1109 1497 1323 1562; x_wconf 79' lang='lat' dir='ltr'><strong>possent</strong></span> <span class='ocrx_word' id='word_1_100' title='bbox 1349 1486 1437 1557; x_wconf 90' lang='lat' dir='ltr'><strong>qui</strong></span> <span class='ocrx_word' id='word_1_101' title='bbox 1474 1482 1614 1538; x_wconf 88' lang='lat' dir='ltr'><strong>aliud</strong></span> <span class='ocrx_word' id='word_1_102' title='bbox 1639 1480 1870 1551; x_wconf 88' lang='lat' dir='ltr'><strong>sapiunt,</strong></span> <span class='ocrx_word' id='word_1_103' title='bbox 1897 1490 2002 1530; x_wconf 90' lang='lat' dir='ltr'><strong>non</strong></span> 
     </span>
    </p>
   </div>
   <div class='ocr_carea' id='block_1_13' title="bbox 456 1568 2008 1655">
    <p class='ocr_par' dir='ltr' id='par_1_13' title="bbox 456 1568 2008 1655">
     <span class='ocr_line' id='line_1_13' title="bbox 456 1568 2008 1655; baseline -0.022 -1"><span class='ocrx_word' id='word_1_104' title='bbox 456 1605 805 1655; x_wconf 78' lang='lat' dir='ltr'><strong>morerentur.</strong></span> <span class='ocrx_word' id='word_1_105' title='bbox 836 1590 989 1643; x_wconf 83' lang='lat' dir='ltr'><strong>Videt</strong></span> <span class='ocrx_word' id='word_1_106' title='bbox 1018 1586 1162 1639; x_wconf 88' lang='lat' dir='ltr'><strong>illum</strong></span> <span class='ocrx_word' id='word_1_107' title='bbox 1196 1580 1362 1645; x_wconf 91' lang='lat' dir='ltr'><strong>mori,</strong></span> <span class='ocrx_word' id='word_1_108' title='bbox 1403 1585 1459 1633; x_wconf 91' lang='lat' dir='ltr'><strong>et</strong></span> <span class='ocrx_word' id='word_1_109' title='bbox 1486 1591 1590 1631; x_wconf 90' lang='lat' dir='ltr'><strong>non</strong></span> <span class='ocrx_word' id='word_1_110' title='bbox 1616 1573 1761 1628; x_wconf 81' lang='lat' dir='ltr'><strong>videt</strong></span> <span class='ocrx_word' id='word_1_111' title='bbox 1788 1584 1905 1640; x_wconf 68' lang='lat' dir='ltr'><strong>qua:</strong></span> <span class='ocrx_word' id='word_1_112' title='bbox 1938 1568 2008 1621; x_wconf 85' lang='lat' dir='ltr'><strong>sit</strong></span> 
     </span>
    </p>
   </div>
   <div class='ocr_carea' id='block_1_14' title="bbox 460 1664 2007 1744">
    <p class='ocr_par' dir='ltr' id='par_1_14' title="bbox 460 1664 2007 1744">
     <span class='ocr_line' id='line_1_14' title="bbox 460 1664 2007 1744; baseline -0.021 1"><span class='ocrx_word' id='word_1_113' title='bbox 460 1703 623 1744; x_wconf 89' lang='lat' dir='ltr'><strong>mors.</strong></span> <span class='ocrx_word' id='word_1_114' title='bbox 655 1684 775 1740; x_wconf 89' lang='lat' dir='ltr'><strong>Non</strong></span> <span class='ocrx_word' id='word_1_115' title='bbox 802 1681 980 1737; x_wconf 79' lang='lat' dir='ltr'><strong>uidebit</strong></span> <span class='ocrx_word' id='word_1_116' title='bbox 1002 1677 1274 1739; x_wconf 78' lang='lat' dir='ltr'><strong>interitum,</strong></span> <span class='ocrx_word' id='word_1_117' title='bbox 1298 1687 1411 1726; x_wconf 76' lang='lat' dir='ltr'><strong>cum</strong></span> <span class='ocrx_word' id='word_1_118' title='bbox 1428 1668 1609 1724; x_wconf 78' lang='lat' dir='ltr'><strong>videbit</strong></span> <span class='ocrx_word' id='word_1_119' title='bbox 1631 1664 1876 1735; x_wconf 77' lang='lat' dir='ltr'><strong>sapientes</strong></span> <span class='ocrx_word' id='word_1_120' title='bbox 1901 1676 2007 1715; x_wconf 88' lang='lat' dir='ltr'><strong>mo-</strong></span> 
     </span>
    </p>
   </div>
   <div class='ocr_carea' id='block_1_15' title="bbox 458 1755 2010 1844">
    <p class='ocr_par' dir='ltr' id='par_1_15' title="bbox 458 1755 2010 1844">
     <span class='ocr_line' id='line_1_15' title="bbox 458 1755 2010 1844; baseline -0.019 -8"><span class='ocrx_word' id='word_1_121' title='bbox 458 1783 656 1836; x_wconf 85' lang='lat' dir='ltr'><strong>rientes.</strong></span> <span class='ocrx_word' id='word_1_122' title='bbox 686 1775 959 1844; x_wconf 88' lang='lat' dir='ltr'><strong>Quomodo</strong></span> <span class='ocrx_word' id='word_1_123' title='bbox 999 1769 1169 1827; x_wconf 68' lang='lat' dir='ltr'><strong>Judaei</strong></span> <span class='ocrx_word' id='word_1_124' title='bbox 1209 1766 1454 1822; x_wconf 90' lang='lat' dir='ltr'><strong>viderunt</strong></span> <span class='ocrx_word' id='word_1_125' title='bbox 1480 1761 1745 1817; x_wconf 84' lang='lat' dir='ltr'><strong>Christum</strong></span> <span class='ocrx_word' id='word_1_126' title='bbox 1775 1755 2010 1827; x_wconf 88' lang='lat' dir='ltr'><strong>penden-</strong></span> 
     </span>
    </p>
   </div>
   <div class='ocr_carea' id='block_1_16' title="bbox 463 1846 2011 1934">
    <p class='ocr_par' dir='ltr' id='par_1_16' title="bbox 463 1846 2011 1934">
     <span class='ocr_line' id='line_1_16' title="bbox 463 1846 2011 1934; baseline -0.019 -6"><span class='ocrx_word' id='word_1_127' title='bbox 463 1885 567 1929; x_wconf 85' lang='lat' dir='ltr'><strong>tem</strong></span> <span class='ocrx_word' id='word_1_128' title='bbox 595 1873 648 1925; x_wconf 93' lang='lat' dir='ltr'><strong>in</strong></span> <span class='ocrx_word' id='word_1_129' title='bbox 675 1882 830 1924; x_wconf 84' lang='lat' dir='ltr'><strong>cruce</strong></span> <span class='ocrx_word' id='word_1_130' title='bbox 846 1908 862 1934; x_wconf 96' lang='lat'><strong>,</strong></span> <span class='ocrx_word' id='word_1_131' title='bbox 886 1873 940 1921; x_wconf 92' lang='lat' dir='ltr'><strong>et</strong></span> <span class='ocrx_word' id='word_1_132' title='bbox 960 1864 1412 1930; x_wconf 88' lang='lat' dir='ltr'><strong>contempserunt,</strong></span> <span class='ocrx_word' id='word_1_133' title='bbox 1439 1853 1694 1920; x_wconf 75' lang='lat' dir='ltr'><strong>dicentes.</strong></span> <span class='ocrx_word' id='word_1_134' title='bbox 1722 1849 1825 1904; x_wconf 86' lang='lat' dir='ltr'><strong>Iste</strong></span> <span class='ocrx_word' id='word_1_135' title='bbox 1847 1847 1891 1902; x_wconf 92' lang='lat' dir='ltr'><strong>si</strong></span> <span class='ocrx_word' id='word_1_136' title='bbox 1917 1846 2011 1901; x_wconf 87' lang='lat' dir='ltr'><strong>Fi-</strong></span> 
     </span>
    </p>
   </div>
   <div class='ocr_carea' id='block_1_17' title="bbox 465 1939 2010 2022">
    <p class='ocr_par' dir='ltr' id='par_1_17' title="bbox 465 1939 2010 2022">
     <span class='ocr_line' id='line_1_17' title="bbox 465 1939 2010 2022; baseline -0.017 -3"><span class='ocrx_word' id='word_1_137' title='bbox 465 1965 564 2019; x_wconf 91' lang='lat' dir='ltr'><strong>lius</strong></span> <span class='ocrx_word' id='word_1_138' title='bbox 603 1962 693 2017; x_wconf 88' lang='lat' dir='ltr'><strong>Dei</strong></span> <span class='ocrx_word' id='word_1_139' title='bbox 733 1965 899 2022; x_wconf 87' lang='lat' dir='ltr'><strong>esset,</strong></span> <span class='ocrx_word' id='word_1_140' title='bbox 930 1951 1272 2010; x_wconf 87' lang='lat' dir='ltr'><strong>descenderet</strong></span> <span class='ocrx_word' id='word_1_141' title='bbox 1303 1947 1371 2003; x_wconf 90' lang='lat' dir='ltr'><strong>de</strong></span> <span class='ocrx_word' id='word_1_142' title='bbox 1407 1958 1563 2001; x_wconf 85' lang='lat' dir='ltr'><strong>cruce</strong></span> <span class='ocrx_word' id='word_1_143' title='bbox 1589 1939 1817 2015; x_wconf 76' lang='lat' dir='ltr'><strong>(Matth.</strong></span> <span class='ocrx_word' id='word_1_144' title='bbox 1847 1951 2010 1993; x_wconf 77' lang='lat' dir='ltr'><strong>nvn.</strong></span> 
     </span>
    </p>
   </div>
   <div class='ocr_carea' id='block_1_18' title="bbox 467 2024 2015 2124">
    <p class='ocr_par' dir='ltr' id='par_1_18' title="bbox 467 2024 2015 2124">
     <span class='ocr_line' id='line_1_18' title="bbox 467 2024 2015 2124; baseline -0.019 -15"><span class='ocrx_word' id='word_1_145' title='bbox 467 2053 575 2124; x_wconf 75' lang='grc'><strong>42)</strong></span> <span class='ocrx_word' id='word_1_146' title='bbox 608 2070 621 2106; x_wconf 90' lang='lat'><strong>:</strong></span> <span class='ocrx_word' id='word_1_147' title='bbox 653 2065 755 2105; x_wconf 91' lang='lat' dir='ltr'><strong>non</strong></span> <span class='ocrx_word' id='word_1_148' title='bbox 770 2047 1006 2101; x_wconf 78' lang='lat' dir='ltr'><strong>videntes</strong></span> <span class='ocrx_word' id='word_1_149' title='bbox 1031 2041 1154 2113; x_wconf 87' lang='lat' dir='ltr'><strong>quid</strong></span> <span class='ocrx_word' id='word_1_150' title='bbox 1175 2041 1244 2094; x_wconf 89' lang='lat' dir='ltr'><strong>sit</strong></span> <span class='ocrx_word' id='word_1_151' title='bbox 1261 2036 1522 2092; x_wconf 86' lang='lat' dir='ltr'><strong>interitus.</strong></span> <span class='ocrx_word' id='word_1_152' title='bbox 1549 2032 1605 2088; x_wconf 89' lang='lat' dir='ltr'><strong>Si</strong></span> <span class='ocrx_word' id='word_1_153' title='bbox 1628 2026 1868 2085; x_wconf 85' lang='lat' dir='ltr'><strong>videre‘nt</strong></span> <span class='ocrx_word' id='word_1_154' title='bbox 1887 2024 2015 2097; x_wconf 88' lang='lat' dir='ltr'><strong>quid</strong></span> 
     </span>
    </p>
   </div>
   <div class='ocr_carea' id='block_1_19' title="bbox 467 2118 2014 2203">
    <p class='ocr_par' dir='ltr' id='par_1_19' title="bbox 467 2118 2014 2203">
     <span class='ocr_line' id='line_1_19' title="bbox 467 2118 2014 2203; baseline -0.019 -2"><span class='ocrx_word' id='word_1_155' title='bbox 467 2146 537 2201; x_wconf 85' lang='lat' dir='ltr'><strong>sit</strong></span> <span class='ocrx_word' id='word_1_156' title='bbox 556 2118 815 2203; x_wconf 84' lang='lat' dir='ltr'><strong>interitus,</strong></span> <span class='ocrx_word' id='word_1_157' title='bbox 840 2137 883 2192; x_wconf 89' lang='lat' dir='ltr'><strong>si</strong></span> <span class='ocrx_word' id='word_1_158' title='bbox 913 2131 1219 2189; x_wconf 71' lang='lat' dir='ltr'><strong>viderent‘!</strong></span> <span class='ocrx_word' id='word_1_159' title='bbox 1248 2128 1340 2183; x_wconf 90' lang='lat' dir='ltr'><strong>Ille</strong></span> <span class='ocrx_word' id='word_1_160' title='bbox 1362 2125 1681 2183; x_wconf 89' lang='lat' dir='ltr'><strong>moriebatur</strong></span> <span class='ocrx_word' id='word_1_161' title='bbox 1708 2118 2014 2190; x_wconf 86' lang='lat' dir='ltr'><strong>temporali-</strong></span> 
     </span>
    </p>
   </div>
   <div class='ocr_carea' id='block_1_20' title="bbox 469 2215 2015 2299">
    <p class='ocr_par' dir='ltr' id='par_1_20' title="bbox 469 2215 2015 2299">
     <span class='ocr_line' id='line_1_20' title="bbox 469 2215 2015 2299; baseline -0.018 -8"><span class='ocrx_word' id='word_1_162' title='bbox 469 2247 572 2299; x_wconf 88' lang='lat' dir='ltr'><strong>ler,</strong></span> <span class='ocrx_word' id='word_1_163' title='bbox 600 2243 658 2287; x_wconf 92' lang='lat' dir='ltr'><strong>ut</strong></span> <span class='ocrx_word' id='word_1_164' title='bbox 688 2229 1023 2286; x_wconf 78' lang='lat' dir='ltr'><strong>revivisceret</strong></span> <span class='ocrx_word' id='word_1_165' title='bbox 1058 2224 1110 2279; x_wconf 92' lang='lat' dir='ltr'><strong>in</strong></span> <span class='ocrx_word' id='word_1_166' title='bbox 1138 2231 1421 2286; x_wconf 56' lang='lat' dir='ltr'><strong>aeternum;</strong></span> <span class='ocrx_word' id='word_1_167' title='bbox 1448 2218 1523 2273; x_wconf 90' lang='lat' dir='ltr'><strong>illi</strong></span> <span class='ocrx_word' id='word_1_168' title='bbox 1547 2215 1793 2271; x_wconf 81' lang='lat' dir='ltr'><strong>vivebant</strong></span> <span class='ocrx_word' id='word_1_169' title='bbox 1812 2221 2015 2281; x_wconf 88' lang='lat' dir='ltr'><strong>tempo-</strong></span> 
     </span>
    </p>
   </div>
   <div class='ocr_carea' id='block_1_21' title="bbox 471 2301 2016 2388">
    <p class='ocr_par' dir='ltr' id='par_1_21' title="bbox 471 2301 2016 2388">
     <span class='ocr_line' id='line_1_21' title="bbox 471 2301 2016 2388; baseline -0.018 -8"><span class='ocrx_word' id='word_1_170' title='bbox 471 2326 678 2388; x_wconf 88' lang='lat' dir='ltr'><strong>raliter,</strong></span> <span class='ocrx_word' id='word_1_171' title='bbox 717 2328 777 2376; x_wconf 88' lang='lat' dir='ltr'><strong>ut</strong></span> <span class='ocrx_word' id='word_1_172' title='bbox 819 2313 1226 2374; x_wconf 37' lang='lat' dir='ltr'><strong>morerentur‘iu</strong></span> <span class='ocrx_word' id='word_1_173' title='bbox 1254 2320 1529 2367; x_wconf 79' lang='lat' dir='ltr'><strong>:eternum.</strong></span> <span class='ocrx_word' id='word_1_174' title='bbox 1573 2305 1676 2362; x_wconf 90' lang='lat' dir='ltr'><strong>Sed</strong></span> <span class='ocrx_word' id='word_1_175' title='bbox 1721 2303 1840 2374; x_wconf 91' lang='lat' dir='ltr'><strong>quia</strong></span> <span class='ocrx_word' id='word_1_176' title='bbox 1872 2301 2016 2355; x_wconf 87' lang='lat' dir='ltr'><strong>illum</strong></span> 
     </span>
    </p>
   </div>
   <div class='ocr_carea' id='block_1_22' title="bbox 475 2391 2016 2470">
    <p class='ocr_par' dir='ltr' id='par_1_22' title="bbox 475 2391 2016 2470">
     <span class='ocr_line' id='line_1_22' title="bbox 475 2391 2016 2470; baseline -0.02 1"><span class='ocrx_word' id='word_1_177' title='bbox 475 2414 722 2470; x_wconf 87' lang='lat' dir='ltr'><strong>videbant</strong></span> <span class='ocrx_word' id='word_1_178' title='bbox 753 2409 1062 2465; x_wconf 86' lang='lat' dir='ltr'><strong>morientem</strong></span> <span class='ocrx_word' id='word_1_179' title='bbox 1080 2445 1095 2469; x_wconf 94' lang='lat'><strong>,</strong></span> <span class='ocrx_word' id='word_1_180' title='bbox 1130 2418 1234 2457; x_wconf 89' lang='lat' dir='ltr'><strong>non</strong></span> <span class='ocrx_word' id='word_1_181' title='bbox 1257 2400 1502 2456; x_wconf 87' lang='lat' dir='ltr'><strong>videbant</strong></span> <span class='ocrx_word' id='word_1_182' title='bbox 1526 2396 1818 2456; x_wconf 88' lang='lat' dir='ltr'><strong>interitum,</strong></span> <span class='ocrx_word' id='word_1_183' title='bbox 1842 2391 1892 2446; x_wconf 89' lang='lat' dir='ltr'><strong>id</strong></span> <span class='ocrx_word' id='word_1_184' title='bbox 1914 2398 2016 2457; x_wconf 81' lang='lat' dir='ltr'><strong>est,</strong></span> 
     </span>
    </p>
   </div>
   <div class='ocr_carea' id='block_1_23' title="bbox 474 2477 2020 2569">
    <p class='ocr_par' dir='ltr' id='par_1_23' title="bbox 474 2477 2020 2569">
     <span class='ocr_line' id='line_1_23' title="bbox 474 2477 2020 2569; baseline -0.02 -8"><span class='ocrx_word' id='word_1_185' title='bbox 474 2520 579 2561; x_wconf 91' lang='lat' dir='ltr'><strong>non</strong></span> <span class='ocrx_word' id='word_1_186' title='bbox 606 2498 960 2569; x_wconf 87' lang='lat' dir='ltr'><strong>intelligebant</strong></span> <span class='ocrx_word' id='word_1_187' title='bbox 987 2494 1104 2565; x_wconf 86' lang='lat' dir='ltr'><strong>quis</strong></span> <span class='ocrx_word' id='word_1_188' title='bbox 1126 2497 1271 2547; x_wconf 81' lang='lat' dir='ltr'><strong>esset</strong></span> <span class='ocrx_word' id='word_1_189' title='bbox 1294 2502 1449 2543; x_wconf 85' lang='lat' dir='ltr'><strong>verus</strong></span> <span class='ocrx_word' id='word_1_190' title='bbox 1485 2484 1747 2540; x_wconf 87' lang='lat' dir='ltr'><strong>interitus.</strong></span> <span class='ocrx_word' id='word_1_191' title='bbox 1781 2478 1915 2548; x_wconf 85' lang='lat' dir='ltr'><strong>Quid</strong></span> <span class='ocrx_word' id='word_1_192' title='bbox 1939 2477 2020 2532; x_wconf 89' lang='lat' dir='ltr'><strong>di-</strong></span> 
     </span>
    </p>
   </div>
   <div class='ocr_carea' id='block_1_24' title="bbox 472 2574 2019 2658">
    <p class='ocr_par' dir='ltr' id='par_1_24' title="bbox 472 2574 2019 2658">
     <span class='ocr_line' id='line_1_24' title="bbox 472 2574 2019 2658; baseline -0.018 -6"><span class='ocrx_word' id='word_1_193' title='bbox 472 2605 597 2653; x_wconf 89' lang='lat' dir='ltr'><strong>cunt</strong></span> <span class='ocrx_word' id='word_1_194' title='bbox 625 2594 780 2649; x_wconf 89' lang='lat' dir='ltr'><strong>etiam</strong></span> <span class='ocrx_word' id='word_1_195' title='bbox 817 2590 868 2644; x_wconf 92' lang='lat' dir='ltr'><strong>in</strong></span> <span class='ocrx_word' id='word_1_196' title='bbox 892 2584 1192 2658; x_wconf 78' lang='lat' dir='ltr'><strong>Sapientia?</strong></span> <span class='ocrx_word' id='word_1_197' title='bbox 1224 2581 1387 2636; x_wconf 76' lang='lat' dir='ltr'><strong>Morte</strong></span> <span class='ocrx_word' id='word_1_198' title='bbox 1410 2577 1696 2647; x_wconf 86' lang='lat' dir='ltr'><strong>turpissima</strong></span> <span class='ocrx_word' id='word_1_199' title='bbox 1723 2574 2019 2628; x_wconf 82' lang='lat' dir='ltr'><strong>condemne-</strong></span> 
     </span>
    </p>
   </div>
   <div class='ocr_carea' id='block_1_25' title="bbox 472 2662 2021 2750">
    <p class='ocr_par' dir='ltr' id='par_1_25' title="bbox 472 2662 2021 2750">
     <span class='ocr_line' id='line_1_25' title="bbox 472 2662 2021 2750; baseline -0.017 -7"><span class='ocrx_word' id='word_1_200' title='bbox 472 2704 584 2743; x_wconf 86' lang='lat' dir='ltr'><strong>mns</strong></span> <span class='ocrx_word' id='word_1_201' title='bbox 607 2685 772 2750; x_wconf 82' lang='lat' dir='ltr'><strong>illum,</strong></span> <span class='ocrx_word' id='word_1_202' title='bbox 811 2682 903 2736; x_wconf 88' lang='lat' dir='ltr'><strong>erit</strong></span> <span class='ocrx_word' id='word_1_203' title='bbox 920 2679 1052 2735; x_wconf 88' lang='lat' dir='ltr'><strong>enim</strong></span> <span class='ocrx_word' id='word_1_204' title='bbox 1081 2683 1332 2746; x_wconf 80' lang='lat' dir='ltr'><strong>respectus</strong></span> <span class='ocrx_word' id='word_1_205' title='bbox 1360 2688 1423 2727; x_wconf 81' lang='lat' dir='ltr'><strong>ea:</strong></span> <span class='ocrx_word' id='word_1_206' title='bbox 1451 2667 1756 2725; x_wconf 84' lang='lat' dir='ltr'><strong>sermonibus</strong></span> <span class='ocrx_word' id='word_1_207' title='bbox 1778 2665 1949 2723; x_wconf 80' lang='lat' dir='ltr'><strong>illius;</strong></span> <span class='ocrx_word' id='word_1_208' title='bbox 1976 2662 2021 2717; x_wconf 89' lang='lat' dir='ltr'><strong>si</strong></span> 
     </span>
    </p>
   </div>
   <div class='ocr_carea' id='block_1_26' title="bbox 471 2755 2023 2834">
    <p class='ocr_par' dir='ltr' id='par_1_26' title="bbox 471 2755 2023 2834">
     <span class='ocr_line' id='line_1_26' title="bbox 471 2755 2023 2834; baseline -0.017 -1"><span class='ocrx_word' id='word_1_209' title='bbox 471 2780 602 2834; x_wconf 88' lang='lat' dir='ltr'><strong>enim</strong></span> <span class='ocrx_word' id='word_1_210' title='bbox 621 2785 691 2831; x_wconf 86' lang='lat' dir='ltr'><strong>est</strong></span> <span class='ocrx_word' id='word_1_211' title='bbox 710 2790 817 2829; x_wconf 73' lang='lat' dir='ltr'><strong>vere</strong></span> <span class='ocrx_word' id='word_1_212' title='bbox 832 2770 1002 2826; x_wconf 83' lang='lat' dir='ltr'><strong>Filius</strong></span> <span class='ocrx_word' id='word_1_213' title='bbox 1015 2762 1364 2824; x_wconf 84' lang='lat' dir='ltr'><strong>Dei.liberabit</strong></span> <span class='ocrx_word' id='word_1_214' title='bbox 1383 2760 1527 2815; x_wconf 79' lang='lat' dir='ltr'><strong>illum</strong></span> <span class='ocrx_word' id='word_1_215' title='bbox 1558 2756 1620 2812; x_wconf 87' lang='lat' dir='ltr'><strong>de</strong></span> <span class='ocrx_word' id='word_1_216' title='bbox 1643 2755 1872 2811; x_wconf 81' lang='lat' dir='ltr'><strong>manibus</strong></span> <span class='ocrx_word' id='word_1_217' title='bbox 1902 2769 2023 2808; x_wconf 83' lang='lat' dir='ltr'><strong>con-</strong></span> 
     </span>
    </p>
   </div>
   <div class='ocr_carea' id='block_1_27' title="bbox 472 2842 2037 2934">
    <p class='ocr_par' dir='ltr' id='par_1_27' title="bbox 472 2842 2037 2934">
     <span class='ocr_line' id='line_1_27' title="bbox 472 2842 2037 2934; baseline -0.016 -11"><span class='ocrx_word' id='word_1_218' title='bbox 472 2868 738 2923; x_wconf 85' lang='lat' dir='ltr'><strong>trariorum</strong></span> <span class='ocrx_word' id='word_1_219' title='bbox 756 2862 910 2934; x_wconf 83' lang='lat' dir='ltr'><strong>(Sap.</strong></span> <span class='ocrx_word' id='word_1_220' title='bbox 940 2873 1000 2924; x_wconf 83' lang='grc' dir='ltr'><strong>ιι,</strong></span> <span class='ocrx_word' id='word_1_221' title='bbox 1027 2855 1118 2920; x_wconf 75' lang='grc'><strong>20,</strong></span> <span class='ocrx_word' id='word_1_222' title='bbox 1141 2853 1230 2923; x_wconf 81' lang='grc'><strong>18)</strong></span> <span class='ocrx_word' id='word_1_223' title='bbox 1252 2870 1266 2906; x_wconf 92' lang='lat'><strong>:</strong></span> <span class='ocrx_word' id='word_1_224' title='bbox 1287 2866 1393 2907; x_wconf 91' lang='lat' dir='ltr'><strong>non</strong></span> <span class='ocrx_word' id='word_1_225' title='bbox 1413 2848 1681 2920; x_wconf 89' lang='lat' dir='ltr'><strong>permittet</strong></span> <span class='ocrx_word' id='word_1_226' title='bbox 1706 2842 2037 2901; x_wconf 76' lang='lat' dir='ltr'><strong>moriFiiium</strong></span> 
     </span>
    </p>
   </div>
   <div class='ocr_carea' id='block_1_28' title="bbox 472 2934 2019 3021">
    <p class='ocr_par' dir='ltr' id='par_1_28' title="bbox 472 2934 2019 3021">
     <span class='ocr_line' id='line_1_28' title="bbox 472 2934 2019 3021; baseline -0.018 -7"><span class='ocrx_word' id='word_1_227' title='bbox 472 2975 622 3015; x_wconf 84' lang='lat' dir='ltr'><strong>suum</strong></span> <span class='ocrx_word' id='word_1_228' title='bbox 642 2999 658 3021; x_wconf 93' lang='lat'><strong>,</strong></span> <span class='ocrx_word' id='word_1_229' title='bbox 685 2958 728 3011; x_wconf 90' lang='lat' dir='ltr'><strong>si</strong></span> <span class='ocrx_word' id='word_1_230' title='bbox 748 2966 874 3006; x_wconf 82' lang='lat' dir='ltr'><strong>vere</strong></span> <span class='ocrx_word' id='word_1_231' title='bbox 893 2945 1054 3004; x_wconf 82' lang='lat' dir='ltr'><strong>Filius</strong></span> <span class='ocrx_word' id='word_1_232' title='bbox 1080 2947 1244 3016; x_wconf 87' lang='lat' dir='ltr'><strong>ipsius</strong></span> <span class='ocrx_word' id='word_1_233' title='bbox 1266 2952 1367 2999; x_wconf 90' lang='lat' dir='ltr'><strong>est.</strong></span> <span class='ocrx_word' id='word_1_234' title='bbox 1403 2943 1472 2997; x_wconf 82' lang='lat' dir='ltr'><strong>At</strong></span> <span class='ocrx_word' id='word_1_235' title='bbox 1495 2940 1587 2995; x_wconf 87' lang='lat' dir='ltr'><strong>ubi</strong></span> <span class='ocrx_word' id='word_1_236' title='bbox 1610 2938 1852 2993; x_wconf 90' lang='lat' dir='ltr'><strong>viderunt</strong></span> <span class='ocrx_word' id='word_1_237' title='bbox 1875 2934 2019 2988; x_wconf 89' lang='lat' dir='ltr'><strong>illum</strong></span> 
     </span>
    </p>
   </div>
   <div class='ocr_carea' id='block_1_29' title="bbox 473 3023 2023 3107">
    <p class='ocr_par' dir='ltr' id='par_1_29' title="bbox 473 3023 2023 3107">
     <span class='ocr_line' id='line_1_29' title="bbox 473 3023 2023 3107; baseline -0.018 -1"><span class='ocrx_word' id='word_1_238' title='bbox 473 3052 525 3107; x_wconf 91' lang='lat' dir='ltr'><strong>in</strong></span> <span class='ocrx_word' id='word_1_239' title='bbox 550 3063 707 3105; x_wconf 89' lang='lat' dir='ltr'><strong>cruce</strong></span> <span class='ocrx_word' id='word_1_240' title='bbox 730 3024 1047 3099; x_wconf 80' lang='lat' dir='ltr'><strong>insultantes</strong></span> <span class='ocrx_word' id='word_1_241' title='bbox 1068 3053 1146 3101; x_wconf 90' lang='lat' dir='ltr'><strong>se,</strong></span> <span class='ocrx_word' id='word_1_242' title='bbox 1169 3046 1222 3092; x_wconf 91' lang='lat' dir='ltr'><strong>et</strong></span> <span class='ocrx_word' id='word_1_243' title='bbox 1244 3035 1389 3090; x_wconf 90' lang='lat' dir='ltr'><strong>illum</strong></span> <span class='ocrx_word' id='word_1_244' title='bbox 1410 3046 1512 3087; x_wconf 91' lang='lat' dir='ltr'><strong>non</strong></span> <span class='ocrx_word' id='word_1_245' title='bbox 1536 3027 1937 3085; x_wconf 89' lang='lat' dir='ltr'><strong>descendentem</strong></span> <span class='ocrx_word' id='word_1_246' title='bbox 1955 3023 2023 3080; x_wconf 91' lang='lat' dir='ltr'><strong>de</strong></span> 
     </span>
    </p>
   </div>
   <div class='ocr_carea' id='block_1_30' title="bbox 472 3114 2025 3204">
    <p class='ocr_par' dir='ltr' id='par_1_30' title="bbox 472 3114 2025 3204">
     <span class='ocr_line' id='line_1_30' title="bbox 472 3114 2025 3204; baseline -0.019 -7"><span class='ocrx_word' id='word_1_247' title='bbox 472 3155 649 3204; x_wconf 87' lang='lat' dir='ltr'><strong>cruce,</strong></span> <span class='ocrx_word' id='word_1_248' title='bbox 681 3136 945 3197; x_wconf 74' lang='lat' dir='ltr'><strong>dixerunt,</strong></span> <span class='ocrx_word' id='word_1_249' title='bbox 973 3130 1108 3184; x_wconf 88' lang='lat' dir='ltr'><strong>Vere</strong></span> <span class='ocrx_word' id='word_1_250' title='bbox 1145 3127 1304 3182; x_wconf 88' lang='lat' dir='ltr'><strong>homo</strong></span> <span class='ocrx_word' id='word_1_251' title='bbox 1328 3124 1446 3179; x_wconf 88' lang='lat' dir='ltr'><strong>fuit.</strong></span> <span class='ocrx_word' id='word_1_252' title='bbox 1474 3122 1675 3176; x_wconf 87' lang='lat' dir='ltr'><strong>Dictum</strong></span> <span class='ocrx_word' id='word_1_253' title='bbox 1694 3127 1776 3174; x_wconf 89' lang='lat' dir='ltr'><strong>est</strong></span> <span class='ocrx_word' id='word_1_254' title='bbox 1803 3132 1817 3168; x_wconf 92' lang='lat'><strong>:</strong></span> <span class='ocrx_word' id='word_1_255' title='bbox 1844 3124 1899 3170; x_wconf 85' lang='lat' dir='ltr'><strong>et</strong></span> <span class='ocrx_word' id='word_1_256' title='bbox 1922 3114 2025 3168; x_wconf 83' lang='lat' dir='ltr'><strong>uti-</strong></span> 
     </span>
    </p>
   </div>
   <div class='ocr_carea' id='block_1_31' title="bbox 471 3205 2022 3304">
    <p class='ocr_par' dir='ltr' id='par_1_31' title="bbox 471 3205 2022 3304">
     <span class='ocr_line' id='line_1_31' title="bbox 471 3205 2022 3304; baseline -0.018 -18"><span class='ocrx_word' id='word_1_257' title='bbox 471 3248 575 3304; x_wconf 89' lang='lat' dir='ltr'><strong>que</strong></span> <span class='ocrx_word' id='word_1_258' title='bbox 600 3235 801 3300; x_wconf 85' lang='lat' dir='ltr'><strong>poterat</strong></span> <span class='ocrx_word' id='word_1_259' title='bbox 826 3220 1148 3280; x_wconf 89' lang='lat' dir='ltr'><strong>descendere</strong></span> <span class='ocrx_word' id='word_1_260' title='bbox 1170 3217 1238 3272; x_wconf 90' lang='lat' dir='ltr'><strong>de</strong></span> <span class='ocrx_word' id='word_1_261' title='bbox 1259 3229 1435 3280; x_wconf 90' lang='lat' dir='ltr'><strong>cruce,</strong></span> <span class='ocrx_word' id='word_1_262' title='bbox 1458 3213 1545 3283; x_wconf 88' lang='lat' dir='ltr'><strong>qui</strong></span> <span class='ocrx_word' id='word_1_263' title='bbox 1571 3210 1738 3281; x_wconf 89' lang='lat' dir='ltr'><strong>potuit</strong></span> <span class='ocrx_word' id='word_1_264' title='bbox 1759 3207 1826 3263; x_wconf 92' lang='lat' dir='ltr'><strong>de</strong></span> <span class='ocrx_word' id='word_1_265' title='bbox 1846 3205 2022 3276; x_wconf 79' lang='lat' dir='ltr'><strong>sepul-</strong></span> 
     </span>
    </p>
   </div>
   <div class='ocr_carea' id='block_1_32' title="bbox 476 3296 2023 3386">
    <p class='ocr_par' dir='ltr' id='par_1_32' title="bbox 476 3296 2023 3386">
     <span class='ocr_line' id='line_1_32' title="bbox 476 3296 2023 3386; baseline -0.017 -10"><span class='ocrx_word' id='word_1_266' title='bbox 476 3296 569 3377; x_wconf 76' lang='lat' dir='ltr'><strong>cro</strong></span> <span class='ocrx_word' id='word_1_267' title='bbox 598 3296 906 3386; x_wconf 76' lang='lat' dir='ltr'><strong>resurgere;</strong></span> <span class='ocrx_word' id='word_1_268' title='bbox 934 3309 1027 3366; x_wconf 90' lang='lat' dir='ltr'><strong>sed</strong></span> <span class='ocrx_word' id='word_1_269' title='bbox 1056 3306 1236 3363; x_wconf 86' lang='lat' dir='ltr'><strong>docuit</strong></span> <span class='ocrx_word' id='word_1_270' title='bbox 1258 3319 1354 3359; x_wconf 89' lang='lat' dir='ltr'><strong>nos</strong></span> <span class='ocrx_word' id='word_1_271' title='bbox 1379 3302 1517 3357; x_wconf 88' lang='lat' dir='ltr'><strong>ferre</strong></span> <span class='ocrx_word' id='word_1_272' title='bbox 1553 3300 1863 3354; x_wconf 90' lang='lat' dir='ltr'><strong>insultantes</strong></span> <span class='ocrx_word' id='word_1_273' title='bbox 1883 3338 1897 3361; x_wconf 94' lang='lat'><strong>,</strong></span> <span class='ocrx_word' id='word_1_274' title='bbox 1924 3296 2023 3351; x_wconf 89' lang='lat' dir='ltr'><strong>do-</strong></span> 
     </span>
    </p>
   </div>
   <div class='ocr_carea' id='block_1_33' title="bbox 471 3387 2025 3470">
    <p class='ocr_par' dir='ltr' id='par_1_33' title="bbox 471 3387 2025 3470">
     <span class='ocr_line' id='line_1_33' title="bbox 471 3387 2025 3470; baseline -0.017 -1"><span class='ocrx_word' id='word_1_275' title='bbox 471 3414 579 3469; x_wconf 88' lang='lat' dir='ltr'><strong>cuit</strong></span> <span class='ocrx_word' id='word_1_276' title='bbox 604 3410 856 3465; x_wconf 80' lang='lat' dir='ltr'><strong>adversus</strong></span> <span class='ocrx_word' id='word_1_277' title='bbox 876 3405 1078 3470; x_wconf 85' lang='lat' dir='ltr'><strong>linguas</strong></span> <span class='ocrx_word' id='word_1_278' title='bbox 1102 3398 1374 3453; x_wconf 89' lang='lat' dir='ltr'><strong>hominum</strong></span> <span class='ocrx_word' id='word_1_279' title='bbox 1396 3406 1513 3448; x_wconf 88' lang='lat' dir='ltr'><strong>esse</strong></span> <span class='ocrx_word' id='word_1_280' title='bbox 1537 3395 1815 3462; x_wconf 86' lang='lat' dir='ltr'><strong>patientes,</strong></span> <span class='ocrx_word' id='word_1_281' title='bbox 1842 3387 2025 3444; x_wconf 89' lang='lat' dir='ltr'><strong>bibere</strong></span> 
     </span>
    </p>
   </div>
   <div class='ocr_carea' id='block_1_34' title="bbox 471 3480 2028 3559">
    <p class='ocr_par' dir='ltr' id='par_1_34' title="bbox 471 3480 2028 3559">
     <span class='ocr_line' id='line_1_34' title="bbox 471 3480 2028 3559; baseline -0.019 0"><span class='ocrx_word' id='word_1_282' title='bbox 471 3501 629 3559; x_wconf 88' lang='lat' dir='ltr'><strong>modo</strong></span> <span class='ocrx_word' id='word_1_283' title='bbox 656 3498 874 3555; x_wconf 87' lang='lat' dir='ltr'><strong>calicem</strong></span> <span class='ocrx_word' id='word_1_284' title='bbox 899 3488 1264 3547; x_wconf 83' lang='lat' dir='ltr'><strong>amaritudinis</strong></span> <span class='ocrx_word' id='word_1_285' title='bbox 1281 3526 1297 3552; x_wconf 95' lang='lat'><strong>,</strong></span> <span class='ocrx_word' id='word_1_286' title='bbox 1326 3494 1379 3540; x_wconf 91' lang='lat' dir='ltr'><strong>et</strong></span> <span class='ocrx_word' id='word_1_287' title='bbox 1416 3491 1596 3554; x_wconf 90' lang='lat' dir='ltr'><strong>postea</strong></span> <span class='ocrx_word' id='word_1_288' title='bbox 1623 3480 1862 3549; x_wconf 90' lang='lat' dir='ltr'><strong>accipere</strong></span> <span class='ocrx_word' id='word_1_289' title='bbox 1886 3491 2028 3532; x_wconf 86' lang='lat' dir='ltr'><strong>scm-</strong></span> 
     </span>
    </p>
   </div>
   <div class='ocr_carea' id='block_1_35' title="bbox 471 3573 2028 3664">
    <p class='ocr_par' dir='ltr' id='par_1_35' title="bbox 471 3573 2028 3664">
     <span class='ocr_line' id='line_1_35' title="bbox 471 3573 2028 3664; baseline -0.017 -16"><span class='ocrx_word' id='word_1_290' title='bbox 471 3594 727 3664; x_wconf 90' lang='lat' dir='ltr'><strong>piternam</strong></span> <span class='ocrx_word' id='word_1_291' title='bbox 752 3587 992 3642; x_wconf 83' lang='lat' dir='ltr'><strong>salutem.</strong></span> <span class='ocrx_word' id='word_1_292' title='bbox 1025 3579 1172 3646; x_wconf 86' lang='lat' dir='ltr'><strong>Bibe,</strong></span> <span class='ocrx_word' id='word_1_293' title='bbox 1198 3591 1359 3648; x_wconf 58' lang='lat' dir='ltr'><strong>aeger,</strong></span> <span class='ocrx_word' id='word_1_294' title='bbox 1408 3573 1623 3628; x_wconf 88' lang='lat' dir='ltr'><strong>calicem</strong></span> <span class='ocrx_word' id='word_1_295' title='bbox 1664 3584 1922 3634; x_wconf 89' lang='lat' dir='ltr'><strong>amarum,</strong></span> <span class='ocrx_word' id='word_1_296' title='bbox 1970 3575 2028 3621; x_wconf 89' lang='lat' dir='ltr'><strong>ut</strong></span> 
     </span>
    </p>
   </div>
   <div class='ocr_carea' id='block_1_36' title="bbox 474 3658 2022 3742">
    <p class='ocr_par' dir='ltr' id='par_1_36' title="bbox 474 3658 2022 3742">
     <span class='ocr_line' id='line_1_36' title="bbox 474 3658 2022 3742; baseline -0.019 -3"><span class='ocrx_word' id='word_1_297' title='bbox 474 3658 636 3740; x_wconf 76' lang='lat' dir='ltr'><strong>sanus</strong></span> <span class='ocrx_word' id='word_1_298' title='bbox 674 3680 767 3742; x_wconf 89' lang='lat' dir='ltr'><strong>sis,</strong></span> <span class='ocrx_word' id='word_1_299' title='bbox 786 3676 869 3733; x_wconf 91' lang='lat' dir='ltr'><strong>cui</strong></span> <span class='ocrx_word' id='word_1_300' title='bbox 895 3688 997 3728; x_wconf 90' lang='lat' dir='ltr'><strong>non</strong></span> <span class='ocrx_word' id='word_1_301' title='bbox 1022 3678 1144 3727; x_wconf 87' lang='lat' dir='ltr'><strong>sunt</strong></span> <span class='ocrx_word' id='word_1_302' title='bbox 1172 3682 1298 3723; x_wconf 89' lang='lat' dir='ltr'><strong>sana</strong></span> <span class='ocrx_word' id='word_1_303' title='bbox 1316 3665 1516 3719; x_wconf 88' lang='lat' dir='ltr'><strong>viscera</strong></span> <span class='ocrx_word' id='word_1_304' title='bbox 1549 3679 1562 3716; x_wconf 91' lang='lat'><strong>:</strong></span> <span class='ocrx_word' id='word_1_305' title='bbox 1592 3661 1697 3715; x_wconf 89' lang='lat' dir='ltr'><strong>noli</strong></span> <span class='ocrx_word' id='word_1_306' title='bbox 1733 3658 2022 3728; x_wconf 85' lang='lat' dir='ltr'><strong>trepidare,</strong></span> 
     </span>
    </p>
   </div>
   <div class='ocr_carea' id='block_1_37' title="bbox 470 3750 2026 3847">
    <p class='ocr_par' dir='ltr' id='par_1_37' title="bbox 470 3750 2026 3847">
     <span class='ocr_line' id='line_1_37' title="bbox 470 3750 2026 3847; baseline -0.02 -16"><span class='ocrx_word' id='word_1_307' title='bbox 470 3777 592 3847; x_wconf 84' lang='lat' dir='ltr'><strong>quia</strong></span> <span class='ocrx_word' id='word_1_308' title='bbox 626 3787 693 3827; x_wconf 88' lang='lat' dir='ltr'><strong>ne</strong></span> <span class='ocrx_word' id='word_1_309' title='bbox 718 3766 1030 3839; x_wconf 87' lang='lat' dir='ltr'><strong>trepidares,</strong></span> <span class='ocrx_word' id='word_1_310' title='bbox 1072 3761 1214 3833; x_wconf 91' lang='lat' dir='ltr'><strong>prior</strong></span> <span class='ocrx_word' id='word_1_311' title='bbox 1247 3757 1377 3813; x_wconf 90' lang='lat' dir='ltr'><strong>bibit</strong></span> <span class='ocrx_word' id='word_1_312' title='bbox 1399 3753 1668 3816; x_wconf 89' lang='lat' dir='ltr'><strong>medicus;</strong></span> <span class='ocrx_word' id='word_1_313' title='bbox 1695 3750 1746 3805; x_wconf 93' lang='lat' dir='ltr'><strong>id</strong></span> <span class='ocrx_word' id='word_1_314' title='bbox 1776 3759 1879 3816; x_wconf 60' lang='lat' dir='ltr'><strong>est,</strong></span> <span class='ocrx_word' id='word_1_315' title='bbox 1902 3763 2026 3847; x_wconf 52' lang='lat' dir='ltr'><strong>pas:</strong></span> 
     </span>
    </p>
   </div>
   <div class='ocr_carea' id='block_1_38' title="bbox 473 3838 2025 3923">
    <p class='ocr_par' dir='ltr' id='par_1_38' title="bbox 473 3838 2025 3923">
     <span class='ocr_line' id='line_1_38' title="bbox 473 3838 2025 3923; baseline -0.021 0"><span class='ocrx_word' id='word_1_316' title='bbox 473 3838 637 3923; x_wconf 75' lang='lat' dir='ltr'><strong>sionis</strong></span> <span class='ocrx_word' id='word_1_317' title='bbox 675 3857 1075 3917; x_wconf 89' lang='lat' dir='ltr'><strong>amaritudinem</strong></span> <span class='ocrx_word' id='word_1_318' title='bbox 1116 3850 1245 3906; x_wconf 87' lang='lat' dir='ltr'><strong>bibit</strong></span> <span class='ocrx_word' id='word_1_319' title='bbox 1280 3847 1425 3919; x_wconf 90' lang='lat' dir='ltr'><strong>prior</strong></span> <span class='ocrx_word' id='word_1_320' title='bbox 1450 3844 1723 3901; x_wconf 85' lang='lat' dir='ltr'><strong>Dominus.</strong></span> <span class='ocrx_word' id='word_1_321' title='bbox 1764 3841 1901 3895; x_wconf 85' lang='lat' dir='ltr'><strong>Bibit</strong></span> <span class='ocrx_word' id='word_1_322' title='bbox 1938 3838 2025 3909; x_wconf 90' lang='lat' dir='ltr'><strong>qui</strong></span> 
     </span>
    </p>
   </div>
   <div class='ocr_carea' id='block_1_39' title="bbox 484 3938 2026 4027">
    <p class='ocr_par' dir='ltr' id='par_1_39' title="bbox 484 3938 2026 4027">
     <span class='ocr_line' id='line_1_39' title="bbox 484 3938 2026 4027; baseline -0.018 -14"><span class='ocrx_word' id='word_1_323' title='bbox 484 3966 754 4027; x_wconf 88' lang='lat' dir='ltr'><strong>peceatum</strong></span> <span class='ocrx_word' id='word_1_324' title='bbox 781 3966 884 4006; x_wconf 92' lang='lat' dir='ltr'><strong>non</strong></span> <span class='ocrx_word' id='word_1_325' title='bbox 912 3945 1157 4010; x_wconf 83' lang='lat' dir='ltr'><strong>habebat,</strong></span> <span class='ocrx_word' id='word_1_326' title='bbox 1179 3942 1264 4013; x_wconf 88' lang='lat' dir='ltr'><strong>qui</strong></span> <span class='ocrx_word' id='word_1_327' title='bbox 1288 3938 1424 4011; x_wconf 88' lang='lat' dir='ltr'><strong>quod</strong></span> <span class='ocrx_word' id='word_1_328' title='bbox 1452 3938 1504 3993; x_wconf 91' lang='lat' dir='ltr'><strong>in</strong></span> <span class='ocrx_word' id='word_1_329' title='bbox 1537 3950 1602 3992; x_wconf 89' lang='lat' dir='ltr'><strong>eo</strong></span> <span class='ocrx_word' id='word_1_330' title='bbox 1626 3944 1900 3991; x_wconf 83' lang='lat' dir='ltr'><strong>sanaretur</strong></span> <span class='ocrx_word' id='word_1_331' title='bbox 1924 3947 2026 3987; x_wconf 91' lang='lat' dir='ltr'><strong>non</strong></span> 
     </span>
    </p>
   </div>
   <div class='ocr_carea' id='block_1_40' title="bbox 475 4025 2026 4102">
    <p class='ocr_par' dir='ltr' id='par_1_40' title="bbox 475 4025 2026 4102">
     <span class='ocr_line' id='line_1_40' title="bbox 475 4025 2026 4102; baseline -0.017 0"><span class='ocrx_word' id='word_1_332' title='bbox 475 4025 725 4102; x_wconf 80' lang='lat' dir='ltr'><strong>habebat.</strong></span> <span class='ocrx_word' id='word_1_333' title='bbox 751 4043 879 4097; x_wconf 86' lang='lat' dir='ltr'><strong>Bibe</strong></span> <span class='ocrx_word' id='word_1_334' title='bbox 905 4039 1075 4094; x_wconf 88' lang='lat' dir='ltr'><strong>donec</strong></span> <span class='ocrx_word' id='word_1_335' title='bbox 1094 4027 1632 4090; x_wconf 87' lang='lat' dir='ltr'><strong>transeatamaritudo</strong></span> <span class='ocrx_word' id='word_1_336' title='bbox 1650 4025 1805 4097; x_wconf 86' lang='lat' dir='ltr'><strong>hujus</strong></span> <span class='ocrx_word' id='word_1_337' title='bbox 1829 4025 2026 4089; x_wconf 74' lang='lat' dir='ltr'><strong>saeculi,</strong></span> 
     </span>
    </p>
   </div>
   <div class='ocr_carea' id='block_1_41' title="bbox 477 4115 2028 4205">
    <p class='ocr_par' dir='ltr' id='par_1_41' title="bbox 477 4115 2028 4205">
     <span class='ocr_line' id='line_1_41' title="bbox 477 4115 2028 4205; baseline -0.018 -9"><span class='ocrx_word' id='word_1_338' title='bbox 477 4150 528 4205; x_wconf 85' lang='lat' dir='ltr'><strong>et</strong></span> <span class='ocrx_word' id='word_1_339' title='bbox 557 4137 731 4192; x_wconf 78' lang='lat' dir='ltr'><strong>veniat</strong></span> <span class='ocrx_word' id='word_1_340' title='bbox 758 4135 1006 4189; x_wconf 58' lang='lat' dir='ltr'><strong>sarculum</strong></span> <span class='ocrx_word' id='word_1_341' title='bbox 1037 4128 1125 4182; x_wconf 90' lang='lat' dir='ltr'><strong>ubi</strong></span> <span class='ocrx_word' id='word_1_342' title='bbox 1150 4124 1350 4180; x_wconf 88' lang='lat' dir='ltr'><strong>nullum</strong></span> <span class='ocrx_word' id='word_1_343' title='bbox 1389 4118 1723 4185; x_wconf 87' lang='lat' dir='ltr'><strong>scandalum,</strong></span> <span class='ocrx_word' id='word_1_344' title='bbox 1766 4115 1906 4171; x_wconf 90' lang='lat' dir='ltr'><strong>nulla</strong></span> <span class='ocrx_word' id='word_1_345' title='bbox 1928 4116 2028 4182; x_wconf 91' lang='lat' dir='ltr'><strong>ira,</strong></span> 
     </span>
    </p>
   </div>
   <div class='ocr_carea' id='block_1_42' title="bbox 479 4206 2028 4289">
    <p class='ocr_par' dir='ltr' id='par_1_42' title="bbox 479 4206 2028 4289">
     <span class='ocr_line' id='line_1_42' title="bbox 479 4206 2028 4289; baseline -0.017 -4"><span class='ocrx_word' id='word_1_346' title='bbox 479 4230 619 4285; x_wconf 89' lang='lat' dir='ltr'><strong>nulla</strong></span> <span class='ocrx_word' id='word_1_347' title='bbox 643 4225 812 4289; x_wconf 85' lang='lat' dir='ltr'><strong>tabes,</strong></span> <span class='ocrx_word' id='word_1_348' title='bbox 834 4221 976 4277; x_wconf 91' lang='lat' dir='ltr'><strong>nulla</strong></span> <span class='ocrx_word' id='word_1_349' title='bbox 998 4215 1310 4280; x_wconf 86' lang='lat' dir='ltr'><strong>amaritudo,</strong></span> <span class='ocrx_word' id='word_1_350' title='bbox 1324 4213 1466 4268; x_wconf 90' lang='lat' dir='ltr'><strong>nulla</strong></span> <span class='ocrx_word' id='word_1_351' title='bbox 1481 4211 1657 4277; x_wconf 81' lang='lat' dir='ltr'><strong>febris,</strong></span> <span class='ocrx_word' id='word_1_352' title='bbox 1671 4207 1842 4264; x_wconf 88' lang='lat' dir='ltr'><strong>nullus</strong></span> <span class='ocrx_word' id='word_1_353' title='bbox 1855 4206 2028 4272; x_wconf 88' lang='lat' dir='ltr'><strong>dolus,</strong></span> 
     </span>
    </p>
   </div>
   <div class='ocr_carea' id='block_1_43' title="bbox 482 4296 2031 4375">
    <p class='ocr_par' dir='ltr' id='par_1_43' title="bbox 482 4296 2031 4375">
     <span class='ocr_line' id='line_1_43' title="bbox 482 4296 2031 4375; baseline -0.016 -1"><span class='ocrx_word' id='word_1_354' title='bbox 482 4320 640 4375; x_wconf 67' lang='lat' dir='ltr'><strong>nulla:</strong></span> <span class='ocrx_word' id='word_1_355' title='bbox 686 4311 971 4370; x_wconf 75' lang='lat' dir='ltr'><strong>inimicitia:</strong></span> <span class='ocrx_word' id='word_1_356' title='bbox 990 4350 1006 4373; x_wconf 90' lang='lat'><strong>,</strong></span> <span class='ocrx_word' id='word_1_357' title='bbox 1030 4306 1173 4362; x_wconf 84' lang='lat' dir='ltr'><strong>nulla</strong></span> <span class='ocrx_word' id='word_1_358' title='bbox 1214 4310 1455 4359; x_wconf 87' lang='lat' dir='ltr'><strong>senectus</strong></span> <span class='ocrx_word' id='word_1_359' title='bbox 1473 4341 1488 4367; x_wconf 97' lang='lat'><strong>,</strong></span> <span class='ocrx_word' id='word_1_360' title='bbox 1519 4299 1657 4355; x_wconf 91' lang='lat' dir='ltr'><strong>nulla</strong></span> <span class='ocrx_word' id='word_1_361' title='bbox 1684 4311 1862 4363; x_wconf 91' lang='lat' dir='ltr'><strong>mors,</strong></span> <span class='ocrx_word' id='word_1_362' title='bbox 1891 4296 2031 4350; x_wconf 86' lang='lat' dir='ltr'><strong>nulla</strong></span> 
     </span>
    </p>
   </div>
   <div class='ocr_carea' id='block_1_44' title="bbox 482 4387 2035 4464">
    <p class='ocr_par' dir='ltr' id='par_1_44' title="bbox 482 4387 2035 4464">
     <span class='ocr_line' id='line_1_44' title="bbox 482 4387 2035 4464; baseline -0.017 1"><span class='ocrx_word' id='word_1_363' title='bbox 482 4406 768 4464; x_wconf 81' lang='lat' dir='ltr'><strong>contentio.</strong></span> <span class='ocrx_word' id='word_1_364' title='bbox 794 4400 1000 4458; x_wconf 83' lang='lat' dir='ltr'><strong>Labnra</strong></span> <span class='ocrx_word' id='word_1_365' title='bbox 1031 4396 1133 4459; x_wconf 86' lang='lat' dir='ltr'><strong>hic,</strong></span> <span class='ocrx_word' id='word_1_366' title='bbox 1156 4403 1408 4448; x_wconf 90' lang='lat' dir='ltr'><strong>venturus</strong></span> <span class='ocrx_word' id='word_1_367' title='bbox 1434 4389 1499 4445; x_wconf 89' lang='lat' dir='ltr'><strong>ad</strong></span> <span class='ocrx_word' id='word_1_368' title='bbox 1529 4391 1717 4453; x_wconf 84' lang='lat' dir='ltr'><strong>linem;</strong></span> <span class='ocrx_word' id='word_1_369' title='bbox 1742 4387 1942 4449; x_wconf 91' lang='lat' dir='ltr'><strong>labora,</strong></span> <span class='ocrx_word' id='word_1_370' title='bbox 1968 4399 2035 4440; x_wconf 88' lang='lat' dir='ltr'><strong>ne</strong></span> 
     </span>
    </p>
   </div>
   <div class='ocr_carea' id='block_1_45' title="bbox 481 4476 2038 4559">
    <p class='ocr_par' dir='ltr' id='par_1_45' title="bbox 481 4476 2038 4559">
     <span class='ocr_line' id='line_1_45' title="bbox 481 4476 2038 4559; baseline -0.019 -1"><span class='ocrx_word' id='word_1_371' title='bbox 481 4519 597 4559; x_wconf 90' lang='lat' dir='ltr'><strong>cum</strong></span> <span class='ocrx_word' id='word_1_372' title='bbox 637 4514 742 4555; x_wconf 89' lang='lat' dir='ltr'><strong>non</strong></span> <span class='ocrx_word' id='word_1_373' title='bbox 781 4496 859 4551; x_wconf 81' lang='lat' dir='ltr'><strong>vis</strong></span> <span class='ocrx_word' id='word_1_374' title='bbox 903 4491 988 4547; x_wconf 92' lang='lat' dir='ltr'><strong>hic</strong></span> <span class='ocrx_word' id='word_1_375' title='bbox 1016 4488 1254 4543; x_wconf 82' lang='lat' dir='ltr'><strong>laborare</strong></span> <span class='ocrx_word' id='word_1_376' title='bbox 1273 4525 1288 4547; x_wconf 87' lang='lat'><strong>,</strong></span> <span class='ocrx_word' id='word_1_377' title='bbox 1320 4483 1497 4536; x_wconf 77' lang='lat' dir='ltr'><strong>venias</strong></span> <span class='ocrx_word' id='word_1_378' title='bbox 1523 4480 1586 4533; x_wconf 89' lang='lat' dir='ltr'><strong>ad</strong></span> <span class='ocrx_word' id='word_1_379' title='bbox 1614 4479 1769 4533; x_wconf 85' lang='lat' dir='ltr'><strong>ﬁnem</strong></span> <span class='ocrx_word' id='word_1_380' title='bbox 1799 4476 1953 4542; x_wconf 64' lang='lat' dir='ltr'><strong>vitae,</strong></span> <span class='ocrx_word' id='word_1_381' title='bbox 1982 4481 2038 4529; x_wconf 91' lang='lat' dir='ltr'><strong>et</strong></span> 
     </span>
    </p>
   </div>
   <div class='ocr_carea' id='block_1_46' title="bbox 485 4565 2040 4661">
    <p class='ocr_par' dir='ltr' id='par_1_46' title="bbox 485 4565 2040 4661">
     <span class='ocr_line' id='line_1_46' title="bbox 485 4565 2040 4661; baseline -0.019 -13"><span class='ocrx_word' id='word_1_382' title='bbox 485 4604 750 4661; x_wconf 87' lang='lat' dir='ltr'><strong>nunquam</strong></span> <span class='ocrx_word' id='word_1_383' title='bbox 775 4586 955 4642; x_wconf 83' lang='lat' dir='ltr'><strong>venias</strong></span> <span class='ocrx_word' id='word_1_384' title='bbox 980 4578 1046 4633; x_wconf 88' lang='lat' dir='ltr'><strong>ad</strong></span> <span class='ocrx_word' id='word_1_385' title='bbox 1077 4576 1233 4631; x_wconf 83' lang='lat' dir='ltr'><strong>linem</strong></span> <span class='ocrx_word' id='word_1_386' title='bbox 1262 4572 1522 4628; x_wconf 87' lang='lat' dir='ltr'><strong>laborum.</strong></span> <span class='ocrx_word' id='word_1_387' title='bbox 1555 4569 1802 4636; x_wconf 82' lang='lat' dir='ltr'><strong>Quoniam</strong></span> <span class='ocrx_word' id='word_1_388' title='bbox 1830 4583 1929 4620; x_wconf 88' lang='lat' dir='ltr'><strong>non</strong></span> <span class='ocrx_word' id='word_1_389' title='bbox 1963 4565 2040 4620; x_wconf 80' lang='lat' dir='ltr'><strong>ui-</strong></span> 
     </span>
    </p>
   </div>
   <div class='ocr_carea' id='block_1_47' title="bbox 489 4659 1827 4740">
    <p class='ocr_par' dir='ltr' id='par_1_47' title="bbox 489 4659 1827 4740">
     <span class='ocr_line' id='line_1_47' title="bbox 489 4659 1827 4740; baseline -0.022 -2"><span class='ocrx_word' id='word_1_390' title='bbox 489 4659 627 4736; x_wconf 79' lang='lat' dir='ltr'><strong>debit</strong></span> <span class='ocrx_word' id='word_1_391' title='bbox 644 4680 920 4740; x_wconf 80' lang='lat' dir='ltr'><strong>interitum,</strong></span> <span class='ocrx_word' id='word_1_392' title='bbox 943 4685 1055 4725; x_wconf 87' lang='lat' dir='ltr'><strong>cum</strong></span> <span class='ocrx_word' id='word_1_393' title='bbox 1083 4665 1261 4721; x_wconf 76' lang='lat' dir='ltr'><strong>uiderit</strong></span> <span class='ocrx_word' id='word_1_394' title='bbox 1281 4662 1523 4734; x_wconf 80' lang='lat' dir='ltr'><strong>sapientes</strong></span> <span class='ocrx_word' id='word_1_395' title='bbox 1548 4659 1827 4713; x_wconf 86' lang='lat' dir='ltr'><strong>morientes.</strong></span> 
     </span>
    </p>
   </div>
   <div class='ocr_carea' id='block_1_48' title="bbox 557 4748 2041 4834">
    <p class='ocr_par' dir='ltr' id='par_1_48' title="bbox 557 4748 2041 4834">
     <span class='ocr_line' id='line_1_48' title="bbox 557 4748 2041 4834; baseline -0.016 -7"><span class='ocrx_word' id='word_1_396' title='bbox 557 4773 641 4827; x_wconf 68' lang='lat' dir='ltr'><strong>l2.</strong></span> <span class='ocrx_word' id='word_1_397' title='bbox 684 4766 851 4825; x_wconf 80' lang='lat' dir='ltr'><strong>Simul</strong></span> <span class='ocrx_word' id='word_1_398' title='bbox 889 4760 1179 4834; x_wconf 80' lang='lat' dir='ltr'><strong>imprudens</strong></span> <span class='ocrx_word' id='word_1_399' title='bbox 1203 4766 1248 4812; x_wconf 87' lang='lat' dir='ltr'><strong>et</strong></span> <span class='ocrx_word' id='word_1_400' title='bbox 1274 4753 1511 4824; x_wconf 84' lang='lat' dir='ltr'><strong>insipiens</strong></span> <span class='ocrx_word' id='word_1_401' title='bbox 1535 4750 1783 4819; x_wconf 82' lang='lat' dir='ltr'><strong>peribunt.</strong></span> <span class='ocrx_word' id='word_1_402' title='bbox 1805 4748 1932 4815; x_wconf 83' lang='lat' dir='ltr'><strong>Quis</strong></span> <span class='ocrx_word' id='word_1_403' title='bbox 1957 4755 2041 4804; x_wconf 73' lang='grc' dir='ltr'><strong>εει</strong></span> 
     </span>
    </p>
   </div>
   <div class='ocr_carea' id='block_1_49' title="bbox 484 4838 2105 4933">
    <p class='ocr_par' dir='ltr' id='par_1_49' title="bbox 484 4838 2105 4933">
     <span class='ocr_line' id='line_1_49' title="bbox 484 4838 2105 4933; baseline -0.015 -16"><span class='ocrx_word' id='word_1_404' title='bbox 484 4862 803 4933; x_wconf 78' lang='lat' dir='ltr'><strong>imprudens?</strong></span> <span class='ocrx_word' id='word_1_405' title='bbox 825 4858 924 4926; x_wconf 85' lang='lat' dir='ltr'><strong>Qui</strong></span> <span class='ocrx_word' id='word_1_406' title='bbox 965 4869 1071 4910; x_wconf 89' lang='lat' dir='ltr'><strong>non</strong></span> <span class='ocrx_word' id='word_1_407' title='bbox 1108 4848 1210 4908; x_wconf 87' lang='lat' dir='ltr'><strong>sibi</strong></span> <span class='ocrx_word' id='word_1_408' title='bbox 1249 4845 1499 4919; x_wconf 86' lang='lat' dir='ltr'><strong>prospicit</strong></span> <span class='ocrx_word' id='word_1_409' title='bbox 1535 4844 1588 4897; x_wconf 90' lang='lat' dir='ltr'><strong>in</strong></span> <span class='ocrx_word' id='word_1_410' title='bbox 1630 4840 1881 4896; x_wconf 85' lang='lat' dir='ltr'><strong>futurum.</strong></span> <span class='ocrx_word' id='word_1_411' title='bbox 1911 4838 2041 4906; x_wconf 86' lang='lat' dir='ltr'><strong>Quis</strong></span> <span class='ocrx_word' id='word_1_412' title='bbox 2098 4850 2105 4858; x_wconf 86' lang='lat'><strong>&#39;</strong></span> 
     </span>
    </p>
   </div>
   <div class='ocr_carea' id='block_1_50' title="bbox 486 4929 2041 5019">
    <p class='ocr_par' dir='ltr' id='par_1_50' title="bbox 486 4929 2041 5019">
     <span class='ocr_line' id='line_1_50' title="bbox 486 4929 2041 5019; baseline -0.016 -11"><span class='ocrx_word' id='word_1_413' title='bbox 486 4929 569 5009; x_wconf 80' lang='lat' dir='ltr'><strong>est</strong></span> <span class='ocrx_word' id='word_1_414' title='bbox 592 4945 986 5019; x_wconf 61' lang='grc' dir='ltr'><strong>ἐπάρξειηεῖρυί</strong></span> <span class='ocrx_word' id='word_1_415' title='bbox 1015 4957 1118 4998; x_wconf 92' lang='lat' dir='ltr'><strong>non</strong></span> <span class='ocrx_word' id='word_1_416' title='bbox 1157 4936 1400 5008; x_wconf 79' lang='lat' dir='ltr'><strong>intelligit</strong></span> <span class='ocrx_word' id='word_1_417' title='bbox 1439 4934 1491 4989; x_wconf 91' lang='lat' dir='ltr'><strong>in</strong></span> <span class='ocrx_word' id='word_1_418' title='bbox 1530 4947 1635 5003; x_wconf 90' lang='lat' dir='ltr'><strong>quo</strong></span> <span class='ocrx_word' id='word_1_419' title='bbox 1670 4932 1808 4986; x_wconf 85' lang='lat' dir='ltr'><strong>malo</strong></span> <span class='ocrx_word' id='word_1_420' title='bbox 1849 4929 1935 4985; x_wconf 91' lang='lat' dir='ltr'><strong>sit.</strong></span> <span class='ocrx_word' id='word_1_421' title='bbox 1962 4929 2041 4984; x_wconf 87' lang='lat' dir='ltr'><strong>Tu</strong></span> 
     </span>
    </p>
   </div>
   <div class='ocr_carea' id='block_1_51' title="bbox 487 5019 2040 5107">
    <p class='ocr_par' dir='ltr' id='par_1_51' title="bbox 487 5019 2040 5107">
     <span class='ocr_line' id='line_1_51' title="bbox 487 5019 2040 5107; baseline -0.015 -10"><span class='ocrx_word' id='word_1_422' title='bbox 487 5057 614 5097; x_wconf 87' lang='lat' dir='ltr'><strong>vero</strong></span> <span class='ocrx_word' id='word_1_423' title='bbox 639 5039 865 5107; x_wconf 75' lang='lat' dir='ltr'><strong>intelligo</strong></span> <span class='ocrx_word' id='word_1_424' title='bbox 891 5036 942 5089; x_wconf 90' lang='lat' dir='ltr'><strong>in</strong></span> <span class='ocrx_word' id='word_1_425' title='bbox 966 5048 1072 5103; x_wconf 91' lang='lat' dir='ltr'><strong>quo</strong></span> <span class='ocrx_word' id='word_1_426' title='bbox 1101 5030 1242 5086; x_wconf 91' lang='lat' dir='ltr'><strong>malo</strong></span> <span class='ocrx_word' id='word_1_427' title='bbox 1268 5028 1343 5083; x_wconf 88' lang='lat' dir='ltr'><strong>sis</strong></span> <span class='ocrx_word' id='word_1_428' title='bbox 1370 5025 1546 5092; x_wconf 91' lang='lat' dir='ltr'><strong>modo,</strong></span> <span class='ocrx_word' id='word_1_429' title='bbox 1568 5030 1622 5079; x_wconf 91' lang='lat' dir='ltr'><strong>et</strong></span> <span class='ocrx_word' id='word_1_430' title='bbox 1647 5022 1885 5093; x_wconf 89' lang='lat' dir='ltr'><strong>prospice</strong></span> <span class='ocrx_word' id='word_1_431' title='bbox 1904 5030 1961 5073; x_wconf 92' lang='lat' dir='ltr'><strong>ut</strong></span> <span class='ocrx_word' id='word_1_432' title='bbox 1988 5019 2040 5074; x_wconf 92' lang='lat' dir='ltr'><strong>in</strong></span> 
     </span>
    </p>
   </div>
   <div class='ocr_carea' id='block_1_52' title="bbox 488 5112 2039 5197">
    <p class='ocr_par' dir='ltr' id='par_1_52' title="bbox 488 5112 2039 5197">
     <span class='ocr_line' id='line_1_52' title="bbox 488 5112 2039 5197; baseline -0.015 -7"><span class='ocrx_word' id='word_1_433' title='bbox 488 5133 639 5189; x_wconf 88' lang='lat' dir='ltr'><strong>bonis</strong></span> <span class='ocrx_word' id='word_1_434' title='bbox 668 5131 742 5184; x_wconf 87' lang='lat' dir='ltr'><strong>sis</strong></span> <span class='ocrx_word' id='word_1_435' title='bbox 768 5129 818 5181; x_wconf 87' lang='lat' dir='ltr'><strong>in</strong></span> <span class='ocrx_word' id='word_1_436' title='bbox 844 5132 1132 5197; x_wconf 86' lang='lat' dir='ltr'><strong>posterum.</strong></span> <span class='ocrx_word' id='word_1_437' title='bbox 1160 5117 1502 5189; x_wconf 81' lang='lat' dir='ltr'><strong>intelligendo</strong></span> <span class='ocrx_word' id='word_1_438' title='bbox 1540 5117 1592 5170; x_wconf 93' lang='lat' dir='ltr'><strong>iu</strong></span> <span class='ocrx_word' id='word_1_439' title='bbox 1634 5130 1739 5185; x_wconf 93' lang='lat' dir='ltr'><strong>quo</strong></span> <span class='ocrx_word' id='word_1_440' title='bbox 1778 5115 1914 5168; x_wconf 88' lang='lat' dir='ltr'><strong>malo</strong></span> <span class='ocrx_word' id='word_1_441' title='bbox 1946 5112 2039 5177; x_wconf 85' lang='lat' dir='ltr'><strong>sis,</strong></span> 
     </span>
    </p>
   </div>
   <div class='ocr_carea' id='block_1_53' title="bbox 490 5205 2044 5285">
    <p class='ocr_par' dir='ltr' id='par_1_53' title="bbox 490 5205 2044 5285">
     <span class='ocr_line' id='line_1_53' title="bbox 490 5205 2044 5285; baseline -0.017 -7"><span class='ocrx_word' id='word_1_442' title='bbox 490 5239 594 5279; x_wconf 90' lang='lat' dir='ltr'><strong>non</strong></span> <span class='ocrx_word' id='word_1_443' title='bbox 620 5220 726 5276; x_wconf 88' lang='lat' dir='ltr'><strong>eris</strong></span> <span class='ocrx_word' id='word_1_444' title='bbox 752 5216 1040 5284; x_wconf 89' lang='lat' dir='ltr'><strong>insipiens:</strong></span> <span class='ocrx_word' id='word_1_445' title='bbox 1066 5207 1431 5281; x_wconf 89' lang='lat' dir='ltr'><strong>prospiciendo</strong></span> <span class='ocrx_word' id='word_1_446' title='bbox 1460 5207 1553 5261; x_wconf 90' lang='lat' dir='ltr'><strong>tibi</strong></span> <span class='ocrx_word' id='word_1_447' title='bbox 1583 5207 1635 5260; x_wconf 93' lang='lat' dir='ltr'><strong>in</strong></span> <span class='ocrx_word' id='word_1_448' title='bbox 1667 5205 1917 5280; x_wconf 79' lang='lat' dir='ltr'><strong>futurum,</strong></span> <span class='ocrx_word' id='word_1_449' title='bbox 1940 5218 2044 5285; x_wconf 78' lang='lat' dir='ltr'><strong>non</strong></span> 
     </span>
    </p>
   </div>
   <div class='ocr_carea' id='block_1_54' title="bbox 492 5288 2048 5379">
    <p class='ocr_par' dir='ltr' id='par_1_54' title="bbox 492 5288 2048 5379">
     <span class='ocr_line' id='line_1_54' title="bbox 492 5288 2048 5379; baseline -0.015 -9"><span class='ocrx_word' id='word_1_450' title='bbox 492 5318 598 5371; x_wconf 84' lang='lat' dir='ltr'><strong>eris</strong></span> <span class='ocrx_word' id='word_1_451' title='bbox 642 5308 963 5379; x_wconf 87' lang='lat' dir='ltr'><strong>imprudens.</strong></span> <span class='ocrx_word' id='word_1_452' title='bbox 989 5303 1119 5370; x_wconf 83' lang='lat' dir='ltr'><strong>Quis</strong></span> <span class='ocrx_word' id='word_1_453' title='bbox 1162 5309 1246 5355; x_wconf 89' lang='lat' dir='ltr'><strong>est</strong></span> <span class='ocrx_word' id='word_1_454' title='bbox 1283 5300 1370 5370; x_wconf 85' lang='lat' dir='ltr'><strong>qui</strong></span> <span class='ocrx_word' id='word_1_455' title='bbox 1407 5299 1504 5353; x_wconf 89' lang='lat' dir='ltr'><strong>sibi</strong></span> <span class='ocrx_word' id='word_1_456' title='bbox 1545 5295 1831 5367; x_wconf 80' lang='lat' dir='ltr'><strong>prospicit?</strong></span> <span class='ocrx_word' id='word_1_457' title='bbox 1853 5288 2048 5365; x_wconf 76' lang='lat' dir='ltr'><strong>Servus</strong></span> 
     </span>
    </p>
   </div>
   <div class='ocr_carea' id='block_1_55' title="bbox 493 5387 2048 5461">
    <p class='ocr_par' dir='ltr' id='par_1_55' title="bbox 493 5387 2048 5461">
     <span class='ocr_line' id='line_1_55' title="bbox 493 5387 2048 5461; baseline 0.008 1"><span class='ocrx_word' id='word_1_458' title='bbox 493 5406 579 5461; x_wconf 90' lang='lat' dir='ltr'><strong>ille</strong></span> <span class='ocrx_word' id='word_1_459' title='bbox 606 5401 687 5458; x_wconf 89' lang='lat' dir='ltr'><strong>cui</strong></span> <span class='ocrx_word' id='word_1_460' title='bbox 713 5396 857 5453; x_wconf 81' lang='lat' dir='ltr'><strong>dedit</strong></span> <span class='ocrx_word' id='word_1_461' title='bbox 892 5393 1141 5448; x_wconf 89' lang='lat' dir='ltr'><strong>Dominus</strong></span> <span class='ocrx_word' id='word_1_462' title='bbox 1164 5403 1293 5443; x_wconf 89' lang='lat' dir='ltr'><strong>suus</strong></span> <span class='ocrx_word' id='word_1_463' title='bbox 1318 5387 1457 5457; x_wconf 71' lang='grc' dir='ltr'><strong>φιοά</strong></span> <span class='ocrx_word' id='word_1_464' title='bbox 1484 5395 1726 5456; x_wconf 59' lang='grc' dir='ltr'><strong>θ’θῧπθί</strong></span> <span class='ocrx_word' id='word_1_465' title='bbox 1745 5427 1760 5451; x_wconf 71' lang='grc' dir='ltr'><strong>ν</strong></span> <span class='ocrx_word' id='word_1_466' title='bbox 1787 5392 1842 5440; x_wconf 64' lang='grc' dir='ltr'><strong>θί</strong></span> <span class='ocrx_word' id='word_1_467' title='bbox 1869 5393 2048 5453; x_wconf 56' lang='lat' dir='ltr'><strong>908m</strong></span> 
     </span>
    </p>
   </div>
   <div class='ocr_carea' id='block_1_56' title="bbox 494 5476 2051 5552">
    <p class='ocr_par' dir='ltr' id='par_1_56' title="bbox 494 5476 2051 5552">
     <span class='ocr_line' id='line_1_56' title="bbox 494 5476 2051 5552; baseline -0.015 -1"><span class='ocrx_word' id='word_1_468' title='bbox 494 5495 625 5551; x_wconf 78' lang='lat' dir='ltr'><strong>dixit</strong></span> <span class='ocrx_word' id='word_1_469' title='bbox 651 5496 736 5547; x_wconf 89' lang='lat' dir='ltr'><strong>ei:</strong></span> <span class='ocrx_word' id='word_1_470' title='bbox 766 5487 883 5541; x_wconf 76' lang='lat' dir='ltr'><strong>Non</strong></span> <span class='ocrx_word' id='word_1_471' title='bbox 912 5492 1050 5552; x_wconf 81' lang='lat' dir='ltr'><strong>potes</strong></span> <span class='ocrx_word' id='word_1_472' title='bbox 1089 5479 1209 5532; x_wconf 84' lang='lat' dir='ltr'><strong>mihi</strong></span> <span class='ocrx_word' id='word_1_473' title='bbox 1252 5492 1418 5547; x_wconf 84' lang='lat' dir='ltr'><strong>agere,</strong></span> <span class='ocrx_word' id='word_1_474' title='bbox 1446 5477 1595 5529; x_wconf 84' lang='lat' dir='ltr'><strong>redde</strong></span> <span class='ocrx_word' id='word_1_475' title='bbox 1631 5476 1874 5528; x_wconf 83' lang='lat' dir='ltr'><strong>rationem</strong></span> <span class='ocrx_word' id='word_1_476' title='bbox 1910 5484 2051 5527; x_wconf 87' lang='lat' dir='ltr'><strong>actus</strong></span> 
     </span>
    </p>
   </div>
   <div class='ocr_carea' id='block_1_57' title="bbox 495 5563 2054 5643">
    <p class='ocr_par' dir='ltr' id='par_1_57' title="bbox 495 5563 2054 5643">
     <span class='ocr_line' id='line_1_57' title="bbox 495 5563 2054 5643; baseline -0.013 -4"><span class='ocrx_word' id='word_1_477' title='bbox 495 5590 591 5641; x_wconf 86' lang='lat' dir='ltr'><strong>tui.</strong></span> <span class='ocrx_word' id='word_1_478' title='bbox 620 5582 687 5637; x_wconf 85' lang='lat' dir='ltr'><strong>Et</strong></span> <span class='ocrx_word' id='word_1_479' title='bbox 716 5580 802 5633; x_wconf 88' lang='lat' dir='ltr'><strong>ille</strong></span> <span class='ocrx_word' id='word_1_480' title='bbox 825 5594 838 5628; x_wconf 72' lang='grc' dir='ltr'><strong>ς</strong></span> <span class='ocrx_word' id='word_1_481' title='bbox 862 5574 992 5640; x_wconf 79' lang='lat' dir='ltr'><strong>Quid</strong></span> <span class='ocrx_word' id='word_1_482' title='bbox 1021 5570 1187 5643; x_wconf 79' lang='lat' dir='ltr'><strong>facio?</strong></span> <span class='ocrx_word' id='word_1_483' title='bbox 1213 5568 1381 5638; x_wconf 77' lang='lat' dir='ltr'><strong>{odere</strong></span> <span class='ocrx_word' id='word_1_484' title='bbox 1406 5581 1504 5619; x_wconf 87' lang='lat' dir='ltr'><strong>non</strong></span> <span class='ocrx_word' id='word_1_485' title='bbox 1530 5581 1748 5633; x_wconf 79' lang='lat' dir='ltr'><strong>possum,</strong></span> <span class='ocrx_word' id='word_1_486' title='bbox 1776 5563 2054 5618; x_wconf 85' lang='lat' dir='ltr'><strong>mendicare</strong></span> 
     </span>
    </p>
   </div>
   <div class='ocr_carea' id='block_1_58' title="bbox 500 5652 2051 5744">
    <p class='ocr_par' dir='ltr' id='par_1_58' title="bbox 500 5652 2051 5744">
     <span class='ocr_line' id='line_1_58' title="bbox 500 5652 2051 5744; baseline -0.013 -15"><span class='ocrx_word' id='word_1_487' title='bbox 500 5670 795 5744; x_wconf 67' lang='lat' dir='ltr'><strong>confundor.</strong></span> <span class='ocrx_word' id='word_1_488' title='bbox 821 5666 923 5723; x_wconf 88' lang='lat' dir='ltr'><strong>Sed</strong></span> <span class='ocrx_word' id='word_1_489' title='bbox 951 5672 1004 5719; x_wconf 91' lang='lat' dir='ltr'><strong>et</strong></span> <span class='ocrx_word' id='word_1_490' title='bbox 1032 5660 1097 5716; x_wconf 84' lang='lat' dir='ltr'><strong>de</strong></span> <span class='ocrx_word' id='word_1_491' title='bbox 1126 5673 1184 5715; x_wconf 90' lang='lat' dir='ltr'><strong>re</strong></span> <span class='ocrx_word' id='word_1_492' title='bbox 1211 5655 1409 5712; x_wconf 90' lang='lat' dir='ltr'><strong>domini</strong></span> <span class='ocrx_word' id='word_1_493' title='bbox 1440 5654 1519 5709; x_wconf 88' lang='lat' dir='ltr'><strong>sui</strong></span> <span class='ocrx_word' id='word_1_494' title='bbox 1551 5652 1670 5707; x_wconf 85' lang='lat' dir='ltr'><strong>fecit</strong></span> <span class='ocrx_word' id='word_1_495' title='bbox 1698 5653 1796 5708; x_wconf 90' lang='lat' dir='ltr'><strong>sibi</strong></span> <span class='ocrx_word' id='word_1_496' title='bbox 1836 5653 2051 5722; x_wconf 88' lang='lat' dir='ltr'><strong>amicos,</strong></span> 
     </span>
    </p>
   </div>
   <div class='ocr_carea' id='block_1_59' title="bbox 561 5769 1634 5836">
    <p class='ocr_par' dir='ltr' id='par_1_59' title="bbox 561 5769 1634 5836">
     <span class='ocr_line' id='line_1_59' title="bbox 561 5769 1634 5836; baseline -0.019 2"><span class='ocrx_word' id='word_1_497' title='bbox 561 5787 582 5823; x_wconf 74' lang='grc' dir='ltr'>ι</span> <span class='ocrx_word' id='word_1_498' title='bbox 612 5787 679 5836; x_wconf 85' lang='lat' dir='ltr'><strong>Ita</strong></span> <span class='ocrx_word' id='word_1_499' title='bbox 695 5781 908 5836; x_wconf 88' lang='lat' dir='ltr'><strong>nonnulli</strong></span> <span class='ocrx_word' id='word_1_500' title='bbox 929 5788 1027 5831; x_wconf 74' lang='lat' dir='ltr'><strong>Mss.</strong></span> <span class='ocrx_word' id='word_1_501' title='bbox 1048 5777 1157 5827; x_wconf 65' lang='lat' dir='ltr'><strong>add.</strong></span> <span class='ocrx_word' id='word_1_502' title='bbox 1174 5785 1311 5832; x_wconf 81' lang='lat' dir='ltr'><strong>vero,</strong></span> <span class='ocrx_word' id='word_1_503' title='bbox 1333 5782 1381 5822; x_wconf 85' lang='lat' dir='ltr'><strong>se</strong></span> <span class='ocrx_word' id='word_1_504' title='bbox 1405 5769 1634 5821; x_wconf 80' lang='lat' dir='ltr'><strong>viderem.</strong></span> 
     </span>
    </p>
   </div>
   <div class='ocr_carea' id='block_1_60' title="bbox 1655 362 2435 432">
    <p class='ocr_par' dir='ltr' id='par_1_60' title="bbox 1655 362 2435 432">
     <span class='ocr_line' id='line_1_60' title="bbox 1655 362 2435 432; baseline -0.017 0"><span class='ocrx_word' id='word_1_505' title='bbox 1655 374 1713 432; x_wconf 87' lang='lat' dir='ltr'><strong>S.</strong></span> <span class='ocrx_word' id='word_1_506' title='bbox 1753 367 2110 431; x_wconf 76' lang='lat' dir='ltr'><strong>AUGUSTINI</strong></span> <span class='ocrx_word' id='word_1_507' title='bbox 2148 362 2435 423; x_wconf 71' lang='lat' dir='ltr'><strong>EPBCOPI</strong></span> 
     </span>
    </p>
   </div>
   <div class='ocr_carea' id='block_1_61' title="bbox 3546 354 3654 411">
    <p class='ocr_par' dir='ltr' id='par_1_61' title="bbox 3546 354 3654 411">
     <span class='ocr_line' id='line_1_61' title="bbox 3546 354 3654 411; baseline 0 0"><span class='ocrx_word' id='word_1_508' title='bbox 3546 354 3654 411; x_wconf 69' lang='grc' dir='ltr'><strong>εδε</strong></span> 
     </span>
    </p>
   </div>
   <div class='ocr_carea' id='block_1_62' title="bbox 2096 468 3655 553">
    <p class='ocr_par' dir='ltr' id='par_1_62' title="bbox 2096 468 3655 553">
     <span class='ocr_line' id='line_1_62' title="bbox 2096 468 3655 553; baseline -0.007 -19"><span class='ocrx_word' id='word_1_509' title='bbox 2096 482 2183 551; x_wconf 91' lang='lat' dir='ltr'><strong>qui</strong></span> <span class='ocrx_word' id='word_1_510' title='bbox 2206 480 2346 535; x_wconf 75' lang='lat' dir='ltr'><strong>illum</strong></span> <span class='ocrx_word' id='word_1_511' title='bbox 2370 477 2684 546; x_wconf 86' lang='lat' dir='ltr'><strong>reciperent,</strong></span> <span class='ocrx_word' id='word_1_512' title='bbox 2707 488 2824 553; x_wconf 82' lang='lat' dir='ltr'><strong>cum</strong></span> <span class='ocrx_word' id='word_1_513' title='bbox 2851 472 2917 529; x_wconf 86' lang='lat' dir='ltr'><strong>de</strong></span> <span class='ocrx_word' id='word_1_514' title='bbox 2938 481 3058 528; x_wconf 88' lang='lat' dir='ltr'><strong>actu</strong></span> <span class='ocrx_word' id='word_1_515' title='bbox 3083 469 3447 542; x_wconf 83' lang='lat' dir='ltr'><strong>projiceretur.</strong></span> <span class='ocrx_word' id='word_1_516' title='bbox 3470 468 3537 523; x_wconf 84' lang='lat' dir='ltr'><strong>Et</strong></span> <span class='ocrx_word' id='word_1_517' title='bbox 3562 468 3655 523; x_wconf 83' lang='lat' dir='ltr'><strong>ille</strong></span> 
     </span>
    </p>
   </div>
   <div class='ocr_carea' id='block_1_63' title="bbox 2096 559 3654 631">
    <p class='ocr_par' dir='ltr' id='par_1_63' title="bbox 2096 559 3654 631">
     <span class='ocr_line' id='line_1_63' title="bbox 2096 559 3654 631; baseline -0.008 -6"><span class='ocrx_word' id='word_1_518' title='bbox 2096 570 2333 626; x_wconf 86' lang='lat' dir='ltr'><strong>fraudem</strong></span> <span class='ocrx_word' id='word_1_519' title='bbox 2362 569 2486 623; x_wconf 89' lang='lat' dir='ltr'><strong>fecit</strong></span> <span class='ocrx_word' id='word_1_520' title='bbox 2506 566 2719 621; x_wconf 86' lang='lat' dir='ltr'><strong>domino</strong></span> <span class='ocrx_word' id='word_1_521' title='bbox 2747 578 2866 627; x_wconf 89' lang='lat' dir='ltr'><strong>suo,</strong></span> <span class='ocrx_word' id='word_1_522' title='bbox 2892 573 2950 619; x_wconf 91' lang='lat' dir='ltr'><strong>ut</strong></span> <span class='ocrx_word' id='word_1_523' title='bbox 2972 570 3302 631; x_wconf 86' lang='lat' dir='ltr'><strong>compararet</strong></span> <span class='ocrx_word' id='word_1_524' title='bbox 3327 559 3427 616; x_wconf 89' lang='lat' dir='ltr'><strong>sibi</strong></span> <span class='ocrx_word' id='word_1_525' title='bbox 3451 560 3654 616; x_wconf 81' lang='lat' dir='ltr'><strong>amicos</strong></span> 
     </span>
    </p>
   </div>
   <div class='ocr_carea' id='block_1_64' title="bbox 2093 646 3654 732">
    <p class='ocr_par' dir='ltr' id='par_1_64' title="bbox 2093 646 3654 732">
     <span class='ocr_line' id='line_1_64' title="bbox 2093 646 3654 732; baseline -0.009 -17"><span class='ocrx_word' id='word_1_526' title='bbox 2093 663 2183 732; x_wconf 88' lang='lat' dir='ltr'><strong>qui</strong></span> <span class='ocrx_word' id='word_1_527' title='bbox 2209 661 2354 715; x_wconf 90' lang='lat' dir='ltr'><strong>illum</strong></span> <span class='ocrx_word' id='word_1_528' title='bbox 2383 658 2710 727; x_wconf 86' lang='lat' dir='ltr'><strong>susciperent</strong></span> <span class='ocrx_word' id='word_1_529' title='bbox 2739 670 2754 709; x_wconf 88' lang='lat'><strong>:</strong></span> <span class='ocrx_word' id='word_1_530' title='bbox 2785 664 2840 710; x_wconf 91' lang='lat' dir='ltr'><strong>tu</strong></span> <span class='ocrx_word' id='word_1_531' title='bbox 2871 654 2977 710; x_wconf 89' lang='lat' dir='ltr'><strong>noli</strong></span> <span class='ocrx_word' id='word_1_532' title='bbox 3005 654 3194 707; x_wconf 85' lang='lat' dir='ltr'><strong>timere</strong></span> <span class='ocrx_word' id='word_1_533' title='bbox 3218 666 3286 706; x_wconf 91' lang='lat' dir='ltr'><strong>ne</strong></span> <span class='ocrx_word' id='word_1_534' title='bbox 3313 648 3545 705; x_wconf 88' lang='lat' dir='ltr'><strong>fraudem</strong></span> <span class='ocrx_word' id='word_1_535' title='bbox 3574 646 3654 711; x_wconf 82' lang='lat' dir='ltr'><strong>fa-</strong></span> 
     </span>
    </p>
   </div>
   <div class='ocr_carea' id='block_1_65' title="bbox 2095 739 3650 821">
    <p class='ocr_par' dir='ltr' id='par_1_65' title="bbox 2095 739 3650 821">
     <span class='ocr_line' id='line_1_65' title="bbox 2095 739 3650 821; baseline -0.012 -12"><span class='ocrx_word' id='word_1_536' title='bbox 2095 755 2240 818; x_wconf 88' lang='lat' dir='ltr'><strong>cias;</strong></span> <span class='ocrx_word' id='word_1_537' title='bbox 2272 752 2384 821; x_wconf 79' lang='lat' dir='ltr'><strong>ipse</strong></span> <span class='ocrx_word' id='word_1_538' title='bbox 2409 750 2659 806; x_wconf 86' lang='lat' dir='ltr'><strong>Dominus</strong></span> <span class='ocrx_word' id='word_1_539' title='bbox 2689 746 2929 802; x_wconf 90' lang='lat' dir='ltr'><strong>hortatur</strong></span> <span class='ocrx_word' id='word_1_540' title='bbox 2955 757 3011 800; x_wconf 91' lang='lat' dir='ltr'><strong>ut</strong></span> <span class='ocrx_word' id='word_1_541' title='bbox 3041 743 3220 805; x_wconf 84' lang='lat' dir='ltr'><strong>facias,</strong></span> <span class='ocrx_word' id='word_1_542' title='bbox 3250 743 3361 811; x_wconf 82' lang='lat' dir='ltr'><strong>ipse</strong></span> <span class='ocrx_word' id='word_1_543' title='bbox 3386 741 3479 799; x_wconf 87' lang='lat' dir='ltr'><strong>tibi</strong></span> <span class='ocrx_word' id='word_1_544' title='bbox 3502 739 3650 800; x_wconf 84' lang='lat' dir='ltr'><strong>dicit,</strong></span> 
     </span>
    </p>
   </div>
   <div class='ocr_carea' id='block_1_66' title="bbox 2096 831 3652 903">
    <p class='ocr_par' dir='ltr' id='par_1_66' title="bbox 2096 831 3652 903">
     <span class='ocr_line' id='line_1_66' title="bbox 2096 831 3652 903; baseline -0.01 -5"><span class='ocrx_word' id='word_1_545' title='bbox 2096 843 2202 899; x_wconf 84' lang='lat' dir='ltr'><strong>Fac</strong></span> <span class='ocrx_word' id='word_1_546' title='bbox 2228 842 2318 897; x_wconf 89' lang='lat' dir='ltr'><strong>tibi</strong></span> <span class='ocrx_word' id='word_1_547' title='bbox 2349 841 2548 895; x_wconf 89' lang='lat' dir='ltr'><strong>amicos</strong></span> <span class='ocrx_word' id='word_1_548' title='bbox 2580 837 2649 893; x_wconf 91' lang='lat' dir='ltr'><strong>de</strong></span> <span class='ocrx_word' id='word_1_549' title='bbox 2683 849 2980 892; x_wconf 87' lang='lat' dir='ltr'><strong>mammona</strong></span> <span class='ocrx_word' id='word_1_550' title='bbox 3024 832 3310 903; x_wconf 84' lang='lat' dir='ltr'><strong>iniquitatis</strong></span> <span class='ocrx_word' id='word_1_551' title='bbox 3351 831 3514 903; x_wconf 79' lang='lat' dir='ltr'><strong>(Luc.</strong></span> <span class='ocrx_word' id='word_1_552' title='bbox 3538 845 3652 890; x_wconf 67' lang='grc' dir='ltr'><strong>κν..</strong></span> 
     </span>
    </p>
   </div>
   <div class='ocr_carea' id='block_1_67' title="bbox 2099 922 3656 1009">
    <p class='ocr_par' dir='ltr' id='par_1_67' title="bbox 2099 922 3656 1009">
     <span class='ocr_line' id='line_1_67' title="bbox 2099 922 3656 1009; baseline -0.01 -19"><span class='ocrx_word' id='word_1_553' title='bbox 2099 934 2244 1005; x_wconf 68' lang='grc'><strong>1-2);</strong></span> <span class='ocrx_word' id='word_1_554' title='bbox 2262 932 2524 989; x_wconf 83' lang='lat' dir='ltr'><strong>Fortassis</strong></span> <span class='ocrx_word' id='word_1_555' title='bbox 2552 946 2614 987; x_wconf 88' lang='lat' dir='ltr'><strong>ea</strong></span> <span class='ocrx_word' id='word_1_556' title='bbox 2641 946 2758 1001; x_wconf 70' lang='lat' dir='ltr'><strong>qua:</strong></span> <span class='ocrx_word' id='word_1_557' title='bbox 2782 927 3068 1009; x_wconf 73' lang='lat' dir='ltr'><strong>acquisisti,</strong></span> <span class='ocrx_word' id='word_1_558' title='bbox 3095 927 3162 982; x_wconf 85' lang='lat' dir='ltr'><strong>de</strong></span> <span class='ocrx_word' id='word_1_559' title='bbox 3189 925 3458 994; x_wconf 84' lang='lat' dir='ltr'><strong>iniquitate</strong></span> <span class='ocrx_word' id='word_1_560' title='bbox 3476 922 3656 990; x_wconf 81' lang='lat' dir='ltr'><strong>acqui-</strong></span> 
     </span>
    </p>
   </div>
   <div class='ocr_carea' id='block_1_68' title="bbox 2098 1014 3657 1093">
    <p class='ocr_par' dir='ltr' id='par_1_68' title="bbox 2098 1014 3657 1093">
     <span class='ocr_line' id='line_1_68' title="bbox 2098 1014 3657 1093; baseline -0.006 -12"><span class='ocrx_word' id='word_1_561' title='bbox 2098 1027 2246 1090; x_wconf 89' lang='lat' dir='ltr'><strong>sisti;</strong></span> <span class='ocrx_word' id='word_1_562' title='bbox 2276 1034 2368 1081; x_wconf 90' lang='lat' dir='ltr'><strong>aut</strong></span> <span class='ocrx_word' id='word_1_563' title='bbox 2393 1024 2616 1080; x_wconf 83' lang='lat' dir='ltr'><strong>fortasse</strong></span> <span class='ocrx_word' id='word_1_564' title='bbox 2640 1036 2702 1078; x_wconf 90' lang='lat' dir='ltr'><strong>ea</strong></span> <span class='ocrx_word' id='word_1_565' title='bbox 2731 1022 2843 1093; x_wconf 87' lang='lat' dir='ltr'><strong>ipsa</strong></span> <span class='ocrx_word' id='word_1_566' title='bbox 2868 1030 2952 1076; x_wconf 90' lang='lat' dir='ltr'><strong>est</strong></span> <span class='ocrx_word' id='word_1_567' title='bbox 2972 1019 3237 1088; x_wconf 89' lang='lat' dir='ltr'><strong>iniquitas,</strong></span> <span class='ocrx_word' id='word_1_568' title='bbox 3259 1016 3380 1086; x_wconf 88' lang='lat' dir='ltr'><strong>quia</strong></span> <span class='ocrx_word' id='word_1_569' title='bbox 3410 1025 3463 1069; x_wconf 91' lang='lat' dir='ltr'><strong>tu</strong></span> <span class='ocrx_word' id='word_1_570' title='bbox 3491 1014 3657 1071; x_wconf 81' lang='lat' dir='ltr'><strong>babes</strong></span> 
     </span>
    </p>
   </div>
   <div class='ocr_carea' id='block_1_69' title="bbox 2099 1106 3654 1176">
    <p class='ocr_par' dir='ltr' id='par_1_69' title="bbox 2099 1106 3654 1176">
     <span class='ocr_line' id='line_1_69' title="bbox 2099 1106 3654 1176; baseline -0.009 -5"><span class='ocrx_word' id='word_1_571' title='bbox 2099 1126 2153 1171; x_wconf 90' lang='lat' dir='ltr'><strong>et</strong></span> <span class='ocrx_word' id='word_1_572' title='bbox 2175 1116 2311 1171; x_wconf 85' lang='lat' dir='ltr'><strong>alter</strong></span> <span class='ocrx_word' id='word_1_573' title='bbox 2336 1130 2438 1169; x_wconf 92' lang='lat' dir='ltr'><strong>non</strong></span> <span class='ocrx_word' id='word_1_574' title='bbox 2468 1114 2643 1175; x_wconf 89' lang='lat' dir='ltr'><strong>habet,</strong></span> <span class='ocrx_word' id='word_1_575' title='bbox 2682 1122 2736 1167; x_wconf 92' lang='lat' dir='ltr'><strong>tu</strong></span> <span class='ocrx_word' id='word_1_576' title='bbox 2771 1110 3008 1165; x_wconf 89' lang='lat' dir='ltr'><strong>abundas</strong></span> <span class='ocrx_word' id='word_1_577' title='bbox 3032 1120 3083 1162; x_wconf 88' lang='lat' dir='ltr'><strong>et</strong></span> <span class='ocrx_word' id='word_1_578' title='bbox 3111 1108 3245 1162; x_wconf 88' lang='lat' dir='ltr'><strong>alter</strong></span> <span class='ocrx_word' id='word_1_579' title='bbox 3278 1117 3415 1176; x_wconf 88' lang='lat' dir='ltr'><strong>eget.</strong></span> <span class='ocrx_word' id='word_1_580' title='bbox 3446 1107 3521 1163; x_wconf 88' lang='lat' dir='ltr'><strong>De</strong></span> <span class='ocrx_word' id='word_1_581' title='bbox 3556 1106 3654 1159; x_wconf 84' lang='lat' dir='ltr'><strong>ista</strong></span> 
     </span>
    </p>
   </div>
   <div class='ocr_carea' id='block_1_70' title="bbox 2099 1197 3656 1273">
    <p class='ocr_par' dir='ltr' id='par_1_70' title="bbox 2099 1197 3656 1273">
     <span class='ocr_line' id='line_1_70' title="bbox 2099 1197 3656 1273; baseline -0.008 -12"><span class='ocrx_word' id='word_1_582' title='bbox 2099 1219 2398 1262; x_wconf 81' lang='lat' dir='ltr'><strong>mammona</strong></span> <span class='ocrx_word' id='word_1_583' title='bbox 2424 1203 2728 1273; x_wconf 87' lang='lat' dir='ltr'><strong>iniquitatis,</strong></span> <span class='ocrx_word' id='word_1_584' title='bbox 2757 1201 2824 1256; x_wconf 89' lang='lat' dir='ltr'><strong>de</strong></span> <span class='ocrx_word' id='word_1_585' title='bbox 2850 1200 3043 1255; x_wconf 86' lang='lat' dir='ltr'><strong>divitiis</strong></span> <span class='ocrx_word' id='word_1_586' title='bbox 3073 1200 3185 1254; x_wconf 89' lang='lat' dir='ltr'><strong>istis</strong></span> <span class='ocrx_word' id='word_1_587' title='bbox 3211 1214 3341 1268; x_wconf 84' lang='lat' dir='ltr'><strong>quas</strong></span> <span class='ocrx_word' id='word_1_588' title='bbox 3366 1197 3529 1268; x_wconf 90' lang='lat' dir='ltr'><strong>iniqui</strong></span> <span class='ocrx_word' id='word_1_589' title='bbox 3559 1212 3656 1250; x_wconf 88' lang='lat' dir='ltr'><strong>vo—</strong></span> 
     </span>
    </p>
   </div>
   <div class='ocr_carea' id='block_1_71' title="bbox 2100 1290 3659 1361">
    <p class='ocr_par' dir='ltr' id='par_1_71' title="bbox 2100 1290 3659 1361">
     <span class='ocr_line' id='line_1_71' title="bbox 2100 1290 3659 1361; baseline -0.006 -10"><span class='ocrx_word' id='word_1_590' title='bbox 2100 1305 2224 1351; x_wconf 76' lang='lat' dir='ltr'><strong>cant</strong></span> <span class='ocrx_word' id='word_1_591' title='bbox 2244 1295 2472 1359; x_wconf 85' lang='lat' dir='ltr'><strong>divitias,</strong></span> <span class='ocrx_word' id='word_1_592' title='bbox 2493 1293 2577 1347; x_wconf 81' lang='lat' dir='ltr'><strong>fac</strong></span> <span class='ocrx_word' id='word_1_593' title='bbox 2602 1292 2693 1348; x_wconf 90' lang='lat' dir='ltr'><strong>tibi</strong></span> <span class='ocrx_word' id='word_1_594' title='bbox 2719 1292 2918 1347; x_wconf 89' lang='lat' dir='ltr'><strong>amicos</strong></span> <span class='ocrx_word' id='word_1_595' title='bbox 2944 1301 2998 1346; x_wconf 87' lang='lat' dir='ltr'><strong>et</strong></span> <span class='ocrx_word' id='word_1_596' title='bbox 3022 1290 3252 1361; x_wconf 84' lang='lat' dir='ltr'><strong>prudens</strong></span> <span class='ocrx_word' id='word_1_597' title='bbox 3271 1290 3377 1344; x_wconf 82' lang='lat' dir='ltr'><strong>eris</strong></span> <span class='ocrx_word' id='word_1_598' title='bbox 3404 1304 3659 1358; x_wconf 78' lang='lat' dir='ltr'><strong>:compa-</strong></span> 
     </span>
    </p>
   </div>
   <div class='ocr_carea' id='block_1_72' title="bbox 2102 1382 3658 1451">
    <p class='ocr_par' dir='ltr' id='par_1_72' title="bbox 2102 1382 3658 1451">
     <span class='ocr_line' id='line_1_72' title="bbox 2102 1382 3658 1451; baseline -0.006 -8"><span class='ocrx_word' id='word_1_599' title='bbox 2102 1402 2191 1444; x_wconf 89' lang='lat' dir='ltr'><strong>ras</strong></span> <span class='ocrx_word' id='word_1_600' title='bbox 2215 1387 2335 1451; x_wconf 90' lang='lat' dir='ltr'><strong>tibi,</strong></span> <span class='ocrx_word' id='word_1_601' title='bbox 2364 1401 2470 1440; x_wconf 91' lang='lat' dir='ltr'><strong>non</strong></span> <span class='ocrx_word' id='word_1_602' title='bbox 2515 1385 2791 1440; x_wconf 89' lang='lat' dir='ltr'><strong>fraudaris.</strong></span> <span class='ocrx_word' id='word_1_603' title='bbox 2827 1383 2980 1439; x_wconf 80' lang='lat' dir='ltr'><strong>Modo</strong></span> <span class='ocrx_word' id='word_1_604' title='bbox 3015 1385 3154 1437; x_wconf 88' lang='lat' dir='ltr'><strong>enim</strong></span> <span class='ocrx_word' id='word_1_605' title='bbox 3182 1382 3378 1439; x_wconf 88' lang='lat' dir='ltr'><strong>videris</strong></span> <span class='ocrx_word' id='word_1_606' title='bbox 3416 1382 3658 1451; x_wconf 87' lang='lat' dir='ltr'><strong>perdere.</strong></span> 
     </span>
    </p>
   </div>
   <div class='ocr_carea' id='block_1_73' title="bbox 2102 1472 3659 1549">
    <p class='ocr_par' dir='ltr' id='par_1_73' title="bbox 2102 1472 3659 1549">
     <span class='ocr_line' id='line_1_73' title="bbox 2102 1472 3659 1549; baseline -0.004 -17"><span class='ocrx_word' id='word_1_607' title='bbox 2102 1477 2364 1549; x_wconf 87' lang='lat' dir='ltr'><strong>Numquid</strong></span> <span class='ocrx_word' id='word_1_608' title='bbox 2390 1477 2582 1547; x_wconf 85' lang='lat' dir='ltr'><strong>perdes</strong></span> <span class='ocrx_word' id='word_1_609' title='bbox 2607 1476 2657 1530; x_wconf 93' lang='lat' dir='ltr'><strong>in</strong></span> <span class='ocrx_word' id='word_1_610' title='bbox 2688 1475 3012 1530; x_wconf 87' lang='lat' dir='ltr'><strong>thesaurario</strong></span> <span class='ocrx_word' id='word_1_611' title='bbox 3032 1475 3049 1506; x_wconf 85' lang='grc'>¹</span> <span class='ocrx_word' id='word_1_612' title='bbox 3075 1473 3313 1542; x_wconf 81' lang='lat' dir='ltr'><strong>ponens?</strong></span> <span class='ocrx_word' id='word_1_613' title='bbox 3333 1472 3462 1527; x_wconf 81' lang='lat' dir='ltr'><strong>Nam</strong></span> <span class='ocrx_word' id='word_1_614' title='bbox 3489 1473 3659 1541; x_wconf 86' lang='lat' dir='ltr'><strong>pueri,</strong></span> 
     </span>
    </p>
   </div>
   <div class='ocr_carea' id='block_1_74' title="bbox 2108 1564 3665 1634">
    <p class='ocr_par' dir='ltr' id='par_1_74' title="bbox 2108 1564 3665 1634">
     <span class='ocr_line' id='line_1_74' title="bbox 2108 1564 3665 1634; baseline -0.005 -11"><span class='ocrx_word' id='word_1_615' title='bbox 2108 1569 2315 1634; x_wconf 82' lang='lat' dir='ltr'><strong>fratres,</strong></span> <span class='ocrx_word' id='word_1_616' title='bbox 2345 1568 2485 1623; x_wconf 91' lang='lat' dir='ltr'><strong>unde</strong></span> <span class='ocrx_word' id='word_1_617' title='bbox 2519 1568 2617 1622; x_wconf 88' lang='lat' dir='ltr'><strong>sibi</strong></span> <span class='ocrx_word' id='word_1_618' title='bbox 2645 1573 2826 1623; x_wconf 86' lang='lat' dir='ltr'><strong>emant</strong></span> <span class='ocrx_word' id='word_1_619' title='bbox 2856 1565 3036 1620; x_wconf 85' lang='lat' dir='ltr'><strong>nescio</strong></span> <span class='ocrx_word' id='word_1_620' title='bbox 3058 1564 3183 1634; x_wconf 89' lang='lat' dir='ltr'><strong>quid</strong></span> <span class='ocrx_word' id='word_1_621' title='bbox 3206 1565 3363 1618; x_wconf 88' lang='lat' dir='ltr'><strong>simul</strong></span> <span class='ocrx_word' id='word_1_622' title='bbox 3391 1564 3665 1618; x_wconf 77' lang='lat' dir='ltr'><strong>inveniunt</strong></span> 
     </span>
    </p>
   </div>
   <div class='ocr_carea' id='block_1_75' title="bbox 2108 1657 3667 1728">
    <p class='ocr_par' dir='ltr' id='par_1_75' title="bbox 2108 1657 3667 1728">
     <span class='ocr_line' id='line_1_75' title="bbox 2108 1657 3667 1728; baseline -0.003 -13"><span class='ocrx_word' id='word_1_623' title='bbox 2108 1675 2372 1719; x_wconf 86' lang='lat' dir='ltr'><strong>nummos.</strong></span> <span class='ocrx_word' id='word_1_624' title='bbox 2393 1668 2448 1715; x_wconf 92' lang='lat' dir='ltr'><strong>et</strong></span> <span class='ocrx_word' id='word_1_625' title='bbox 2472 1666 2672 1728; x_wconf 92' lang='lat' dir='ltr'><strong>ponunt</strong></span> <span class='ocrx_word' id='word_1_626' title='bbox 2709 1658 2760 1712; x_wconf 92' lang='lat' dir='ltr'><strong>in</strong></span> <span class='ocrx_word' id='word_1_627' title='bbox 2800 1657 3145 1723; x_wconf 89' lang='lat' dir='ltr'><strong>thesaurario,</strong></span> <span class='ocrx_word' id='word_1_628' title='bbox 3185 1665 3241 1712; x_wconf 92' lang='lat' dir='ltr'><strong>et</strong></span> <span class='ocrx_word' id='word_1_629' title='bbox 3274 1670 3382 1711; x_wconf 90' lang='lat' dir='ltr'><strong>non</strong></span> <span class='ocrx_word' id='word_1_630' title='bbox 3422 1657 3667 1725; x_wconf 85' lang='lat' dir='ltr'><strong>aperiunt</strong></span> 
     </span>
    </p>
   </div>
   <div class='ocr_carea' id='block_1_76' title="bbox 2109 1747 3665 1821">
    <p class='ocr_par' dir='ltr' id='par_1_76' title="bbox 2109 1747 3665 1821">
     <span class='ocr_line' id='line_1_76' title="bbox 2109 1747 3665 1821; baseline -0.004 -14"><span class='ocrx_word' id='word_1_631' title='bbox 2109 1752 2210 1807; x_wconf 90' lang='lat' dir='ltr'><strong>nisi</strong></span> <span class='ocrx_word' id='word_1_632' title='bbox 2240 1761 2417 1821; x_wconf 87' lang='lat' dir='ltr'><strong>postea</strong></span> <span class='ocrx_word' id='word_1_633' title='bbox 2437 1768 2450 1805; x_wconf 90' lang='lat'><strong>:</strong></span> <span class='ocrx_word' id='word_1_634' title='bbox 2470 1748 2719 1820; x_wconf 88' lang='lat' dir='ltr'><strong>numquid</strong></span> <span class='ocrx_word' id='word_1_635' title='bbox 2744 1749 2865 1820; x_wconf 89' lang='lat' dir='ltr'><strong>quia</strong></span> <span class='ocrx_word' id='word_1_636' title='bbox 2888 1764 2991 1804; x_wconf 91' lang='lat' dir='ltr'><strong>non</strong></span> <span class='ocrx_word' id='word_1_637' title='bbox 3016 1748 3196 1804; x_wconf 90' lang='lat' dir='ltr'><strong>vident</strong></span> <span class='ocrx_word' id='word_1_638' title='bbox 3221 1747 3361 1818; x_wconf 89' lang='lat' dir='ltr'><strong>quod</strong></span> <span class='ocrx_word' id='word_1_639' title='bbox 3389 1749 3665 1818; x_wconf 86' lang='lat' dir='ltr'><strong>colligunt,</strong></span> 
     </span>
    </p>
   </div>
   <div class='ocr_carea' id='block_1_77' title="bbox 2110 1836 3667 1910">
    <p class='ocr_par' dir='ltr' id='par_1_77' title="bbox 2110 1836 3667 1910">
     <span class='ocr_line' id='line_1_77' title="bbox 2110 1836 3667 1910; baseline -0.004 -13"><span class='ocrx_word' id='word_1_640' title='bbox 2110 1842 2231 1898; x_wconf 89' lang='lat' dir='ltr'><strong>ideo</strong></span> <span class='ocrx_word' id='word_1_641' title='bbox 2255 1839 2631 1910; x_wconf 82' lang='lat' dir='ltr'><strong>perdiderunt?</strong></span> <span class='ocrx_word' id='word_1_642' title='bbox 2652 1839 2770 1894; x_wconf 80' lang='lat' dir='ltr'><strong>Noli</strong></span> <span class='ocrx_word' id='word_1_643' title='bbox 2798 1838 2983 1894; x_wconf 86' lang='lat' dir='ltr'><strong>timere</strong></span> <span class='ocrx_word' id='word_1_644' title='bbox 3010 1856 3024 1894; x_wconf 91' lang='lat'><strong>:</strong></span> <span class='ocrx_word' id='word_1_645' title='bbox 3051 1847 3253 1909; x_wconf 91' lang='lat' dir='ltr'><strong>ponunt</strong></span> <span class='ocrx_word' id='word_1_646' title='bbox 3282 1838 3432 1908; x_wconf 89' lang='lat' dir='ltr'><strong>pueri</strong></span> <span class='ocrx_word' id='word_1_647' title='bbox 3467 1838 3519 1893; x_wconf 89' lang='lat' dir='ltr'><strong>in</strong></span> <span class='ocrx_word' id='word_1_648' title='bbox 3546 1836 3667 1893; x_wconf 85' lang='lat' dir='ltr'><strong>the-</strong></span> 
     </span>
    </p>
   </div>
   <div class='ocr_carea' id='block_1_78' title="bbox 2111 1927 3675 2000">
    <p class='ocr_par' dir='ltr' id='par_1_78' title="bbox 2111 1927 3675 2000">
     <span class='ocr_line' id='line_1_78' title="bbox 2111 1927 3675 2000; baseline -0.005 -13"><span class='ocrx_word' id='word_1_649' title='bbox 2111 1932 2369 1997; x_wconf 85' lang='lat' dir='ltr'><strong>saurario,</strong></span> <span class='ocrx_word' id='word_1_650' title='bbox 2394 1939 2450 1986; x_wconf 91' lang='lat' dir='ltr'><strong>et</strong></span> <span class='ocrx_word' id='word_1_651' title='bbox 2475 1931 2648 1986; x_wconf 88' lang='lat' dir='ltr'><strong>securi</strong></span> <span class='ocrx_word' id='word_1_652' title='bbox 2671 1937 2825 1996; x_wconf 88' lang='lat' dir='ltr'><strong>sunt;</strong></span> <span class='ocrx_word' id='word_1_653' title='bbox 2853 1930 3003 2000; x_wconf 91' lang='lat' dir='ltr'><strong>ponis</strong></span> <span class='ocrx_word' id='word_1_654' title='bbox 3031 1938 3085 1983; x_wconf 92' lang='lat' dir='ltr'><strong>tu</strong></span> <span class='ocrx_word' id='word_1_655' title='bbox 3109 1929 3161 1983; x_wconf 92' lang='lat' dir='ltr'><strong>in</strong></span> <span class='ocrx_word' id='word_1_656' title='bbox 3189 1943 3346 1983; x_wconf 91' lang='lat' dir='ltr'><strong>manu</strong></span> <span class='ocrx_word' id='word_1_657' title='bbox 3369 1927 3587 1991; x_wconf 88' lang='lat' dir='ltr'><strong>Christi,</strong></span> <span class='ocrx_word' id='word_1_658' title='bbox 3614 1932 3675 1980; x_wconf 69' lang='lat' dir='ltr'><strong>et</strong></span> 
     </span>
    </p>
   </div>
   <div class='ocr_carea' id='block_1_79' title="bbox 2115 2016 3672 2091">
    <p class='ocr_par' dir='ltr' id='par_1_79' title="bbox 2115 2016 3672 2091">
     <span class='ocr_line' id='line_1_79' title="bbox 2115 2016 3672 2091; baseline -0.006 -12"><span class='ocrx_word' id='word_1_659' title='bbox 2115 2023 2301 2079; x_wconf 84' lang='lat' dir='ltr'><strong>times!</strong></span> <span class='ocrx_word' id='word_1_660' title='bbox 2332 2021 2460 2076; x_wconf 81' lang='lat' dir='ltr'><strong>Esto</strong></span> <span class='ocrx_word' id='word_1_661' title='bbox 2488 2020 2737 2091; x_wconf 89' lang='lat' dir='ltr'><strong>prudens,</strong></span> <span class='ocrx_word' id='word_1_662' title='bbox 2759 2028 2813 2074; x_wconf 92' lang='lat' dir='ltr'><strong>et</strong></span> <span class='ocrx_word' id='word_1_663' title='bbox 2837 2019 3078 2090; x_wconf 87' lang='lat' dir='ltr'><strong>prospice</strong></span> <span class='ocrx_word' id='word_1_664' title='bbox 3102 2019 3194 2073; x_wconf 88' lang='lat' dir='ltr'><strong>tibi</strong></span> <span class='ocrx_word' id='word_1_665' title='bbox 3234 2018 3285 2073; x_wconf 93' lang='lat' dir='ltr'><strong>in</strong></span> <span class='ocrx_word' id='word_1_666' title='bbox 3318 2027 3588 2088; x_wconf 88' lang='lat' dir='ltr'><strong>posterum</strong></span> <span class='ocrx_word' id='word_1_667' title='bbox 3614 2016 3672 2069; x_wconf 84' lang='lat' dir='ltr'><strong>in</strong></span> 
     </span>
    </p>
   </div>
   <div class='ocr_carea' id='block_1_80' title="bbox 2113 2109 3672 2182">
    <p class='ocr_par' dir='ltr' id='par_1_80' title="bbox 2113 2109 3672 2182">
     <span class='ocr_line' id='line_1_80' title="bbox 2113 2109 3672 2182; baseline -0.003 -14"><span class='ocrx_word' id='word_1_668' title='bbox 2113 2113 2268 2172; x_wconf 80' lang='lat' dir='ltr'><strong>coelo.</strong></span> <span class='ocrx_word' id='word_1_669' title='bbox 2293 2113 2419 2168; x_wconf 84' lang='lat' dir='ltr'><strong>Esto</strong></span> <span class='ocrx_word' id='word_1_670' title='bbox 2439 2127 2565 2182; x_wconf 88' lang='lat' dir='ltr'><strong>ergo</strong></span> <span class='ocrx_word' id='word_1_671' title='bbox 2589 2111 2840 2181; x_wconf 89' lang='lat' dir='ltr'><strong>prudens,</strong></span> <span class='ocrx_word' id='word_1_672' title='bbox 2866 2111 3072 2165; x_wconf 89' lang='lat' dir='ltr'><strong>imitare</strong></span> <span class='ocrx_word' id='word_1_673' title='bbox 3101 2110 3395 2176; x_wconf 86' lang='lat' dir='ltr'><strong>formicam,</strong></span> <span class='ocrx_word' id='word_1_674' title='bbox 3419 2110 3557 2167; x_wconf 91' lang='lat' dir='ltr'><strong>sicut</strong></span> <span class='ocrx_word' id='word_1_675' title='bbox 3581 2109 3672 2164; x_wconf 83' lang='lat' dir='ltr'><strong>di-</strong></span> 
     </span>
    </p>
   </div>
   <div class='ocr_carea' id='block_1_81' title="bbox 2116 2197 3674 2279">
    <p class='ocr_par' dir='ltr' id='par_1_81' title="bbox 2116 2197 3674 2279">
     <span class='ocr_line' id='line_1_81' title="bbox 2116 2197 3674 2279; baseline -0.003 -21"><span class='ocrx_word' id='word_1_676' title='bbox 2116 2203 2192 2258; x_wconf 90' lang='lat' dir='ltr'><strong>cit</strong></span> <span class='ocrx_word' id='word_1_677' title='bbox 2213 2201 2482 2271; x_wconf 85' lang='lat' dir='ltr'><strong>Scriptura</strong></span> <span class='ocrx_word' id='word_1_678' title='bbox 2505 2199 2683 2272; x_wconf 79' lang='lat' dir='ltr'><strong>(Prov.</strong></span> <span class='ocrx_word' id='word_1_679' title='bbox 2705 2216 2778 2265; x_wconf 77' lang='lat' dir='ltr'><strong>vi,</strong></span> <span class='ocrx_word' id='word_1_680' title='bbox 2796 2200 2849 2266; x_wconf 87' lang='lat'><strong>6,</strong></span> <span class='ocrx_word' id='word_1_681' title='bbox 2871 2210 2918 2279; x_wconf 79' lang='lat' dir='ltr'><strong>et</strong></span> <span class='ocrx_word' id='word_1_682' title='bbox 2938 2215 3065 2265; x_wconf 79' lang='lat' dir='ltr'><strong>xxx,</strong></span> <span class='ocrx_word' id='word_1_683' title='bbox 3085 2197 3175 2270; x_wconf 70' lang='lat'><strong>25)</strong></span> <span class='ocrx_word' id='word_1_684' title='bbox 3191 2215 3206 2265; x_wconf 90' lang='lat'><strong>;</strong></span> <span class='ocrx_word' id='word_1_685' title='bbox 3224 2200 3451 2255; x_wconf 90' lang='lat' dir='ltr'><strong>reconde</strong></span> <span class='ocrx_word' id='word_1_686' title='bbox 3469 2209 3674 2261; x_wconf 70' lang='lat' dir='ltr'><strong>testate,</strong></span> 
     </span>
    </p>
   </div>
   <div class='ocr_carea' id='block_1_82' title="bbox 2117 2291 3681 2358">
    <p class='ocr_par' dir='ltr' id='par_1_82' title="bbox 2117 2291 3681 2358">
     <span class='ocr_line' id='line_1_82' title="bbox 2117 2291 3681 2358; baseline -0.003 -8"><span class='ocrx_word' id='word_1_687' title='bbox 2117 2309 2185 2350; x_wconf 90' lang='lat' dir='ltr'><strong>ne</strong></span> <span class='ocrx_word' id='word_1_688' title='bbox 2208 2295 2409 2350; x_wconf 90' lang='lat' dir='ltr'><strong>esurias</strong></span> <span class='ocrx_word' id='word_1_689' title='bbox 2437 2294 2489 2348; x_wconf 91' lang='lat' dir='ltr'><strong>in</strong></span> <span class='ocrx_word' id='word_1_690' title='bbox 2517 2293 2688 2348; x_wconf 88' lang='lat' dir='ltr'><strong>hieme</strong></span> <span class='ocrx_word' id='word_1_691' title='bbox 2715 2310 2728 2346; x_wconf 94' lang='lat'>:</span> <span class='ocrx_word' id='word_1_692' title='bbox 2758 2292 2929 2347; x_wconf 89' lang='lat' dir='ltr'><strong>hiems</strong></span> <span class='ocrx_word' id='word_1_693' title='bbox 2951 2301 3035 2347; x_wconf 91' lang='lat' dir='ltr'><strong>est</strong></span> <span class='ocrx_word' id='word_1_694' title='bbox 3056 2292 3169 2346; x_wconf 89' lang='lat' dir='ltr'><strong>dies</strong></span> <span class='ocrx_word' id='word_1_695' title='bbox 3196 2291 3534 2358; x_wconf 88' lang='lat' dir='ltr'><strong>novissimus,</strong></span> <span class='ocrx_word' id='word_1_696' title='bbox 3559 2292 3681 2346; x_wconf 65' lang='lat' dir='ltr'><strong>ditas</strong></span> 
     </span>
    </p>
   </div>
   <div class='ocr_carea' id='block_1_83' title="bbox 2119 2383 3684 2450">
    <p class='ocr_par' dir='ltr' id='par_1_83' title="bbox 2119 2383 3684 2450">
     <span class='ocr_line' id='line_1_83' title="bbox 2119 2383 3684 2450; baseline -0.002 -10"><span class='ocrx_word' id='word_1_697' title='bbox 2119 2384 2500 2450; x_wconf 90' lang='lat' dir='ltr'><strong>tribulationis;</strong></span> <span class='ocrx_word' id='word_1_698' title='bbox 2527 2384 2695 2441; x_wconf 88' lang='lat' dir='ltr'><strong>hiems</strong></span> <span class='ocrx_word' id='word_1_699' title='bbox 2719 2393 2801 2440; x_wconf 89' lang='lat' dir='ltr'><strong>est</strong></span> <span class='ocrx_word' id='word_1_700' title='bbox 2822 2383 2937 2440; x_wconf 86' lang='lat' dir='ltr'><strong>dies</strong></span> <span class='ocrx_word' id='word_1_701' title='bbox 2956 2383 3321 2439; x_wconf 84' lang='lat' dir='ltr'><strong>scandalorum</strong></span> <span class='ocrx_word' id='word_1_702' title='bbox 3345 2392 3401 2438; x_wconf 90' lang='lat' dir='ltr'><strong>et</strong></span> <span class='ocrx_word' id='word_1_703' title='bbox 3423 2385 3684 2439; x_wconf 80' lang='lat' dir='ltr'><strong>amaritu-</strong></span> 
     </span>
    </p>
   </div>
   <div class='ocr_carea' id='block_1_84' title="bbox 2118 2475 3683 2548">
    <p class='ocr_par' dir='ltr' id='par_1_84' title="bbox 2118 2475 3683 2548">
     <span class='ocr_line' id='line_1_84' title="bbox 2118 2475 3683 2548; baseline -0.003 -15"><span class='ocrx_word' id='word_1_704' title='bbox 2118 2478 2256 2534; x_wconf 89' lang='lat' dir='ltr'><strong>dinis</strong></span> <span class='ocrx_word' id='word_1_705' title='bbox 2282 2496 2297 2533; x_wconf 92' lang='lat'><strong>:</strong></span> <span class='ocrx_word' id='word_1_706' title='bbox 2323 2477 2511 2548; x_wconf 77' lang='lat' dir='ltr'><strong>collige</strong></span> <span class='ocrx_word' id='word_1_707' title='bbox 2536 2476 2677 2548; x_wconf 91' lang='lat' dir='ltr'><strong>quod</strong></span> <span class='ocrx_word' id='word_1_708' title='bbox 2712 2477 2782 2531; x_wconf 90' lang='lat' dir='ltr'><strong>ibi</strong></span> <span class='ocrx_word' id='word_1_709' title='bbox 2821 2477 2913 2531; x_wconf 91' lang='lat' dir='ltr'><strong>tibi</strong></span> <span class='ocrx_word' id='word_1_710' title='bbox 2951 2477 3021 2531; x_wconf 92' lang='lat' dir='ltr'><strong>sit</strong></span> <span class='ocrx_word' id='word_1_711' title='bbox 3045 2477 3067 2508; x_wconf 76' lang='grc'><strong><em>⁸</em></strong></span> <span class='ocrx_word' id='word_1_712' title='bbox 3097 2475 3149 2530; x_wconf 91' lang='lat' dir='ltr'><strong>in</strong></span> <span class='ocrx_word' id='word_1_713' title='bbox 3176 2484 3481 2545; x_wconf 86' lang='lat' dir='ltr'><strong>posterum;</strong></span> <span class='ocrx_word' id='word_1_714' title='bbox 3507 2476 3551 2531; x_wconf 87' lang='lat' dir='ltr'><strong>si</strong></span> <span class='ocrx_word' id='word_1_715' title='bbox 3574 2492 3683 2529; x_wconf 79' lang='lat' dir='ltr'><strong>an-</strong></span> 
     </span>
    </p>
   </div>
   <div class='ocr_carea' id='block_1_85' title="bbox 2120 2558 3680 2639">
    <p class='ocr_par' dir='ltr' id='par_1_85' title="bbox 2120 2558 3680 2639">
     <span class='ocr_line' id='line_1_85' title="bbox 2120 2558 3680 2639; baseline -0.004 -12"><span class='ocrx_word' id='word_1_716' title='bbox 2120 2580 2226 2627; x_wconf 89' lang='lat' dir='ltr'><strong>tem</strong></span> <span class='ocrx_word' id='word_1_717' title='bbox 2255 2585 2359 2626; x_wconf 89' lang='lat' dir='ltr'><strong>non</strong></span> <span class='ocrx_word' id='word_1_718' title='bbox 2389 2570 2537 2636; x_wconf 87' lang='lat' dir='ltr'><strong>facis,</strong></span> <span class='ocrx_word' id='word_1_719' title='bbox 2563 2569 2720 2624; x_wconf 90' lang='lat' dir='ltr'><strong>simul</strong></span> <span class='ocrx_word' id='word_1_720' title='bbox 2745 2558 3053 2639; x_wconf 89' lang='lat' dir='ltr'><strong>imprudens</strong></span> <span class='ocrx_word' id='word_1_721' title='bbox 3087 2576 3143 2624; x_wconf 90' lang='lat' dir='ltr'><strong>et</strong></span> <span class='ocrx_word' id='word_1_722' title='bbox 3180 2568 3433 2637; x_wconf 87' lang='lat' dir='ltr'><strong>insipiens</strong></span> <span class='ocrx_word' id='word_1_723' title='bbox 3457 2567 3680 2638; x_wconf 89' lang='lat' dir='ltr'><strong>peribis.</strong></span> 
     </span>
    </p>
   </div>
   <div class='ocr_carea' id='block_1_86' title="bbox 2191 2652 3684 2723">
    <p class='ocr_par' dir='ltr' id='par_1_86' title="bbox 2191 2652 3684 2723">
     <span class='ocr_line' id='line_1_86' title="bbox 2191 2652 3684 2723; baseline -0.005 -4"><span class='ocrx_word' id='word_1_724' title='bbox 2191 2664 2278 2720; x_wconf 76' lang='grc'><strong>15.</strong></span> <span class='ocrx_word' id='word_1_725' title='bbox 2318 2661 2423 2718; x_wconf 88' lang='lat' dir='ltr'><strong>Sed</strong></span> <span class='ocrx_word' id='word_1_726' title='bbox 2452 2671 2691 2717; x_wconf 90' lang='lat' dir='ltr'><strong>mortuus</strong></span> <span class='ocrx_word' id='word_1_727' title='bbox 2715 2671 2798 2716; x_wconf 89' lang='lat' dir='ltr'><strong>est</strong></span> <span class='ocrx_word' id='word_1_728' title='bbox 2822 2661 2912 2717; x_wconf 90' lang='lat' dir='ltr'><strong>ille</strong></span> <span class='ocrx_word' id='word_1_729' title='bbox 2935 2660 3104 2723; x_wconf 87' lang='lat' dir='ltr'><strong>dives,</strong></span> <span class='ocrx_word' id='word_1_730' title='bbox 3120 2670 3181 2715; x_wconf 88' lang='lat' dir='ltr'><strong>.et</strong></span> <span class='ocrx_word' id='word_1_731' title='bbox 3202 2661 3303 2715; x_wconf 88' lang='lat' dir='ltr'><strong>tale</strong></span> <span class='ocrx_word' id='word_1_732' title='bbox 3329 2661 3400 2715; x_wconf 91' lang='lat' dir='ltr'><strong>illi</strong></span> <span class='ocrx_word' id='word_1_733' title='bbox 3423 2652 3574 2714; x_wconf 84' lang='lat' dir='ltr'><strong>funus</strong></span> <span class='ocrx_word' id='word_1_734' title='bbox 3592 2657 3684 2712; x_wconf 84' lang='lat' dir='ltr'><strong>fa-</strong></span> 
     </span>
    </p>
   </div>
   <div class='ocr_carea' id='block_1_87' title="bbox 2122 2750 3688 2825">
    <p class='ocr_par' dir='ltr' id='par_1_87' title="bbox 2122 2750 3688 2825">
     <span class='ocr_line' id='line_1_87' title="bbox 2122 2750 3688 2825; baseline -0.003 -14"><span class='ocrx_word' id='word_1_735' title='bbox 2122 2765 2263 2813; x_wconf 88' lang='lat' dir='ltr'><strong>ctum</strong></span> <span class='ocrx_word' id='word_1_736' title='bbox 2288 2763 2388 2811; x_wconf 88' lang='lat' dir='ltr'><strong>est.</strong></span> <span class='ocrx_word' id='word_1_737' title='bbox 2412 2754 2550 2810; x_wconf 87' lang='lat' dir='ltr'><strong>Ecce</strong></span> <span class='ocrx_word' id='word_1_738' title='bbox 2574 2769 2680 2825; x_wconf 90' lang='lat' dir='ltr'><strong>quo</strong></span> <span class='ocrx_word' id='word_1_739' title='bbox 2707 2768 2767 2809; x_wconf 89' lang='lat' dir='ltr'><strong>se</strong></span> <span class='ocrx_word' id='word_1_740' title='bbox 2787 2761 3163 2819; x_wconf 83' lang='lat' dir='ltr'><strong>converterunt</strong></span> <span class='ocrx_word' id='word_1_741' title='bbox 3186 2750 3427 2806; x_wconf 87' lang='lat' dir='ltr'><strong>homines</strong></span> <span class='ocrx_word' id='word_1_742' title='bbox 3445 2769 3460 2806; x_wconf 91' lang='lat'><strong>:</strong></span> <span class='ocrx_word' id='word_1_743' title='bbox 3477 2764 3579 2805; x_wconf 89' lang='lat' dir='ltr'><strong>non</strong></span> <span class='ocrx_word' id='word_1_744' title='bbox 3596 2758 3688 2807; x_wconf 83' lang='lat' dir='ltr'><strong>at-</strong></span> 
     </span>
    </p>
   </div>
   <div class='ocr_carea' id='block_1_88' title="bbox 2130 2842 3685 2925">
    <p class='ocr_par' dir='ltr' id='par_1_88' title="bbox 2130 2842 3685 2925">
     <span class='ocr_line' id='line_1_88' title="bbox 2130 2842 3685 2925; baseline -0.003 -24"><span class='ocrx_word' id='word_1_745' title='bbox 2130 2846 2350 2901; x_wconf 90' lang='lat' dir='ltr'><strong>tendunt</strong></span> <span class='ocrx_word' id='word_1_746' title='bbox 2368 2860 2524 2925; x_wconf 86' lang='lat' dir='ltr'><strong>quam</strong></span> <span class='ocrx_word' id='word_1_747' title='bbox 2546 2844 2734 2899; x_wconf 87' lang='lat' dir='ltr'><strong>malam</strong></span> <span class='ocrx_word' id='word_1_748' title='bbox 2758 2844 2918 2898; x_wconf 88' lang='lat' dir='ltr'><strong>vitam</strong></span> <span class='ocrx_word' id='word_1_749' title='bbox 2947 2842 3187 2898; x_wconf 86' lang='lat' dir='ltr'><strong>habuerit</strong></span> <span class='ocrx_word' id='word_1_750' title='bbox 3206 2858 3325 2898; x_wconf 91' lang='lat' dir='ltr'><strong>cum</strong></span> <span class='ocrx_word' id='word_1_751' title='bbox 3345 2843 3561 2908; x_wconf 84' lang='lat' dir='ltr'><strong>viveret,</strong></span> <span class='ocrx_word' id='word_1_752' title='bbox 3580 2842 3685 2897; x_wconf 88' lang='lat' dir='ltr'><strong>sed</strong></span> 
     </span>
    </p>
   </div>
   <div class='ocr_carea' id='block_1_89' title="bbox 2124 2932 3689 3008">
    <p class='ocr_par' dir='ltr' id='par_1_89' title="bbox 2124 2932 3689 3008">
     <span class='ocr_line' id='line_1_89' title="bbox 2124 2932 3689 3008; baseline -0.001 -18"><span class='ocrx_word' id='word_1_753' title='bbox 2124 2953 2281 3008; x_wconf 88' lang='lat' dir='ltr'><strong>quam</strong></span> <span class='ocrx_word' id='word_1_754' title='bbox 2328 2950 2571 3008; x_wconf 83' lang='lat' dir='ltr'><strong>pompam</strong></span> <span class='ocrx_word' id='word_1_755' title='bbox 2615 2950 2732 2990; x_wconf 89' lang='lat' dir='ltr'><strong>cum</strong></span> <span class='ocrx_word' id='word_1_756' title='bbox 2779 2943 3090 2991; x_wconf 89' lang='lat' dir='ltr'><strong>moreretur.</strong></span> <span class='ocrx_word' id='word_1_757' title='bbox 3117 2933 3164 2989; x_wconf 90' lang='grc'><strong>0</strong></span> <span class='ocrx_word' id='word_1_758' title='bbox 3191 2933 3315 2989; x_wconf 82' lang='lat' dir='ltr'><strong>felix</strong></span> <span class='ocrx_word' id='word_1_759' title='bbox 3353 2948 3508 3003; x_wconf 89' lang='lat' dir='ltr'><strong>quem</strong></span> <span class='ocrx_word' id='word_1_760' title='bbox 3547 2932 3689 2989; x_wconf 86' lang='lat' dir='ltr'><strong>tanti</strong></span> 
     </span>
    </p>
   </div>
   <div class='ocr_carea' id='block_1_90' title="bbox 2122 3025 3683 3101">
    <p class='ocr_par' dir='ltr' id='par_1_90' title="bbox 2122 3025 3683 3101">
     <span class='ocr_line' id='line_1_90' title="bbox 2122 3025 3683 3101; baseline -0.005 -18"><span class='ocrx_word' id='word_1_761' title='bbox 2122 3029 2405 3101; x_wconf 85' lang='lat' dir='ltr'><strong>plangunt!</strong></span> <span class='ocrx_word' id='word_1_762' title='bbox 2447 3029 2548 3083; x_wconf 90' lang='lat' dir='ltr'><strong>Iste</strong></span> <span class='ocrx_word' id='word_1_763' title='bbox 2576 3027 2752 3082; x_wconf 76' lang='lat' dir='ltr'><strong>&#39;vero</strong></span> <span class='ocrx_word' id='word_1_764' title='bbox 2800 3027 2877 3082; x_wconf 84' lang='lat' dir='ltr'><strong>sic</strong></span> <span class='ocrx_word' id='word_1_765' title='bbox 2924 3026 3056 3080; x_wconf 80' lang='lat' dir='ltr'><strong>vixit</strong></span> <span class='ocrx_word' id='word_1_766' title='bbox 3106 3035 3165 3080; x_wconf 92' lang='lat' dir='ltr'><strong>ut</strong></span> <span class='ocrx_word' id='word_1_767' title='bbox 3212 3025 3363 3096; x_wconf 88' lang='lat' dir='ltr'><strong>pauci</strong></span> <span class='ocrx_word' id='word_1_768' title='bbox 3408 3025 3683 3094; x_wconf 87' lang='lat' dir='ltr'><strong>plangant.</strong></span> 
     </span>
    </p>
   </div>
   <div class='ocr_carea' id='block_1_91' title="bbox 2122 3116 3688 3188">
    <p class='ocr_par' dir='ltr' id='par_1_91' title="bbox 2122 3116 3688 3188">
     <span class='ocr_line' id='line_1_91' title="bbox 2122 3116 3688 3188; baseline -0.006 -9"><span class='ocrx_word' id='word_1_769' title='bbox 2122 3121 2319 3178; x_wconf 88' lang='lat' dir='ltr'><strong>Omnes</strong></span> <span class='ocrx_word' id='word_1_770' title='bbox 2346 3120 2484 3177; x_wconf 91' lang='lat' dir='ltr'><strong>enim</strong></span> <span class='ocrx_word' id='word_1_771' title='bbox 2511 3119 2763 3174; x_wconf 86' lang='lat' dir='ltr'><strong>deberent</strong></span> <span class='ocrx_word' id='word_1_772' title='bbox 2800 3119 3045 3188; x_wconf 89' lang='lat' dir='ltr'><strong>plangere</strong></span> <span class='ocrx_word' id='word_1_773' title='bbox 3082 3126 3187 3171; x_wconf 89' lang='lat' dir='ltr'><strong>tam</strong></span> <span class='ocrx_word' id='word_1_774' title='bbox 3221 3116 3360 3171; x_wconf 88' lang='lat' dir='ltr'><strong>male</strong></span> <span class='ocrx_word' id='word_1_775' title='bbox 3394 3116 3688 3170; x_wconf 85' lang='lat' dir='ltr'><strong>viventem.</strong></span> 
     </span>
    </p>
   </div>
   <div class='ocr_carea' id='block_1_92' title="bbox 2125 3206 3688 3281">
    <p class='ocr_par' dir='ltr' id='par_1_92' title="bbox 2125 3206 3688 3281">
     <span class='ocr_line' id='line_1_92' title="bbox 2125 3206 3688 3281; baseline -0.007 -12"><span class='ocrx_word' id='word_1_776' title='bbox 2125 3211 2228 3269; x_wconf 88' lang='lat' dir='ltr'><strong>Sed</strong></span> <span class='ocrx_word' id='word_1_777' title='bbox 2258 3225 2448 3281; x_wconf 89' lang='lat' dir='ltr'><strong>pompa</strong></span> <span class='ocrx_word' id='word_1_778' title='bbox 2486 3219 2569 3265; x_wconf 91' lang='lat' dir='ltr'><strong>est</strong></span> <span class='ocrx_word' id='word_1_779' title='bbox 2610 3209 2825 3272; x_wconf 64' lang='lat' dir='ltr'><strong>intueris,</strong></span> <span class='ocrx_word' id='word_1_780' title='bbox 2855 3208 3114 3277; x_wconf 85' lang='lat' dir='ltr'><strong>excipitur</strong></span> <span class='ocrx_word' id='word_1_781' title='bbox 3151 3206 3394 3276; x_wconf 88' lang='lat' dir='ltr'><strong>sepulcro</strong></span> <span class='ocrx_word' id='word_1_782' title='bbox 3427 3206 3688 3275; x_wconf 76' lang='lat' dir='ltr'><strong>pretiose,</strong></span> 
     </span>
    </p>
   </div>
   <div class='ocr_carea' id='block_1_93' title="bbox 2126 3297 3696 3373">
    <p class='ocr_par' dir='ltr' id='par_1_93' title="bbox 2126 3297 3696 3373">
     <span class='ocr_line' id='line_1_93' title="bbox 2126 3297 3696 3373; baseline -0.006 -14"><span class='ocrx_word' id='word_1_783' title='bbox 2126 3304 2408 3360; x_wconf 87' lang='lat' dir='ltr'><strong>involvitur</strong></span> <span class='ocrx_word' id='word_1_784' title='bbox 2450 3301 2695 3373; x_wconf 85' lang='lat' dir='ltr'><strong>pretiosis</strong></span> <span class='ocrx_word' id='word_1_785' title='bbox 2736 3299 2990 3363; x_wconf 87' lang='lat' dir='ltr'><strong>vestibus,</strong></span> <span class='ocrx_word' id='word_1_786' title='bbox 3033 3299 3285 3368; x_wconf 85' lang='lat' dir='ltr'><strong>sepelitur</strong></span> <span class='ocrx_word' id='word_1_787' title='bbox 3320 3297 3599 3368; x_wconf 82' lang='lat' dir='ltr'><strong>unguentis</strong></span> <span class='ocrx_word' id='word_1_788' title='bbox 3624 3307 3696 3350; x_wconf 87' lang='lat' dir='ltr'><strong>et</strong></span> 
     </span>
    </p>
   </div>
   <div class='ocr_carea' id='block_1_94' title="bbox 2124 3389 3693 3459">
    <p class='ocr_par' dir='ltr' id='par_1_94' title="bbox 2124 3389 3693 3459">
     <span class='ocr_line' id='line_1_94' title="bbox 2124 3389 3693 3459; baseline -0.006 -7"><span class='ocrx_word' id='word_1_789' title='bbox 2124 3397 2397 3452; x_wconf 87' lang='lat' dir='ltr'><strong>aromatis.</strong></span> <span class='ocrx_word' id='word_1_790' title='bbox 2443 3392 2641 3449; x_wconf 89' lang='lat' dir='ltr'><strong>Deinde</strong></span> <span class='ocrx_word' id='word_1_791' title='bbox 2690 3393 2998 3448; x_wconf 89' lang='lat' dir='ltr'><strong>memoriam</strong></span> <span class='ocrx_word' id='word_1_792' title='bbox 3040 3392 3248 3458; x_wconf 87' lang='lat' dir='ltr'><strong>qualem</strong></span> <span class='ocrx_word' id='word_1_793' title='bbox 3295 3389 3480 3444; x_wconf 88' lang='lat' dir='ltr'><strong>habet!</strong></span> <span class='ocrx_word' id='word_1_794' title='bbox 3523 3403 3693 3459; x_wconf 87' lang='lat' dir='ltr'><strong>quam</strong></span> 
     </span>
    </p>
   </div>
   <div class='ocr_carea' id='block_1_95' title="bbox 2127 3478 3702 3551">
    <p class='ocr_par' dir='ltr' id='par_1_95' title="bbox 2127 3478 3702 3551">
     <span class='ocr_line' id='line_1_95' title="bbox 2127 3478 3702 3551; baseline -0.007 -10"><span class='ocrx_word' id='word_1_795' title='bbox 2127 3494 2495 3541; x_wconf 88' lang='lat' dir='ltr'><strong>marmoratam</strong></span> <span class='ocrx_word' id='word_1_796' title='bbox 2520 3486 2535 3540; x_wconf 77' lang='grc' dir='ltr'><em>ι</em></span> <span class='ocrx_word' id='word_1_797' title='bbox 2562 3483 2766 3539; x_wconf 83' lang='lat' dir='ltr'><strong>Vivitur</strong></span> <span class='ocrx_word' id='word_1_798' title='bbox 2793 3482 2847 3537; x_wconf 91' lang='lat' dir='ltr'><strong>in</strong></span> <span class='ocrx_word' id='word_1_799' title='bbox 2876 3482 2987 3551; x_wconf 89' lang='lat' dir='ltr'><strong>ipsa</strong></span> <span class='ocrx_word' id='word_1_800' title='bbox 3015 3479 3312 3535; x_wconf 81' lang='lat' dir='ltr'><strong>memoria?</strong></span> <span class='ocrx_word' id='word_1_801' title='bbox 3336 3479 3429 3534; x_wconf 92' lang='lat' dir='ltr'><strong>llle</strong></span> <span class='ocrx_word' id='word_1_802' title='bbox 3453 3478 3520 3533; x_wconf 89' lang='lat' dir='ltr'><strong>ibi</strong></span> <span class='ocrx_word' id='word_1_803' title='bbox 3543 3492 3702 3531; x_wconf 88' lang='lat' dir='ltr'><strong>mor-</strong></span> 
     </span>
    </p>
   </div>
   <div class='ocr_carea' id='block_1_96' title="bbox 2127 3570 3701 3645">
    <p class='ocr_par' dir='ltr' id='par_1_96' title="bbox 2127 3570 3701 3645">
     <span class='ocr_line' id='line_1_96' title="bbox 2127 3570 3701 3645; baseline -0.006 -12"><span class='ocrx_word' id='word_1_804' title='bbox 2127 3588 2248 3633; x_wconf 88' lang='lat' dir='ltr'><strong>tuus</strong></span> <span class='ocrx_word' id='word_1_805' title='bbox 2279 3584 2361 3632; x_wconf 89' lang='lat' dir='ltr'><strong>est</strong></span> <span class='ocrx_word' id='word_1_806' title='bbox 2384 3575 2429 3631; x_wconf 80' lang='grc'><strong>⁶.</strong></span> <span class='ocrx_word' id='word_1_807' title='bbox 2455 3575 2556 3632; x_wconf 88' lang='lat' dir='ltr'><strong>lsta</strong></span> <span class='ocrx_word' id='word_1_808' title='bbox 2586 3584 2829 3645; x_wconf 88' lang='lat' dir='ltr'><strong>putantes</strong></span> <span class='ocrx_word' id='word_1_809' title='bbox 2855 3572 3094 3627; x_wconf 90' lang='lat' dir='ltr'><strong>homines</strong></span> <span class='ocrx_word' id='word_1_810' title='bbox 3126 3572 3285 3636; x_wconf 84' lang='lat' dir='ltr'><strong>bona,</strong></span> <span class='ocrx_word' id='word_1_811' title='bbox 3312 3570 3701 3625; x_wconf 82' lang='lat' dir='ltr'><strong>aberraverunt</strong></span> 
     </span>
    </p>
   </div>
   <div class='ocr_carea' id='block_1_97' title="bbox 2127 3661 3697 3737">
    <p class='ocr_par' dir='ltr' id='par_1_97' title="bbox 2127 3661 3697 3737">
     <span class='ocr_line' id='line_1_97' title="bbox 2127 3661 3697 3737; baseline -0.006 -15"><span class='ocrx_word' id='word_1_812' title='bbox 2127 3683 2156 3722; x_wconf 90' lang='lat' dir='ltr'><strong>a</strong></span> <span class='ocrx_word' id='word_1_813' title='bbox 2186 3669 2311 3734; x_wconf 91' lang='lat' dir='ltr'><strong>Deo,</strong></span> <span class='ocrx_word' id='word_1_814' title='bbox 2337 3682 2435 3723; x_wconf 93' lang='lat' dir='ltr'><strong>nec</strong></span> <span class='ocrx_word' id='word_1_815' title='bbox 2471 3667 2793 3737; x_wconf 67' lang='lat' dir='ltr'><strong>quaesierunt</strong></span> <span class='ocrx_word' id='word_1_816' title='bbox 2830 3679 2972 3730; x_wconf 88' lang='lat' dir='ltr'><strong>vera,</strong></span> <span class='ocrx_word' id='word_1_817' title='bbox 3009 3674 3062 3717; x_wconf 90' lang='lat' dir='ltr'><strong>et</strong></span> <span class='ocrx_word' id='word_1_818' title='bbox 3100 3662 3304 3731; x_wconf 90' lang='lat' dir='ltr'><strong>decepti</strong></span> <span class='ocrx_word' id='word_1_819' title='bbox 3343 3670 3467 3717; x_wconf 91' lang='lat' dir='ltr'><strong>sunt</strong></span> <span class='ocrx_word' id='word_1_820' title='bbox 3501 3661 3649 3716; x_wconf 88' lang='lat' dir='ltr'><strong>falsis</strong></span> <span class='ocrx_word' id='word_1_821' title='bbox 3676 3679 3697 3713; x_wconf 66' lang='grc' dir='ltr'><strong>ξ</strong></span> 
     </span>
    </p>
   </div>
   <div class='ocr_carea' id='block_1_98' title="bbox 2128 3751 3700 3829">
    <p class='ocr_par' dir='ltr' id='par_1_98' title="bbox 2128 3751 3700 3829">
     <span class='ocr_line' id='line_1_98' title="bbox 2128 3751 3700 3829; baseline -0.005 -16"><span class='ocrx_word' id='word_1_822' title='bbox 2128 3759 2260 3815; x_wconf 91' lang='lat' dir='ltr'><strong>adeo</strong></span> <span class='ocrx_word' id='word_1_823' title='bbox 2285 3759 2400 3817; x_wconf 89' lang='lat' dir='ltr'><strong>vide</strong></span> <span class='ocrx_word' id='word_1_824' title='bbox 2424 3757 2546 3829; x_wconf 91' lang='lat' dir='ltr'><strong>quid</strong></span> <span class='ocrx_word' id='word_1_825' title='bbox 2571 3757 2823 3827; x_wconf 87' lang='lat' dir='ltr'><strong>sequitur.</strong></span> <span class='ocrx_word' id='word_1_826' title='bbox 2848 3755 2942 3810; x_wconf 91' lang='lat' dir='ltr'><strong>llle</strong></span> <span class='ocrx_word' id='word_1_827' title='bbox 2965 3754 3054 3825; x_wconf 87' lang='lat' dir='ltr'><strong>qui</strong></span> <span class='ocrx_word' id='word_1_828' title='bbox 3072 3770 3173 3808; x_wconf 90' lang='lat' dir='ltr'><strong>non</strong></span> <span class='ocrx_word' id='word_1_829' title='bbox 3196 3753 3340 3808; x_wconf 90' lang='lat' dir='ltr'><strong>dedit</strong></span> <span class='ocrx_word' id='word_1_830' title='bbox 3358 3751 3581 3823; x_wconf 78' lang='lat' dir='ltr'><strong>pretium</strong></span> <span class='ocrx_word' id='word_1_831' title='bbox 3600 3767 3700 3806; x_wconf 86' lang='lat' dir='ltr'><strong>re-</strong></span> 
     </span>
    </p>
   </div>
   <div class='ocr_carea' id='block_1_99' title="bbox 2131 3844 3700 3920">
    <p class='ocr_par' dir='ltr' id='par_1_99' title="bbox 2131 3844 3700 3920">
     <span class='ocr_line' id='line_1_99' title="bbox 2131 3844 3700 3920; baseline -0.008 -16"><span class='ocrx_word' id='word_1_832' title='bbox 2131 3849 2449 3920; x_wconf 89' lang='lat' dir='ltr'><strong>demptionis</strong></span> <span class='ocrx_word' id='word_1_833' title='bbox 2477 3847 2666 3902; x_wconf 69' lang='lat' dir='ltr'><strong>animat</strong></span> <span class='ocrx_word' id='word_1_834' title='bbox 2700 3862 2826 3912; x_wconf 73' lang='lat' dir='ltr'><strong>sum,</strong></span> <span class='ocrx_word' id='word_1_835' title='bbox 2851 3847 2939 3916; x_wconf 91' lang='lat' dir='ltr'><strong>qui</strong></span> <span class='ocrx_word' id='word_1_836' title='bbox 2970 3860 3073 3899; x_wconf 91' lang='lat' dir='ltr'><strong>non</strong></span> <span class='ocrx_word' id='word_1_837' title='bbox 3113 3845 3367 3899; x_wconf 79' lang='lat' dir='ltr'><strong>intellexit</strong></span> <span class='ocrx_word' id='word_1_838' title='bbox 3397 3844 3700 3907; x_wconf 79' lang='lat' dir='ltr'><strong>interitum,</strong></span> 
     </span>
    </p>
   </div>
   <div class='ocr_carea' id='block_1_100' title="bbox 2130 3935 3703 4011">
    <p class='ocr_par' dir='ltr' id='par_1_100' title="bbox 2130 3935 3703 4011">
     <span class='ocr_line' id='line_1_100' title="bbox 2130 3935 3703 4011; baseline -0.002 -20"><span class='ocrx_word' id='word_1_839' title='bbox 2130 3941 2248 4011; x_wconf 89' lang='lat' dir='ltr'><strong>quia</strong></span> <span class='ocrx_word' id='word_1_840' title='bbox 2272 3941 2404 3996; x_wconf 89' lang='lat' dir='ltr'><strong>vidit</strong></span> <span class='ocrx_word' id='word_1_841' title='bbox 2439 3940 2705 4011; x_wconf 88' lang='lat' dir='ltr'><strong>sapientes</strong></span> <span class='ocrx_word' id='word_1_842' title='bbox 2741 3938 3046 4000; x_wconf 84' lang='lat' dir='ltr'><strong>morientes,</strong></span> <span class='ocrx_word' id='word_1_843' title='bbox 3078 3937 3245 3992; x_wconf 89' lang='lat' dir='ltr'><strong>factus</strong></span> <span class='ocrx_word' id='word_1_844' title='bbox 3274 3943 3357 3990; x_wconf 82' lang='lat' dir='ltr'><strong>est</strong></span> <span class='ocrx_word' id='word_1_845' title='bbox 3382 3935 3703 4005; x_wconf 63' lang='lat' dir='ltr'><strong>imprudens</strong></span> 
     </span>
    </p>
   </div>
   <div class='ocr_carea' id='block_1_101' title="bbox 2134 4027 3709 4101">
    <p class='ocr_par' dir='ltr' id='par_1_101' title="bbox 2134 4027 3709 4101">
     <span class='ocr_line' id='line_1_101' title="bbox 2134 4027 3709 4101; baseline -0.004 -14"><span class='ocrx_word' id='word_1_846' title='bbox 2134 4043 2189 4087; x_wconf 90' lang='lat' dir='ltr'><strong>et</strong></span> <span class='ocrx_word' id='word_1_847' title='bbox 2234 4033 2507 4101; x_wconf 82' lang='lat' dir='ltr'><strong>insipiens,</strong></span> <span class='ocrx_word' id='word_1_848' title='bbox 2548 4040 2606 4083; x_wconf 88' lang='lat' dir='ltr'><strong>ut</strong></span> <span class='ocrx_word' id='word_1_849' title='bbox 2641 4029 2795 4085; x_wconf 90' lang='lat' dir='ltr'><strong>simul</strong></span> <span class='ocrx_word' id='word_1_850' title='bbox 2829 4029 3043 4098; x_wconf 88' lang='lat' dir='ltr'><strong>periret.</strong></span> <span class='ocrx_word' id='word_1_851' title='bbox 3066 4028 3135 4082; x_wconf 85' lang='lat' dir='ltr'><strong>Et</strong></span> <span class='ocrx_word' id='word_1_852' title='bbox 3157 4027 3422 4097; x_wconf 88' lang='lat' dir='ltr'><strong>quomodo</strong></span> <span class='ocrx_word' id='word_1_853' title='bbox 3446 4027 3709 4096; x_wconf 87' lang='lat' dir='ltr'><strong>peribunt</strong></span> 
     </span>
    </p>
   </div>
   <div class='ocr_carea' id='block_1_102' title="bbox 2132 4117 3709 4190">
    <p class='ocr_par' dir='ltr' id='par_1_102' title="bbox 2132 4117 3709 4190">
     <span class='ocr_line' id='line_1_102' title="bbox 2132 4117 3709 4190; baseline -0.001 -17"><span class='ocrx_word' id='word_1_854' title='bbox 2132 4122 2219 4190; x_wconf 88' lang='lat' dir='ltr'><strong>qui</strong></span> <span class='ocrx_word' id='word_1_855' title='bbox 2242 4122 2516 4189; x_wconf 80' lang='lat' dir='ltr'><strong>relinquent</strong></span> <span class='ocrx_word' id='word_1_856' title='bbox 2539 4119 2714 4173; x_wconf 84' lang='lat' dir='ltr'><strong>alienis</strong></span> <span class='ocrx_word' id='word_1_857' title='bbox 2739 4117 2936 4173; x_wconf 82' lang='lat' dir='ltr'><strong>divitias</strong></span> <span class='ocrx_word' id='word_1_858' title='bbox 2960 4117 3118 4172; x_wconf 84' lang='lat' dir='ltr'><strong>suas?</strong></span> <span class='ocrx_word' id='word_1_859' title='bbox 3144 4117 3309 4172; x_wconf 82' lang='lat' dir='ltr'><strong>Simul</strong></span> <span class='ocrx_word' id='word_1_860' title='bbox 3336 4118 3621 4187; x_wconf 81' lang='lat' dir='ltr'><strong>imprudens</strong></span> <span class='ocrx_word' id='word_1_861' title='bbox 3651 4128 3709 4173; x_wconf 81' lang='lat' dir='ltr'><strong>et</strong></span> 
     </span>
    </p>
   </div>
   <div class='ocr_carea' id='block_1_103' title="bbox 2131 4210 2640 4281">
    <p class='ocr_par' dir='ltr' id='par_1_103' title="bbox 2131 4210 2640 4281">
     <span class='ocr_line' id='line_1_103' title="bbox 2131 4210 2640 4281; baseline -0.004 -16"><span class='ocrx_word' id='word_1_862' title='bbox 2131 4213 2366 4281; x_wconf 83' lang='lat' dir='ltr'><strong>insipiens</strong></span> <span class='ocrx_word' id='word_1_863' title='bbox 2392 4210 2640 4280; x_wconf 84' lang='lat' dir='ltr'><strong>peribunt.</strong></span> 
     </span>
    </p>
   </div>
   <div class='ocr_carea' id='block_1_104' title="bbox 2210 4299 3712 4372">
    <p class='ocr_par' dir='ltr' id='par_1_104' title="bbox 2210 4299 3712 4372">
     <span class='ocr_line' id='line_1_104' title="bbox 2210 4299 3712 4372; baseline -0.002 -12"><span class='ocrx_word' id='word_1_864' title='bbox 2210 4307 2294 4360; x_wconf 78' lang='lat' dir='ltr'><strong>M.</strong></span> <span class='ocrx_word' id='word_1_865' title='bbox 2332 4302 2628 4365; x_wconf 85' lang='lat' dir='ltr'><strong>Attendite,</strong></span> <span class='ocrx_word' id='word_1_866' title='bbox 2655 4301 2878 4356; x_wconf 88' lang='lat' dir='ltr'><strong>fratres:</strong></span> <span class='ocrx_word' id='word_1_867' title='bbox 2910 4299 2974 4354; x_wconf 84' lang='lat' dir='ltr'><strong>Et</strong></span> <span class='ocrx_word' id='word_1_868' title='bbox 2999 4300 3276 4372; x_wconf 84' lang='lat' dir='ltr'><strong>relinquent</strong></span> <span class='ocrx_word' id='word_1_869' title='bbox 3298 4301 3473 4355; x_wconf 84' lang='lat' dir='ltr'><strong>alienis</strong></span> <span class='ocrx_word' id='word_1_870' title='bbox 3498 4300 3712 4357; x_wconf 77' lang='lat' dir='ltr'><strong>diuitias</strong></span> 
     </span>
    </p>
   </div>
   <div class='ocr_carea' id='block_1_105' title="bbox 2138 4389 3712 4463">
    <p class='ocr_par' dir='ltr' id='par_1_105' title="bbox 2138 4389 3712 4463">
     <span class='ocr_line' id='line_1_105' title="bbox 2138 4389 3712 4463; baseline -0.001 -14"><span class='ocrx_word' id='word_1_871' title='bbox 2138 4412 2275 4449; x_wconf 86' lang='lat' dir='ltr'><strong>snas.</strong></span> <span class='ocrx_word' id='word_1_872' title='bbox 2297 4394 2455 4463; x_wconf 90' lang='lat' dir='ltr'><strong>Quasi</strong></span> <span class='ocrx_word' id='word_1_873' title='bbox 2484 4407 2576 4447; x_wconf 89' lang='lat' dir='ltr'><strong>eos</strong></span> <span class='ocrx_word' id='word_1_874' title='bbox 2602 4392 2777 4462; x_wconf 87' lang='lat' dir='ltr'><strong>posuit</strong></span> <span class='ocrx_word' id='word_1_875' title='bbox 2814 4392 2865 4445; x_wconf 92' lang='lat' dir='ltr'><strong>in</strong></span> <span class='ocrx_word' id='word_1_876' title='bbox 2901 4389 3201 4455; x_wconf 88' lang='lat' dir='ltr'><strong>maledicto,</strong></span> <span class='ocrx_word' id='word_1_877' title='bbox 3233 4392 3320 4460; x_wconf 90' lang='lat' dir='ltr'><strong>qui</strong></span> <span class='ocrx_word' id='word_1_878' title='bbox 3357 4406 3477 4444; x_wconf 92' lang='lat' dir='ltr'><strong>cum</strong></span> <span class='ocrx_word' id='word_1_879' title='bbox 3503 4396 3712 4448; x_wconf 85' lang='lat' dir='ltr'><strong>mortui</strong></span> 
     </span>
    </p>
   </div>
   <div class='ocr_carea' id='block_1_106' title="bbox 2142 4480 3715 4552">
    <p class='ocr_par' dir='ltr' id='par_1_106' title="bbox 2142 4480 3715 4552">
     <span class='ocr_line' id='line_1_106' title="bbox 2142 4480 3715 4552; baseline 0.001 -11"><span class='ocrx_word' id='word_1_880' title='bbox 2142 4484 2356 4548; x_wconf 90' lang='lat' dir='ltr'><strong>fuerint,</strong></span> <span class='ocrx_word' id='word_1_881' title='bbox 2388 4483 2543 4537; x_wconf 91' lang='lat' dir='ltr'><strong>alieni</strong></span> <span class='ocrx_word' id='word_1_882' title='bbox 2574 4480 2917 4552; x_wconf 88' lang='lat' dir='ltr'><strong>possidebunt</strong></span> <span class='ocrx_word' id='word_1_883' title='bbox 2943 4496 3032 4537; x_wconf 89' lang='lat' dir='ltr'><strong>res</strong></span> <span class='ocrx_word' id='word_1_884' title='bbox 3066 4482 3319 4550; x_wconf 88' lang='lat' dir='ltr'><strong>ipsorum.</strong></span> <span class='ocrx_word' id='word_1_885' title='bbox 3350 4481 3490 4552; x_wconf 83' lang='lat' dir='ltr'><strong>Ergo</strong></span> <span class='ocrx_word' id='word_1_886' title='bbox 3517 4483 3715 4542; x_wconf 87' lang='lat' dir='ltr'><strong>felices</strong></span> 
     </span>
    </p>
   </div>
   <div class='ocr_carea' id='block_1_107' title="bbox 2140 4572 3716 4647">
    <p class='ocr_par' dir='ltr' id='par_1_107' title="bbox 2140 4572 3716 4647">
     <span class='ocr_line' id='line_1_107' title="bbox 2140 4572 3716 4647; baseline 0.001 -16"><span class='ocrx_word' id='word_1_887' title='bbox 2140 4577 2213 4631; x_wconf 93' lang='lat' dir='ltr'><strong>illi</strong></span> <span class='ocrx_word' id='word_1_888' title='bbox 2236 4575 2322 4647; x_wconf 89' lang='lat' dir='ltr'><strong>qui</strong></span> <span class='ocrx_word' id='word_1_889' title='bbox 2344 4574 2644 4644; x_wconf 90' lang='lat' dir='ltr'><strong>relinquunt</strong></span> <span class='ocrx_word' id='word_1_890' title='bbox 2671 4572 2807 4627; x_wconf 81' lang='lat' dir='ltr'><strong>filios</strong></span> <span class='ocrx_word' id='word_1_891' title='bbox 2831 4572 2885 4627; x_wconf 91' lang='lat' dir='ltr'><strong>iu</strong></span> <span class='ocrx_word' id='word_1_892' title='bbox 2915 4573 3250 4642; x_wconf 88' lang='lat' dir='ltr'><strong>possessione</strong></span> <span class='ocrx_word' id='word_1_893' title='bbox 3275 4587 3390 4639; x_wconf 92' lang='lat' dir='ltr'><strong>sua,</strong></span> <span class='ocrx_word' id='word_1_894' title='bbox 3412 4574 3601 4645; x_wconf 89' lang='lat' dir='ltr'><strong>quibus</strong></span> <span class='ocrx_word' id='word_1_895' title='bbox 3616 4579 3716 4633; x_wconf 83' lang='lat' dir='ltr'><strong>sui</strong></span> 
     </span>
    </p>
   </div>
   <div class='ocr_carea' id='block_1_108' title="bbox 2140 4663 3718 4735">
    <p class='ocr_par' dir='ltr' id='par_1_108' title="bbox 2140 4663 3718 4735">
     <span class='ocr_line' id='line_1_108' title="bbox 2140 4663 3718 4735; baseline 0.001 -12"><span class='ocrx_word' id='word_1_896' title='bbox 2140 4666 2448 4723; x_wconf 88' lang='lat' dir='ltr'><strong>succedunt.</strong></span> <span class='ocrx_word' id='word_1_897' title='bbox 2481 4664 2671 4719; x_wconf 83' lang='lat' dir='ltr'><strong>Habuit</strong></span> <span class='ocrx_word' id='word_1_898' title='bbox 2711 4663 2868 4725; x_wconf 82' lang='lat' dir='ltr'><strong>ﬁlios.</strong></span> <span class='ocrx_word' id='word_1_899' title='bbox 2894 4679 2998 4718; x_wconf 92' lang='lat' dir='ltr'><strong>nou</strong></span> <span class='ocrx_word' id='word_1_900' title='bbox 3042 4674 3124 4718; x_wconf 91' lang='lat' dir='ltr'><strong>est</strong></span> <span class='ocrx_word' id='word_1_901' title='bbox 3165 4674 3424 4721; x_wconf 89' lang='lat' dir='ltr'><strong>mortuus.</strong></span> <span class='ocrx_word' id='word_1_902' title='bbox 3444 4665 3577 4735; x_wconf 88' lang='lat' dir='ltr'><strong>Quid</strong></span> <span class='ocrx_word' id='word_1_903' title='bbox 3609 4665 3718 4725; x_wconf 83' lang='lat' dir='ltr'><strong>lilii</strong></span> 
     </span>
    </p>
   </div>
   <div class='ocr_carea' id='block_1_109' title="bbox 2143 4754 3722 4830">
    <p class='ocr_par' dir='ltr' id='par_1_109' title="bbox 2143 4754 3722 4830">
     <span class='ocr_line' id='line_1_109' title="bbox 2143 4754 3722 4830; baseline 0 -16"><span class='ocrx_word' id='word_1_904' title='bbox 2143 4758 2338 4830; x_wconf 86' lang='lat' dir='ltr'><strong>ipsius?</strong></span> <span class='ocrx_word' id='word_1_905' title='bbox 2364 4756 2431 4811; x_wconf 86' lang='lat' dir='ltr'><strong>Et</strong></span> <span class='ocrx_word' id='word_1_906' title='bbox 2459 4755 2555 4825; x_wconf 90' lang='lat' dir='ltr'><strong>ipsi</strong></span> <span class='ocrx_word' id='word_1_907' title='bbox 2585 4764 2800 4812; x_wconf 90' lang='lat' dir='ltr'><strong>servant</strong></span> <span class='ocrx_word' id='word_1_908' title='bbox 2824 4754 2963 4824; x_wconf 87' lang='lat' dir='ltr'><strong>quod</strong></span> <span class='ocrx_word' id='word_1_909' title='bbox 2989 4757 3066 4809; x_wconf 90' lang='lat' dir='ltr'><strong>eis</strong></span> <span class='ocrx_word' id='word_1_910' title='bbox 3092 4755 3421 4825; x_wconf 90' lang='lat' dir='ltr'><strong>reliquerunt</strong></span> <span class='ocrx_word' id='word_1_911' title='bbox 3461 4768 3722 4826; x_wconf 87' lang='lat' dir='ltr'><strong>parentes</strong></span> 
     </span>
    </p>
   </div>
   <div class='ocr_carea' id='block_1_110' title="bbox 2142 4846 3714 4919">
    <p class='ocr_par' dir='ltr' id='par_1_110' title="bbox 2142 4846 3714 4919">
     <span class='ocr_line' id='line_1_110' title="bbox 2142 4846 3714 4919; baseline 0 -15"><span class='ocrx_word' id='word_1_912' title='bbox 2142 4850 2222 4905; x_wconf 88' lang='lat' dir='ltr'><strong>sui</strong></span> <span class='ocrx_word' id='word_1_913' title='bbox 2253 4868 2267 4904; x_wconf 92' lang='lat'><strong>:</strong></span> <span class='ocrx_word' id='word_1_914' title='bbox 2296 4864 2477 4919; x_wconf 89' lang='lat' dir='ltr'><strong>parum</strong></span> <span class='ocrx_word' id='word_1_915' title='bbox 2524 4855 2606 4902; x_wconf 88' lang='lat' dir='ltr'><strong>est</strong></span> <span class='ocrx_word' id='word_1_916' title='bbox 2651 4846 2770 4917; x_wconf 86' lang='lat' dir='ltr'><strong>quia</strong></span> <span class='ocrx_word' id='word_1_917' title='bbox 2811 4855 3055 4911; x_wconf 88' lang='lat' dir='ltr'><strong>servant;</strong></span> <span class='ocrx_word' id='word_1_918' title='bbox 3088 4856 3142 4901; x_wconf 92' lang='lat' dir='ltr'><strong>et</strong></span> <span class='ocrx_word' id='word_1_919' title='bbox 3180 4856 3392 4917; x_wconf 88' lang='lat' dir='ltr'><strong>augent.</strong></span> <span class='ocrx_word' id='word_1_920' title='bbox 3421 4847 3622 4914; x_wconf 91' lang='lat' dir='ltr'><strong>Quibus</strong></span> <span class='ocrx_word' id='word_1_921' title='bbox 3656 4861 3714 4904; x_wconf 82' lang='lat' dir='ltr'><strong>et</strong></span> 
     </span>
    </p>
   </div>
   <div class='ocr_carea' id='block_1_111' title="bbox 2146 4935 3723 5010">
    <p class='ocr_par' dir='ltr' id='par_1_111' title="bbox 2146 4935 3723 5010">
     <span class='ocr_line' id='line_1_111' title="bbox 2146 4935 3723 5010; baseline -0.001 -15"><span class='ocrx_word' id='word_1_922' title='bbox 2146 4941 2246 5010; x_wconf 91' lang='lat' dir='ltr'><strong>ipsi</strong></span> <span class='ocrx_word' id='word_1_923' title='bbox 2277 4938 2529 4993; x_wconf 84' lang='lat' dir='ltr'><strong>servant?</strong></span> <span class='ocrx_word' id='word_1_924' title='bbox 2582 4937 2725 4992; x_wconf 83' lang='lat' dir='ltr'><strong>Filiis</strong></span> <span class='ocrx_word' id='word_1_925' title='bbox 2765 4937 2895 5002; x_wconf 89' lang='lat' dir='ltr'><strong>suis,</strong></span> <span class='ocrx_word' id='word_1_926' title='bbox 2935 4946 2990 4991; x_wconf 92' lang='lat' dir='ltr'><strong>et</strong></span> <span class='ocrx_word' id='word_1_927' title='bbox 3029 4936 3104 4991; x_wconf 91' lang='lat' dir='ltr'><strong>illi</strong></span> <span class='ocrx_word' id='word_1_928' title='bbox 3149 4935 3290 5004; x_wconf 81' lang='lat' dir='ltr'><strong>ﬁliis,</strong></span> <span class='ocrx_word' id='word_1_929' title='bbox 3316 4946 3368 4992; x_wconf 91' lang='lat' dir='ltr'><strong>et</strong></span> <span class='ocrx_word' id='word_1_930' title='bbox 3396 4937 3533 4992; x_wconf 88' lang='lat' dir='ltr'><strong>tertii</strong></span> <span class='ocrx_word' id='word_1_931' title='bbox 3565 4938 3723 4994; x_wconf 86' lang='lat' dir='ltr'><strong>filiis.</strong></span> 
     </span>
    </p>
   </div>
   <div class='ocr_carea' id='block_1_112' title="bbox 2146 5026 3727 5099">
    <p class='ocr_par' dir='ltr' id='par_1_112' title="bbox 2146 5026 3727 5099">
     <span class='ocr_line' id='line_1_112' title="bbox 2146 5026 3727 5099; baseline 0.001 -16"><span class='ocrx_word' id='word_1_932' title='bbox 2146 5030 2279 5098; x_wconf 86' lang='lat' dir='ltr'><strong>Quid</strong></span> <span class='ocrx_word' id='word_1_933' title='bbox 2316 5029 2564 5085; x_wconf 78' lang='lat' dir='ltr'><strong>Christo?</strong></span> <span class='ocrx_word' id='word_1_934' title='bbox 2603 5028 2725 5099; x_wconf 92' lang='lat' dir='ltr'><strong>quid</strong></span> <span class='ocrx_word' id='word_1_935' title='bbox 2775 5028 2963 5082; x_wconf 71' lang='lat' dir='ltr'><strong>anima:</strong></span> <span class='ocrx_word' id='word_1_936' title='bbox 3012 5026 3156 5082; x_wconf 67' lang='lat' dir='ltr'><strong>sum?</strong></span> <span class='ocrx_word' id='word_1_937' title='bbox 3181 5026 3366 5083; x_wconf 90' lang='lat' dir='ltr'><strong>Omnia</strong></span> <span class='ocrx_word' id='word_1_938' title='bbox 3400 5028 3539 5083; x_wconf 87' lang='lat' dir='ltr'><strong>filiis.</strong></span> <span class='ocrx_word' id='word_1_939' title='bbox 3568 5027 3727 5084; x_wconf 79' lang='lat' dir='ltr'><strong>inter</strong></span> 
     </span>
    </p>
   </div>
   <div class='ocr_carea' id='block_1_113' title="bbox 2150 5117 3726 5189">
    <p class='ocr_par' dir='ltr' id='par_1_113' title="bbox 2150 5117 3726 5189">
     <span class='ocr_line' id='line_1_113' title="bbox 2150 5117 3726 5189; baseline -0.003 -11"><span class='ocrx_word' id='word_1_940' title='bbox 2150 5124 2286 5178; x_wconf 87' lang='lat' dir='ltr'><strong>filios</strong></span> <span class='ocrx_word' id='word_1_941' title='bbox 2330 5137 2455 5176; x_wconf 89' lang='lat' dir='ltr'><strong>suos</strong></span> <span class='ocrx_word' id='word_1_942' title='bbox 2495 5134 2629 5189; x_wconf 91' lang='lat' dir='ltr'><strong>quos</strong></span> <span class='ocrx_word' id='word_1_943' title='bbox 2671 5118 2866 5173; x_wconf 88' lang='lat' dir='ltr'><strong>habent</strong></span> <span class='ocrx_word' id='word_1_944' title='bbox 2907 5117 2957 5171; x_wconf 89' lang='lat' dir='ltr'><strong>in</strong></span> <span class='ocrx_word' id='word_1_945' title='bbox 3003 5128 3173 5182; x_wconf 88' lang='lat' dir='ltr'><strong>terra,</strong></span> <span class='ocrx_word' id='word_1_946' title='bbox 3204 5126 3508 5186; x_wconf 85' lang='lat' dir='ltr'><strong>computent</strong></span> <span class='ocrx_word' id='word_1_947' title='bbox 3548 5134 3726 5174; x_wconf 85' lang='lat' dir='ltr'><strong>unum</strong></span> 
     </span>
    </p>
   </div>
   <div class='ocr_carea' id='block_1_114' title="bbox 2151 5207 3731 5281">
    <p class='ocr_par' dir='ltr' id='par_1_114' title="bbox 2151 5207 3731 5281">
     <span class='ocr_line' id='line_1_114' title="bbox 2151 5207 3731 5281; baseline -0.003 -12"><span class='ocrx_word' id='word_1_948' title='bbox 2151 5214 2366 5269; x_wconf 89' lang='lat' dir='ltr'><strong>fratrem</strong></span> <span class='ocrx_word' id='word_1_949' title='bbox 2396 5226 2549 5281; x_wconf 91' lang='lat' dir='ltr'><strong>quem</strong></span> <span class='ocrx_word' id='word_1_950' title='bbox 2581 5209 2777 5263; x_wconf 87' lang='lat' dir='ltr'><strong>habent</strong></span> <span class='ocrx_word' id='word_1_951' title='bbox 2814 5208 2865 5261; x_wconf 90' lang='lat' dir='ltr'><strong>in</strong></span> <span class='ocrx_word' id='word_1_952' title='bbox 2902 5207 3037 5262; x_wconf 74' lang='lat' dir='ltr'><strong>cmlo</strong></span> <span class='ocrx_word' id='word_1_953' title='bbox 3064 5207 3180 5261; x_wconf 88' lang='lat' dir='ltr'><strong>:cui</strong></span> <span class='ocrx_word' id='word_1_954' title='bbox 3208 5216 3372 5261; x_wconf 88' lang='lat' dir='ltr'><strong>totum</strong></span> <span class='ocrx_word' id='word_1_955' title='bbox 3397 5207 3525 5263; x_wconf 90' lang='lat' dir='ltr'><strong>dare</strong></span> <span class='ocrx_word' id='word_1_956' title='bbox 3546 5208 3731 5265; x_wconf 87' lang='lat' dir='ltr'><strong>debe-</strong></span> 
     </span>
    </p>
   </div>
   <div class='ocr_carea' id='block_1_115' title="bbox 2142 5336 3735 5402">
    <p class='ocr_par' dir='ltr' id='par_1_115' title="bbox 2142 5336 3735 5402">
     <span class='ocr_line' id='line_1_115' title="bbox 2142 5336 3735 5402; baseline -0.003 -8"><span class='ocrx_word' id='word_1_957' title='bbox 2142 5355 2145 5358; x_wconf 83' lang='lat'><em>‘</em></span> <span class='ocrx_word' id='word_1_958' title='bbox 2216 5347 2232 5377; x_wconf 84' lang='grc' dir='ltr'><strong>ι</strong></span> <span class='ocrx_word' id='word_1_959' title='bbox 2266 5351 2396 5402; x_wconf 83' lang='lat' dir='ltr'><strong>Lov.,</strong></span> <span class='ocrx_word' id='word_1_960' title='bbox 2418 5342 2467 5392; x_wconf 87' lang='lat' dir='ltr'><strong>in</strong></span> <span class='ocrx_word' id='word_1_961' title='bbox 2487 5340 2782 5402; x_wconf 80' lang='lat' dir='ltr'><strong>thesanrario</strong></span> <span class='ocrx_word' id='word_1_962' title='bbox 2802 5337 2993 5402; x_wconf 80' lang='lat' dir='ltr'><strong>Christi.</strong></span> <span class='ocrx_word' id='word_1_963' title='bbox 3018 5346 3115 5402; x_wconf 68' lang='lat' dir='ltr'><strong>Vox</strong></span> <span class='ocrx_word' id='word_1_964' title='bbox 3139 5336 3317 5390; x_wconf 81' lang='lat' dir='ltr'><strong>Christi</strong></span> <span class='ocrx_word' id='word_1_965' title='bbox 3332 5340 3472 5402; x_wconf 89' lang='lat' dir='ltr'><strong>abest</strong></span> <span class='ocrx_word' id='word_1_966' title='bbox 3492 5341 3554 5389; x_wconf 89' lang='lat' dir='ltr'><strong>ab</strong></span> <span class='ocrx_word' id='word_1_967' title='bbox 3576 5346 3647 5402; x_wconf 72' lang='lat' dir='ltr'><strong>Er.</strong></span> <span class='ocrx_word' id='word_1_968' title='bbox 3668 5350 3735 5394; x_wconf 79' lang='lat' dir='ltr'><strong>et</strong></span> 
     </span>
    </p>
   </div>
   <div class='ocr_carea' id='block_1_116' title="bbox 2153 5400 3735 5466">
    <p class='ocr_par' dir='ltr' id='par_1_116' title="bbox 2153 5400 3735 5466">
     <span class='ocr_line' id='line_1_116' title="bbox 2153 5400 3735 5466; baseline -0.004 -10"><span class='ocrx_word' id='word_1_969' title='bbox 2153 5420 2182 5456; x_wconf 89' lang='lat' dir='ltr'><strong>a</strong></span> <span class='ocrx_word' id='word_1_970' title='bbox 2203 5413 2331 5464; x_wconf 64' lang='lat' dir='ltr'><strong>Mss,</strong></span> <span class='ocrx_word' id='word_1_971' title='bbox 2346 5400 2427 5466; x_wconf 83' lang='lat' dir='ltr'><strong>qui</strong></span> <span class='ocrx_word' id='word_1_972' title='bbox 2448 5402 2670 5465; x_wconf 86' lang='lat' dir='ltr'><strong>plerique</strong></span> <span class='ocrx_word' id='word_1_973' title='bbox 2696 5401 2881 5466; x_wconf 79' lang='lat' dir='ltr'><strong>habent</strong></span> <span class='ocrx_word' id='word_1_974' title='bbox 2900 5400 2978 5450; x_wconf 88' lang='lat' dir='ltr'><strong>hic</strong></span> <span class='ocrx_word' id='word_1_975' title='bbox 2999 5400 3250 5466; x_wconf 71' lang='lat' dir='ltr'><strong>thesauro,</strong></span> <span class='ocrx_word' id='word_1_976' title='bbox 3275 5414 3361 5462; x_wconf 83' lang='lat' dir='ltr'><strong>pro</strong></span> <span class='ocrx_word' id='word_1_977' title='bbox 3381 5400 3681 5451; x_wconf 70' lang='lat' dir='ltr'><strong>theszmran’n</strong></span> <span class='ocrx_word' id='word_1_978' title='bbox 3712 5417 3735 5458; x_wconf 84' lang='lat'><strong>;</strong></span> 
     </span>
    </p>
   </div>
   <div class='ocr_carea' id='block_1_117' title="bbox 2155 5462 3736 5525">
    <p class='ocr_par' dir='ltr' id='par_1_117' title="bbox 2155 5462 3736 5525">
     <span class='ocr_line' id='line_1_117' title="bbox 2155 5462 3736 5525; baseline -0.003 -8"><span class='ocrx_word' id='word_1_979' title='bbox 2155 5468 2246 5518; x_wconf 90' lang='lat' dir='ltr'><strong>hoc</strong></span> <span class='ocrx_word' id='word_1_980' title='bbox 2275 5462 2395 5515; x_wconf 81' lang='lat' dir='ltr'><strong>vero</strong></span> <span class='ocrx_word' id='word_1_981' title='bbox 2429 5462 2487 5515; x_wconf 76' lang='lat' dir='ltr'><strong>se</strong></span> <span class='ocrx_word' id='word_1_982' title='bbox 2523 5476 2552 5513; x_wconf 86' lang='lat' dir='ltr'><strong>a</strong></span> <span class='ocrx_word' id='word_1_983' title='bbox 2572 5462 2735 5525; x_wconf 82' lang='lat' dir='ltr'><strong>pueris</strong></span> <span class='ocrx_word' id='word_1_984' title='bbox 2760 5463 3014 5513; x_wconf 83' lang='lat' dir='ltr'><strong>barbarum</strong></span> <span class='ocrx_word' id='word_1_985' title='bbox 3047 5462 3329 5512; x_wconf 87' lang='lat' dir='ltr'><strong>vocabulum</strong></span> <span class='ocrx_word' id='word_1_986' title='bbox 3351 5476 3582 5525; x_wconf 75' lang='lat' dir='ltr'><strong>usurpare</strong></span> <span class='ocrx_word' id='word_1_987' title='bbox 3604 5466 3736 5512; x_wconf 70' lang='lat' dir='ltr'><strong>satis</strong></span> 
     </span>
    </p>
   </div>
   <div class='ocr_carea' id='block_1_118' title="bbox 2157 5526 2655 5588">
    <p class='ocr_par' dir='ltr' id='par_1_118' title="bbox 2157 5526 2655 5588">
     <span class='ocr_line' id='line_1_118' title="bbox 2157 5526 2655 5588; baseline -0.01 -11"><span class='ocrx_word' id='word_1_988' title='bbox 2157 5529 2333 5578; x_wconf 84' lang='lat' dir='ltr'><strong>indicat</strong></span> <span class='ocrx_word' id='word_1_989' title='bbox 2355 5526 2655 5588; x_wconf 73' lang='lat' dir='ltr'><strong>Augustinus.</strong></span> 
     </span>
    </p>
   </div>
   <div class='ocr_carea' id='block_1_119' title="bbox 2221 5582 2796 5682">
    <p class='ocr_par' dir='ltr' id='par_1_119' title="bbox 2221 5582 2796 5682">
     <span class='ocr_line' id='line_1_119' title="bbox 2221 5582 2796 5650; baseline -0.005 -13"><span class='ocrx_word' id='word_1_990' title='bbox 2221 5591 2241 5620; x_wconf 77' lang='grc'>³</span> <span class='ocrx_word' id='word_1_991' title='bbox 2277 5582 2464 5650; x_wconf 62' lang='lat' dir='ltr'><strong>aliquoi</strong></span> <span class='ocrx_word' id='word_1_992' title='bbox 2483 5593 2609 5645; x_wconf 77' lang='lat' dir='ltr'><strong>Mss,</strong></span> <span class='ocrx_word' id='word_1_993' title='bbox 2633 5582 2796 5650; x_wconf 82' lang='lat' dir='ltr'><strong>prosit.</strong></span> 
     </span>
     <span class='ocr_line' id='line_1_120' title="bbox 2226 5648 2492 5682; baseline 0 0"><span class='ocrx_word' id='word_1_994' title='bbox 2226 5650 2246 5682; x_wconf 71' lang='grc'><em>³</em></span> <span class='ocrx_word' id='word_1_995' title='bbox 2278 5655 2366 5682; x_wconf 67' lang='lat' dir='ltr'><strong>nec</strong></span> <span class='ocrx_word' id='word_1_996' title='bbox 2425 5648 2492 5682; x_wconf 71' lang='grc' dir='ltr'><strong>ειη</strong></span> 
     </span>
    </p>
   </div>
   <div class='ocr_carea' id='block_1_120' title="bbox 2278 5654 2508 5698">
    <p class='ocr_par' dir='ltr' id='par_1_120' title="bbox 2278 5654 2508 5698">
     <span class='ocr_line' id='line_1_121' title="bbox 2278 5654 2508 5698; baseline 0 -2"><span class='ocrx_word' id='word_1_997' title='bbox 2278 5655 2405 5698; x_wconf 70' lang='grc'><strong>1188..</strong></span> <span class='ocrx_word' id='word_1_998' title='bbox 2425 5654 2508 5698; x_wconf 83' lang='lat' dir='ltr'><strong>ita.</strong></span> 
     </span>
    </p>
   </div>
   <div class='ocr_carea' id='block_1_121' title="bbox 2161 5683 3743 5823">
    <p class='ocr_par' dir='ltr' id='par_1_121' title="bbox 2161 5683 3743 5823">
     <span class='ocr_line' id='line_1_122' title="bbox 2161 5683 3743 5823; baseline -0.004 -64"><span class='ocrx_word' id='word_1_999' title='bbox 2161 5712 2251 5823; x_wconf 55' lang='grc' dir='ltr'>ωδ</span> <span class='ocrx_word' id='word_1_1000' title='bbox 2279 5683 2550 5762; x_wconf 59' lang='lat' dir='ltr'><strong>iiii:</strong></span> <span class='ocrx_word' id='word_1_1001' title='bbox 2573 5707 2705 5768; x_wconf 88' lang='lat' dir='ltr'><strong>edd.,</strong></span> <span class='ocrx_word' id='word_1_1002' title='bbox 2728 5705 2849 5759; x_wconf 75' lang='lat' dir='ltr'><strong>Vivit</strong></span> <span class='ocrx_word' id='word_1_1003' title='bbox 2868 5705 2919 5757; x_wconf 86' lang='lat' dir='ltr'><strong>in</strong></span> <span class='ocrx_word' id='word_1_1004' title='bbox 2934 5703 3046 5771; x_wconf 82' lang='lat' dir='ltr'><strong>ipsa</strong></span> <span class='ocrx_word' id='word_1_1005' title='bbox 3062 5704 3291 5790; x_wconf 78' lang='lat' dir='ltr'><strong>memoria</strong></span> <span class='ocrx_word' id='word_1_1006' title='bbox 3312 5701 3393 5754; x_wconf 82' lang='lat' dir='ltr'><strong>ille</strong></span> <span class='ocrx_word' id='word_1_1007' title='bbox 3415 5702 3493 5753; x_wconf 73' lang='lat' dir='ltr'><strong>ubi</strong></span> <span class='ocrx_word' id='word_1_1008' title='bbox 3513 5704 3743 5753; x_wconf 65' lang='lat' dir='ltr'><strong>minus</strong></span> 
     </span>
    </p>
   </div>
   <div class='ocr_carea' id='block_1_122' title="bbox 3230 5862 3293 5873">
    <p class='ocr_par' dir='ltr' id='par_1_122' title="bbox 3230 5862 3293 5873">
     <span class='ocr_line' id='line_1_123' title="bbox 3230 5862 3293 5873; baseline 0 0"><span class='ocrx_word' id='word_1_1009' title='bbox 3230 5862 3293 5873; x_wconf 53' lang='grc' dir='ltr'><strong>,ρ’</strong></span> 
     </span>
    </p>
   </div>
  </div>
