4004 6200
536 381 656 440 1.55

546 514 603 554 et
631 498 797 553 mulus
816 535 830 554 .
857 491 1035 564 quibus
1061 504 1159 544 non
1188 495 1261 542 est
1303 482 1581 539 intellectus
1608 478 1627 550 (
1654 476 1797 532 Paul.
1841 488 1965 529 xxxt
1988 511 2003 537 ,
2033 469 2067 526 9
2091 468 2131 538 ).

634 593 717 647 Π.
751 561 905 662 [tera
947 578 1058 655 14.]
1094 579 1216 634 "(ec
1260 579 1342 633 eia
1389 576 1614 645 ipsorum
1653 567 1947 624 scandalum
1987 561 2132 631 ipsis.

564 682 694 753 Ipsis
719 655 787 733 sit
811 674 1151 737 scandalum,
1184 684 1289 725 non
1335 668 1448 722 tibi.
1473 663 1696 731 Quando
1728 668 1903 712 autem
1944 655 2048 710 erit
2083 662 2138 707 et

567 744 699 827 tibi?
725 771 779 826 Si
811 778 963 839 putes
987 764 1126 835 quod
1156 762 1294 817 beati
1326 761 1431 813 sint
1465 757 1615 811 tales.
1637 752 1694 809 Si
1725 749 1986 819 intelligas
2014 744 2136 815 quia

563 879 667 919 non
713 870 840 917 sunt
867 858 1041 921 beati,
1092 854 1221 925 ipsis
1255 852 1357 907 erit
1396 846 1702 904 scandalum
1743 843 1827 896 via
1868 840 2135 910 ipsorum;

565 972 668 1010 non
693 953 942 1012 Christo,
979 963 1080 1001 non
1125 942 1334 1014 corpori
1376 940 1492 1008 ejus
1520 979 1535 1004 ,
1580 951 1684 991 non
1724 930 1979 988 membris
2000 926 2135 997 ejus.

568 1047 631 1102 Et
659 1057 829 1115 postea
855 1044 906 1096 in
935 1058 1025 1095 ore.
1044 1055 1134 1094 suo
1165 1028 1615 1097 benedicent.Quid
1643 1036 1753 1091 est,
1781 1031 1950 1095 postea
1977 1020 2032 1074 in
2055 1032 2140 1072 ore

566 1158 656 1196 suo
686 1138 972 1220 bettcdicent
996 1135 1019 1187 ?
1046 1133 1177 1187 Cum
1222 1128 1342 1183 facti
1385 1126 1578 1180 fuerint
1617 1120 1749 1175 tales
1777 1127 1832 1171 ut
1861 1131 1965 1170 non
1992 1126 2141 1183 qua:-

566 1246 685 1289 tant
714 1232 813 1286 nisi
834 1204 970 1284 bona
1000 1224 1330 1293 temporalia,
1357 1218 1484 1272 fiunt
1510 1211 1826 1285 hypocrita);
1857 1218 1912 1263 et
1929 1203 2142 1276 quando

572 1324 891 1379 ilCllBtiiClllll
937 1292 1139 1378 Deum,
1194 1310 1344 1367 labiis
1405 1304 1759 1381 benedicunt,
1808 1312 1912 1352 non
1957 1292 2139 1350 corde.

575 1418 725 1471 Tales
752 1413 873 1469 .‘acti
903 1407 1198 1470 christiani,
1223 1401 1439 1474 quando
1462 1399 1562 1453 illis
1593 1394 1834 1450 laudatur
1855 1391 1962 1443 vita
1984 1396 2142 1442 mter-

571 1527 637 1564 na
657 1551 670 1572 ,
693 1517 748 1561 et
772 1505 964 1558 dicitur
992 1501 1095 1555 illis
1123 1502 1516 1562 contemptores
1546 1491 1560 1521 ¹
1589 1486 1888 1542 divitiarum
1913 1494 2032 1535 esse
2054 1478 2147 1533 de-

580 1604 704 1656 bere
735 1601 784 1653 in
828 1595 1041 1651 nomine
1080 1589 1314 1652 Christi,
1348 1591 1593 1653 torquent
1623 1595 1684 1634 os
1728 1579 1779 1631 itt
1807 1574 1970 1630 corde
2009 1586 2143 1653 suo:

573 1705 628 1746 et
656 1692 697 1744 si
728 1706 831 1744 non
859 1685 1053 1739 audent
1082 1682 1133 1735 in
1167 1679 1320 1743 facie,
1353 1690 1419 1729 ne
1450 1673 1766 1729 erubescant
1785 1707 1799 1731 ,
1829 1673 1920 1719 attt
1945 1678 2011 1718 ne
2026 1642 2149 1715 cor-

572 1784 831 1853 ripiantttr
857 1781 923 1833 ab
950 1772 1272 1835 hominibus,
1307 1769 1358 1823 iu
1385 1766 1567 1841 corde,
1597 1761 1647 1816 id
1697 1760 1898 1815 faciunt
1918 1798 1933 1820 ,
1964 1763 2146 1810 conte-

575 1884 801 1932 mttunt:
829 1883 882 1927 et
912 1877 1148 1925 remanet
1176 1865 1255 1919 eis
1283 1862 1334 1916 itt
1367 1876 1459 1914 ore
1485 1853 1804 1916 benedictio,
1825 1859 1879 1905 et
1906 1848 1957 1902 itt
1987 1845 2151 1902 corde

577 1966 895 2022 maledictio.
921 1960 989 2016 Et
1020 1969 1189 2028 postea
1228 1956 1278 2007 in
1308 1968 1394 2006 ore
1427 1965 1519 2003 suo
1559 1944 1866 2001 benedicent.
1909 1939 2149 2008 Longum

575 2069 659 2117 est
700 2068 759 2112 ut
784 2055 1053 2112 Psalt’num
1096 2049 1338 2104 finiamus
1370 2062 1382 2096 :
1411 2040 1640 2096 sufﬁciat
1665 2033 1922 2092 Charitati
1948 2029 2150 2086 Vestra:

580 2149 719 2221 qttod
745 2145 965 2202 audistis
994 2141 1203 2197 interim
1234 2135 1422 2197 hodie;
1453 2145 1590 2196 cras,
1624 2126 1765 2199 quod
1792 2123 2014 2180 Domino
2036 2120 2151 2191 pla~

575 2240 742 2298 cucrit
768 2236 1014 2293 audietis.

1242 2356 1412 2396 εειηιο
1450 2354 1505 2393 ll.

1002 2455 1081 2512 De
1100 2451 1316 2510 secunda
1347 2458 1487 2519 parte
1517 2443 1729 2500 Psalmi.

654 2585 702 2639 1.
733 2579 884 2654 Iners.
906 2573 1020 2647 μμ]
1045 2572 1309 2628 Hesterno
1333 2566 1420 2621 die
1449 2570 1625 2630 erepto
1654 2557 1863 2612 Psalmo
1892 2551 2155 2607 terminus

583 2644 892 2736 debebatur,
923 2644 1060 2723 sicut
1106 2660 1346 2718 meminit
1383 2654 1625 2712 Charitas
1653 2649 1861 2703 Vestra.
1888 2644 2155 2698 Pervene-

583 2780 762 2823 ramus
791 2769 966 2816 autem
996 2769 1162 2825 usque
1190 2750 1255 2805 ad
1285 2748 1443 2803 istum
1488 2755 1701 2798 versum
1723 2780 1736 2798 .
1790 2734 1877 2790 ubi
1918 2731 2158 2802 designat

584 2856 813 2927 Spiritus
843 2851 937 2906 Dei
966 2823 1207 2902 homines
1253 2856 1359 2894 non
1408 2832 1743 2891 attendentes
1792 2825 1895 2880 nisi
1921 2823 1987 2881 ad
2017 2836 2155 2892 prae-

584 2949 753 3006 sentia
781 2940 1051 3002 szrcularia
1081 2947 1134 2992 et
1162 2946 1390 2996 terrena,
1420 2939 1473 2984 et
1501 2930 1554 2982 in
1583 2931 1850 2995 posterum
1882 2928 2001 2990 post
2020 2915 2158 2970 hanc

586 3043 746 3096 vitam
778 3035 908 3091 nihil
937 3031 1261 3101 cogitantes,
1313 3036 1485 3091 neque
1511 3018 1670 3073 ullam
1704 3013 2002 3070 felicitatem
2038 3022 2158 3063 esse

587 3132 909 3187 arbitrantes
931 3166 946 3190 ,
976 3122 1076 3177 nisi
1105 3118 1312 3174 diVillaS
1337 3122 1395 3171 et
1421 3112 1654 3167 honores
1682 3106 1841 3174 hujus
1864 3101 2042 3158 Sseculi
2062 3141 2077 3166 ,
2107 3109 2157 3152 ct

591 3217 948 3276 transitoriam
979 3212 1226 3265 virtutem
1256 3207 1318 3268 ’;
1366 3210 1488 3273 post
1532 3198 1734 3254 obitum
1778 3201 1956 3249 autem
1988 3205 2158 3261 [suum

494 3346 495 3349 η
592 3327 703 3368 non
727 3305 1083 3365 attendentes,
1110 3299 1209 3353 nisi
1238 3289 1683 3364 quemadmodum
1710 3286 1789 3342 eis
1809 3290 2162 3354 procurentur

592 3403 776 3460 funera
803 3409 1079 3468 pomposa,
1107 3400 1161 3446 et
1187 3386 1512 3459 sepeliantur
1536 3383 1588 3435 in
1616 3370 1973 3435 monumentis
2001 3388 2162 3442 opere

592 3492 818 3551 mirabili
877 3483 1161 3544 exstructis
1189 3521 1206 3547 ,
1250 3487 1305 3534 et
1361 3476 1676 3531 invocentur
1716 3468 1932 3524 nomina
1974 3479 2159 3521 eorum

591 3589 643 3643 in
706 3584 861 3641 terris
904 3580 1138 3650 ipsorum
1180 3589 1210 3627 a
1256 3566 1505 3649 domibus
1550 3576 1798 3650 θοι-πως.
1829 3572 1937 3614 non
1982 3566 2159 3611 autem

589 3678 689 3735 sibi
737 3632 1084 3742 compaiant,
1133 3663 1218 3718 ubi
1258 3644 1477 3732 spiritus
1516 3656 1587 3739 sit
1631 3661 1753 3724 post
1782 3632 1930 3705 'hanc
1966 3648 2160 3711 vitam,

589 3766 734 3822 stulti
766 3779 871 3818 non
915 3756 1391 3815 comretniscentes
1426 3728 1610 3802 vocem
1633 3741 1862 3809 Christi,
1888 3737 2120 3796 dicentis
2142 3777 2160 3803 ,

593 3858 791 3922 Stulte,
823 3855 917 3908 Irae
956 3860 1097 3904 ηςιοιε
1133 3848 1389 3917 auferetur
1429 3839 1600 3893 anima
1640 3844 1728 3889 tua
1763 3850 1797 3886 a
1841 3842 1922 3897 te,
1968 3839 2013 3887 et
2050 3843 2164 3902 qua:

593 3947 887 4020 prteparasti
937 3943 1085 4012 cujus
1124 3944 1267 3992 erunt
1306 3931 1473 4005 (Luc.
1505 3942 1612 3994 xu,
1637 3924 1788 3994 20)?
1834 3936 1934 3977 nec
1987 3928 2163 3975 atten-

543 4078 546 4082 λ
592 4017 782 4096 dentes
805 4046 927 4108 post
953 4033 1138 4104 epulas
1164 4025 1499 4099 quotidiauas
1518 4017 1821 4092 splendidas
1839 4057 1855 4082 ,
1882 4022 1936 4068 et
1960 4028 2164 4085 purpu-

594 4146 707 4188 ram
731 4137 788 4185 et
809 4104 1024 4199 byssum
1046 4163 1060 4186 ,
1086 4120 1304 4176 divitem
1350 4114 1657 4169 damnatum
1702 4106 1769 4162 ad
1810 4113 2071 4161 tormenta
2114 4104 2164 4156 in

595 4196 897 4283 infernum;
925 4224 980 4270 et
1009 4222 1125 4284 post
1167 4211 1378 4264 labores
1414 4214 1470 4260 et
1497 4203 1674 4258 ulcera
1705 4208 1758 4253 et
1785 4196 1999 4261 famem,
2033 4209 2165 4263 pau-

597 4330 776 4386 percm
808 4308 1227 4381 requiescentem
1261 4302 1316 4355 in
1341 4299 1460 4352 sinu
1486 4284 1718 4350 Abrahre
1738 4289 1856 4361 (Id.
1886 4302 1971 4341 xvt
1995 4328 2010 4352 ,
2038 4284 2125 4356 l9)
2149 4302 2164 4338 :

596 4378 695 4464 ista
732 4419 835 4461 non
863 4378 1145 4461 curantes,
1175 4392 1267 4448 sed
1304 4388 1634 4444 attendentes
1672 4382 1737 4438 ad
1765 4381 1814 4436 id
1855 4378 1995 4450 quod
2036 4393 2168 4447 pra--

596 4513 720 4555 sens
741 4503 825 4552 est
845 4536 860 4560 ,
894 4500 947 4547 et
971 4499 1089 4561 post
1108 4487 1245 4539 hanc
1273 4490 1497 4537 mortem
1528 4493 1632 4532 non
1662 4472 2034 4546 providentes,
2065 4468 2167 4522 nisi

593 4584 1042 4660 quemadmodum
1092 4588 1285 4632 nomen
1328 4585 1510 4627 eorum
1562 4566 1704 4638 quod
1757 4563 2071 4634 reprobatur
2116 4553 2173 4613 in'

595 4682 750 4741 eicio,
780 4681 1053 4734 invocetur
1081 4672 1132 4725 in
1164 4679 1322 4722 terra.
1350 4660 1665 4718 Describens
1690 4672 1816 4725 ergo
1846 4655 1977 4709 tales
1998 4651 2168 4721 Spiri-

598 4785 685 4828 tus
721 4778 934 4826 sanctus
960 4765 1070 4821 ait:
1112 4760 1236 4815 Ila'c
1256 4758 1337 4813 uia
1364 4755 1588 4824 ipsorum
1617 4747 1913 4819 scandalum
1938 4744 2091 4813 ipsis,
2123 4750 2179 4808 et

598 4877 765 4939 postea
792 4866 843 4918 in
871 4878 958 4917 ore
979 4874 1071 4915 suo
1098 4853 1399 4911 benedicent.
1422 4848 1570 4902 Sicut
1593 4844 1725 4898 dixit
1745 4840 1995 4915 Dominus
2015 4837 2170 4893 .lesus

597 4929 837 5010 Christus
858 4952 925 5007 de
945 4946 1258 5021 quibusdam
1280 4985 1296 5010 ,
1325 4942 1414 5020 qui
1440 4939 1614 5011 primo
1638 4933 1894 4989 accedunt
1922 4931 1987 4984 ad
2013 4929 2170 4983 fidem

596 5047 832 5107 mundati
861 5045 1020 5100 verbo
1051 5042 1140 5097 Dei
1173 5048 1228 5095 et
1253 5032 1569 5094 exorcismis
1608 5030 1659 5084 in
1686 5027 1897 5082 nomine
1936 5022 2169 5090 Christi,

596 5154 653 5197 ut
681 5138 940 5209 accipiant
982 5134 1207 5206 gratiam
1234 5130 1360 5191 Dei,
1389 5134 1449 5182 ut.
1489 5124 1847 5194 baptizentur,
1889 5124 1946 5172 et
1985 5122 2167 5185 postea

594 5236 879 5290 redeuntes
903 5227 969 5282 ad
999 5226 1181 5297 pejora
1212 5220 1347 5275 mala
1373 5232 1532 5289 quam
1574 5225 1729 5270 antea
1756 5212 2167 5270 commiserant,

600 5325 746 5382 Fient
770 5321 873 5377 illis
895 5361 911 5382 ,
943 5316 1151 5386 inquit,
1182 5312 1458 5382 posteriora
1509 5307 1759 5362 deteriora
1812 5302 2064 5375 prioribus
2089 5298 2169 5372 (ll

599 5420 744 5475 Petr.
770 5432 836 5482 ιι,
856 5410 949 5482 20)
969 5427 983 5463 :
1007 5409 1109 5463 hoc
1137 5405 1324 5461 Petrus
1351 5399 1621 5471 apostolus
1647 5414 1661 5451 :
1691 5396 1945 5451 Dominus
1967 5404 2166 5457 autem,

659 5576 674 5607 ι
710 5562 1206 5631 οτηηωίτορθ-κεβη
1231 5551 1876 5631 ,ωηιεγηριςιῃεςρυὶέὶαηιξη
1896 5562 1922 5631 ί
1955 5558 2008 5601 et
2031 5551 2172 5612 [aulo

594 5614 959 5710 patricii-quain
972 5614 1028 5678 tis
1050 5625 1099 5676 in
1123 5614 1270 5676 corde
1291 5631 1379 5670 suo
1400 5614 1529 5668 {ubi
1551 5614 1663 5666 Edd.
1688 5614 1866 5672 ferunt,
1893 5619 2176 5676 torquentur

592 5710 722 5790 m'w
711 5694 983 5811 {16:38:13}...
1004 5757 1049 5802 et
1071 5742 1397 5811 transitoriam
1431 5739 1591 5811 vitam.
1617 5746 1746 5811 Am._.
1761 5734 2172 5811 fylrat‘tsitorimtt

594 5797 1421 5877 τεαείίιῖἷυῖἷίίξὶνιιήυιὲλιοιλὶαρη
1444 5804 1663 5855 virtutem
1685 5807 1730 5852 et
1751 5797 2043 5863 felicitatem.

1780 362 1840 417 S.
1885 353 2245 414 AUGUSTINI
2277 353 2574 411 ΕΝδίῖορῖ
3660 379 3746 441 553

2241 467 2307 525 Et
2336 479 2482 522 erunt
2501 469 2804 565 posteriora,
2834 471 3034 565 inquit,
3063 474 3203 530 illius
3227 477 3434 537 hominis
3457 487 3751 565 peioraquam

2243 568 2387 611 erant
2434 561 2602 629 priora
2645 560 2811 631 (an.
2837 579 2888 617 xt
2909 604 2924 631 ,
2946 564 3070 633 26).
3102 565 3273 631 Ouare
3289 570 3329 644 ?_
3352 571 3475 637 Quia
3501 560 3652 644 primo
3684 587 3752 640 vel

2243 663 2455 752 apertus
2484 667 2715 752 paganus
2739 664 2857 752 erat
2879 697 2894 722 ,
2926 666 3108 735 postea
3137 636 3593 729 palliaturinom'ine
3633 636 3755 732 Cliti:

2243 744 2435 846 stiano,
2450 744 2548 797 sub
2565 745 2823 801 velamine
2849 748 3117 819 religionis
3147 753 3381 808 occultus
3407 760 3581 814 malus.
3601 764 3658 819 Et
3674 770 3759 824 erit

2243 832 2495 902 deterior,
2522 841 2642 908 quia
2671 841 2912 897 occultus
2938 853 3040 908 est,
3070 843 3209 900 sicut
3234 847 3325 911 ait,
3355 847 3420 903 Et
3450 864 3602 920 postea
3622 857 3668 910 in
3690 876 3761 914 ore

2244 925 2652 1028 strobeam-iacnt
2674 946 2693 984 :
2718 931 2768 985 id
2793 942 2909 999 est,
2941 949 3134 991 nomen
3169 937 3263 992 Dei
3305 948 3359 994 et
3396 957 3575 1000 nomen
3600 948 3760 1007 Christi

2245 1015 2396 1071 audis
2421 1017 2473 1072 in
2513 1018 2663 1075 labiis
2686 1063 2703 1088 ,
2734 1022 2787 1076 in
2815 1023 2976 1080 corde
3001 1041 3104 1080 non
3149 1027 3371 1084 invenis.
3392 1030 3464 1086 De
3496 1036 3665 1104 quibus
3694 1041 3761 1095 di-

2245 1120 2386 1165 ctum
2427 1122 2509 1167 est
2536 1130 2550 1165 :
2595 1112 2823 1181 Populus
2856 1118 2949 1172 iste
2988 1118 3133 1173 labiis
3161 1136 3240 1174 me
3265 1121 3503 1191 honorat,
3528 1142 3610 1182 cor
3630 1141 3763 1185 autem

2247 1217 2419 1256 eorum
2445 1203 2591 1276 longe
2614 1217 2687 1260 est
2710 1224 2742 1261 a
2770 1225 2848 1263 me
2867 1207 2888 1282 (
2900 1208 3025 1265 lsai.
3052 1226 3198 1278 xxix,
3224 1213 3291 1267 i3
3310 1212 3350 1283 ).
3372 1214 3482 1272 Huc
3502 1234 3652 1290 usque
3665 1236 3743 1298 erg

2250 1299 2491 1356 Psalmus
2520 1313 2780 1360 tractatus
2807 1318 2943 1362 erat.
3720 1312 3733 1333 ‘

2319 1392 2375 1446 2.
2404 1392 2553 1466 [vers
2575 1393 2687 1468 15.]
2718 1397 2916 1453 Deinde
2940 1398 3016 1454 sic
3046 1400 3303 1470 incipiunt
3326 1418 3507 1459 versus
3531 1404 3672 1461 hodie
3686 1402 3771 1463 dis-

2251 1485 2482 1541 cutiendl
2508 1496 2668 1557 atque
2697 1490 2953 1544 tractandi
2979 1509 2992 1545 :
3028 1491 3171 1546 Sicut
3194 1509 3311 1548 ores
3329 1495 3381 1547 in
3404 1495 3590 1566 inferno
3612 1500 3771 1566 posita,

2253 1593 2387 1632 mors
2411 1589 2583 1647 pastor
2606 1589 2678 1633 est
2703 1582 2793 1635 eis.
2821 1581 3024 1649 Quibus
3043 1583 3068 1635 ?
3103 1582 3209 1639 Illis
3237 1562 3466 1655 quorum
3486 1562 3560 1641 via
3586 1562 3774 1642 scanda-

2228 1754 2229 1757 η
2257 1668 2363 1724 lum
2388 1670 2534 1738 ipsis.
2558 1670 2802 1739 Quibus?
2828 1671 2937 1730 Illis
2961 1674 3049 1744 qui
3082 1677 3359 1744 prmsentia
3385 1677 3491 1731 sola
3519 1678 3775 1745 attendunt,

2421 1762 2591 1816 futura
2623 1778 2726 1817 non
2764 1765 3029 1834 cogitant;
3063 1765 3166 1821 illis
3206 1767 3295 1837 qui
3320 1768 3477 1821 vitam
3511 1784 3605 1823 non
3629 1782 3779 1839 putant

2257 1855 2355 1954 nisi
2385 1855 2537 1954 istam
2558 1895 2573 1920 ,
2604 1869 2721 1924 quae
2746 1870 2890 1910 mors
2932 1855 3152 1911 dicenda
3178 1869 3281 1913 est.
3310 1857 3421 1913 Non
3452 1859 3597 1930 igitur
3619 1861 3774 1914 imme-

2257 1947 2359 1999 rito
2385 1952 2630 2015 tanquam
2655 1960 2783 2001 oves
2812 1947 2865 2001 in
2894 1947 3133 2015 inferno,
3174 1958 3402 2005 mortem
3432 1950 3614 2006 habent
3636 1963 3780 2022 pasto-

2257 2050 2393 2089 rem.
2420 2034 2555 2101 Quid
2581 2047 2664 2091 est
2682 2079 2697 2103 ,
2725 2047 2947 2094 mortem
2974 2038 3169 2113 habent
3197 2041 3502 2110 pastorem?
3521 2041 3649 2096 Mors
3669 2043 3781 2098 enim

2260 2129 2434 2198 aliqua
2464 2144 2552 2184 res
2584 2138 2668 2184 est
2688 2172 2703 2196 ,
2735 2140 2825 2185 aut
2851 2132 3025 2203 aliqua
3054 2143 3290 2203 potestas
3313 2135 3437 2191 est?
3479 2136 3609 2191 Mors
3628 2151 3783 2206 nempe

2260 2227 2353 2273 aut
2388 2219 2652 2289 separatio
2688 2229 2773 2276 est
2811 2222 3004 2276 animae
3043 2238 3074 2278 a
3103 2237 3334 2295 corpore
3370 2241 3385 2280 :
3414 2232 3467 2281 et
3501 2240 3559 2281 ea
3607 2225 3784 2296 quidem

2261 2325 2417 2380 quam
2449 2311 2637 2365 timent
2663 2312 2903 2369 homines
2921 2354 2938 2379 ,
2970 2317 3238 2384 separatio
3263 2325 3349 2372 est
3371 2317 3554 2371 anima:
3578 2334 3606 2371 a
3629 2333 3782 2388 corpo-

2261 2415 2358 2456 re:
2390 2417 2534 2502 murs
2557 2412 2733 2458 autem
2754 2418 2879 2458 vera
2906 2419 3062 2474 quam
3093 2421 3197 2461 non
3230 2408 3423 2462 timent
3454 2407 3703 2472 homines,
3725 2424 3791 2462 se

2263 2493 2468 2560 paratio
2495 2501 2578 2546 est
2615 2493 2808 2547 animae
2838 2507 2869 2547 a
2898 2494 3026 2550 Deo.
3058 2494 3125 2550 Et
3150 2496 3465 2568 plerumque
3498 2513 3610 2553 cum
3643 2498 3801 2561 timent,

2265 2583 2508 2639 homines
2533 2586 2687 2640 istam
2713 2600 2831 2656 quze
2860 2596 3070 2656 separat
3095 2589 3336 2644 animam
3363 2606 3392 2644 a
3421 2606 3630 2662 corpore
3650 2633 3664 2656 ,
3690 2588 3791 2645 inci-

2263 2676 2394 2732 dunt
2420 2678 2474 2731 in
2500 2678 2640 2732 illam
2673 2679 2758 2733 ubi
2784 2680 2960 2735 anima
2985 2692 3262 2751 separatur
3294 2698 3324 2738 a
3352 2684 3477 2739 Deo.
3504 2684 3619 2739 Hrec
3640 2694 3711 2738 est
3734 2700 3792 2737 cr-

2265 2784 2334 2840 go
2358 2784 2522 2824 mors.
2545 2769 2822 2838 Quomodo
2848 2781 3025 2827 autem
3053 2790 3188 2829 mors
3206 2786 3388 2846 pastor
3409 2784 3479 2832 est
3503 2776 3691 2832 illis?Si
3714 2777 3791 2828 vim

2264 2859 2512 2916 Christus
2538 2870 2621 2916 est
2638 2903 2653 2927 ,
2700 2877 2844 2917 mors
2870 2864 3131 2919 diabolus.
3166 2865 3440 2923 Habemus
3464 2877 3628 2923 autem
3653 2867 3799 2922 multis

2268 2951 2398 3007 locis
2428 2953 2479 3008 in
2510 2952 2780 3023 Scriptura
2801 2997 2816 3020 ,
2842 2955 2964 3025 quia
2992 2955 3098 3011 vita
3121 2966 3203 3012 est
3221 2956 3487 3017 Christus.
3511 2960 3640 3015 Mors
3655 2969 3794 3012 autem

2266 3043 2507 3099 diabolus
2543 3055 2650 3110 est;
2701 3060 2806 3100 non
2838 3048 2958 3117 quia
2987 3047 3100 3117 ipse
3125 3064 3271 3103 mors
3306 3060 3417 3117 est,
3463 3052 3552 3106 sed
3580 3049 3685 3120 quia
3727 3062 3798 3118 per

2267 3137 2416 3192 illum
2443 3149 2606 3191 mors.
2643 3134 2768 3193 Sive
2790 3137 2932 3193 enim
2964 3139 3050 3194 illa
3096 3140 3149 3195 in
3187 3156 3297 3212 qua
3325 3142 3501 3213 lapsus
3525 3153 3603 3199 est
3626 3140 3797 3204 Adam,

2272 3227 2436 3298 ipsius
2465 3218 3036 3297 persuasione'bomini
3069 3231 3348 3301 propinata
3375 3241 3458 3289 est
3477 3274 3492 3299 ,
3519 3233 3626 3288 sive
3647 3233 3730 3287 ista
3759 3232 3799 3283 iu

2268 3334 2371 3389 qua
2399 3329 2677 3390 separatur
2695 3319 2869 3374 anima
2901 3336 2931 3375 a
2956 3336 3209 3391 corpore,
3241 3323 3419 3395 ipsum
3449 3323 3798 3379 ltabentaucto-

2271 3424 2385 3464 rem
2411 3410 2500 3479 qui
2523 3410 2695 3480 primo
2716 3426 2812 3481 per
2848 3414 3150 3482 superbiam
3184 3402 3389 3471 cadens
3430 3414 3609 3470 invidit
3640 3412 3800 3473 stanti,

2270 3514 2325 3558 et
2352 3513 2522 3558 morte
2548 3501 2796 3560 invisibili
2825 3504 3031 3574 dejecit
3044 3515 3271 3561 stantem
3295 3549 3312 3574 ,
3340 3520 3397 3562 ut
3424 3509 3577 3562 etiam
3616 3512 3800 3561 mortem

2274 3594 2537 3651 visibilem
2565 3595 2863 3664 penderet’
2893 3595 2913 3667 (
2930 3596 3056 3651 Gen.
3090 3613 3172 3660 nt.
3202 3599 3295 3666 2).
3322 3600 3399 3655 Ad
3428 3615 3546 3656 eum
3574 3597 3797 3670 pertinen-

2274 3697 2380 3753 tes,
2410 3698 2675 3762 pastorem
2704 3699 2928 3745 mortem
2957 3689 3149 3744 habent
3174 3708 3189 3745 :
3221 3707 3324 3746 nos
3353 3704 3526 3748 autem
3552 3691 3635 3761 qui
3661 3689 3718 3743 de
3741 3686 3799 3740 fu-

2274 3790 2390 3835 tum
2436 3780 2833 3835 immortalitate
2858 3783 3152 3851 cogitamus
3173 3824 3188 3845 ,
3234 3793 3294 3838 et
3323 3799 3428 3839 non
3458 3785 3571 3839 sine
3593 3798 3729 3837 causa
3764 3780 3803 3831 in

2273 3872 2445 3928 fronte
2471 3872 2676 3943 signum
2702 3872 2874 3927 crucis
2898 3872 3097 3928 Christi
3127 3884 3438 3944 portamus,
3469 3892 3570 3932 non
3594 3875 3805 3928 habentia

2272 3977 2540 4038 pastorem
2585 3966 2688 4021 nisi
2733 3966 2915 4021 vitam.
2948 3967 3239 4023 lnlidelium
3273 3979 3459 4039 pastor
3514 3983 3681 4032 mors,
3708 3965 3807 4019 litic-

2278 4060 2403 4112 littnt
2435 4068 2614 4134 pastor
2638 4059 2765 4112 vita.
2805 4058 2861 4114 Si
2890 4074 3017 4129 ergo
3040 4060 3091 4113 in
3124 4060 3336 4116 inferno
3364 4070 3489 4118 sunt
3515 4077 3637 4117 oves
3657 4059 3809 4131 quibus

2276 4162 2456 4221 pastor
2479 4165 2623 4204 mors
2650 4161 2731 4205 est
2751 4192 2765 4209 .
2793 4151 2844 4204 in
2871 4151 3010 4207 cado
3038 4163 3160 4207 sunt
3182 4169 3316 4211 oves
3339 4156 3530 4227 quibus
3548 4164 3714 4228 pastor
3728 4152 3807 4203 vita

2274 4253 2379 4300 est.
2399 4244 2533 4310 Quid
2565 4242 2754 4314 igitur?
2781 4243 2898 4299 iam
2929 4247 2980 4300 in
3015 4246 3154 4302 caelo
3176 4251 3400 4305 sumus?
3422 4251 3476 4304 In
3503 4251 3635 4307 caelo
3654 4262 3811 4304 secun-

2275 4336 2401 4391 dum
2445 4335 2623 4391 fidem.
2655 4335 2709 4390 Si
2754 4351 2883 4407 ergo
2927 4339 2977 4391 in
3021 4340 3193 4407 coelo,
3229 4341 3355 4407 ubi,
3388 4343 3609 4398 Sursum
3637 4338 3808 4396 coris:

2277 4446 2382 4530 non
2425 4431 2475 4483 in
2514 4431 2686 4492 cmlu,
2742 4430 2884 4485 unde
2921 4432 3192 4500 apostolus
3236 4432 3437 4489 Paulus
3465 4434 3626 4499 dicit,
3655 4432 3813 4486 Nostra

2278 4520 2409 4575 enim
2431 4523 2737 4574 conuersatio
2764 4523 2815 4573 in
2842 4520 2977 4576 caelis
3004 4531 3075 4575 est
3102 4521 3335 4595 (Philip.
3365 4541 3420 4580 tn
3439 4568 3455 4591 ,
3471 4524 3814 4594 20)”!Corporo

2278 4613 2608 4667 ambulamus
2636 4613 2687 4666 in
2719 4622 2857 4667 terra
2881 4656 2894 4675 ,
2919 4614 3084 4669 corde
3111 4615 3415 4672 habitamus
3440 4619 3492 4673 in
3519 4618 3667 4674 coelo.
3688 4612 3815 4671 Habi-

2280 4718 2455 4763 tamus
2482 4708 2551 4762 ibi
2574 4748 2589 4773 ,
2622 4707 2666 4763 si
2694 4709 2817 4763 illnc
2843 4707 3041 4777 aliquid
3084 4710 3345 4768 mittimus
3369 4712 3514 4782 quod
3554 4711 3620 4766 ibi
3650 4722 3735 4763 nos
3756 4714 3815 4758 te-

2280 4809 2421 4855 neat.
2453 4799 2615 4854 Nemo
2651 4800 2789 4853 enim
2836 4799 3094 4854 inhabitat
3112 4799 3274 4855 corde
3294 4843 3311 4867 ,
3339 4802 3440 4856 nisi
3469 4802 3606 4856 unde
3627 4798 3817 4870 cogitat:

2280 4892 2403 4946 inde
2425 4903 2602 4946 autem
2629 4892 2859 4962 cogitat,
2889 4890 2978 4945 ubi
3006 4891 3352 4947 thesaurizat.
3376 4889 3757 4950 Thesaurizavit
3776 4885 3818 4939 in

2282 4992 2441 5044 terra,
2460 4997 2552 5037 cor
2581 4984 2745 5052 ipsius
2766 4998 2795 5033 a
2828 4991 2966 5036 terra
2996 4997 3099 5036 non
3126 4983 3364 5049 recedit,
3397 4980 3754 5040 thesaurizavit
3777 4976 3819 5029 in

2278 5072 2455 5133 caelo.
2496 5088 2590 5129 cor
2632 5071 2797 5142 ipsius
2840 5072 2906 5127 de
2957 5073 3096 5129 coelo
3137 5090 3242 5128 non
3280 5074 3594 5131 descendit:
3625 5077 3821 5131 Domuto

2278 5175 2460 5234 aperte
2483 5165 2711 5225 dicente,
2736 5162 2830 5218 Ubi
2859 5175 2927 5218 est
2957 5166 3220 5219 thesaurus
3244 5176 3379 5233 tuus,
3402 5167 3513 5222 illi:
3536 5177 3580 5220 et
3603 5180 3685 5219 cor
3704 5170 3827 5216 tuum

2277 5259 2372 5312 erit
2393 5258 2409 5326 (
2432 5256 2615 5310 Matth.
2648 5272 2694 5309 \‘I
2715 5296 2731 5321 ,
2755 5254 2882 5323 ⁸21).

2349 5350 2405 5404 5.
2433 5347 2517 5402 Isti
2548 5362 2676 5418 ergo
2703 5348 2894 5417 quibus
2933 5363 3080 5402 mors
3109 5357 3288 5419 pastor
3326 5360 3444 5413 est,
3486 5349 3725 5404 videntur
3747 5342 3826 5397 llo-

2280 5460 2400 5501 rere
2423 5443 2487 5498 ad
2515 5452 2755 5511 tempus,
2790 5450 2844 5496 et
2886 5442 3012 5512 justi
3057 5443 3332 5498 laborare:
3361 5443 3458 5498 sed
3496 5440 3690 5512 quare?
3712 5435 3828 5504 Quia

2280 5551 2384 5591 nox
2409 5544 2490 5588 est
2512 5532 2706 5588 adhuc.
2734 5531 2869 5598 Quid
2896 5541 2977 5587 est
2996 5573 3011 5596 ,
3041 5548 3148 5587 nox
3170 5518 3288 5589 est?
3314 5532 3430 5587 Non
3462 5539 3711 5602 apparent
3733 5539 3806 5581 me

2279 5627 2379 5680 rita
2406 5625 2691 5695 justoruut,
2709 5632 2762 5678 et
2787 5624 2935 5693 quasi
2960 5625 3261 5679 nominatur
3282 5623 3509 5679 felicitas
3550 5621 3826 5691 impiorum.

2315 5735 2467 5812 fisic
2480 5733 2702 5812 melioris
2732 5742 2857 5812 nota:
2895 5740 3000 5783 Mss.
3027 5732 3241 5805 Nonnulli
3264 5745 3402 5812 “fere
3437 5745 3547 5782 cum
3587 5737 3681 5791 ιιι-ο,
3700 5730 3829 5777 mori!

2282 5797 2449 5848 ινἱείϋίιὶ
2472 5800 2710 5862 perderet.
2737 5805 2789 5847 st
2813 5802 2939 5858 l.ov.,
2968 5792 3355 5851 rnortc.itttisibili
3373 5800 3615 5857 perderet.
