4004 6200
279 389 378 447 557

277 501 498 559 Tamdiu
538 506 744 560 videtur
781 505 939 560 herba
971 507 1136 562 l:etior
1171 521 1326 577 quam
1365 507 1523 560 arbor
1547 547 1560 568 ,
1601 505 1852 576 quamdiu

277 597 448 652 hiems
467 607 564 651 est.
587 597 759 652 Herba
773 599 910 651 enim
933 615 1024 667 per
1044 599 1268 652 hiemem
1287 600 1448 667 viget,
1461 599 1617 653 arbor
1634 613 1726 667 per
1744 590 1861 653 hie:

276 703 413 741 mem
442 689 589 757 quasi
621 689 766 741 arida
795 699 874 742 est
900 705 913 740 :
943 703 1061 742 eum
1087 688 1163 741 sol
1191 689 1379 742 exierit
1409 688 1695 742 ferventior
1720 698 1852 743 tem-

273 796 402 850 pore
431 782 826 844 aistatis,arbor
855 797 972 851 quae
1003 797 1095 850 per
1124 780 1351 836 hiemem
1377 781 1522 835 arida
1554 781 1846 847 videbatur,

272 877 517 943 expletur
547 873 706 936 foliis,
734 876 928 942 prol’ert
956 875 1156 928 fructus
1179 892 1192 937 ;
1223 874 1387 929 herba
1418 883 1594 928 autem
1621 877 1847 929 arescit:

275 969 478 1023 videbis
524 969 776 1021 honorem
827 969 1032 1022 arboris
1062 1012 1075 1030 ,
1121 969 1284 1023 herba
1330 970 1475 1022 arida
1521 979 1622 1021 est.
1665 968 1753 1020 Sic
1797 977 1850 1020 et

269 1062 429 1114 modo
452 1060 578 1127 justi
605 1063 879 1123 laborant,
907 1073 1188 1131 antequam
1215 1064 1391 1116 veniat
1417 1072 1592 1114 a-stas.
1620 1061 1714 1114 Est
1741 1061 1845 1113 vita

266 1168 320 1207 in
371 1154 581 1219 radice,
629 1153 861 1207 nondum
894 1164 1111 1224 apparet
1158 1155 1207 1206 in
1242 1153 1424 1208 ramis.
1470 1152 1634 1206 Radix
1665 1161 1843 1205 autem

267 1255 446 1297 nostra
477 1245 710 1299 cbaritas
735 1256 832 1299 est.
864 1245 926 1298 Et
957 1245 1082 1313 qttid
1109 1246 1182 1298 ait
1203 1244 1522 1314 Apostolus?
1547 1243 1605 1298 Ut
1633 1257 1840 1296 sursum

263 1339 554 1392 debeamus
583 1337 778 1392 habere
827 1338 1056 1391 radicem
1078 1382 1091 1402 ,
1122 1347 1175 1391 ut
1207 1342 1310 1390 vita
1338 1337 1407 1390 sit
1437 1345 1616 1405 pastor
1640 1344 1840 1396 noster,

262 1433 382 1498 quia
416 1430 671 1484 habitatio
711 1442 891 1485 nostra
933 1444 1035 1484 non
1067 1431 1225 1486 debet
1263 1430 1515 1484 recedere
1555 1430 1620 1484 de
1661 1429 1838 1493 cmln,

260 1523 385 1588 quia
417 1523 468 1574 in
507 1520 607 1575 hac
641 1532 779 1575 terra
818 1515 1078 1577 debemus
1105 1523 1242 1576 sicut
1275 1522 1466 1576 mortui
1508 1521 1778 1575 ambulare
1822 1537 1836 1573 :

261 1625 318 1665 ut
352 1629 508 1680 supra
537 1613 775 1666 viventes
800 1657 814 1676 ,
847 1613 978 1666 inira
1012 1614 1205 1667 mortui
1229 1614 1426 1675 simus;
1467 1629 1569 1666 non
1603 1623 1656 1665 ut
1678 1629 1834 1681 supra

261 1707 493 1767 mortui,
518 1706 650 1758 infra
680 1706 937 1758 vivamus.
961 1705 1092 1772 Quia
1119 1719 1245 1773 ergo
1275 1719 1376 1755 non
1399 1703 1559 1758 debet
1585 1704 1837 1757 recedere

260 1799 366 1849 vita
396 1807 574 1850 tiostra
601 1806 654 1850 et
682 1811 774 1850 cor
802 1806 1040 1850 nostrum
1068 1795 1296 1863 desuper
1320 1797 1335 1827 ί
1361 1837 1375 1857 ,
1409 1795 1531 1864 quid
1559 1799 1632 1847 ait
1690 1796 1836 1865 Apo-

258 1889 473 1942 stolus?
502 1886 691 1941 Mortui
715 1888 846 1941 enim
871 1888 988 1941 estis
1010 1904 1027 1942 :
1049 1897 1100 1941 et
1139 1902 1204 1942 ne
1242 1889 1483 1951 timeres,
1535 1885 1647 1940 Vita
1678 1896 1835 1940 vestra

252 1980 551 2032 abscondita
579 1988 648 2032 est
673 2020 689 2040 ,
719 1982 830 2041 ait,
859 1995 972 2031 cum
1001 1979 1196 2033 Christo
1230 1980 1281 2031 in
1309 1978 1433 2031 Deo.
1465 1978 1598 2033 Ecce
1627 1979 1710 2032 ubi
1752 1988 1834 2032 est

252 2071 404 2123 radix
439 2079 638 2124 nostra.
662 2069 883 2138 Quando
910 2080 1084 2124 autem
1129 2070 1402 2140 apparebit
1444 2071 1613 2124 honor
1651 2078 1834 2124 noster

249 2171 505 2230 tauquam
555 2161 606 2214 in
656 2161 794 2215 foliis
840 2172 891 2214 et
934 2160 1190 2224 fructibus
1221 2202 1234 2223 ,
1283 2160 1522 2230 sequitur
1559 2169 1614 2214 et
1658 2161 1826 2225 dicit,

241 2255 379 2310 Cum
403 2253 634 2308 Christus
659 2255 982 2324 apparuerit,
1017 2266 1116 2306 vita
1145 2267 1306 2308 vestra
1327 2298 1340 2316 ,
1395 2263 1512 2308 tunc
1536 2265 1581 2308 et
1608 2271 1693 2309 vos
1716 2271 1828 2307 cum

240 2346 341 2399 illo
369 2345 675 2415 apparebitis
716 2347 766 2398 in
809 2345 972 2414 gloria
1001 2344 1230 2416 (Coloss.
1268 2361 1321 2398 Ill
1345 2387 1357 2404 .
1385 2344 1419 2399 3
1440 2391 1455 2408 ,
1486 2346 1519 2400 4
1544 2348 1580 2414 ).
1629 2345 1696 2400 Et
1726 2347 1828 2400 erit

241 2452 428 2491 mane.
460 2436 590 2491 Nam
624 2436 781 2490 modo
807 2452 910 2490 non
941 2445 1022 2490 est
1052 2453 1227 2489 mane.
1252 2436 1510 2491 Tumeant
1536 2437 1693 2491 modo
1730 2451 1824 2491 su-

239 2529 400 2599 perbi
427 2539 481 2584 et
520 2529 708 2582 divites
737 2532 891 2597 hujus
917 2527 1130 2592 smculi,
1163 2527 1308 2596 impii
1353 2527 1503 2581 bonis
1532 2527 1855 2591 insultent,‘

241 2623 490 2678 inﬁdeles
512 2621 752 2676 ﬁdelibus
771 2662 787 2684 ,
810 2630 864 2675 et
887 2619 1100 2675 dicant:
1128 2619 1262 2686 Quid
1289 2620 1439 2674 vobis
1469 2620 1680 2689 prodest
1702 2621 1823 2690 quia

237 2714 588 2769 credidistis?
611 2713 732 2783 quid
759 2713 877 2782 plus
900 2711 1128 2774 habetis,
1151 2713 1270 2781 quia
1293 2709 1560 2764 Christum
1587 2711 1824 2765 habetis?

245 2807 631 2876 ltespondeaut
660 2805 842 2859 ﬁdeles
862 2847 876 2868 ,
915 2805 958 2860 si
994 2819 1120 2858 vere
1145 2803 1326 2857 ﬁdeles
1352 2812 1513 2856 sunt:
1559 2801 1670 2856 Nox
1700 2812 1780 2856 est
1804 2845 1817 2863 .

238 2898 483 2954 nondum
519 2898 723 2952 videtur
742 2898 879 2968 quod
912 2906 1171 2951 tenemus.
1205 2895 1320 2950 Non
1340 2895 1616 2965 quiescgmt
1637 2910 1824 2948 manus

239 2993 292 3046 in
324 2992 480 3045 bonis
517 2988 780 3058 operibus.
815 2987 966 3043 Unde
989 2987 1112 3040 alibi
1137 2985 1364 3040 dicitur:
1413 2983 1476 3039 lu
1505 2984 1586 3038 die
1609 2984 1820 3038 tribula-

236 3083 395 3136 tionis
419 3095 543 3134 mea:
573 3079 727 3133 Deum
758 3078 1000 3148 exquisivi
1043 3077 1272 3131 manibus
1315 3076 1436 3130 meis
1475 3085 1615 3130 nocte
1650 3093 1819 3129 coram

233 3193 295 3229 eo
322 3218 338 3236 ,
371 3185 415 3228 et
439 3191 537 3226 non
564 3189 674 3226 sum
701 3171 934 3240 deceptus
965 3170 985 3243 (
1009 3169 1152 3222 Psal.
1185 3183 1372 3233 va",
1401 3167 1490 3241 3).
1530 3168 1818 3242 Apparebit

237 3268 396 3319 labor
431 3273 613 3319 noster
649 3277 830 3326 mane,
859 3271 914 3316 et
942 3262 1045 3316 erit
1071 3260 1272 3314 fructus
1303 3276 1456 3315 mane
1481 3275 1494 3312 :
1524 3268 1580 3314 ut
1619 3259 1692 3313 illi
1727 3261 1817 3328 qui

236 3360 406 3414 modo
432 3359 704 3420 laborant,
734 3364 914 3426 postea
939 3354 1321 3413 dominentur;
1365 3362 1419 3408 et
1444 3352 1516 3407 illi
1543 3353 1633 3423 qui
1657 3351 1819 3406 modo

231 3469 294 3507 se
328 3452 538 3519 jactant
576 3456 631 3503 et
663 3445 1004 3516 superbiant,
1053 3454 1234 3515 postea
1271 3445 1636 3514 subiiciantur.
1681 3443 1817 3512 Quid

231 3545 382 3599 enim
409 3539 694 3610 sequitur?
719 3539 863 3594 Sicut
889 3553 1003 3592 oves
1022 3538 1074 3592 in
1096 3539 1294 3607 inferno
1316 3537 1516 3607 positw.
1539 3555 1672 3591 mors
1725 3555 1818 3607 pa-

227 3647 341 3691 stor
382 3644 457 3688 est
491 3634 576 3686 eis.
615 3631 676 3685 Et
707 3630 1096 3685 dominabuntur
1134 3631 1202 3682 eis
1241 3631 1364 3682 recti
1405 3646 1565 3682 mane.

304 3731 359 3784 4.
405 3727 664 3796 Putojam
697 3725 908 3796 planum
937 3737 1055 3778 esse
1083 3725 1238 3776 istum
1270 3736 1500 3785 versum,
1525 3722 1644 3793 quia
1677 3737 1816 3791 pra:—

225 3823 396 3877 Ioeuti
447 3835 672 3875 sunms:
707 3817 1110 3871 Dominabuntur
1147 3815 1215 3868 eis
1254 3815 1372 3867 recti
1413 3831 1579 3868 mane.
1626 3815 1816 3871 Tolera

221 3927 472 3977 noctem,
500 3909 740 3966 desidera
770 3922 946 3962 mane.
978 3905 1053 3960 Ne
1084 3915 1234 3974 putes
1263 3903 1381 3974 quia
1413 3919 1515 3957 nox
1547 3903 1706 3959 habet
1734 3906 1814 3958 vi-

221 4017 366 4070 tam,
390 4016 446 4060 et
472 4019 624 4058 mane
653 4017 756 4056 non
786 4001 944 4055 habet
968 3999 1146 4052 vitam.
1180 3995 1317 4065 Ergo
1341 3995 1426 4064 qui
1452 3995 1646 4050 dormit
1667 3996 1811 4060 vivit,

221 4113 281 4155 et
309 4100 401 4168 qui
426 4099 593 4163 sor-git
619 4109 722 4148 non
753 4093 920 4146 vivit?
948 4089 1132 4145 Nonne
1173 4087 1260 4158 qui
1287 4087 1482 4141 dormit
1511 4089 1665 4142 morti
1693 4089 1714 4119 '
1740 4090 1812 4142 si-

219 4191 411 4245 milior
437 4188 561 4242 est?
590 4187 656 4239 Et
679 4186 767 4255 qui
813 4194 934 4237 sunt
973 4180 1062 4251 qui
1106 4176 1410 4235 dormiunt?
1452 4178 1595 4244 Quos
1623 4180 1815 4235 excitat

217 4281 511 4351 apostolus
539 4279 730 4332 Paulus
753 4318 768 4340 ,
802 4275 846 4330 si
876 4286 1050 4327 tamen
1083 4271 1238 4326 velint
1268 4269 1536 4340 evigilare.
1583 4271 1812 4337 Quibus-

216 4375 356 4428 dam
386 4372 528 4426 enim
556 4369 685 4423 dicit
711 4385 724 4420 :
760 4365 1032 4436 Surge.'qui
1059 4363 1280 4440 dormis,
1312 4373 1357 4416 et
1387 4377 1597 4432 exsurge
1623 4378 1652 4414 a
1683 4379 1816 4415 mor-

213 4468 330 4519 tuis
349 4507 365 4530 ,
391 4475 440 4517 et
482 4460 782 4516 illuminabit
827 4469 871 4512 te
915 4455 1140 4530 Christus
1178 4454 1196 4523 (
1221 4453 1409 4522 Ephes.
1442 4470 1468 4504 v
1494 4495 1508 4517 ,
1557 4452 1685 4522 Η).
1715 4453 1812 4520 Qui

211 4574 359 4623 ergo
384 4555 747 4609 illmninaumr
766 4567 794 4604 a
821 4549 1050 4607 Christo.
1070 4548 1178 4614 jam
1203 4545 1439 4616 vigilant,
1465 4545 1558 4599 sed
1581 4546 1812 4600 nondum

211 4655 451 4717 apparet
482 4645 682 4699 fructus
725 4642 1013 4712 vigiliarum
1045 4657 1057 4692 :
1087 4652 1242 4692 mane
1268 4637 1574 4706 apparebit,
1609 4635 1658 4688 id
1688 4646 1769 4689 est
1795 4677 1810 4700 ,

207 4755 353 4794 cunt
383 4736 563 4790 Steculi
605 4735 761 4800 hujus
800 4732 994 4784 incerta
1040 4727 1365 4780 transierint.
1397 4725 1510 4792 Ipsa
1554 4733 1637 4778 est
1671 4725 1812 4778 enim

207 4846 334 4885 nox
371 4845 382 4880 :
417 4843 521 4880 non
569 4826 657 4878 tibi
708 4839 846 4875 einm
879 4821 1121 4874 videntur
1157 4818 1304 4886 quasi
1353 4815 1624 4870 tenebraz?
1668 4814 1817 4870 Facit

202 4922 401 4978 male;
437 4918 566 4970 vivit
589 4957 603 4976 ,
636 4915 787 4969 ﬂoret
811 4954 825 4974 ,
874 4921 1032 4967 terret
1055 4951 1069 4970 ,
1106 4911 1394 4962 honoratur
1425 4925 1440 4962 :
1473 4905 1594 4960 facit
1641 4907 1812 4973 bene;

203 5008 662 5081 reprehenditur,
691 5004 1106 5074 blasphematur,
1135 5006 1429 5062 accusatur,
1455 4998 1676 5063 laborat,
1707 5007 1815 5054 ter-

197 5115 380 5160 retur
411 5120 424 5154 :
457 5100 607 5170 quasi
636 5099 866 5153 tenebra:
917 5105 1059 5149 sunt.
1107 5093 1162 5146 In
1211 5091 1387 5145 radice
1423 5101 1596 5145 autem
1627 5092 1808 5162 vigor,

199 5198 438 5250 fructus
461 5235 475 5252 .
507 5166 774 5261 dpulcntia
806 5205 818 5241 :
851 5187 959 5242 vita
1008 5184 1239 5240 nondum
1282 5189 1365 5237 est
1411 5181 1462 5236 in
1493 5182 1688 5248 ramis,
1720 5184 1813 5237 sed

195 5289 383 5344 radix
422 5300 526 5340 non
569 5284 750 5338 aruit:
783 5282 972 5336 similis
1020 5275 1280 5332 arescenti
1324 5285 1439 5338 est;
1472 5275 1566 5330 sed
1608 5285 1814 5346 tempus

193 5378 399 5438 venit,
428 5377 653 5429 vestitur
679 5375 880 5427 honore
909 5385 1029 5432 suo,
1059 5367 1368 5423 fecundatur
1395 5365 1652 5421 fructibus
1679 5367 1811 5421 suis.

191 5474 382 5526 'l'mic
412 5466 484 5519 illi
511 5467 578 5520 de
607 5465 797 5534 quibus
822 5463 1018 5515 dictum
1048 5470 1128 5514 est
1167 5468 1222 5510 ut
1270 5475 1372 5511 non
1415 5472 1508 5511 eos
1539 5456 1770 5510 zelemus
1796 5473 1810 5509 :

191 5557 358 5628 quid
387 5556 527 5609 enim
558 5556 625 5610 de
655 5555 758 5609 illis
801 5553 873 5606 ait
917 5548 1186 5620 psalmus?
1218 5548 1467 5613 Quoniam
1491 5548 1618 5600 sicut
1643 5548 1814 5616 [ruina

189 5655 323 5707 cito
357 5660 614 5702 arescent.
643 5658 692 5700 et
740 5649 868 5699 sicut
911 5646 1047 5697 olera
1095 5642 1227 5710 prati
1273 5641 1368 5694 rito
1413 5639 1587 5692 cadent
1624 5636 1810 5708 (l’sul.

276 5819 295 5848 ι
351 5815 424 5860 sie
442 5818 546 5859 Mss.
576 5816 625 5858 At
649 5806 779 5856 l-‘dd..
805 5805 865 5852 de
889 5817 1048 5866 super:
1066 5799 1126 5850 is.

279 5880 304 5910 ⁸
360 5882 482 5921 tuus
506 5880 602 5921 Ms.
630 5879 826 5917 mortuo.

1370 387 1755 450 ENARRATIU
1797 391 1859 449 IN
1899 395 2211 458 PSALNIUM
2254 404 2474 461 XLVIII.

3432 417 3531 471 ὔῖςξι

1960 529 2137 579 xuvr,
2173 518 2222 577 I.
2250 519 2313 587 2)
2348 537 2359 571 :
2390 523 2596 582 eadem.
2623 537 2740 578 eum
2767 526 3016 580 videbunt
3035 527 3098 580 ad
3116 527 3386 584 dexteram
3405 548 3529 584 san-

1956 617 2069 660 ctus
2092 650 2106 670 ,
2135 611 2320 678 quibus
2368 613 2724 670 laborantibus
2767 619 3080 684 insultatur;
3115 631 3164 675 et
3192 622 3368 676 dicent
3397 626 3528 677 intra

1956 714 2013 749 se
2045 701 2405 766 prenitentiam
2443 716 2659 774 agentes
2682 749 2696 770 ,
2728 709 2823 762 sed
2869 713 3229 778 pcenitentiam
3273 729 3444 768 seram
3479 728 3530 770 et

1957 787 2349 847 infructuosam.
2381 794 2476 861 Qui
2509 799 2790 854 noluerunt
2816 802 2973 856 modo
2997 818 3151 873 agere
3182 803 3526 872 fructuosam,

1953 892 2107 949 agent
2134 893 2257 939 tunc
2285 885 2678 942 infructuosam.
2707 891 2840 959 Quid
2863 908 2991 964 ergo
3016 896 3313 965 dicentjam
3339 898 3388 953 iu
3420 916 3529 967 [ue-

1953 976 2168 1029 nitentia
2202 975 2563 1034 infructuosa?
2591 981 2659 1034 lli
2686 993 2800 1036 sunt
2839 999 2962 1052 quos
2999 987 3268 1053 aliquando
3294 990 3344 1042 in
3369 992 3525 1044 risum

1951 1067 2212 1121 [tabuimus
2232 1112 2244 1124 .
2277 1081 2321 1122 et
2351 1072 2400 1124 in
2439 1073 2816 1127 similitudinem
2859 1077 3169 1146 improperii.
3199 1078 3370 1134 Verba
3401 1083 3522 1135 dico

1951 1160 2066 1214 lihri
2098 1162 2164 1217 de
2193 1162 2458 1232 Sapientia
2492 1184 2504 1218 :
2535 1179 2860 1235 cognoscunt
2901 1170 2990 1238 qui
3028 1186 3086 1224 ea
3115 1169 3288 1226 solent
3317 1173 3520 1227 audire.

1949 1251 2120 1306 Verba
2161 1255 2300 1306 enim
2331 1267 2454 1308 sunt
2496 1257 2752 1311 malorum
2785 1257 2955 1312 futura
2983 1301 2998 1326 ,
3030 1261 3240 1330 quando
3267 1263 3522 1319 videbunt

1941 1345 2172 1414 jndicem
2195 1388 2209 1411 ,
2241 1357 2294 1400 et
2314 1347 2422 1415 jam
2451 1363 2637 1402 omnes
2669 1348 2847 1403 ﬁdeles
2874 1351 2939 1404 ad
2989 1351 3257 1406 dexteram
3286 1354 3402 1422 ejus
3425 1396 3439 1419 ,
3469 1366 3523 1410 et

1946 1455 2131 1494 omnes
2157 1451 2366 1494 sanctos
2392 1441 2506 1510 ejus
2535 1457 2654 1495 cum
2694 1443 2784 1496 illo
2826 1442 3122 1512 judicantes
3155 1461 3167 1496 :
3201 1445 3298 1500 hoc
3328 1447 3515 1504 habent

1944 1531 2139 1595 dicere,
2174 1533 2332 1586 verba
2379 1535 2610 1602 ipsorum
2661 1535 2787 1588 dicit
2815 1535 3083 1605 Scriptura
3109 1579 3123 1600 ,
3164 1535 3231 1589 Ili
3257 1550 3370 1591 sunt
3399 1557 3521 1608 quos

1942 1623 2215 1688 aliquando
2267 1626 2529 1680 habuimus
2582 1625 2632 1678 in
2680 1627 2838 1679 risum
2870 1667 2885 1690 ,
2941 1638 2986 1680 et
3037 1629 3087 1681 in
3140 1630 3520 1684 similitudinem

1942 1718 2266 1788 improperii;
2293 1737 2383 1774 nos
2420 1722 2658 1774 insensati
2683 1763 2695 1782 ,
2726 1723 2877 1774 vitam
2922 1722 3122 1775 illorum
3147 1724 3519 1777 wstimabamus

1941 1811 2189 1864 insaniam
2215 1811 2367 1882 (Sap.
2397 1828 2447 1872 v,
2479 1813 2532 1874 5,
2562 1811 2644 1882 4).
2677 1810 2806 1866 Cum
2834 1814 2973 1866 enim
3002 1815 3225 1882 imperil
3249 1815 3354 1869 Deo
3375 1818 3519 1883 quis-

1939 1919 2042 1973 que
2071 1903 2268 1966 vivere,
2297 1902 2548 1956 mundum
2589 1912 2949 1965 contemnere,
2982 1904 3199 1972 injurias
3225 1920 3348 1958 suas
3375 1905 3517 1958 nolle

1939 1995 2140 2057 ulcisci,
2165 1995 2305 2048 nolle
2331 1992 2416 2048 hic
2439 1993 2667 2058 divitias,
2696 2009 2799 2048 non
2832 1994 2916 2048 hic
2941 2006 3179 2065 maerere
3209 1993 3513 2050 felicitatem

1937 2096 2222 2147 terrenam,
2251 2094 2594 2140 contemnere
2623 2086 2821 2149 omnia,
2855 2074 3132 2141 Dominum
3164 2089 3334 2142 solum
3367 2089 3509 2158 cogi-

1936 2187 2070 2240 tare,
2095 2181 2230 2230 viam
2250 2176 2446 2232 Christi
2475 2193 2580 2231 non
2607 2177 2876 2240 deserere,
2905 2191 3007 2231 non
3034 2178 3205 2232 solum
3233 2193 3260 2232 a
3294 2178 3514 2249 Paganis

1932 2267 2158 2347 dicitur,
2187 2267 2413 2331 Insanit;
2440 2267 2532 2322 sed
2573 2268 2711 2338 quod
2743 2255 2908 2338 magis
2944 2269 3226 2323 dolendum
3249 2278 3359 2332 est,
3390 2271 3511 2339 quia

1932 2373 1985 2416 et
2017 2365 2153 2415 intus
2178 2361 2328 2416 multi
2356 2359 2627 2416 dormiunt
2655 2369 2709 2415 et
2745 2361 2996 2431 evigilare
3027 2362 3235 2426 nolunt,
3264 2376 3292 2414 a
3319 2361 3448 2420 Suis.
3480 2379 3510 2415 a

1932 2453 2244 2508 Christianis
2272 2451 2528 2517 audiunt,
2565 2452 2698 2519 Quid
2732 2451 2969 2522 pateris?
2998 2451 3211 2506 Fratres
3251 2453 3378 2518 mei,
3411 2452 3508 2505 ltu-

1933 2545 2058 2598 mini
2091 2544 2284 2600 viventi
2311 2544 2600 2600 secundum
2628 2544 2764 2598 viam
2795 2543 2989 2598 Christi
3014 2583 3030 2608 ,
3063 2543 3152 2613 qui
3177 2543 3342 2609 dicit,
3368 2543 3506 2611 Quid

1931 2637 2168 2706 pateris?
2197 2648 2439 2706 putanms
2466 2637 2588 2706 quid
2615 2637 2776 2692 dicit?
2802 2638 3094 2692 Ilorremus
3120 2636 3351 2699 .Iudzeos,
3384 2637 3506 2706 quia

1928 2730 2175 2783 dixerunt
2229 2729 2450 2783 Domino
2497 2726 2620 2783 .Icsu
2677 2727 2926 2790 Christo,
2982 2724 3300 2781 Danuonium
3355 2728 3507 2782 habes

1932 2819 2106 2890 (Joau.
2137 2835 2248 2882 vm,
2276 2818 2379 2890 48)
2410 2835 2424 2872 :
2458 2827 2513 2874 et
2539 2817 2748 2890 quando
2776 2819 3018 2872 audimus
3046 2818 3386 2889 Evangelitun
3417 2835 3504 2874 re-

1927 2913 2098 2977 citari,
2123 2913 2391 2966 tundinms
2417 2922 2630 2981 pectora
2650 2920 2849 2965 nostra.
2873 2910 3196 2964 Seeleratam
3221 2927 3330 2965 rem
3353 2912 3505 2966 dixe-

1927 3015 2050 3059 runt
2089 3004 2256 3059 Judaei
2285 3003 2517 3059 Christo.
2549 3001 2864 3056 Darmouium
2907 3002 3057 3057 habes
3087 3019 3105 3056 :
3137 3018 3232 3074 age
3262 3014 3334 3067 tu,
3359 3005 3504 3058 chri-

1925 3095 2133 3162 stiane,
2164 3096 2374 3166 quando
2401 3094 2596 3150 videris
2636 3093 2702 3148 de
2749 3093 2910 3149 corde
2956 3093 3186 3151 hmninis
3224 3097 3501 3164 expulsum

1924 3187 2215 3251 diabolum,
2240 3197 2294 3242 et
2320 3185 2611 3240 inhabitare
2634 3183 2921 3248 Christum,
2951 3195 3004 3240 et
3031 3187 3182 3248 dicis,
3200 3187 3334 3252 Quid
3361 3198 3504 3256 pato.

1925 3280 2038 3334 ris?
2074 3279 2393 3334 daemonium
2438 3277 2528 3332 tibi
2571 3276 2778 3331 videtur
2822 3276 3048 3332 habere?
3096 3266 3295 3332 Dictum
3343 3288 3505 3333 estet

1922 3369 1990 3426 de
2019 3371 2133 3439 ipso
2164 3369 2386 3425 Domino
2410 3409 2424 3433 ,
2453 3368 2592 3439 quod
2636 3368 2889 3423 insaniret
2908 3410 2922 3432 ,
2954 3369 3165 3439 quando
3196 3370 3504 3440 loquebatur

1923 3460 2080 3518 verba
2103 3477 2221 3532 quae.
2248 3461 2321 3515 illi
2349 3476 2452 3514 non
2479 3467 2766 3529 caperent;
2795 3459 2993 3513 dicttun
3021 3467 3125 3526 est,
3151 3458 3366 3522 Insanit,
3393 3462 3500 3513 dte-

1923 3555 2146 3608 monium
2171 3551 2314 3606 habet
2342 3567 2362 3604 :
2391 3560 2443 3606 et
2484 3560 2658 3605 tamen
2686 3551 2843 3620 aliqui
2873 3549 3191 3618 evigilabant
3218 3564 3245 3601 a
3277 3555 3463 3604 sonino
3483 3590 3498 3618 ,

1919 3656 1973 3699 et
1997 3646 2276 3709 dicebant,
2311 3641 2432 3696 Non
2473 3651 2588 3696 sunt
2623 3641 2720 3696 ista
2762 3643 2908 3695 verba
2935 3641 3238 3694 (immanium
3279 3639 3500 3692 habentis

1924 3736 2031 3810 (Id.
2066 3753 2120 3800 ς,
2146 3737 2237 3797 20,
2264 3735 2390 3805 21).
2418 3735 2506 3790 Sic
2538 3743 2591 3787 et
2632 3733 2788 3788 modo
2812 3774 2826 3790 .
2866 3731 3053 3785 fratres
3074 3770 3091 3796 ,
3123 3731 3369 3798 quamdiu
3402 3733 3498 3787 iSIa

1919 3831 2080 3886 verba
2109 3827 2327 3883 audiunt
2365 3836 2418 3882 et
2444 3838 2627 3897 gentes
2649 3867 2664 3888 ,
2693 3835 2747 3880 et
2776 3825 2862 3894 qui
2893 3824 3188 3878 inhabitant
3214 3823 3417 3892 orbem,
3445 3835 3500 3880 et

1920 3922 2215 3992 terrigenze,
2237 3928 2291 3974 et
2312 3919 2399 3972 lilii
2430 3917 2721 3974 hominum.
2749 3927 2802 3969 et
2827 3912 2975 3968 dives
2999 3923 3053 3968 et
3078 3931 3293 3985 pattper,
3321 3916 3368 3968 id
3393 3929 3494 3980 est,

1918 4025 1971 4070 et
1999 4014 2087 4084 qui
2121 4010 2379 4081 pertinent
2409 4011 2474 4062 ad
2507 4007 2669 4063 Adam
2690 4048 2705 4070 ,
2733 4015 2788 4060 et
2827 4007 2915 4076 qui
2945 4006 3209 4076 pertinent
3253 4007 3317 4060 ad
3345 4007 3498 4062 Chri-

1918 4119 2080 4170 stum,
2111 4105 2200 4160 alii
2227 4105 2428 4162 dicuut,
2461 4100 2777 4154 Dwmonimn
2809 4100 2994 4165 habet;
3023 4100 3108 4153 alii
3139 4100 3340 4165 dicunt,
3375 4101 3494 4158 Non

1916 4210 2033 4255 sunt
2055 4201 2154 4254 ista
2179 4199 2325 4252 verba
2365 4193 2667 4249 daemonium
2708 4191 2953 4246 habentis.
2999 4191 3100 4246 Alii
3143 4193 3283 4246 enim
3317 4203 3497 4247 tenent

1920 4295 2054 4347 viam
2084 4289 2284 4353 smculi,
2311 4299 2364 4342 et
2391 4289 2485 4341 ista
2515 4285 2579 4339 ad
2613 4294 2818 4354 tempus
2843 4284 3064 4339 audiunt
3092 4303 3106 4316 ·
3138 4285 3226 4340 alii
3257 4302 3360 4340 non
3389 4287 3497 4340 frn-

1918 4396 2024 4440 stra
2068 4383 2320 4445 audiunt,
2352 4381 2442 4433 sed
2494 4378 2687 4432 faciunt
2713 4377 2855 4446 qttod
2897 4377 3094 4432 dictum
3130 4389 3210 4431 est
3233 4421 3248 4442 ,
3280 4380 3496 4432 Auribus

1918 4478 2157 4546 percipite
2173 4474 2257 4544 qui
2286 4472 2516 4525 habitatis
2537 4471 2722 4523 orbem.
2751 4468 2815 4522 Et
2835 4484 2952 4522 eum
2981 4478 3143 4538 agunt
3169 4469 3286 4535 ista,
3319 4470 3492 4524 incer-

1919 4582 2001 4624 tus
2031 4571 2047 4602 ¹
2077 4576 2158 4623 est
2182 4567 2396 4620 fructus.
2425 4563 2528 4619 Sed
2559 4564 2645 4632 qui
2679 4561 2815 4616 male
2842 4571 3038 4629 agunt,
3064 4571 3121 4614 et
3151 4562 3284 4614 viam
3317 4567 3494 4617 sa-t:nli

1916 4664 2116 4734 eligunt
2141 4704 2153 4722 ,
2183 4675 2316 4713 mors
2353 4669 2523 4728 pastor
2551 4664 2622 4708 est
2663 4654 2734 4706 eis
2761 4669 2780 4707 :
2803 4655 2892 4721 qui
2929 4662 3103 4706 autem
3131 4653 3329 4721 eligunt
3359 4655 3493 4707 viam

1922 4755 2009 4809 Dei
2040 4757 2083 4817 ι,
2112 4754 2214 4806 γης.
2246 4759 2423 4819 pastor
2451 4756 2535 4802 est
2560 4746 2658 4799 eis.
2691 4743 2875 4797 Veniet
2913 4743 3021 4811 ipsa
3054 4744 3154 4795 vita
3178 4744 3492 4809 jtulioatura,

1918 4858 1969 4903 et
2000 4849 2306 4901 damnatura
2345 4858 2465 4898 cum
2514 4849 2722 4906 pastore
2765 4853 2861 4889 suo
2899 4850 2990 4889 eos
3030 4837 3219 4904 quibus
3247 4839 3494 4894 dicetur:

1920 4939 1999 4993 Ite
2026 4939 2078 4991 in
2117 4939 2282 5007 ignem
2317 4943 2555 4987 arteruum
2578 4970 2595 4994 ,
2623 4929 2710 4995 qui
2759 4937 3070 4997 pra'paratus
3115 4936 3186 4980 est
3228 4928 3427 4982 diabolo
3452 4942 3500 4982 et

1920 5030 2108 5099 angelis
2132 5029 2260 5098 ejus.
2293 5025 2370 5079 Illi
2399 5032 2571 5076 autem
2618 5019 2808 5089 quibus
2839 5016 3144 5071 insultatum
3183 5030 3265 5072 est
3287 5063 3301 5083 ,
3330 5031 3384 5075 et
3407 5022 3498 5090 qui

1920 5122 2055 5176 irrisi
2085 5129 2206 5174 sunt
2230 5117 2351 5186 quia
2377 5113 2702 5174 credebant,
2735 5109 2950 5164 audient
2974 5109 3042 5162 ah
3068 5110 3176 5177 ipsa
3209 5111 3308 5164 vita
3339 5128 3495 5180 quam

1920 5215 2113 5268 habent
2148 5218 2413 5279 pastorem
2445 5221 2460 5256 :
2503 5202 2693 5262 Venite.
2715 5200 2956 5256 benedicti
3003 5199 3170 5255 Patris
3201 5204 3318 5269 mei,
3336 5205 3500 5271 perci-

1919 5307 2021 5369 pite
2047 5317 2254 5373 regnum
2281 5298 2414 5370 quod
2455 5297 2587 5350 vobis
2616 5304 2848 5367 paratum
2888 5304 2960 5350 est
3004 5296 3066 5347 ab
3093 5295 3288 5366 origine
3323 5297 3499 5349 annuli

1920 5397 1939 5468 (
1962 5394 2144 5450 Matth.
2175 5407 2314 5458 xxv,
2341 5392 2400 5443 -Η
2426 5429 2445 5453 ,
2471 5389 2541 5442 δι
2560 5390 2600 5459 ).
2641 5385 3047 5440 Dominabuntur
3085 5402 3214 5454 ergo
3253 5388 3323 5440 eis
3351 5390 3492 5448 recti,

1920 5505 2022 5542 non
2052 5488 2210 5540 modo
2231 5524 2248 5550 ,
2278 5480 2372 5538 sed
2399 5498 2561 5534 mane.
2608 5479 2774 5534 Nemo
2799 5479 2939 5533 dicat
2961 5519 2975 5538 ,
3015 5479 3191 5547 Quare
3220 5493 3336 5532 smn
3359 5480 3503 5533 ein-i-

1917 5575 2159 5632 stiauus?
2179 5576 2383 5642 impero
2409 5570 2606 5626 nemini
2632 5569 2673 5634 ³,
2698 5570 2950 5640 imperem
2980 5570 3192 5639 iniquis.
3217 5569 3331 5624 Noli
3358 5571 3500 5621 festi-

1984 5672 1996 5699 ‘
2035 5667 2251 5728 Quinque
2270 5672 2397 5728 Mss,
2419 5669 2593 5714 certus.
3181 5719 3191 5727 _

1983 5731 2001 5759 ²
2034 5732 2106 5776 sie
2127 5725 2200 5776 Er.
2237 5735 2288 5776 et
2311 5725 2532 5788 plerique
2557 5731 2660 5792 Mss.
2685 5731 2736 5792 at
2754 5729 2883 5792 Loth,
2904 5734 3074 5790 norum:
3106 5725 3204 5770 Dei.
3392 5784 3402 5792 .

1984 5795 2004 5822 ³
2035 5801 2211 5838 omnes
2235 5787 2382 5850 prope
2420 5787 2725 5848 manuscripti
2745 5788 2989 5850 omitumt.
3017 5787 3200 5840 impuro
3222 5787 3422 5830 neimni-
3451 5796 3501 5834 ιιι

1922 5859 2136 5915 quinque
2163 5846 2298 5900 exiis
2325 5846 2444 5904 loco,
2468 5846 2689 5907 imperem
2717 5846 2904 5905 tuti/nis.
2925 5848 3097 5891 hum-nt
3121 5879 3132 5895 .
3165 5859 3370 5902 inuelem
3405 5857 3502 5895 tum
