4004 6200
571 354 679 413 ἳῖ59

574 493 743 533 nare:
774 466 1169 529 dotninaberis,
1214 462 1306 521 sed
1352 474 1525 515 mane.
1580 456 1642 509 ιιί
1691 455 1934 509 auxilium
1981 466 2151 506 eorum

576 577 835 628 veteruscet
860 567 911 618 in
937 564 1135 633 inferno
1162 575 1193 610 a
1221 555 1382 627 gloria
1420 568 1608 607 eorum.
1642 548 1791 602 Modo
1822 546 2015 600 habent
2038 545 2151 608 glo-

577 662 745 722 riam;
774 660 826 711 iu
854 655 1059 709 inferno
1084 656 1432 713 \‘Qterascent.
1473 642 1623 710 Quod
1667 650 1749 694 est
1785 637 2031 691 auxilium
2069 651 2153 685 eo-

579 752 723 807 rum?
751 748 1014 804 Auxilium
1037 744 1105 798 de
1130 740 1373 812 pecunia,
1406 735 1654 789 auxilium
1685 730 1752 785 de
1774 728 1978 789 amicis,
2006 726 2154 779 auxi-

582 848 698 902 lium
728 845 794 898 de
819 844 1012 897 virtute
1052 853 1167 894 sua.
1198 832 1304 889 Sed
1342 845 1461 884 cmn
1508 834 1743 880 mortuus
1772 822 1927 875 fuerit
1954 819 2110 873 bouto
2135 857 2149 879 ,

577 943 625 994 iu
654 939 740 993 illa
780 936 865 989 die
909 932 1155 1003 peribunt
1192 939 1378 981 omnes
1418 919 1762 1002 cogitationes
1805 914 1920 981 ejus
1966 908 2148 981 (I’sal.

575 1049 728 1093 cxcv,
751 1031 786 1083 4
803 1029 841 1098 ).
867 1026 1126 1094 Quantam
1153 1021 1298 1076 visus
1324 1025 1406 1071 est
1432 998 1652 1084 gloriam
1679 1008 1875 1093 habere
1905 1007 2041 1058 inter
2062 1003 2155 1054 ho-

577 1126 766 1183 mines,
797 1130 915 1176 cum
946 1119 1166 1179 viveret,
1201 1122 1399 1166 tantam
1431 1114 1747 1162 vetustatem
1779 1108 1833 1154 et
1855 1097 2153 1166 corruptio-

577 1224 695 1269 nem
721 1212 1099 1281 suppliciorum
1131 1202 1362 1267 habebit,
1393 1212 1512 1253 cum
1544 1204 1778 1249 mortuus
1811 1189 1986 1253 fuerit,
2017 1186 2151 1263 apud

579 1306 792 1359 tuleras.

646 1398 699 1451 5.
738 1393 902 1467 [uera
941 1386 1064 1460 16.]
1112 1384 1462 1438 Verumtamen
1508 1376 1645 1431 Deus
1688 1375 1894 1445 redimet
1935 1371 2154 1424 animam

579 1461 759 1541 nteant:
789 1461 974 1537 Videte
1004 1492 1186 1532 vocem
1216 1471 1480 1544 sperantis
1520 1469 1588 1523 de
1632 1466 1808 1520 futuro
1837 1482 1850 1517 :
1896 1461 2153 1516 Verumta-

580 1596 688 1633 men
717 1575 855 1630 Deus
879 1571 1085 1626 redimet
1111 1568 1331 1621 animam
1355 1577 1539 1616 meam.
1568 1558 1727 1613 Forte
1750 1570 1852 1609 vox
1877 1562 1956 1608 est
1984 1550 2157 1605 adhuc

579 1670 801 1722 volentis
838 1662 1046 1719 liberari
1077 1660 1143 1713 de
1172 1669 1436 1728 pressura.
1476 1649 1667 1706 Nescio
1708 1647 1825 1718 quis
1868 1646 1917 1700 in
1943 1657 2156 1698 carcere

578 1775 681 1827 est,
711 1760 858 1824 dicit,
891 1758 1031 1811 Dens
1061 1751 1284 1808 redimet
1310 1747 1539 1801 animam
1570 1757 1741 1797 meam
1777 1759 1791 1796 :
1824 1737 2003 1794 nescio
2042 1736 2157 1806 quis

581 1856 630 1907 in
659 1862 865 1914 catena,
897 1848 1035 1900 Deus
1074 1842 1299 1897 redimet
1331 1839 1558 1893 animam
1585 1847 1759 1888 meam
1795 1848 1808 1883 :
1836 1829 2014 1885 nescio
2040 1828 2158 1900 quis

581 1941 870 2013 periculum
902 1936 1094 2006 patitur
1137 1932 1188 1985 in
1231 1928 1389 1992 mari,
1416 1926 1644 1995 jactatur
1690 1920 1932 2013 (luctibus
1961 1926 2016 1974 et
2053 1933 2157 1971 sm-

582 1996 842 2090 iicutibtts
866 1996 1284 2096 tempestatibus,
1309 2018 1432 2088 quid
1458 2014 1617 2071 dicit?
1645 2013 1783 2068 Deus
1803 1996 2023 2065 redimet
2043 2007 2159 2063 ani-

582 2140 719 2180 mam
751 2134 946 2175 meam.
973 2112 1208 2171 Liberari
1238 2110 1420 2164 volunt
1446 2105 1510 2159 ad
1539 2104 1693 2159 istam
1718 2102 1899 2155 vitam.
1936 2098 2052 2153 Non
2078 2104 2160 2151 est

584 2227 680 2270 ista
704 2228 800 2266 vox
828 2209 1004 2279 hujus.
1031 2204 1165 2260 Audi
1191 2200 1316 2273 quid
1340 2200 1576 2268 sequitur
1604 2211 1618 2247 :
1651 2191 1790 2247 Deus
1815 2191 2020 2257 redimet
2048 2188 2162 2240 ani-

548 2322 716 2361 wnam
753 2318 914 2357 meam
942 2300 1004 2353 de
1042 2312 1194 2349 manu
1218 2290 1402 2361 inferni
1421 2330 1434 2351 ,
1465 2304 1576 2341 cum
1604 2282 1848 2352 acceperit
1885 2298 1994 2361 me._
2016 2280 2161 2333 lianc

582 2393 997 2464 redemptionem
1019 2387 1169 2450 dicit,
1197 2398 1351 2453 quam
1369 2376 1729 2445 ChriStusjam
1755 2376 1806 2427 in
1829 2387 1886 2426 se
1909 2351 2154 2425 osiendit.

586 2487 864 2545 Descendit
899 2464 1040 2538 enim
1085 2479 1151 2532 ad
1201 2476 1436 2537 inferos,
1466 2482 1520 2526 et
1567 2467 1804 2524 ascendit
1848 2465 1902 2519 in
1944 2464 2158 2519 cmlum.

582 2579 732 2651 Quod
763 2577 988 2631 vidimus
1022 2575 1075 2625 in
1111 2569 1302 2638 capite.
1333 2564 1630 2648 invenimus
1658 2559 1709 2613 in
1736 2572 1979 2626 corpore.
2006 2553 2159 2619 Quod

581 2675 721 2727 ciunt
745 2669 1013 2724 credimus
1038 2665 1089 2717 in
1117 2662 1316 2730 capite,
1336 2656 1422 2728 qui
1453 2636 1713 2716 vidcuimt,
1741 2650 1841 2720 ipsi
1864 2648 2014 2703 nobis
2061 2663 2159 2700 an-

586 2764 987 2820 nnntiaverunt;
1020 2764 1073 2809 et
1100 2769 1193 2823 per
1218 2752 1360 2821 ipsos
1376 2747 1624 2808 vidimus,
1647 2744 1767 2813 quia
1789 2756 1950 2796 unum
1969 2753 2162 2808 corpus

584 2869 771 2907 omnes
800 2862 983 2907 smnus
1010 2847 1065 2915 (l
1097 2844 1215 2898 Cor.
1249 2857 1318 2895 xu
1338 2882 1353 2905 ,
1387 2838 1487 2902 ιε,
1517 2847 1562 2890 ct
1602 2832 1753 2889 Rom.
1784 2849 1858 2887 ιιι
1882 2874 1894 2895 ,
1924 2830 2013 2903 5).
2056 2829 2161 2886 Sed

586 2946 833 2999 meliores
872 2941 943 2993 illi
973 2938 1060 3008 qui
1090 2935 1372 2997 viderunt,
1401 2944 1496 2983 nos
1523 2926 1815 2981 deteriores
1847 2923 2041 2993 quibus
2063 2937 2162 2975 an-

587 3037 878 3091 nuntiatum
906 3029 1029 3085 est?
1072 3027 1185 3082 Non
1224 3024 1327 3078 hoc
1364 3022 1492 3075 dicit
1530 3020 1640 3089 ipsa
1667 3018 1771 3071 vita
1795 3059 1809 3081 ,
1844 3017 1955 3086 ipse
1985 3023 2164 3085 pastor

590 3138 789 3181 noster.
822 3112 1041 3177 Insultat
1067 3119 1207 3172 enim
1234 3113 1441 3167 cuidam
1473 3109 1731 3179 discipulo
1759 3123 1855 3162 suo
1879 3107 2159 3172 dubitanti,

588 3225 643 3272 et
660 3215 936 3270 cicatrices
961 3210 1172 3279 palpare
1197 3204 1430 3274 cupienti
1462 3220 1475 3254 :
1508 3210 1560 3255 et
1587 3214 1703 3253 cum
1732 3199 1996 3269 palpasset
2019 3197 2162 3250 cica-

590 3314 768 3372 trices,
797 3315 850 3360 et
879 3303 1249 3363 exclamasset,
1276 3295 1479 3358 dicens,
1511 3290 1761 3344 Dominus
1787 3305 1924 3342 mens
1948 3298 1994 3340 et
2021 3285 2164 3341 Deus

589 3416 766 3464 meus;
795 3397 978 3451 videns
1003 3392 1329 3447 dubitantem
1372 3383 1722 3453 discipulum,
1753 3391 1806 3435 et
1846 3382 2052 3434 intuens
2078 3391 2162 3432 to-

590 3509 700 3548 tum
729 3491 910 3544 urbem
934 3496 1189 3541 terrarum
1220 3479 1540 3536 crediturum
1564 3520 1576 3541 ,
1604 3475 1735 3540 Quia
1762 3474 1944 3539 vidisti,
1973 3471 2160 3542 inquit,

586 3580 847 3641 credidisti
884 3596 902 3634 :
945 3576 1073 3631 beati
1121 3573 1207 3642 qui
1251 3588 1349 3624 non
1391 3567 1592 3631 rident,
1649 3576 1693 3619 et
1731 3565 1938 3618 credunt
1973 3562 2160 3634 (Joim.

594 3695 682 3741 ιχ,
708 3676 799 3740 28,
827 3671 951 3742 Q9).
994 3667 1340 3722 Verumtamen
1369 3658 1508 3714 Deus
1533 3658 1739 3712 redimet
1759 3656 1981 3710 animam
2002 3670 2163 3705 meam

589 3771 648 3822 ile
678 3782 826 3821 manu
870 3759 1090 3831 inferni,
1121 3757 1234 3810 cum
1279 3750 1524 3821 acceperit
1567 3765 1663 3802 me.
1706 3747 1801 3817 llic
1835 3762 1960 3815 ergo
1997 3744 2165 3815 quid?

593 3861 780 3917 Labor,
815 3866 1083 3925 pressura,
1115 3844 1401 3907 tribulatio,
1432 3833 1688 3897 Ientatio‘:
1718 3839 1848 3892 nihil
1876 3838 2015 3892 aliud
2047 3853 2165 3907 spc-

592 3966 695 4005 res.
722 3948 816 4004 tibi
841 3940 1125 4015 gaudium?
1150 3939 1202 3992 in
1229 3951 1322 4006 Spe
1346 3936 1534 3989 ltitura.
1562 3931 1692 3987 Nam
1713 3931 1842 3986 dicit
1862 3930 2162 4001 Apostolus,

595 4044 804 4107 Semper
830 4036 1119 4108 gaudentes.
1168 4031 1222 4083 lit
1262 4028 1422 4104 tantis
1470 4022 1927 4086 tribulationibus,
1958 4037 2168 4092 semper

592 4130 910 4200 gaudentes,
954 4138 1160 4191 semper
1191 4119 1367 4173 tristes
1400 4135 1413 4169 :
1455 4130 1666 4183 semper
1693 4113 2014 4183 gaudentes,
2046 4112 2166 4181 quia

595 4229 705 4295 ipse
734 4220 885 4282 dixit,
920 4214 1075 4280 Quasi
1099 4213 1293 4295 tristes,
1321 4224 1514 4277 semper
1533 4214 1701 4260 autem
1727 4203 2015 4275 gaudentes.
2044 4202 2165 4256 Tri-

594 4317 733 4371 stitia
760 4319 937 4368 nostra
961 4297 1118 4362 habet
1144 4282 1322 4372 quasi;
1347 4300 1591 4371 gaudium
1619 4308 1857 4352 nostrum
1885 4313 1986 4349 non
2009 4295 2168 4351 habet

593 4408 773 4481 quasi,
804 4403 925 4474 quia
970 4400 1019 4452 in
1070 4412 1165 4465 spe
1207 4403 1349 4448 certa
1393 4401 1494 4445 est.
1536 4391 1712 4458 Quare
1750 4387 1959 4442 tristitia
1988 4396 2167 4442 nostra

594 4478 738 4567 ψηιεὶ
770 4493 965 4551 habet?
990 4489 1121 4558 Quia
1160 4486 1296 4539 sicut
1337 4496 1556 4536 somnus
1587 4481 1839 4541 transiet,
1867 4488 1912 4531 et
1935 4478 2167 4531 domina-

595 4597 776 4647 buntur
800 4587 919 4642 recti
957 4597 1120 4637 mune.
1165 4577 1318 4631 Novit
1358 4576 1497 4628 enim
1526 4571 1767 4625 Charitas
1798 4570 1982 4625 Vestra
2005 4610 2021 4634 ,
2047 4570 2167 4640 quia

604 4687 683 4757 .pti
719 4681 981 4738 somnium
1009 4674 1199 4729 indicat
1226 4710 1241 4733 ,
1272 4666 1417 4720 addit
1458 4664 1601 4735 quasi
1628 4702 1640 4716 .
1672 4663 1835 4728 Quasi
1876 4660 2123 4717 sedebam
2152 4703 2166 4727 ,

598 4754 746 4846 quasi
771 4772 1021 4843 loquebar
1044 4808 1058 4828 ,
1088 4762 1234 4835 (“Iasi
1269 4756 1588 4830 prandebam
1611 4796 1624 4818 ,
1657 4755 1803 4823 quasi
1834 4754 2129 4823 equitabam
2152 4795 2167 4817 ,

558 1828 573 1853 \

599 4867 747 4938 quasi
770 4862 1119 4933 disputabatn.
1152 4856 1340 4908 Totum
1371 4849 1556 4921 quasi;
1600 4847 1722 4917 quia
1749 4860 1866 4898 cum
1894 4843 2171 4913 cvigilave-
2204 4832 2219 4853 ί

600 4962 689 5022 rit,
721 4971 824 5009 non
855 4951 1050 5006 invenit
1077 4945 1217 5017 quod
1248 4943 1474 4998 videbat.
1507 4939 1664 5006 Quasi
1698 4936 1999 4992 thesaurum
2030 4940 2172 4993 inve-

603 5063 782 5104 neram
808 5085 824 5112 ,
852 5044 977 5097 dicit
1002 5037 1292 5095 mendicus.
1318 5033 1373 5089 Si
1398 5032 1540 5103 quasi
1568 5046 1669 5084 non
1698 5042 1837 5084 esset
1863 5071 1876 5091 ,
1903 5031 2175 5085 mendicus

603 5157 705 5195 non
740 5143 917 5192 esset:
948 5130 1038 5185 sed
1068 5128 1184 5198 quia
1214 5125 1358 5194 quasi
1393 5132 1539 5187 erat,
1572 5120 1843 5175 mendicus
1869 5130 1969 5175 est.
1997 5119 2174 5190 Itaque

605 5232 761 5288 modo
784 5227 868 5297 qui
892 5225 957 5279 ad
985 5221 1190 5276 ltetitias
1211 5219 1495 5271 szeculares
1520 5216 1701 5269 oculos
1727 5215 1987 5285 aperiunt,
2012 5206 2064 5267 ei
2084 5230 2177 5268 cor

603 5322 874 5403 claudunt,
897 5313 1081 5368 transit
1097 5313 1239 5377 quasi
1259 5323 1463 5371 eorum,
1485 5316 1534 5358 et
1555 5305 1694 5357 venit
1714 5321 1895 5358 verum
1918 5306 2173 5375 ipsorum.

609 5398 765 5483 Quasi
810 5413 1043 5483 ipsorum
1084 5400 1305 5456 felicitas
1345 5408 1428 5452 cst
1468 5398 1648 5458 sa-cnli
1679 5438 1695 5461 ,
1729 5414 1908 5451 verum
1942 5398 2176 5467 ipsorum

610 5524 760 5581 ptcna
784 5512 881 5559 est.
911 5498 1156 5553 Nostrum
1179 5500 1352 5544 autem
1374 5488 1537 5557 quasi,
1564 5488 1769 5541 tristitia
1794 5499 1901 5551 est;
1932 5490 2176 5560 gaudium

605 5714 991 5786 adquisiturum
1028 5722 1177 5786 serm.
1203 5696 1359 5766 72,ad
1399 5710 1588 5753 Fratres
1617 5701 1667 5751 in
1708 5712 1907 5763 eremo,
1942 5706 2023 5767 qui
2054 5713 2183 5757 ιοιιιε

610 5782 717 5836 hinc
739 5783 1011 5841 dc-si‘riptus
1033 5782 1125 5822 est.

1804 342 1863 395 S.
1892 334 2254 396 AUGUSTINI
2296 332 2598 391 EPISCOPI
2720 351 2726 358 ·
2924 344 2931 353 ‘
3686 340 3769 394 3560

2260 463 2363 502 non
2392 457 2474 503 est
2516 449 2662 513 quasi
2713 444 2827 500 Non
2872 446 3014 499 enim
3062 445 3132 497 ait
3164 444 3465 513 Apostolus,
3497 449 3634 516 Quasi
3660 468 3765 521 gn“.

2255 540 2443 593 dentes
2461 579 2474 603 ,
2505 552 2714 607 semper
2739 547 2914 591 autem
2948 538 3156 600 tristes;
3189 544 3281 590 aut
3300 576 3315 600 ,
3343 539 3491 604 Quasi
3519 543 3674 596 tristes
3692 584 3707 605 ,
3731 560 3772 598 et

2255 632 2404 700 quasi
2432 630 2722 700 gaudentes
2750 647 2763 682 :
2795 629 2886 684 sed
2917 631 3011 696 ait,
3041 629 3200 695 Quasi
3228 629 3412 693 tristes,
3441 648 3614 703 semper
3633 652 3775 691 autem

2256 723 2550 793 gaudentes.
2581 724 2723 777 Sicut
2759 723 2938 793 egeni:
2965 732 3013 778 et
3043 723 3114 777 ibi
3139 723 3287 787 sicut,
3318 738 3410 793 pm
3435 727 3583 793 quasi,
3610 732 3776 796 posuit.

2259 813 2450 868 Multos
2502 825 2666 868 autem
2711 815 2944 868 ditantes.
2990 815 3055 869 Et
3094 829 3214 870 cum
3269 814 3367 869 hoc
3408 815 3629 882 diceret,
3670 820 3777 875 nihil

2262 906 2488 961 habebat
2534 908 2818 976 Apostolus
2851 924 2863 959 :
2896 906 3072 961 omnia
3124 920 3219 961 sua
3263 906 3563 972 dimiserat,
3606 910 3781 966 divitias

2257 999 2428 1053 nullas
2454 999 2772 1068 possidebat.
2802 999 2868 1053 Et
2887 998 3012 1068 quid
3038 1008 3249 1054 secutus
3272 999 3385 1053 ait?
3411 999 3560 1067 Quasi
3578 1002 3689 1055 nihil
3705 1006 3781 1060 ha.-

2258 1091 2423 1144 benles
2447 1107 2465 1145 :
2486 1101 2537 1146 et
2567 1092 2738 1162 ipsum
2766 1091 2894 1145 nihil
2936 1091 3132 1146 habere
3155 1092 3302 1162 quasi
3329 1092 3557 1160 Apostoli
3581 1102 3700 1147 erat.
3730 1093 3785 1146 Et

2257 1182 2424 1233 omnia
2450 1182 2754 1251 possidentes
2776 1182 2850 1251 (ll
2877 1181 2993 1236 Cor.
3018 1198 3090 1245 v1,
3115 1181 3215 1252 10)
3246 1199 3261 1237 :
3292 1181 3363 1236 ibi
3389 1198 3489 1237 non
3511 1182 3635 1237 dixit
3650 1187 3783 1253 quasi.

2257 1271 2415 1339 Quasi
2455 1272 2675 1342 egebat;
2706 1289 2807 1327 non
2836 1283 3012 1328 autem
3040 1275 3189 1344 quasi
3213 1315 3227 1341 ,
3260 1273 3353 1328 sed
3381 1289 3503 1329 vere
3526 1264 3700 1329 multos
3719 1276 3785 1337 di-

2260 1361 2424 1418 tabat.
2448 1363 2607 1431 Quasi
2630 1363 2758 1418 nihil
2781 1363 3039 1419 habebat:
3069 1378 3177 1418 non
3197 1372 3375 1419 autem
3395 1365 3559 1434 quasi,
3585 1365 3667 1420 sed
3688 1381 3787 1420 rere

2259 1454 2436 1508 omnia
2462 1454 2782 1524 possidebat.
2811 1454 2963 1511 Unde
2989 1471 3115 1511 vere
3141 1456 3320 1512 omnia
3347 1457 3666 1528 possidebat?
3682 1458 3790 1525 Quia

2259 1544 2494 1599 omnium
2523 1545 2791 1601 Conditori
2839 1546 3164 1602 adhmrcbat.
3207 1547 3551 1602 Verumtamen
3573 1589 3587 1612 ,
3620 1550 3789 1619 inquit.

2261 1634 2404 1690 Deus
2426 1636 2631 1725 redimet
2660 1638 2879 1691 animam
2904 1655 3063 1693 meam
3105 1640 3169 1695 de
3191 1656 3348 1695 manu
3370 1642 3584 1712 inferni,
3608 1658 3709 1695 cum
3726 1656 3793 1693 ac-

2259 1730 2443 1799 ceperit
2468 1747 2566 1785 me.
2810 1725 2820 1734 ί

2335 1823 2585 1895 6.,[νεη.
2620 1823 2745 1897 17.]
2783 1825 2918 1892 Quid
2964 1826 3120 1895 igitur
3148 1826 3235 1896 qui
3286 1826 3373 1881 hic
3397 1827 3575 1881 volunt
3604 1826 3795 1881 ﬂorere?

2262 1916 2339 1970 Tu
2377 1918 2584 1973 visurus
2627 1934 2687 1973 es
2727 1919 2997 1974 hominem
3035 1922 3314 1976 ﬂorentem
3365 1923 3554 1976 malum
3578 1963 3591 1981 ,
3620 1931 3668 1974 et
3687 1920 3796 1974 forte

2263 2006 2562 2063 titubabunt
2590 2008 2751 2078 pedes
2795 2011 2907 2075 tui,
2940 2019 2994 2064 et
3036 2010 3277 2066 dicturus
3321 2027 3385 2067 es
3428 2012 3480 2066 in
3523 2013 3680 2064 anima
3707 2020 3795 2075 tua,

2263 2098 2425 2161 Deus,
2452 2116 2549 2170 ego
2576 2104 2695 2154 novi
2721 2101 2858 2156 facta
2886 2100 3041 2172 hujus
3069 2102 3321 2168 hominis,
3352 2111 3469 2171 quae
3494 2103 3678 2157 scelera
3702 2102 3797 2155 fecit

2265 2192 2362 2247 iste
2388 2192 2569 2259 homo,
2598 2201 2651 2247 et
2677 2208 2802 2249 ecce
2829 2192 2984 2248 ﬂoret
3010 2235 3026 2260 ,
3060 2202 3246 2260 terret,
3278 2194 3594 2257 dominatur,
3623 2192 3798 2248 extolli-

2265 2293 2366 2346 tur,
2400 2294 2559 2351 caput
2587 2284 2660 2337 illi
2682 2300 2792 2338 non
2825 2285 2969 2340 dolet
2991 2327 3007 2351 ,
3034 2285 3169 2340 nihil
3201 2286 3251 2340 in
3283 2286 3446 2342 domo
3467 2286 3578 2356 ejus
3604 2285 3796 2340 diminu-

2266 2383 2375 2427 tum
2402 2383 2486 2429 est
2514 2392 2527 2428 :
2552 2383 2606 2429 et
2630 2375 2864 2441 timebis,
2899 2376 3020 2446 quia
3047 2375 3344 2445 credidisti,
3372 2388 3426 2433 et
3456 2376 3586 2432 forte
3602 2376 3713 2430 dicit
3728 2390 3800 2428 cor

2266 2477 2410 2521 tuum
2436 2507 2452 2532 ,
2480 2466 2563 2522 Me
2590 2468 2879 2525 miserum!
2911 2480 3039 2541 puto
3075 2471 3192 2526 sine
3231 2486 3395 2526 causa
3439 2470 3664 2535 credidi,
3693 2470 3801 2524 Deus

2267 2573 2369 2612 non
2398 2558 2615 2628 respicit
2640 2576 2724 2615 res
2749 2559 3029 2617 humanas.
3065 2562 3275 2628 Excitat
3299 2579 3435 2633 ergo
3462 2577 3558 2617 nos
3585 2563 3712 2616 Deus
3735 2580 3745 2613 :
3766 2568 3806 2613 et

2264 2649 2388 2718 quid
2415 2649 2586 2705 dicit?
2613 2649 2694 2704 Ne
2732 2652 2974 2715 timueris,
3003 2668 3117 2706 cum
3147 2653 3283 2708 dives
3311 2659 3489 2725 factus
3510 2653 3650 2722 fuerit
3673 2652 3804 2704 homo.

2264 2740 2439 2809 Quare
2464 2742 2603 2797 enim
2636 2743 2880 2810 timebas,
2907 2744 3029 2814 quia
3055 2743 3203 2800 dives
3226 2744 3410 2800 factus
3436 2755 3516 2800 est
3539 2740 3809 2798 homo?1‘i-

2267 2832 2449 2887 mebas
2476 2849 2541 2888 ne
2577 2834 2693 2889 sine
2733 2850 2891 2889 causa
2919 2834 3167 2891 crederes
3188 2878 3204 2902 ,
3237 2852 3305 2892 ne
3364 2836 3495 2892 forte
3539 2832 3810 2904 perdidisses

2266 2924 2500 2979 laborem
2552 2925 2670 2979 fidei
2703 2934 2804 2979 tua:
2828 2968 2841 2988 ,
2872 2936 2927 2981 et
2963 2942 3109 2995 spem
3156 2929 3529 2983 conversionis
3556 2935 3647 2980 tu:e
3675 2939 3690 2976 :
3714 2924 3810 2993 quia

2267 3016 2402 3071 forte
2433 3016 2650 3071 incurrit
2692 3017 2785 3071 tibi
2825 3017 3026 3072 lucrum
3054 3033 3174 3073 cum
3200 3017 3399 3073 fraude
3420 3060 3435 3083 ,
3464 3028 3516 3072 et
3543 3016 3751 3087 potuisti,
3774 3012 3808 3063 si

2266 3105 2468 3161 faceres
2497 3096 2672 3176 ipsum'
2694 3108 2896 3161 lucrum
2926 3123 3047 3162 cum
3081 3107 3283 3174 fraude,
3314 3109 3473 3164 dives
3501 3123 3629 3167 esse,
3655 3114 3703 3160 et
3727 3119 3810 3157 non

2267 3197 2538 3261 laborare;
2569 3208 2624 3252 et
2650 3200 2930 3255 attendens
2971 3199 3098 3268 quid
3142 3201 3382 3256 minatus
3411 3211 3491 3254 est
3517 3200 3645 3254 Deus
3666 3238 3679 3261 ,
3704 3207 3806 3250 tent-

2269 3292 2464 3360 pcrasti
2490 3308 2520 3345 a
2542 3290 2746 3354 fraude,
2774 3301 2825 3346 et
2855 3293 3221 3361 contempsisti
3246 3293 3462 3347 lucrum
3490 3313 3502 3347 :
3525 3292 3662 3346 vides
3679 3289 3809 3342 alium

2266 3382 2458 3439 fecisse
2483 3385 2684 3439 lucrum
2715 3385 2781 3439 de
2803 3384 3011 3450 fraude,
3037 3393 3091 3439 ct
3120 3386 3245 3439 nihil
3283 3388 3414 3442 mali
3446 3386 3576 3455 pati;
3613 3393 3661 3438 ct
3686 3383 3808 3434 times

2267 3491 2386 3532 esse
2412 3477 2601 3532 bonus.
2624 3476 2706 3532 Ne
2724 3479 2965 3543 timueris,
2985 3480 3058 3532 ait
3079 3479 3167 3533 tibi
3195 3479 3433 3549 Spiritus
3450 3482 3560 3545 Dei,
3580 3496 3683 3532 cum
3703 3478 3810 3529 dire:

2269 3570 2433 3640 factus
2461 3570 2609 3640 fuerit
2657 3572 2824 3623 Iconio.
2870 3569 3060 3637 Oculos
3099 3585 3203 3623 non
3239 3571 3317 3624 vis
3369 3572 3563 3627 habere
3587 3611 3599 3635 ,
3646 3567 3732 3623 nisi
3770 3567 3807 3618 in

2268 3661 2583 3730 prmsentia?
2613 3661 2809 3714 Futura
2849 3662 3090 3728 promisit
3118 3660 3206 3729 qui
3237 3664 3558 3726 resurrexit,
3589 3674 3747 3729 pacem
3771 3658 3795 3708 i.

2270 3752 2369 3807 hac
2396 3761 2534 3808 terra
2561 3761 2615 3807 et
2639 3754 2877 3821 requiem
2904 3753 2955 3805 in
2982 3752 3080 3807 hac
3106 3753 3210 3808 vita
3241 3768 3349 3810 non
3383 3754 3638 3826 promisit.
3660 3748 3809 3805 Omnis

2270 3843 2431 3899 homo
2459 3845 2694 3914 requiem
2734 3844 2958 3914 quierit;
2989 3844 3184 3900 bonam
3213 3859 3327 3901 rem
3373 3847 3563 3919 quaerit
3583 3887 3596 3911 ,
3624 3844 3707 3899 sed
3730 3855 3813 3896 non

2271 3934 2325 3989 in
2351 3935 2566 4005 regione
2591 3949 2684 3989 sua
2717 3935 2860 3989 illam
2887 3935 3096 4006 quarrit.
3119 3935 3236 3991 Non
3263 3947 3350 3993 est
3383 3955 3482 4009 pax
3515 3940 3564 3993 in
3590 3935 3682 3991 hac
3700 3934 3810 3988 vita:

2271 4026 2321 4080 in
2341 4027 2479 4081 caelo
2500 4026 2651 4082 nobis
2673 4027 2989 4096 promissum
3010 4037 3091 4084 est
3116 4030 3257 4099 quod
3285 4032 3339 4085 in
3366 4042 3510 4087 terra
3530 4029 3813 4102 quiet-imus;

2273 4119 2323 4172 in
2356 4118 2531 4172 futuro
2555 4118 2752 4172 saeculo
2796 4119 3115 4187 promissum
3145 4130 3228 4175 est
3253 4123 3400 4191 quod
3430 4124 3482 4177 in
3532 4124 3631 4177 isto
3655 4116 3815 4176 saeculo

2272 4211 2574 4281 qumrimus.

2343 4302 2394 4355 7.
2425 4299 2591 4373 [eers.
2658 4298 2776 4372 {8.}
2829 4300 2910 4354 Ne
2951 4303 3175 4358 timueris
3208 4321 3320 4358 cum
3350 4307 3492 4360 dives
3518 4311 3674 4377 factus
3698 4300 3819 4373 fuerit

2273 4392 2460 4455 hoino;
2487 4400 2531 4444 et
2560 4409 2673 4445 cum
2732 4390 3067 4462 multiplicata
3114 4394 3262 4463 fuerit
3303 4395 3473 4465 gloria
3503 4398 3676 4463 domus
3713 4394 3817 4464 ejus.

2272 4484 2446 4551 Quare
2469 4525 2483 4547 ,
2514 4500 2574 4537 ne
2602 4484 2824 4539 timueris
2850 4483 2874 4536 ?
2916 4483 3169 4549 Quoniam
3192 4504 3291 4540 non
3316 4505 3437 4543 cum
3465 4492 3722 4551 morietur,
3752 4502 3819 4537 ac-

2275 4575 2420 4643 cipiet
2473 4575 2661 4627 omnia.
2718 4573 2882 4630 Vides
2929 4552 3241 4653 viventem:
3287 4582 3465 4650 cogita
3520 4581 3819 4636 morientem.

2275 4664 2410 4732 Quid
2440 4666 2523 4719 hic
2549 4665 2739 4718 habeat
2766 4665 2995 4720 attendis
3017 4708 3031 4733 ,
3062 4667 3189 4737 quid
3232 4683 3416 4725 secum
3452 4672 3599 4726 tollat
3622 4668 3822 4724 attende.

2276 4756 2411 4823 Quid
2438 4771 2617 4811 secum
2649 4755 2820 4809 tollit?
2854 4756 3071 4810 Multum
3113 4758 3231 4812 auri
3276 4758 3466 4824 habet,
3517 4762 3730 4814 multum
3761 4771 3827 4812 ar-

2276 4849 2416 4917 genti
2448 4846 2634 4921 habet,
2663 4847 2886 4901 multum
2913 4847 3227 4915 praediorum
3246 4886 3271 4915 ,.
3289 4853 3675 4922 mancipiorum
3703 4868 3715 4902 :
3739 4865 3830 4900 mu-

2279 4942 2447 5003 ritur;
2479 4949 2755 5009 remanent
2778 4939 2864 4993 illa
2884 4979 2899 5001 ,
2929 4940 3095 4993 nescit
3121 4942 3328 5010 quibus.
3364 4944 3480 4999 Etsi
3509 4945 3650 4999 enim
3676 4939 3827 4996 diruit.

2281 5034 2341 5087 tit
2366 5031 2556 5102 quibus
2578 5032 2708 5091 vult,
2742 5046 2845 5085 non
2873 5042 3050 5085 servat
3074 5033 3265 5102 quibus
3295 5036 3430 5090 vult.
3464 5037 3615 5091 Multi
3640 5035 3769 5090 enim
3791 5040 3837 5084 ct

2280 5142 2385 5179 nun
2420 5124 2519 5178 sibi
2558 5123 2774 5177 dimissa
2809 5124 3165 5193 acquisicrunt
3187 5168 3202 5193 ,
3236 5137 3290 5180 et
3328 5129 3484 5182 multi
3512 5129 3612 5182 sibi
3640 5127 3832 5183 dimissa

2280 5215 2644 5285 perdiderunt.
2681 5214 2975 5270 Remanent
3000 5230 3126 5286 ergo
3157 5217 3244 5271 illa
3281 5218 3495 5284 omnia,
3527 5229 3583 5274 et
3618 5219 3744 5274 tollit
3769 5231 3839 5268 sc-

2282 5321 2431 5368 cum,
2482 5305 2643 5373 quid?
2688 5303 2845 5358 Forte
2889 5305 3016 5360 chit
3060 5306 3287 5376 aliquis:
3322 5308 3454 5363 illud
3503 5325 3682 5366 secum
3725 5305 3833 5361 tolli'

2284 5397 2421 5451 unde
2452 5398 2736 5450 involvitur
2762 5439 2779 5463 ,
2806 5399 3024 5468 etquod
3057 5400 3131 5453 illi
3177 5412 3426 5472 erogatur
3470 5403 3538 5458 ad
3572 5404 3837 5474 pretiosum

2284 5496 2338 5540 ct
2382 5495 2756 5540 marmoratutn
2805 5488 3103 5556 sepulcrum
3124 5531 3137 5555 ,
3168 5491 3232 5545 ad
3262 5492 3624 5547 instruendam
3665 5504 3833 5545 meum

2287 5581 2418 5632 riam
2441 5620 2454 5638 ,
2490 5578 2588 5632 llt'C
2616 5593 2794 5631 secum
2826 5579 2979 5632 tollit.
3027 5580 3136 5651 Ego
3181 5582 3302 5637 dico
3334 5602 3346 5637 :
3378 5581 3489 5637 Nec
3536 5586 3673 5647 hoc;
3717 5579 3839 5636 exiti—

2291 5674 2482 5726 bcntur
2524 5672 2665 5726 enim
2713 5672 2806 5725 ista
2857 5687 2959 5725 non
3000 5675 3266 5729 sentienti.
3314 5677 3370 5732 Si
3410 5677 3763 5730 dormientem
3802 5682 3839 5719 et

2296 5774 2400 5813 uolt
2444 5763 2741 5833 vigilantem
2790 5779 2987 5832 urnas,
3033 5768 3085 5819 in
3136 5767 3270 5822 lecto
3323 5784 3499 5824 scrtum
3550 5770 3634 5822 illa
3670 5767 3846 5821 habet:
