4004 6200
221 266 322 320 ειῡι
451 303 456 307 -
1309 275 1745 344 ENAltBA'I‘lOl

1855 279 1958 335 95$
1971 285 2156 348 LMEIM
2196 296 2426 357 XLVIII.

218 385 352 436 torto
381 397 692 440 ornamenta
740 388 914 443 insunt
942 390 994 444 in
1025 406 1246 460 corpore
1273 393 1506 460 jacentis
1529 435 1541 453 .
1576 405 1628 447 et
1655 393 1791 448 forte

216 473 306 527 ille
331 475 380 528 itt
410 478 612 531 somnis
640 477 691 532 in
721 483 910 547 pannis
950 495 1010 536 se
1040 483 1196 537 videt.
1225 484 1374 549 Quod
1407 487 1566 539 Sentit
1594 487 1641 540 ei
1676 489 1793 554 plus

212 576 295 619 est
323 607 337 630 ,
364 581 524 634 quam
553 570 692 638 quod
721 587 826 626 non
858 573 1036 626 sentit.
1062 573 1373 644 Quanquam
1402 585 1456 630 et
1494 577 1622 630 illud
1668 593 1788 632 cum

210 658 538 727 evigilaverit
583 677 688 715 non
733 664 880 717 erit:
914 675 1086 719 tamen
1131 665 1414 722 dormienti
1463 671 1630 739 magis
1661 670 1787 724 illud

207 763 322 804 crat
356 752 496 818 quod
539 753 588 805 in
631 757 834 809 somnis
877 756 1121 822 videbat,
1153 775 1312 827 quam
1343 761 1468 814 illud
1511 763 1650 832 quod
1681 779 1785 816 non

204 841 488 894 sentiebat.
519 842 653 908 Qttid
694 861 853 915 ergo,
905 845 1095 902 fratres
1140 849 1345 920 (dicant.
1371 851 1470 906 sibi
1501 852 1744 908 homines
1767 895 1784 920 ,

207 933 467 999 Iit-agetur
494 934 558 988 ad
589 946 812 991 mortem
854 953 1053 1002 meam;
1100 956 1264 1010 quare
1301 942 1510 997 dimitto
1543 944 1786 1000 haeredes

206 1040 358 1092 ini-os
385 1025 614 1086 divites?
648 1029 806 1083 Multa
845 1031 1113 1087 habebunt
1153 1035 1220 1089 de
1260 1052 1378 1090 meo
1403 1078 1416 1100 ,
1467 1037 1689 1092 habeam
1732 1051 1786 1095 et

199 1131 303 1184 ego
330 1117 526 1186 aliquid
563 1118 631 1173 de
675 1137 794 1175 meo
823 1163 837 1186 ,
869 1123 922 1176 in
947 1139 1173 1193 corpore
1195 1130 1357 1194 meo),
1405 1129 1528 1197 quid
1565 1125 1786 1186 habebit

197 1222 394 1277 corpus
446 1213 753 1266 mortuum?
805 1213 930 1282 quid
987 1214 1208 1270 habebit
1248 1232 1373 1272 caro
1423 1223 1783 1287 putresrens?

195 1299 324 1364 quid
349 1299 564 1354 habebit
605 1316 730 1356 caro
757 1318 859 1357 non
887 1306 1154 1360 sentiens?
1182 1306 1236 1360 Si
1265 1309 1459 1379 aliquid
1492 1309 1674 1366 habuit
1697 1313 1780 1366 di-

196 1407 292 1445 ves
323 1392 434 1457 ille,
459 1393 611 1463 cujus
641 1394 814 1463 lingua
846 1397 985 1450 sicca
1014 1409 1130 1453 erat
1159 1399 1318 1469 (Luc.
1345 1417 1457 1466 xvr,
1489 1403 1558 1457 24
1579 1403 1618 1475 ),
1656 1415 1779 1461 tunc

197 1483 359 1539 habet
385 1485 548 1540 homo
572 1487 770 1555 aliquid
800 1489 866 1543 de
887 1505 1004 1544 suo.
1040 1489 1284 1555 Fratres,
1315 1495 1567 1564 numquid
1599 1497 1674 1550 sic
1701 1498 1778 1552 le-

189 1577 366 1644 gimus
390 1576 442 1629 in
471 1576 778 1647 Evangelio,
809 1581 930 1649 quia
958 1581 1105 1635 dives
1132 1583 1218 1636 ille
1239 1600 1357 1637 eum
1389 1585 1698 1662 holosericis
1721 1598 1776 1643 et

191 1669 422 1738 byssinis
441 1672 756 1740 tegumentis
782 1673 1068 1742 apparebat
1098 1675 1148 1726 itt
1176 1676 1335 1744 igne?
1362 1676 1624 1747 Numquid
1645 1697 1773 1748 qua-

189 1761 258 1816 lis
283 1773 390 1815 erat
419 1763 470 1816 in
501 1764 673 1832 epulis
695 1765 760 1818 ad
789 1782 1023 1820 mensant
1044 1808 1058 1831 ,
1091 1768 1209 1820 talis
1245 1778 1358 1822 erat
1387 1779 1440 1824 et
1463 1771 1600 1840 apud
1640 1772 1772 1828 infe-

189 1853 324 1906 ros?
368 1851 497 1908 Cum
549 1855 754 1919 sitiret,
813 1866 867 1910 et
913 1858 1113 1912 stillam.
1150 1859 1504 1926 desideraret,
1548 1879 1650 1917 non
1698 1865 1767 1919 ibi

184 1956 342 1998 erant
371 1946 455 1999 illa
498 1948 694 2002 omnia.
723 1947 835 2002 Non
875 1965 1001 2020 ergo
1027 1965 1205 2004 secum
1232 1953 1422 2022 accipit
1450 1954 1608 2008 homo
1648 1971 1766 2010 ont-

183 2037 274 2090 nia
297 2077 311 2099 ,
339 2053 436 2091 nec
464 2038 608 2108 quod
636 2040 766 2094 tollit
795 2042 1096 2110 sepultura,
1132 2043 1264 2096 tollit
1289 2060 1469 2099 secum
1503 2058 1762 2101 mortuus.

185 2128 286 2183 Ubi
315 2131 455 2183 enim
486 2146 676 2184 sensus
703 2173 716 2194 ,
746 2133 815 2187 ibi
844 2133 1001 2187 homo
1033 2152 1045 2188 :
1078 2136 1164 2188 tibi
1198 2136 1372 2189 nullus
1400 2152 1589 2190 sensus
1614 2181 1626 2202 ,
1658 2155 1760 2193 non

179 2231 268 2274 est
291 2223 469 2276 homo.
501 2221 649 2276 Jacet
678 2238 767 2277 vas
807 2225 945 2294 quod
985 2227 1287 2281 continebat
1322 2229 1585 2282 hominem
1613 2270 1628 2294 ,
1661 2230 1762 2284 do-

177 2328 302 2365 mus
327 2329 446 2382 qua:
473 2313 698 2368 habebat
723 2315 1010 2370 hominem.
1034 2317 1239 2387 Corpus
1262 2319 1498 2375 dicamus
1519 2323 1752 2388 (IOIIIIHII,

174 2402 420 2471 spiritum
497 2389 735 2460 dicamus
812 2407 1158 2464 habitatorem
1242 2411 1452 2466 domus.
1530 2415 1756 2483 Spiritus

175 2503 452 2564 torquetur
506 2498 643 2566 apud
695 2498 893 2554 inferos
935 2513 954 2553 ξ
999 2502 1124 2570 quid
1183 2502 1257 2555 illi
1322 2503 1572 2574 prodest,
1631 2509 1753 2576 quia

169 2604 370 2656 corpus
402 2589 545 2658 jacet
573 2592 624 2644 in
667 2593 925 2647 cinnantis
961 2603 1014 2648 et
1057 2597 1407 2661 aromatibus,
1457 2599 1750 2654 involutum

170 2681 417 2748 pretiosis
449 2682 663 2737 linteis?
707 2683 978 2755 Tanquam
1009 2688 1051 2739 si
1080 2687 1328 2742 dominus
1355 2689 1546 2744 domus
1576 2694 1752 2746 mitta-

167 2778 257 2826 tur
282 2755 336 2826 in?
354 2773 594 2828 exsilium
614 2815 627 2839 ,
654 2784 708 2829 et
736 2787 789 2830 tu
815 2778 970 2831 ornes
995 2779 1222 2848 parietes
1242 2780 1425 2847 ipsius.
1458 2781 1549 2836 Ille
1578 2783 1629 2836 in
1652 2801 1747 2837 ex-

164 2864 290 2918 silio
318 2875 467 2934 eget,
495 2876 549 2921 et
574 2868 711 2923 fame
736 2869 914 2924 delicit
932 2912 948 2937 ,
972 2873 1054 2924 vix
1080 2873 1179 2926 sibi
1203 2889 1356 2927 unam
1384 2876 1571 2930 cellam
1598 2878 1747 2932 inve-

164 2959 244 3012 nit
271 2959 356 3012 ubi
386 2975 628 3015 somnum
660 2962 864 3030 capiat,
908 2973 961 3017 et
991 2971 1042 3017 tu
1071 2964 1204 3019 dicis
1248 2983 1260 3017 :
1293 2965 1440 3020 Felix
1467 2978 1547 3023 est
1573 3011 1588 3034 ,
1623 2987 1742 3023 nam

159 3062 350 3106 ornata
395 3064 476 3107 est
503 3053 694 3108 domus
720 3056 877 3110 illius.
907 3057 1036 3123 Quis
1076 3067 1124 3111 te
1155 3075 1258 3112 non
1303 3068 1393 3112 aut
1423 3060 1625 3129 joeari,
1653 3074 1744 3116 aut

159 3144 396 3197 insanire
418 3144 743 3200 arbitretur?
762 3144 932 3200 Ornas
955 3163 1166 3216 corpus,
1199 3159 1473 3220 torquetur
1500 3153 1736 3220 spiritus.

158 3235 234 3289 Da
273 3236 469 3306 aliquid
511 3239 754 3307 spiritui,
801 3251 854 3293 et
901 3239 1088 3295 dedisti
1128 3242 1324 3311 aliquid
1363 3255 1589 3300 tttortuo.
1634 3249 1736 3302 Sed

154 3332 284 3398 quid
315 3333 386 3385 illi
415 3331 593 3396 dabis,
627 3333 838 3402 quando
865 3350 1020 3387 unam
1060 3344 1258 3403 guttam
1298 3337 1651 3404 desideravit,
1683 3350 1738 3394 et

153 3438 266 3478 non
289 3425 520 3492 accipit?
547 3424 642 3479 llic
670 3426 810 3480 enim
838 3428 1156 3496 contempsit
1175 3430 1384 3484 mittere
1409 3441 1531 3486 ante
1560 3450 1618 3487 se
1643 3435 1734 3488 ali-

150 3516 302 3584 quid.
331 3515 507 3581 Quare
530 3517 894 3586 contempsit?
942 3517 1074 3584 Quia
1107 3521 1218 3574 huic
1260 3521 1340 3573 via
1372 3538 1554 3576 eorum
1584 3539 1734 3578 scan-

149 3607 332 3660 dalum
370 3615 453 3661 est
481 3607 604 3660 illis.
633 3607 749 3660 Non
790 3609 991 3676 putavit
1028 3611 1186 3664 vitam
1234 3612 1332 3665 nisi
1381 3623 1727 3682 pra-sentem,

148 3714 259 3750 non
290 3698 539 3768 cogitavit
579 3699 679 3753 nisi
723 3701 1164 3768 quemadmodum
1204 3706 1450 3774 pretiosis
1499 3709 1731 3764 vestibus

147 3790 434 3845 obvolutus
463 3791 795 3859 sepeliretur.
827 3792 1014 3846 Ablata
1041 3804 1124 3848 est
1145 3795 1212 3848 ab
1253 3796 1344 3850 illo
1382 3799 1556 3851 anima
1581 3800 1724 3868 ejus,

143 3883 286 3936 sicut
310 3883 578 3936 Dominus
591 3882 720 3939 dicit
741 3901 753 3936 :
784 3883 967 3948 Stulte,
999 3885 1092 3938 hac
1118 3896 1259 3939 nocte
1283 3891 1539 3958 auferetur
1559 3892 1728 3946 anima

142 3985 235 4029 tua
255 4019 268 4042 ,
291 3986 339 4030 et
366 3993 481 4047 qua:
508 3977 827 4047 prwparasti,
851 3979 997 4048 cujus
1021 3990 1162 4032 erunt
1195 3979 1314 4050 (1d.
1343 3998 1416 4036 xu
1437 4025 1452 4048 ,
1483 3984 1585 4054 20)
1609 3985 1632 4038 ?
1663 3987 1728 4041 Et

140 4067 424 4137 impletum
456 4078 538 4122 est
582 4069 632 4122 itt
660 4069 748 4122 illo
784 4070 928 4138 quod
967 4071 1067 4125 iste
1096 4072 1327 4140 psalmus
1367 4075 1495 4129 dicit
1520 4095 1533 4130 :
1558 4077 1640 4132 Ne
1664 4080 1728 4132 ti-

135 4163 358 4224 mueris,
388 4177 502 4215 cum
528 4162 662 4215 dires
684 4162 847 4230 factus
874 4162 1022 4231 fuerit
1047 4164 1196 4218 homo
1217 4208 1231 4233 ,
1267 4177 1311 4220 et
1341 4184 1456 4222 cum
1482 4171 1726 4242 multipli-

133 4266 260 4307 cata
292 4256 443 4324 fuerit
465 4255 630 4323 gloria
656 4255 834 4309 domus
859 4259 967 4325 ejus
989 4274 1008 4310 :
1026 4259 1259 4326 quoniam
1285 4277 1384 4314 non
1404 4277 1516 4316 cum
1537 4265 1723 4318 morie-

128 4357 219 4398 tur
251 4346 462 4414 accipiet
505 4346 674 4398 omnia
694 4388 708 4409 ,
741 4363 898 4416 neque
921 4350 1072 4402 simul
1099 4349 1360 4406 descendet
1389 4371 1502 4408 cum
1525 4373 1583 4410 eo
1609 4357 1722 4428 glo-

125 4439 210 4489 ria
244 4439 376 4507 (jus.

199 4530 262 4584 8.
297 4528 459 4601 [verm
489 4529 607 4603 19.]
635 4531 885 4598 Quoniam
911 4533 1080 4587 anima
1109 4535 1217 4604 ejus
1248 4539 1299 4590 in
1328 4540 1427 4592 vita
1456 4541 1612 4609 ipsius
1637 4542 1722 4595 be—

118 4622 413 4674 nedicetur.
462 4622 702 4676 Itttcttdat
729 4621 968 4680 Charitas
1003 4626 1186 4682 Vestra
1220 4646 1231 4680 :
1264 4629 1514 4694 Quoniam
1552 4635 1720 4686 anima

113 4716 243 4784 ejus
274 4714 326 4767 in
370 4714 472 4766 vita
499 4715 660 4783 ipsius
703 4715 1033 4770 benedicatur.
1083 4720 1340 4785 Quamdiu
1378 4723 1542 4787 vixit,
1583 4724 1716 4779 bene

114 4805 222 4858 a‘bi
255 4803 400 4858 fecit.
430 4804 544 4858 IIoc
571 4805 756 4860 diettnt
781 4822 995 4873 omnes,
1034 4811 1126 4864 sed
1156 4811 1285 4865 falso
1306 4813 1507 4866 dietmt.
1542 4815 1714 4871 Bene-

104 4899 197 4952 dic
209 4898 297 4951 tio
320 4907 400 4950 est
427 4897 496 4950 ab
515 4897 694 4951 animo
715 4898 1092 4964 benedicentis,
1119 4917 1222 4955 non
1242 4903 1307 4957 ab
1336 4905 1443 4974 ipsa
1471 4907 1711 4962 veritate.

105 4988 267 5053 Quid
291 4989 434 5042 enim
463 4988 596 5042 dicis
627 4989 720 5043 tu?
749 4990 880 5056 Quia
924 4994 1263 5048 manducavit
1302 5003 1355 5050 et
1397 4995 1558 5065 bibit,
1591 5001 1710 5066 quia

103 5082 250 5135 l'eeit
282 5081 420 5149 quod
451 5081 648 5146 voluit,
698 5084 946 5152 quoniam
994 5085 1269 5154 splendide
1311 5089 1552 5156 epulatus
1590 5101 1670 5145 est
1694 5133 1710 5158 ,

102 5175 244 5229 ideo
279 5190 462 5228 secum
496 5174 616 5230 fecit
647 5175 819 5229 bene?
849 5177 961 5246 Ego
986 5177 1104 5251 dico
1132 5196 1144 5232 :
1176 5178 1322 5234 Fecit
1345 5195 1522 5236 secum
1552 5185 1706 5239 male.

95 5268 232 5322 Non
283 5283 384 5333 ego
409 5268 552 5333 dico,
584 5269 679 5324 sed
710 5269 988 5325 Christus:
1025 5271 1167 5326 Fecit
1196 5289 1376 5331 secum
1422 5277 1577 5330 male.
1612 5279 1702 5333 Et-

96 5361 267 5412 Catilli
294 5359 443 5413 dives
471 5361 560 5414 ille
583 5362 794 5429 quando
821 5361 1052 5431 quotidie
1078 5364 1386 5432 epulabatur
1409 5368 1706 5436 splendide,

94 5453 262 5505 bene
307 5465 487 5504 secum
520 5451 692 5506 lacere
713 5471 717 5478 ·
736 5453 1016 5521 putabatur
1048 5471 1060 5508 :
1088 5469 1204 5508 cum
1233 5469 1406 5512 autem
1435 5463 1593 5528 ρωρίῑ
1622 5479 1710 5515 ar-

93 5546 244 5597 cli-ru
281 5545 418 5611 apud
449 5544 646 5598 lttlct'ns
668 5586 681 5608 ,
714 5556 836 5599 tunc
873 5546 1142 5601 inventum
1172 5559 1254 5602 est
1283 5552 1416 5604 male
1441 5553 1580 5620 qttod
1612 5571 1707 5623 pu-

93 5639 338 5715 tabatur
363 5637 513 5692 bene.
540 5639 688 5702 Quod
711 5639 850 5692 enim
875 5639 1284 5695 manducaverat
1303 5645 1438 5713 apud
1462 5661 1704 5715 superos,

94 5701 227 5783 hoc.
247 5727 532 5790 digercbat
557 5729 692 5799 apud
713 5729 927 5785 inferos.
960 5730 1286 5802 lniquitatem
1311 5735 1458 5804 dico,
1490 5736 1700 5804 fratres,

3379 333 3492 390 ,ταγὲ

1905 417 2060 467 quam
2079 410 2408 478 epulabatur.
2427 417 2770 480 Manducabat
2789 431 3044 496 pretiosas
3061 437 3239 505 epulas
3259 457 3350 495 ore
3369 461 3483 498 rar~

1901 508 1933 545 n
1957 510 1998 558 s,
2029 512 2122 552 ore
2137 504 2312 556 cordis
2327 509 2674 568 manducabat
2697 517 3042 588 iniquitatem.
3065 504 3216 591 Quod
3236 535 3371 600 apud
3393 551 3480 588 Sn-

1898 599 2055 653 pcros
2080 605 2173 644 ore
2197 595 2375 649 cordis
2397 601 2762 672 mandncabat,
2797 609 2898 667 hoc
2913 615 3050 682 apud
3072 595 3344 685 ittlerosin
3377 628 3474 680 illis

1895 679 2168 747 suppliciis
2192 683 2480 752 digerebat.
2508 693 2793 763 thuidetn
2816 679 3474 772 temporalitet'manduea;

1894 779 2071 836 verat,
2105 772 2155 826 itt
2184 786 2440 834 teternum
2485 785 2622 838 ntale
2659 789 2947 859 digerebat.
2979 797 3323 858 Manducatur
3347 825 3472 876 ergo

1893 859 2182 930 iniquitas?
2233 868 2370 926 forte
2400 874 2589 945 aliquis
2617 880 2744 936 dicit
2776 901 2790 938 :
2821 885 2956 952 Quid
2994 902 3076 945 est
3119 897 3256 962 quod
3299 861 3468 970 loqui-—

1897 955 2020 1008 tur?
2047 957 2389 1018 Mandnratur
2420 966 2705 1036 iniquitas?
2732 975 2844 1030 Neu
2876 993 2975 1049 ego
3005 955 3147 1049 dico;
3175 989 3295 1043 anili
3329 955 3413 1045 Sin
3433 998 3467 1043 ἱ-

1889 1055 2093 1113 pturam
2140 1068 2154 1104 :
2201 1052 2347 1108 Sicut
2375 1074 2470 1110 uva
2493 1065 2673 1117 acerba
2700 1067 2928 1123 dentibus
2955 1077 3146 1130 vexatio
3170 1090 3241 1132 est
3261 1123 3273 1142 ,
3306 1095 3353 1134 rt
3384 1090 3465 1152 fn-

1887 1146 1998 1194 ntus
2025 1145 2187 1198 oculis
2207 1187 2222 1212 ,
2253 1149 2325 1201 sic
2351 1145 2587 1220 iniquitas
2624 1160 2872 1214 utentibus
2901 1169 2970 1215 ea
3013 1166 3032 1233 (
3049 1159 3201 1222 Prov.
3239 1188 3300 1237 x,
3333 1174 3402 1226 ‘26
3429 1190 3462 1230 l.

1885 1230 1982 1299 Qui
2011 1237 2409 1296 manducaverit
2429 1246 2567 1299 enim
2587 1247 2935 1318 iniquitatem,
2965 1257 3014 1310 id
3041 1270 3147 1321 est,
3173 1263 3259 1330 qui
3289 1265 3461 1318 Illicit—

1887 1334 1966 1377 ter
1994 1324 2235 1383 habuerit
2263 1332 2588 1403 iniquitatem
2616 1381 2630 1404 ,
2664 1357 2766 1396 non
2811 1350 3003 1413 poterit
3034 1353 3352 1409 manducare
3376 1358 3461 1422 ju-

1882 1417 2098 1471 stitiam.
2131 1421 2288 1477 Panis
2326 1427 2467 1480 enim
2502 1429 2705 1498 justitia
2735 1445 2833 1490 est.
2863 1439 2989 1504 Quis
3015 1453 3095 1496 est
3125 1447 3307 1513 panis?
3350 1417 3456 1519 ligo

1878 1525 1988 1563 sum
2029 1515 2176 1582 panis
2203 1518 2337 1572 vivus
2362 1522 2447 1587 qui
2467 1523 2530 1576 de
2554 1525 2676 1579 cwlo
2706 1529 2934 1585 descendt
2965 1535 2982 1603 (
3013 1534 3166 1590 Joan.
3203 1555 3254 1592 vr
3278 1583 3291 1603 ,
3325 1543 3382 1595 4|
3415 1549 3430 1612 )

1881 1601 1994 1668 Ipse
2019 1615 2100 1658 est
2128 1609 2275 1675 panis
2305 1614 2481 1668 cordis
2510 1620 2695 1672 nostri.
2729 1622 3008 1687 Quomodo
3039 1631 3126 1698 qui
3171 1635 3452 1690 inauditi-at

1875 1708 1971 1748 ore
2000 1699 2238 1766 corporis
2266 1718 2391 1757 uvas
2420 1707 2640 1764 acerbas
2664 1753 2678 1774 ,
2724 1713 3056 1783 obrigescunt
3106 1733 3159 1774 et
3199 1724 3450 1790 (ριιδιιψνο

1874 1797 2028 1866 scunt
2053 1791 2238 1846 dentes
2259 1795 2373 1862 ejus
2393 1839 2408 1863 ,
2433 1806 2484 1851 et
2509 1800 2684 1854 minus
2708 1804 2927 1861 idoneus
2956 1809 3012 1862 lit
3034 1813 3098 1864 ad
3127 1817 3445 1870 manducan-

1871 1879 1995 1934 dum
2024 1898 2210 1950 panem
2238 1929 2253 1953 ,
2300 1897 2353 1942 et
2392 1903 2632 1948 remanet
2660 1896 2728 1950 illi
2764 1899 2982 1955 laudare
3010 1907 3149 1973 quod
3185 1910 3360 1973 videt,
3394 1925 3445 1963 ιιι

1871 1976 2190 2031 manducare
2222 1995 2324 2034 non
2356 1997 2510 2050 posse
2539 2002 2552 2037 :
2582 1988 2658 2040 sic
2681 1998 2732 2042 ct
2757 1992 2843 2060 qui
2878 1994 3147 2063 iniquitate
3189 2017 3311 2053 usus
3341 2016 3441 2064 est,

1868 2076 1919 2120 et
1947 2081 2125 2136 pastus
2155 2076 2384 2152 peccatis
2425 2078 2473 2131 in
2514 2081 2706 2146 corde,
2741 2084 2921 2154 incipit
2960 2104 3064 2143 non
3096 2107 3251 2159 posse
3296 2112 3444 2148 man-

1865 2158 2059 2215 ducare
2111 2178 2337 2232 panem,
2391 2168 2567 2224 laudat
2618 2173 2835 2228 verbum
2887 2177 3017 2241 Dei,
3050 2190 3102 2234 ct
3149 2201 3252 2237 non
3296 2184 3438 2244 facit.

1866 2248 2014 2305 Unde
2058 2269 2160 2308 non
2193 2255 2511 2326 facit?Quia
2541 2278 2660 2316 cum
2688 2267 2910 2334 coeperit
2957 2270 3157 2338 facere,
3207 2276 3436 2341 laborat;

1861 2346 2126 2411 quomodo
2148 2350 2404 2406 sentimus
2431 2353 2672 2411 laborare
2695 2359 2878 2416 dentes
2902 2374 3017 2430 post
3045 2380 3169 2419 uvas
3193 2369 3434 2430 acerbas.

1859 2449 1977 2488 cum
2007 2442 2325 2508 carperimus
2362 2460 2550 2515 panem
2580 2451 2920 2507 manducare.
2951 2456 3054 2511 Sed
3083 2461 3204 2528 quid
3239 2461 3431 2517 faciunt

1857 2527 1929 2580 illi
1959 2531 2146 2599 quibus
2177 2534 2561 2606 obstupuerunt
2598 2543 2828 2600 dentes?
2873 2527 3194 2619 Temperant
3234 2571 3292 2608 se
3337 2559 3433 2609 ali-

1855 2634 2108 2690 quantum
2137 2629 2202 2680 ab
2228 2632 2339 2683 uvis
2365 2634 2598 2696 acerbis,
2629 2646 2681 2689 et
2710 2639 2930 2694 redeunt
2961 2642 3146 2699 dentes
3172 2647 3236 2700 ad
3264 2651 3430 2703 stabi-

1853 2713 2054 2768 litatrnt
2086 2735 2254 2781 suam,
2279 2733 2332 2775 ct
2359 2726 2668 2780 incumbunt
2685 2732 2825 2798 pani.
2847 2732 2934 2785 Sic
2957 2745 3006 2787 et
3025 2751 3126 2816 pos
3155 2736 3427 2794 laudamus

1845 2806 2100 2874 jtlSlitittltI
2129 2814 2256 2865 :scd
2287 2815 2330 2866 si
2362 2816 2602 2871 volumus
2630 2806 3222 2895 manducarcjustitiam
3245 2875 3258 2896 ,
3297 2842 3429 2887 tem-

1850 2913 2095 2966 peremus
2125 2919 2220 2956 nos
2262 2905 2328 2959 ab
2356 2907 2748 2977 iniquitatibus;
2799 2927 2852 2968 et
2897 2919 3128 2974 nascitur
3167 2923 3216 2976 lll
3265 2927 3426 2980 corde

1849 3007 1952 3044 non
1982 2994 2151 3047 Solum
2173 2995 2454 3053 delectatio
2481 3002 2725 3058 laudandi
2750 3007 3028 3075 justitiam,
3059 3015 3149 3067 sed
3174 3019 3329 3072 etiam
3351 3019 3409 3071 la-

1844 3081 2014 3136 cililas
2056 3086 2426 3144 titandttcandi.
2469 3092 2598 3148 Nam
2631 3097 2673 3150 si
2718 3098 2844 3154 dicit
2871 3099 3237 3174 Christianus,
3287 3111 3422 3166 Ileus

1844 3175 1988 3227 novit
2011 3177 2128 3244 quia
2153 3178 2375 3235 delectat
2399 3201 2514 3252 me,
2547 3188 2638 3240 sed
2664 3206 2768 3244 non
2791 3208 3002 3259 possum
3027 3196 3200 3254 facere
3223 3220 3235 3253 :
3264 3219 3420 3270 quas-

1842 3277 1985 3321 satos
2005 3269 2192 3325 dentes
2215 3272 2396 3335 habet,
2424 3278 2510 3331 diu
2541 3282 2873 3339 mamluCavit
2903 3287 3248 3359 iniquitatem.
3281 3295 3420 3366 Ergo

1840 3359 2114 3428 etjustitia
2154 3367 2539 3424 mandueatnr?
2569 3375 2622 3427 Si
2668 3391 2770 3429 non
2821 3381 3266 3452 manducarclnr,
3310 3405 3413 3442 nun

1839 3451 2038 3507 diceret
2072 3456 2324 3512 Dominus
2357 3477 2369 3511 :
2397 3461 2541 3516 Beati
2559 3468 2885 3534 quiesuriunt
2907 3481 2953 3525 et
2971 3475 3146 3528 sitiunt
3160 3479 3412 3545 ,iustitiant

1873 3543 2052 3599 Matth.
2087 3563 2138 3612 ν,
2163 3549 2196 3603 6
2219 3551 2257 3619 ).
2293 3551 2430 3622 Ergo
2455 3558 2690 3624 quonitun
2712 3562 2880 3615 anima
2900 3564 3035 3619 illius
3058 3567 3109 3619 in
3139 3541 3236 3622 vita
3259 3571 3414 3639 ipsius

1836 3637 2152 3693 benedicelur
2179 3659 2197 3695 :
2225 3643 2275 3696 in
2322 3647 2424 3699 vita
2469 3648 2846 3720 benedicetur,
2899 3655 2948 3710 in
2983 3667 3151 3714 morte
3196 3670 3411 3733 torque-

1834 3726 1995 3781 bitur.
2049 3777 2060 3788 ,
3139 3737 3147 3745 ’

1904 3820 1956 3874 9.
1999 3822 2323 3890 Conﬁtebitur
2348 3828 2468 3893 tibi,
2499 3847 2608 3883 cunt
2638 3833 2758 3886 bene
2777 3834 2954 3902 feceris
2974 3839 3036 3891 ei.
3063 3842 3332 3899 Attendite
3359 3858 3408 3900 et

1835 3912 2142 3980 pascimini,
2185 3914 2384 3971 Intereat
2412 3919 2464 3973 in
2504 3923 2754 3978 cordibus
2784 3927 3006 3996 vestris;
3060 3933 3409 4004 manducate,

1831 4004 2008 4059 videte
2038 4006 2171 4062 tales
2191 4049 2206 4073 ,
2237 4018 2290 4064 et
2319 4012 2483 4066 nolite
2508 4029 2626 4070 esse
2661 4017 2791 4072 tales
2822 4033 3044 4077 :eavele
3072 4025 3193 4080 talia
3225 4030 3404 4084 verba.

1832 4096 2159 4164 Conﬁtebitur
2177 4099 2283 4167 tibi,
2300 4119 2422 4162 cum,
2440 4105 2561 4159 bene
2597 4107 2774 4176 feceris
2800 4111 2864 4166 ei.
2895 4112 3062 4180 Quant
3111 4119 3258 4174 multi
3283 4136 3407 4178 sunt

1830 4189 2141 4257 christiani,
2195 4192 2423 4263 fratres,
2480 4200 2567 4268 qui
2616 4209 2743 4255 tunc
2797 4202 2906 4258 Deo
2951 4209 3146 4276 gratias
3199 4223 3399 4283 agunt,

1828 4281 2038 4350 quando
2065 4283 2165 4338 illis
2191 4286 2380 4341 accidit
2409 4289 2609 4343 lucrum
2635 4291 2647 4343 !
2679 4292 2788 4347 Iloc
2814 4304 2914 4359 est,
2944 4281 3270 4368 Confitebitur
3291 4305 3403 4369 tibi,

1827 4389 1940 4425 cum
1966 4371 2088 4426 bene
2111 4377 2285 4445 feceris
2314 4379 2360 4431 ei
2385 4395 2403 4432 :
2444 4381 2675 4436 laudabit
2703 4393 2753 4438 te
2773 4427 2785 4447 ,
2817 4395 2870 4440 et
2895 4387 3064 4455 dicet,
3112 4389 3252 4448 Vere
3277 4396 3400 4464 quia

1827 4473 1883 4518 tu
1915 4481 1973 4520 es
2003 4468 2138 4520 Deus
2173 4485 2320 4522 mens
2348 4488 2360 4522 :
2389 4471 2633 4528 liberavit
2656 4491 2741 4530 me
2783 4475 2849 4531 de
2897 4495 3140 4552 carcere,
3181 4485 3404 4540 conﬁte-

1825 4555 1923 4610 bor
1949 4557 2039 4610 illi.
2070 4557 2225 4612 Venit
2255 4560 2326 4613 illi
2367 4561 2569 4617 lucrum
2595 4607 2609 4630 ,
2641 4567 2958 4634 conﬁtetur;
2991 4574 3131 4627 venit
3172 4573 3398 4632 hwredi-

1825 4658 1905 4701 tas
1925 4690 1938 4709 ,
1971 4650 2253 4705 eonlitetur
2280 4671 2293 4705 :
2323 4657 2514 4722 patitur
2543 4656 2792 4712 damnum
2813 4700 2828 4722 ,
2877 4661 3225 4731 blaspltemat.
3255 4667 3397 4736 Qua.

1823 4740 1886 4793 lis
1917 4741 2052 4819 lilius
2080 4758 2158 4799 es.
2188 4745 2274 4813 qtti
2309 4745 2323 4776 ¹
2356 4748 2566 4816 quando
2595 4758 2644 4803 te
2671 4760 2818 4818 pater
2841 4754 3087 4808 emendat
3112 4799 3126 4819 ,
3160 4767 3281 4813 tunc
3309 4763 3397 4816 tibi

1820 4814 2103 4900 displicet?
2131 4814 2467 4904 Emendaret,
2490 4839 2589 4892 nisi
2616 4814 2960 4910 displiceres?
2989 4855 3079 4898 aut
3107 4847 3148 4899 si
3182 4848 3257 4904 sic
3281 4851 3393 4906 dis-

1823 4925 2045 4993 plieeres
2085 4939 2141 4979 ut
2179 4927 2410 4993 odisset,
2444 4931 2602 4985 vellet
2655 4933 3025 4990 emendare”?
3053 4938 3260 4996 Gratias
3300 4958 3398 5014 age

1820 5030 1946 5086 ergo
1973 5015 2299 5072 etncndatori
2320 5059 2335 5085 ,
2370 5028 2424 5072 ut
2467 5023 2694 5090 accipias
2724 5023 3084 5083 hmreditalem
3115 5047 3142 5083 a
3172 5032 3280 5088 Deo
3308 5039 3397 5104 qtti

1822 5117 1872 5160 te
1917 5107 2182 5160 emendat.
2239 5109 2475 5162 Erndiris
2523 5113 2698 5180 enim,
2756 5131 2875 5170 eum
2921 5123 3242 5179 emendaris,
3293 5128 3396 5182 δρα

1819 5202 2036 5253 multum
2067 5202 2313 5254 emerdat
2335 5243 2349 5264 ,
2396 5205 2516 5272 quia
2548 5222 2792 5276 magnum
2822 5221 2902 5264 est
2939 5218 3078 5283 quod
3111 5217 3272 5272 habes
3303 5237 3394 5274 ae-

1817 5293 2016 5361 ciperc.
2067 5292 2196 5345 Nam
2241 5295 2283 5347 si
2329 5296 2600 5364 appendas
2645 5300 2785 5367 quod
2831 5305 3136 5361 emendaris
3165 5324 3284 5364 cum
3333 5327 3397 5365 eo

1815 5385 1955 5454 quod
2001 5397 2312 5456 accepturus
2360 5403 2439 5456 es,
2495 5389 2732 5449 invenies
2777 5397 2897 5467 quia
2950 5399 3080 5454 nihil
3127 5412 3208 5456 est
3252 5403 3392 5472 quod

1880 5565 2530 5646 1tulil.,qnia..ttt!ss.tltli-
2605 5632 2656 5642 ..
2702 5633 2732 5646 ..
2797 5634 2825 5646 ..
3099 5643 3106 5646 Α
3240 5637 3252 5646 ·
3326 5638 3353 5646 ν

1877 5629 1897 5696 ξ
1932 5627 2040 5676 lidd.
2069 5627 2225 5697 {Nam
2247 5627 2540 5697 emendaret,
2566 5632 2656 5682 nisi
2679 5633 2961 5697 displiceres
2991 5643 3106 5686 :ant
3129 5651 3171 5687 si
3210 5637 3278 5686 sic
3301 5638 3378 5687 dis

1814 5687 2035 5751 pliceres,
2075 5697 2127 5738 ut
2145 5689 2335 5749 odisset,
2354 5705 2444 5741 non
2468 5687 2548 5742 me
2573 5702 2616 5742 te
2635 5687 2927 5747 enuntiaret.
2955 5706 3055 5747 uss.
3088 5712 3200 5747 vero
3225 5700 3347 5748 habe
3366 5708 3400 5751 "-l

1815 5749 2075 5800 lectionem
2113 5753 2198 5804 hac
2223 5754 2269 5802 in
2311 5755 2524 5805 editione
2560 5763 2849 5809 restitutam.
