4004 6200
574 255 681 312 583

571 365 889 424 emendaris.
920 364 1207 435 Apostolus
1235 363 1429 419 Paulus
1453 360 1554 417 hoc
1581 359 1710 415 dicit
1739 378 1751 412 :
1785 356 1981 433 Etenim
2008 352 2142 418 quod

569 460 636 513 ad
667 472 883 528 prms
902 468 974 511 est
1000 455 1270 525 temporale
1282 455 1387 509 lere
1409 451 1741 507 tribulatioms
1761 460 1944 505 nostris
1957 488 1973 513 ,
1989 460 2144 518 justo

570 549 908 603 incredibilem
939 548 1143 602 modum
1188 556 1432 602 atternurn
1457 544 1636 616 gloria:
1670 543 1865 612 pondus
1907 551 2145 611 aperutur

570 640 729 694 nobis.
757 638 864 694 Sed
893 638 1145 710 quando?
1186 636 1309 692 Non
1349 634 1728 707 respicientibus
1752 676 1766 699 ,
1798 632 1966 703 inquit
1984 672 2000 695 .
2029 645 2143 700 qua

569 733 796 796 ridentur
813 773 831 799 ,
862 733 950 786 sed
972 748 1086 802 qua:
1106 748 1206 785 non
1234 731 1501 794 videntur;
1530 744 1631 782 non
1665 743 1778 799 qua:
1806 726 2102 794 temporalia
2124 764 2140 790 ,

566 828 653 879 sed
681 841 794 895 qua:
814 837 1021 879 (eterna.
1063 824 1191 893 Quae
1215 825 1345 877 enim
1374 823 1604 884 videntur
1621 861 1636 886 ,
1668 820 1965 892 temporalia
1985 827 2142 883 sunt;

564 932 676 984 qua:
700 927 865 970 autem
890 933 989 971 non
1026 915 1475 981 ridentur,wterna
1495 914 1513 982 (
1534 912 1576 967 ll
1604 910 1722 967 Cor.
1752 927 1803 965 iv
1825 952 1840 975 ,
1870 912 1934 966 17
1953 951 1968 974 ,
2009 908 2076 965 18
2101 910 2138 975 ).

569 1009 634 1063 Et
658 1010 845 1064 iterum
878 1027 892 1064 :
924 1007 1042 1063 Non
1067 1017 1183 1063 sunt
1210 1008 1474 1081 condigna:
1497 1006 1754 1075 passiones
1773 1005 1924 1075 hujus
1949 1015 2142 1072 tempo-

566 1102 634 1156 ris
654 1144 670 1167 ,
697 1104 766 1155 ad
787 1103 1008 1172 futuram
1033 1102 1247 1174 gloriam
1266 1116 1378 1172 quae
1400 1097 1693 1154 revelabitur
1712 1098 1762 1150 in
1790 1095 1930 1150 nobis
1954 1093 2137 1165 (Rom.

564 1210 680 1260 vni,
711 1193 827 1263 18).
853 1192 989 1263 Quid
1012 1202 1095 1248 est
1120 1206 1248 1265 ergo
1272 1191 1408 1262 quod
1433 1189 1662 1261 pateris?
1681 1188 1784 1244 Sed
1811 1201 2020 1256 semper
2045 1200 2140 1255 pa-

566 1285 711 1341 teris.
745 1284 1011 1341 Concedo.
1043 1283 1123 1340 Ex
1167 1299 1273 1354 quo
1309 1292 1460 1336 natus
1490 1297 1568 1349 es,
1612 1296 1705 1348 per
1739 1292 1925 1334 omnes
1957 1285 2140 1331 aetates

568 1384 685 1431 tuas
731 1391 897 1445 usque
924 1374 991 1430 ad
1025 1384 1293 1431 senectam
1327 1382 1467 1427 tuam
1498 1412 1513 1438 ,
1565 1386 1845 1442 quousque
1875 1368 2137 1434 morieris,

567 1478 691 1537 puta
718 1467 840 1539 quia
867 1465 968 1521 hoc
999 1464 1194 1535 pateris
1213 1465 1355 1535 quod
1381 1474 1463 1519 est
1504 1476 1689 1531 passus
1725 1460 1859 1525 Job;
1885 1459 2023 1530 quod
2052 1459 2140 1514 ille

569 1572 753 1627 passus
774 1566 855 1611 est
873 1556 1071 1626 aliquot
1087 1555 1291 1620 diebus,
1315 1553 1504 1624 aliquis
1516 1549 1818 1624 patiaturab
1840 1550 1951 1620 ipsa
1972 1547 2142 1604 infan-

571 1650 643 1703 tia
668 1667 681 1702 :
705 1649 843 1719 quod
875 1649 1067 1719 pateris
1089 1648 1294 1711 transit,
1315 1647 1527 1711 finitur;
1558 1643 1699 1715 quod
1723 1651 2036 1712 accepturus
2057 1655 2136 1705 es.

569 1742 726 1795 linem
751 1756 857 1795 non
881 1739 1114 1796 habebit.
1142 1738 1276 1795 Nolo
1290 1738 1399 1809 jam
1420 1753 1598 1808 atques
1619 1750 1830 1808 poenam
1854 1750 1973 1791 cum
1998 1748 2136 1804 pra:-

565 1832 674 1886 inio
700 1848 714 1884 :
740 1840 980 1902 tempora
1001 1846 1150 1903 requa
1174 1827 1452 1885 aeternitati
1474 1870 1489 1893 ,
1518 1828 1565 1883 si
1587 1839 1736 1898 potes
1763 1827 1779 1859 ¹
1809 1864 1825 1880 .

635 1920 723 1978 10.
749 1921 1077 1992 Conﬁtebitur
1102 1921 1210 1988 tibi,
1236 1936 1351 1974 cum
1378 1921 1498 1974 bene
1522 1918 1699 1992 feceris
1722 1917 1789 1973 ei.
1821 1915 1992 1972 Nolite
2016 1931 2137 1973 esse

566 2013 699 2068 tales
721 2052 739 2079 ,
779 2011 1011 2068 fratres:
1040 2010 1212 2066 videte
1235 2009 1356 2081 quia
1393 2018 1673 2081 propterea
1718 2007 1945 2063 dicimus
1984 2006 2132 2075 hmc,

564 2118 843 2180 prOpterea
873 2116 1181 2169 cantamus,
1226 2113 1500 2174 propterea
1532 2110 1816 2168 tractatur,
1855 2112 2134 2183 propterea

560 2199 783 2256 ludatur
802 2216 816 2253 :
835 2188 996 2254 nolite
1018 2196 1191 2253 facere
1207 2197 1325 2250 ista.
1342 2194 1560 2265 Negotia
1578 2204 1751 2267 vestra
1769 2208 1864 2250 vos
1877 2193 2131 2264 probant:

560 2288 846 2360 aliquando
875 2288 927 2343 in
956 2289 1167 2358 negotio
1197 2296 1377 2343 vestro
1413 2287 1606 2342 auditis
1636 2302 1818 2341 verum
1846 2287 1867 2318 ¹
1896 2329 1912 2354 ,
1940 2296 1993 2343 et
2018 2287 2133 2341 hla-

560 2379 890 2451 sphematis,
941 2379 1231 2435 Eeclesiam
1281 2376 1677 2447 blasphematls.
1727 2377 1950 2446 Quare?
1999 2378 2132 2446 Quia

476 2514 479 2529 .
559 2470 834 2529 christiani
852 2469 1000 2527 estis.
1022 2468 1077 2527 Si
1101 2470 1180 2526 sic
1201 2478 1283 2525 est
1299 2510 1315 2536 ,
1341 2468 1480 2524 duco
1498 2484 1582 2525 me
1602 2470 1653 2523 in
1676 2478 1878 2538 partem
1900 2469 2089 2524 Donati
2115 2487 2130 2525 :

558 2579 795 2637 paganus
819 2566 937 2621 volo
964 2578 1103 2621 esse.
1133 2564 1346 2631 Quare?
1386 2563 1519 2633 Quia
1543 2563 1875 2641 momordiin
1898 2579 2086 2635 panem
2111 2604 2128 2631 ,

557 2667 613 2714 et
636 2659 1041 2735 dolentdentes.
1072 2656 1294 2725 Quando
1314 2656 1531 2712 videbas
1558 2657 1727 2727 ipsum
1772 2658 2129 2735 panem,lau-

556 2750 754 2816 dabas;
780 2734 987 2821 cmpisﬂ
1015 2749 1368 2826 manducare,
1399 2759 1453 2806 et
1479 2750 1660 2805 dolent
1686 2750 1872 2805 dentes
1900 2768 1913 2804 :
1943 2749 1996 2806 id
2024 2759 2127 2816 est,

553 2841 769 2912 quando
805 2842 1059 2899 audiebas
1093 2855 1392 2898 sermunem
1444 2840 1573 2908 Dei,
1604 2841 1938 2897 collaudabas
1961 2882 1976 2907 ,
2006 2856 2128 2905 eum

555 2934 650 2990 tibi
677 2935 903 3001 dicitur,
948 2934 1054 2990 Fac
1094 2935 1230 3002 hoc,
1277 2933 1629 3003 blaSphemas.
1675 2933 1792 2989 Noli
1831 2935 1909 2990 sic
1949 2935 2126 2991 velle:

554 3026 658 3082 hoc
679 3026 795 3095 dic,
822 3026 1001 3085 Bonus
1023 3021 1106 3083 est
1134 3027 1305 3098 panis,
1333 3027 1426 3083 sed
1449 3042 1549 3098 ego
1579 3043 1682 3082 non
1731 3042 1943 3098 possum
1978 3029 2125 3084 illum

557 3119 896 3175 manducare.
923 3118 1073 3174 Nunc
1099 3118 1275 3173 autem
1305 3119 1349 3173 si
1373 3121 1538 3174 oculis
1563 3119 1732 3184 vides,
1768 3120 1981 3175 laudas:
2005 3137 2124 3175 cum

552 3209 784 3280 ceperis
811 3210 999 3265 dentes
1028 3224 1267 3279 premere
1286 3210 1479 3275 ,‘diais,
1510 3209 1676 3265 Malus
1703 3221 1785 3266 est
1811 3211 1962 3281 panis
1988 3213 2087 3267 iste
2108 3254 2125 3280 ,

552 3310 607 3355 ut
622 3301 793 3371 quinis
817 3311 908 3355 est-
937 3300 1026 3355 ille
1062 3301 1149 3369 qui
1179 3300 1323 3355 illum
1352 3298 1517 3355 fecit?
1543 3300 1616 3355 Ita
1643 3300 1700 3355 lit
1730 3310 1786 3357 ut
1824 3303 2128 3361 conﬁtearis

557 3392 745 3458 Demn,
794 3391 1005 3462 quando
1044 3391 1137 3448 tibi
1173 3390 1307 3446 bene
1350 3390 1475 3447 facit
1512 3392 1681 3458 Deus;
1724 3402 1779 3448 et
1816 3395 2122 3461 mentiaris,

553 3483 765 3553 unando
785 3492 968 3539 cantas
987 3525 1002 3547 ,
1032 3480 1332 3537 Benedicam
1356 3482 1622 3537 hominum
1649 3484 1701 3538 in
1721 3485 1857 3541 omni
1883 3494 2122 3555 tempore,

550 3593 746 3648 semper
763 3576 876 3630 laus
894 3576 1002 3645 ejus
1029 3575 1078 3628 in
1100 3590 1187 3628 ore
1215 3590 1322 3628 meo
1347 3572 1367 3646 (
1395 3572 1536 3629 Psal.
1560 3589 1746 3640 χχχιιι,
1767 3574 1857 3647 2).
1891 3576 2126 3648 Exigitur

551 3668 619 3721 ile
654 3664 814 3720 corde
853 3675 942 3719 tuo
968 3666 1199 3720 eainatio
1237 3664 1494 3719 labiormn
1537 3674 1745 3720 tuorum
1770 3684 1783 3720 :
1807 3667 2031 3723 cantasti
2072 3668 2125 3722 in

554 3758 807 3822 Ecclesia,
851 3756 1150 3811 Benedicam
1181 3755 1451 3810 Dominum
1471 3756 1522 3810 in
1542 3756 1919 3827 omnitempore
1945 3775 1960 3812 :
1988 3774 2124 3829 quo-

550 3847 711 3903 modo
730 3828 786 3903 in
801 3848 939 3902 omni
953 3859 1172 3917 tempore
1185 3846 1211 3900 .9
1230 3847 1285 3902 Si
1310 3846 1453 3900 omni
1474 3854 1715 3916 tempore
1737 3848 1960 3914 luerunt,
1978 3828 2124 3904 omni

553 3951 794 4007 tempore
819 3938 1181 3993 benedicitur:
1203 3938 1247 3992 si
1275 3936 1558 4008 aliquando
1583 3948 1667 3993 est
1694 3937 1946 3993 damnum
1971 3979 1984 4001 ,
2019 3955 2122 3995 non

552 4030 914 4097 benedicitur,
961 4031 1056 4086 sed
1105 4029 1520 4102 blasphematur.
1561 4031 1718 4087 Certe
1760 4031 2029 4092 benedicis
2070 4035 2124 4089 in

547 4121 693 4175 ωηιιί
719 4132 977 4190 tempore,
999 4131 1143 4177 certe
1168 4123 1282 4177 laus
1301 4123 1416 4192 ejus
1436 4137 1647 4193 semper
1672 4124 1725 4178 in
1743 4140 1837 4179 ore
1855 4135 1944 4178 tuo
1965 4136 2046 4180 cst
2063 4126 2082 4157 ³
2100 4127 2124 4181 ?

551 4213 669 4267 iuris
693 4212 812 4267 talis
835 4212 1044 4283 qualem
1072 4212 1228 4267 modo
1244 4213 1495 4269 describit
1518 4231 1531 4269 :
1552 4211 1994 4283 Conﬁtebiturtibi,
2010 4232 2124 4270 cuin

546 4303 669 4357 bene
687 4303 864 4375 feceris
882 4303 928 4356 ei
934 4341 949 4355 .

620 4399 706 4452 Η.
749 4394 914 4471 [υενσ.
952 4394 1039 4457 9.0.
1062 4390 1184 4466 21.]
1217 4393 1449 4449 Introibit
1476 4412 1632 4466 usque
1658 4397 1710 4450 in
1737 4398 1998 4467 progenies
2023 4415 2119 4466 pa-

547 4501 678 4546 trum
698 4506 905 4545 suorum
927 4504 946 4543 :
966 4489 1015 4543 id
1046 4497 1148 4554 est,
1168 4488 1457 4543 imitabitur
1485 4500 1659 4559 patres
1687 4504 1832 4545 suos.
1874 4489 2122 4557 Quiaini—

544 4584 635 4649 qui
665 4583 755 4653 qui
782 4581 941 4638 modo
982 4566 1138 4642 sunt,
1186 4580 1381 4635 habent
1420 4580 1642 4648 fratres,
1688 4581 1885 4639 habent
1923 4592 2116 4653 patres.

544 4678 762 4746 Antiqui
802 4675 987 4746 iniqui,
1020 4684 1195 4745 patres
1223 4681 1345 4727 sunt
1374 4676 1742 4742 pra-sentiam;
1772 4683 1826 4728 et
1854 4675 2011 4729 modo
2030 4677 2120 4744 qui

546 4765 710 4839 iniqui
735 4778 878 4833 sunt,
908 4777 1081 4839 patres
1101 4775 1227 4821 sunt
1251 4748 1579 4836 p0sterorum
1612 4764 1904 4835 iniquorum
1939 4784 1952 4820 :
1984 4782 2119 4836 quo-

544 4862 708 4918 modo
731 4873 908 4933 patres
926 4861 1188 4931 justormn
1210 4858 1409 4928 antiqui
1435 4857 1584 4928 justi,
1608 4865 1785 4925 patres
1804 4858 2119 4928 suntjusto-

542 4968 660 5012 rum
675 4954 764 5025 qui
783 4954 941 5010 modo
954 4962 1104 5021 sunt;
1126 4952 1277 5024 etqui
1291 4951 1447 5006 modo
1459 4959 1600 5013 sunt,
1616 4957 1791 5020 patres
1803 4962 2118 5009 sunteorum

541 5048 633 5116 qui
652 5047 808 5104 futuri
824 5055 998 5103 erunt.
1028 5045 1319 5103 Ostenderc
1350 5045 1515 5101 voluit
1534 5043 1759 5114 Spiritus
1770 5053 1982 5099 sanctus
1996 5044 2117 5114 quia

543 5156 651 5197 non
667 5148 747 5195 cst
762 5138 897 5193 mala
908 5137 1363 5208 :equitas,qnando
1376 5137 1441 5191 ad
1462 5137 1600 5191 illam
1614 5145 1976 5191 murmuratur
1990 5150 2007 5190 :
2022 5135 2118 5191 sed

539 5235 593 5291 Ιιι
615 5233 679 5289 ab
697 5232 899 5303 origine
913 5246 1080 5302 usque
1102 5230 1167 5285 ad
1191 5231 1492 5301 progeniem
1516 5239 1718 5299 patrum
1739 5239 1940 5300 patrem
1962 5243 2116 5284 suum

608 5351 623 5383 ι
658 5351 733 5397 Kr.
759 5352 811 5396 et
828 5344 926 5395 duo
943 5349 1074 5404 “35.,
1099 5355 1209 5393 cum
1240 5343 1440 5407 prtemio
1461 5340 1707 5406 temporali
1721 5353 1900 5407 ,gwqua
1921 5340 2115 5392 attenti-

540 5412 652 5474 mrs',
690 5408 735 5461 si
778 5413 921 5471 potes.
935 5401 1069 5474 _.{lm.,
1098 5417 1218 5455 eum
1241 5401 1781 5474 'prtemio;_te'rnporule
1818 5401 1987 5474 inqua,
2017 5409 2111 5451 etc.

531 5463 667 5531 Lovi,
711 5463 995 5533 teritporalia
1031 5463 1198 5530 (equa,
1239 5463 1334 5515 etc.
1376 5473 1431 5514 At
1468 5463 1692 5527 plerique
1731 5473 1857 5524 Mss,
1878 5463 1884 5465 ’
1902 5470 2116 5528 tempora

536 5546 695 5598 art/ua,
715 5541 813 5585 etc.

598 5602 620 5632 ς
652 5599 871 5658 Quinque
894 5588 1254 5658 Mss.,_verbwn.
1340 5648 1351 5658 ,
1521 5647 1533 5658 ,
1653 5643 1685 5658 ..
1720 5643 1732 5655 .
1783 5643 1795 5653 .
1960 5648 1971 5658 .

601 5662 623 5694 δ
876 5662 934 5705 At
955 5644 1087 5704 EdtL:
1109 5656 1246 5702 certe
1269 5648 1382 5711 quia
1402 5662 1493 5699 non
1516 5644 1756 5699 benedicis
1777 5644 1826 5696 in
1838 5648 1971 5699 omni
1994 5653 2111 5700 temo

534 5734 673 5781 pore,
691 5716 948 5782 certe-quia
970 5727 1064 5767 non
1083 5725 1269 5779 semper
1284 5710 1413 5773 laus,
1442 5720 1535 5762 etc.

1803 246 1859 302 s.
1888 241 2249 302 AUGUaTlNl
2289 243 2589 304 EPISL‘UPI
3664 268 3749 324 δα

2253 355 2465 413 habent.
2511 362 2648 416 Duos
2684 363 2863 432 genuit
2898 365 3095 431 Adam,
3125 375 3180 421 et
3218 366 3268 421 in
3311 382 3408 424 uno
3445 372 3683 443 iniquitas,
3710 385 3752 436 in

2251 465 2356 505 uno
2375 452 2576 519 justitia
2610 472 2624 509 :
2652 454 2898 525 iniquitas
2922 456 2976 513 in
3003 457 3132 512 Cain
3151 499 3166 524 ,
3189 457 3381 527 justitia
3409 463 3456 516 in
3481 467 3616 521 Abel.
3643 469 3753 525 Pre-

2255 545 2481 602 valuisse
2519 547 2723 603 videtur
2749 549 2995 620 iniquitas
3017 567 3178 619 super
3197 552 3440 622 justitiam
3458 596 3472 619 ,
3510 562 3616 626 quia
3639 564 3755 616 ueri-

2247 636 2325 691 dit
2346 634 2473 691 Cain
2503 638 2721 708 injustas
2746 641 2876 697 Abel
2893 643 3091 711 justum
3120 643 3172 696 in
3195 655 3343 699 nocte
3366 646 3382 676 ⁸
3427 646 3573 718 (b'en.
3598 652 3752 716 tv,8l.

2247 727 2510 799 Numquid
2531 746 2686 787 mane
2704 733 2728 787 Ἰ
2752 732 2856 788 Sed
2885 734 3277 788 dominabuntur
3293 736 3362 790 eis
3378 738 3490 790 recti
3506 754 3648 793 mune.
3671 743 3757 797 Ve-

2247 820 2358 877 niet
2385 835 2559 885 mane,
2588 830 2645 878 et
2672 821 2933 879 videbitur
2960 825 3047 879 ubi
3075 825 3146 879 sit
3170 825 3320 888 Abel,
3348 837 3401 880 et
3427 828 3507 881 ubi
3528 828 3661 884 Cain.
3686 834 3759 886 SLc

2246 927 2433 966 omnes
2461 914 2549 983 qui
2578 913 2868 970 secundum
2898 914 3025 971 Cain
3044 956 3063 983 ,
3106 924 3162 972 et
3193 916 3271 971 sic
3294 934 3471 973 omnes
3495 921 3576 989 qui
3602 937 3759 977 secuti—
3816 932 3823 939 ‘

2245 1001 2369 1057 dum
2390 1005 2521 1060 Abel
2545 1020 2709 1074 usque
2731 1004 2780 1059 in
2801 1007 2957 1062 linem
2975 1006 3175 1062 saeculi.
3198 1006 3426 1062 lntroibit
3441 1026 3580 1079 usque
3598 1013 3642 1063 in
3661 1030 3761 1082 prc-

2244 1094 2411 1163 genies
2439 1104 2639 1164 patrum
2665 1113 2868 1150 suorum
2906 1112 2927 1152 :
2955 1114 3109 1168 usque
3133 1099 3183 1152 in
3211 1110 3447 1153 teternum
3486 1117 3579 1155 non
3611 1103 3762 1156 ridebit

2244 1186 2432 1242 lumen.
2462 1186 2594 1253 Quia
2621 1196 2676 1243 et
2700 1187 2785 1244 hic
2808 1203 2928 1245 cum
2971 1199 3134 1256 esset,
3166 1190 3219 1244 in
3251 1189 3476 1246 tenebris
3499 1202 3635 1255 erat,
3657 1208 3762 1262 gan-

2242 1277 2376 1333 dens
2417 1277 2562 1335 falsis
2590 1279 2744 1335 bonis
2762 1322 2777 1344 ,
2807 1293 2861 1335 et
2898 1296 3003 1336 non
3032 1296 3217 1336 amans
3242 1281 3379 1336 bona
3407 1298 3557 1348 vera;
3597 1294 3648 1339 et
3670 1285 3765 1338 idm

2246 1368 2371 1426 hinc
2396 1370 2461 1425 ad
2510 1381 2761 1426 tartarum
2811 1372 2905 1428 ibit
2935 1391 2949 1428 :
2979 1390 3009 1426 a
3054 1373 3285 1429 tenebris
3312 1375 3620 1430 somniorum
3646 1380 3763 1431 exci-

2244 1464 2388 1532 pient
2415 1479 2535 1519 eum
2566 1466 2797 1521 tenebrae
2822 1475 3224 1521 tormentorum.
3258 1466 3399 1536 Ergo
3424 1484 3569 1537 usque
3590 1469 3635 1533 in
3657 1479 3766 1522 talen

2243 1572 2363 1610 num
2401 1574 2502 1611 non
2531 1558 2708 1613 ridebit
2734 1560 2901 1615 lumen
2950 1560 3054 1615 Sed
3082 1575 3247 1630 quare
3277 1561 3415 1615 hoc?
3443 1560 3586 1629 Quod
3624 1563 3770 1631 possit

2242 1645 2295 1699 in
2323 1647 2499 1702 medio
2527 1648 2756 1712 Psalmo,
2783 1651 2884 1704 hoc
2901 1659 2955 1705 et
2975 1650 3026 1704 in
3057 1650 3159 1705 (ille
3183 1668 3197 1704 :
3222 1649 3391 1705 [Ionio
3414 1668 3525 1705 cum
3547 1653 3594 1705 in
3614 1653 3769 1707 honore

2241 1747 2397 1801 esset,
2419 1753 2519 1793 non
2543 1738 2819 1803 intellexit;
2839 1751 3159 1807 comparatus
3176 1751 3249 1796 est
3264 1741 3507 1812 juiuentis
3524 1742 3769 1804 insensatis,

2240 1838 2287 1882 et
2306 1829 2484 1884 similis
2508 1831 2673 1902 factus
2692 1840 2762 1886 est
2789 1832 2912 1886 illis.
2944 1831 3052 1887 Vos
3078 1842 3255 1887 autem
3282 1873 3297 1897 ,
3328 1831 3532 1897 fratres,
3560 1832 3771 1887 conside-

2236 1931 2353 1976 rate
2378 1935 2475 1976 vos
2516 1920 2759 1979 homines
2787 1922 2952 1977 factos
2984 1922 3050 1977 ad
3090 1923 3376 1993 imaginem
3415 1932 3470 1977 ct
3505 1923 3772 1977 similitudi-

2239 2025 2359 2066 nem
2388 2010 2481 2067 Dei
2508 2010 2632 2083 (ld.
2656 2028 2695 2079 ι,
2724 2013 2847 2083 26).
2882 2012 3056 2084 Imago
3079 2014 3169 2069 Dei
3202 2015 3346 2070 intus
3370 2024 3452 2069 est
3476 2056 3489 2078 ,
3520 2031 3618 2068 non
3640 2024 3710 2069 est
3727 2016 3772 2067 iu

2236 2117 2460 2173 corpore
2484 2121 2499 2157 :
2530 2119 2636 2159 non
2662 2114 2744 2160 est
2764 2105 2815 2159 in
2838 2108 3053 2160 auribus
3081 2107 3195 2160 istis
3214 2122 3353 2176 quas
3381 2106 3582 2170 videtis,
3602 2114 3652 2160 et
3672 2121 3776 2160 ocu-

2236 2194 2320 2258 lis,
2348 2203 2403 2249 et
2430 2194 2663 2262 naribus,
2691 2205 2744 2250 et
2768 2196 2961 2266 palato,
2990 2205 3046 2252 et
3068 2197 3335 2261 manibus,
3362 2207 3416 2252 et
3437 2197 3643 2266 pedibus
3662 2213 3677 2250 :
3698 2194 3774 2250 sed

2234 2283 2480 2339 estfacta
2518 2295 2693 2341 tamen
2723 2303 2736 2339 :
2770 2287 2857 2342 ubi
2880 2297 2963 2343 est
3000 2287 3334 2355 intellectus,
3367 2288 3456 2343 ubi
3496 2297 3576 2343 est
3613 2302 3773 2349 mens.

2237 2376 2325 2431 ubi
2353 2380 2487 2432 talio
2515 2377 2890 2449 iuchIigandte
2914 2366 3154 2436 veritatis
3181 2382 3202 2412 ³
3234 2420 3253 2447 ,
3292 2380 3380 2435 ubi
3408 2389 3489 2435 est
3514 2378 3667 2444 lides,
3705 2378 3774 2431 ubi

2233 2480 2314 2524 est
2340 2485 2464 2540 spes
2490 2481 2662 2527 vestra
2681 2514 2696 2535 ,
2727 2472 2812 2527 ubi
2850 2471 3082 2529 cbaritas
3124 2484 3303 2529 vestra
3327 2515 3341 2539 ,
3390 2474 3458 2529 ibi
3490 2474 3641 2529 habet
3663 2473 3777 2526 Deus

2234 2561 2514 2629 imaginem
2539 2578 2689 2619 suam
2715 2581 2728 2617 :
2759 2564 2842 2619 vel
2872 2565 2941 2619 ibi
2972 2565 3265 2636 intelligitis
3286 2574 3343 2622 et
3364 2565 3550 2620 videtis
3567 2565 3675 2635 quia
3695 2564 3775 2616 ista

2235 2664 2535 2719 transeunt,
2582 2657 2704 2726 quia
2731 2657 2810 2717 sic
2838 2656 2971 2713 dixit
2999 2659 3052 2711 in
3079 2658 3184 2714 alio
3215 2659 3464 2728 psalmo,
3512 2656 3777 2726 Quanquam

2232 2744 2283 2798 in
2327 2745 2544 2816 imagine
2582 2748 2799 2801 ambulet
2837 2749 3017 2813 homo,
3063 2759 3232 2803 tamen
3274 2767 3405 2804 varie
3446 2746 3779 2803 conturbatur:
3819 2773 3823 2777 -

2233 2839 2556 2901 thesaurisat,
2583 2848 2631 2893 et
2655 2840 2810 2894 nescit
2823 2841 2904 2893 cui
2931 2841 3254 2911 congregabit
3287 2858 3351 2896 ea
3372 2840 3392 2913 (
3414 2840 3554 2895 Psal.
3577 2852 3745 2895 XXXVlii
3762 2876 3776 2900 1

2230 2928 2317 3002 7).
2361 2929 2475 2984 Non
2524 2930 2834 2997 turbemini,
2879 2932 3000 3002 quia
3049 2934 3466 3004 qualiacumque
3509 2941 3627 2987 sunt
3665 2930 3776 2990 ista,

2232 3022 2535 3077 transitoria
2566 3032 2727 3088 sunt,
2756 3024 2800 3077 si
2845 3023 3089 3082 homines
3126 3025 3264 3080 estis
3298 3026 3350 3079 in
3391 3025 3595 3079 honore
3619 3021 3778 3091 positi,

2231 3126 2286 3171 et
2311 3116 2619 3186 intelligitis.
2647 3115 2778 3177 Nam
2805 3117 2850 3171 si
2897 3118 3140 3172 homines
3164 3118 3215 3172 in
3252 3117 3462 3173 honore
3506 3115 3655 3186 positi
3690 3129 3779 3167 tum

2230 3208 2518 3278 intelligitis
2539 3249 2555 3273 ,
2584 3210 2962 3279 comparamini
2998 3212 3258 3281 jumentis
3306 3209 3618 3276 insensatis,
3646 3215 3695 3263 et
3714 3206 3778 3261 si-

2230 3300 2382 3355 miles
2400 3299 2670 3357 ellicitnini
2699 3301 2828 3357 illis.

2622 3517 2701 3577 IN
2747 3516 3121 3580 PSALMUM
3162 3519 3381 3583 XLIX

2810 3638 3222 3695 ENARRATIO.

2738 3768 2910 3813 εειιιιο
2950 3770 3016 3808 AD
3068 3770 3293 3817 Ριειιειι.

2317 3892 2363 3945 l.
2415 3888 2567 3963 [vers.
2621 3888 2701 3963 1.]
2739 3890 3001 3956 Quantum
3046 3889 3200 3944 nobis
3242 3891 3428 3946 valeat
3493 3902 3664 3945 sermo
3709 3884 3784 3939 Dei

2226 3983 2291 4039 ad
2317 3983 2702 4039 correctionem
2733 3982 2851 4037 vita:
2878 3991 3094 4049 nostrae,
3121 3992 3176 4038 et
3199 3982 3266 4037 ad
3298 3982 3569 4057 speranda
3600 3976 3783 4051 prminia

2226 4079 2340 4147 ejus
2368 4090 2654 4147 pinnasque
2683 4073 3015 4140 metuendus,
3050 4074 3426 4143 unusquisque
3455 4074 3510 4128 in
3542 4087 3600 4127 se
3626 4068 3790 4125 utetia-

2228 4168 2386 4233 tur';
2430 4179 2481 4221 et
2525 4166 2901 4221 conscientiam
2944 4181 3092 4220 suam
3137 4173 3262 4220 ante
3310 4166 3503 4220 oculos
3545 4164 3654 4234 ejus
3693 4159 3787 4213 sine

2225 4262 2351 4315 dolo
2379 4268 2572 4330 ponat,
2618 4272 2716 4312 nec
2752 4258 2854 4313 sibi
2893 4256 3188 4311 blandiatur
3232 4255 3285 4310 in
3345 4265 3501 4311 tanto
3547 4251 3787 4325 periculo;

2225 4352 2472 4423 inueniam
2503 4357 2557 4404 et
2586 4350 2698 4418 ipse
2738 4348 2993 4402 Dominus
3039 4348 3174 4402 Deus
3210 4330 3415 4402 'noster
3456 4345 3649 4401 videtis
3689 4340 3787 4411 quia

2227 4445 2351 4498 nulli
2403 4432 2668 4497 blanditur
2709 4460 2721 4495 :
2765 4443 2900 4496 etsi
2947 4441 3252 4496 consolatur
3300 4456 3406 4494 nos
3460 4433 3792 4510 promittendo

2225 4537 2362 4590 bona
2391 4550 2506 4598 sua,
2553 4542 2605 4587 et
2642 4529 3006 4588 continuando
3049 4545 3198 4598 spem
3248 4540 3541 4592 nostram;
3574 4525 3704 4582 male
3730 4522 3790 4571 vi-

2224 4628 2468 4684 ventibus
2514 4634 2711 4685 tamen.
2763 4634 2816 4678 et
2857 4622 3325 4677 eonteninentibus
3381 4621 3613 4678 verbum
3658 4629 3791 4671 suum

2223 4718 2441 4775 mnninn
2485 4734 2588 4772 non
2622 4717 2805 4788 parcit.
2851 4713 3143 4784 lnterroget
3188 4728 3248 4769 se
3292 4715 3670 4783 unusquisque
3692 4722 3792 4763 eum

2223 4823 2432 4884 tempus
2471 4821 2551 4869 cst
2576 4853 2590 4877 ,
2622 4821 2676 4866 et
2704 4810 2879 4865 videat
2905 4809 2990 4864 ubi
3022 4809 3130 4874 sit,
3171 4818 3226 4863 et
3258 4817 3358 4863 aut
3406 4811 3715 4878 perseveret
3751 4799 3795 4852 in

2224 4905 2399 4971 bono,
2429 4913 2519 4960 aut
2546 4911 2776 4958 mutetur
2803 4916 2831 4953 a
2872 4901 3030 4955 malo.
3079 4900 3225 4956 Sicut
3263 4901 3416 4955 enim
3461 4901 3594 4954 dicit
3630 4898 3681 4952 in
3711 4896 3798 4948 hoc

2223 4997 2446 5067 psalmo,
2475 5010 2581 5049 non
2611 4994 2929 5067 quicumque
2962 4992 3140 5053 homo,
3171 5000 3261 5045 aut
3288 4991 3627 5061 quicumque
3655 4996 3799 5054 ange-

2222 5088 2326 5150 lus,
2358 5086 2450 5141 sed
2480 5084 2617 5139 Deus
2640 5084 2845 5137 deorum
2887 5080 3134 5135 Dominus
3167 5080 3368 5135 locutus
3396 5092 3495 5135 est.
3527 5074 3800 5149 Loqneudo

2221 5191 2395 5233 autem
2425 5176 2548 5247 quid
2575 5175 2723 5247 egit?
2758 5174 2959 5228 Vocavit
2985 5184 3170 5256 terram
3197 5188 3229 5226 a
3264 5172 3396 5226 solis
3426 5166 3548 5225 oriu
3573 5182 3726 5223 nsatte
3740 5162 3799 5216 ad

2220 5284 2468 5323 occasum.
2517 5266 2617 5332 Qui
2647 5264 2853 5319 vocavit
2895 5254 3087 5317 terrain
3124 5278 3155 5315 a
3196 5261 3326 5315 solis
3370 5273 3502 5315 ortu
3535 5274 3704 5327 usque
3743 5254 3801 5306 ad

2219 5378 2483 5427 occasum,
2520 5360 2772 5415 Dominus
2798 5370 2976 5413 uoster
3001 5368 3053 5410 ct
3079 5356 3324 5411 Salvator
3354 5366 3445 5410 est
3472 5353 3634 5409 lesus
3660 5346 3803 5404 Chr;-

2280 5522 2297 5552 ί
2331 5520 2405 5568 sic
2425 5514 2638 5566 melioris
2658 5522 2785 5564 noue
2806 5520 2912 5563 uss.
2936 5512 3052 5563 Editi
3067 5524 3203 5570 vero,
3225 5509 3557 5561 iamautem.

2281 5587 2300 5613 ³
2332 5563 2509 5645 δεῖ)ἆῷ
2526 5563 2776 5645 ᾗεῶμεά,
2801 5572 2980 5645 sedeat
3001 5575 3128 5638 facta
3151 5563 3296 5635 triens,
3324 5571 3419 5628 ubi
3434 5577 3531 5634 est.
3552 5576 3651 5622 etc.
3677 5563 3799 5619 Pauli

2219 5650 2327 5709 post
2350 5655 2363 5690 :
2390 5636 2944 5709 invigilandmwritalis.
2963 5696 2993 5709 η

2280 5707 2301 5739 ³
2333 5710 2437 5755 Mss.
2464 5700 2609 5751 vatio.
2632 5709 2686 5751 et
2704 5706 2838 5762 neg.,
2865 5700 3135 5751 meditetur.
