4004 6200
221 277 328 331 51Ξὸ

213 403 364 444 Slus»
387 389 618 446 Verbum
661 391 790 447 caro
820 393 1036 461 factum,
1083 405 1135 448 ιιι
1180 394 1498 448 inhabitarct
1537 395 1586 447 in
1621 393 1791 445 nobis.

215 483 472 535 Durniuus
513 498 639 548 ergo
681 495 860 538 noster
900 485 1052 540 Jesus
1099 485 1338 550 Christus
1389 487 1524 538 Deus
1577 495 1802 538 deorum

213 585 335 637 est;
366 575 486 645 quia
519 591 611 644 per
641 576 811 644 ipsum
855 576 987 631 facta
1020 590 1143 631 sunt
1176 578 1351 631 omnia
1378 620 1393 644 ,
1438 589 1493 631 et
1525 579 1638 631 sine
1685 579 1800 644 ipso

212 666 410 719 factum
446 677 527 720 est
570 667 719 720 nihil.
765 667 990 722 Verbum
1035 670 1160 732 Dei,
1195 670 1237 722 si
1287 670 1428 724 Deus
1467 681 1584 731 est,
1619 668 1798 736 utique

213 760 355 810 Deus
405 757 622 812 dt'Ot‘ttttt
655 768 776 814 est:
813 770 982 814 utrum
1014 772 1191 816 autem
1232 763 1300 816 sit
1342 763 1510 823 Deus,
1561 763 1799 831 Evange-

208 847 340 900 liqu
372 848 684 915 respondet,
719 848 783 902 lu
809 851 1059 920 principio
1087 860 1191 904 erat
1234 851 1468 912 Verbum.
1492 863 1538 906 et
1579 851 1795 905 Verbum

205 949 321 992 erat
341 941 477 1009 apud
509 939 687 1006 Deum,
719 951 765 995 et
795 941 928 996 Deus
951 953 1054 996 erat
1093 943 1302 997 Verbum
1329 944 1506 1011 (Joan.
1535 961 1570 1006 I,
1722 945 1791 1012 1).

209 1030 283 1084 Et
311 1032 354 1085 si
380 1025 558 1085 omnia
593 1048 686 1100 per
716 1032 886 1101 ipsum
911 1034 1044 1088 facta
1067 1045 1208 1096 sunt,
1239 1035 1373 1090 sicut
1400 1047 1794 1106 consequenter

204 1124 379 1189 dicit,
411 1135 462 1178 et
490 1124 562 1178 dii
591 1125 634 1179 si
669 1127 757 1194 qui
802 1126 921 1181 facti
962 1137 1118 1193 sunt,
1163 1144 1255 1196 per
1297 1130 1465 1196 ipsum
1501 1129 1619 1183 facti
1647 1139 1790 1184 sunt.

206 1216 363 1271 Unus
389 1217 530 1271 enim
565 1217 703 1271 Deus
733 1233 836 1271 non
871 1220 1059 1284 factus,
1088 1230 1140 1274 et
1167 1236 1286 1274 vere
1313 1221 1452 1275 Deus
1483 1222 1595 1290 ipse
1624 1223 1789 1275 solus.

205 1308 328 1375 Ipse
353 1318 526 1363 autem
555 1308 699 1363 solus
725 1309 884 1372 Deus,
915 1311 1067 1365 Pater
1089 1321 1144 1366 et
1164 1312 1327 1366 Filius
1349 1322 1401 1366 et
1423 1312 1650 1382 Spiritus
1671 1329 1795 1367 sau-

200 1412 326 1455 ctus
340 1442 356 1462 ,
385 1416 518 1453 unus
550 1401 708 1455 Deus.

280 1493 333 1547 2.
369 1493 446 1547 Dii
477 1509 606 1563 ergo
632 1509 856 1563 quorum
886 1495 1024 1549 Deus
1047 1505 1128 1549 est
1152 1511 1309 1550 verus
1338 1496 1495 1562 Deus,
1524 1497 1611 1565 qui
1642 1508 1786 1562 sunt,

203 1593 305 1636 aut
335 1584 418 1637 ubi
451 1585 613 1638 sunt?
646 1585 778 1638 Dicit
817 1585 951 1641 alius
983 1589 1220 1655 psalmus
1249 1605 1262 1641 :
1305 1586 1440 1641 Deus
1468 1589 1596 1640 stetit
1623 1589 1674 1642 in
1701 1605 1789 1658 sy-

200 1692 404 1745 nagoga
427 1675 671 1740 deorum;
711 1677 761 1729 in
787 1679 950 1730 medio
975 1688 1138 1731 autem
1163 1679 1281 1733 deos
1318 1680 1572 1733 discernit.
1605 1681 1790 1737 Adhuc

203 1767 480 1819 nescimus
508 1783 573 1821 ne
602 1765 738 1822 forte
775 1768 845 1822 dii
883 1769 1045 1839 aliqui
1078 1770 1128 1823 in
1160 1771 1298 1824 cudo
1327 1774 1628 1840 congregati
1660 1774 1784 1838 sint,

201 1865 269 1910 et
296 1856 345 1909 in
367 1871 551 1910 eorum
574 1859 1004 1928 congregatione,
1031 1858 1130 1914 hoc
1156 1870 1238 1915 est
1258 1862 1397 1915 enim
1423 1861 1473 1915 in
1501 1877 1787 1933 synagoga,

203 1946 357 2001 stetit
384 1946 520 2001 Deus
550 1948 854 2004 discernere
887 1950 1026 2004 illos.
1059 1950 1246 2006 Videte
1282 1952 1332 2006 in
1363 1953 1550 2007 eodem
1585 1955 1790 2023 psalmo

208 2037 400 2107 quibus
421 2037 561 2092 dicat
586 2057 598 2091 :
625 2038 734 2110 Ego
754 2041 880 2107 dixi,
910 2040 991 2094 Dii
1015 2041 1148 2105 estis,
1174 2052 1218 2096 et
1240 2043 1334 2111 ﬁlii
1361 2042 1557 2097 Excelsi
1582 2061 1752 2100 ontncs
1769 2063 1788 2099 :

197 2145 296 2186 sos
313 2139 483 2182 autem
503 2139 555 2183 ut
576 2131 798 2187 homines
825 2134 1124 2196 moriemini,
1149 2145 1194 2187 et
1214 2135 1340 2188 sicut
1366 2153 1496 2189 unus
1515 2153 1576 2190 ex
1600 2138 1790 2208 princi-

202 2221 355 2273 ﬁbus
382 2220 568 2274 cadetis
594 2221 762 2291 (Psal.
792 2239 977 2286 um,
1011 2225 1034 2278 1
1062 2266 1076 2286 ,
1109 2226 1140 2280 6
1166 2268 1181 2290 ,
1212 2227 1285 2296 7).
1329 2226 1662 2282 Manifestum
1706 2238 1788 2284 est

207 2324 356 2382 ergo,
382 2312 503 2380 quia
534 2311 774 2368 homines
800 2314 932 2368 dixit
958 2315 1090 2370 deos
1116 2359 1130 2380 ,
1159 2331 1221 2371 ex
1254 2318 1420 2386 gratia
1448 2333 1541 2372 sua
1566 2319 1786 2374 deiﬁca-

200 2413 312 2468 th,
347 2418 451 2456 non
481 2403 548 2458 de
577 2404 865 2458 substantia
903 2421 998 2460 sua
1031 2417 1203 2461 natos.
1231 2407 1324 2462 llle
1344 2409 1484 2463 enim
1511 2409 1784 2479 justilicat,

209 2493 294 2562 ',ui
326 2510 420 2562 per
443 2496 785 2564 seruetipsum
815 2512 918 2550 non
939 2512 1002 2552 ex
1030 2498 1321 2568 aliojustus
1340 2511 1420 2554 est
1443 2517 1458 2564 ;
1487 2509 1540 2555 et
1561 2501 1648 2556 ille
1676 2501 1788 2557 dei-

202 2586 369 2648 ﬁcat,
414 2585 504 2655 qui
555 2601 648 2654 per
692 2589 927 2656 seipsum
971 2605 1075 2642 non
1115 2589 1337 2643 alterius
1386 2593 1788 2661 participatione

199 2681 348 2734 Deus
375 2689 478 2732 est.
507 2677 603 2745 Qui
631 2689 806 2734 autem
835 2680 1106 2745 justiticat,
1136 2683 1250 2750 ipse
1279 2683 1512 2749 deilicat,
1544 2687 1664 2754 quia
1697 2686 1788 2755 ju-

202 2769 507 2834 stiﬁcaudo,
537 2771 674 2824 ﬁlios
703 2771 793 2825 Dei
827 2772 966 2826 facit.
998 2771 1148 2826 Dedit
1170 2775 1304 2826 enim
1325 2777 1394 2827 cis
1418 2785 1703 2843 potestatem
1724 2778 1790 2846 fi-

200 2861 299 2915 lios
333 2859 429 2914 Det
455 2861 565 2929 ﬁeri
590 2861 766 2934 (Joan.
802 2879 838 2926 l,
874 2863 984 2934 1‘2).
1015 2865 1068 2918 Si
1099 2865 1188 2919 ﬁlii
1220 2866 1311 2920 Dei
1343 2867 1460 2921 facti
1492 2883 1705 2932 sumus,
1735 2878 1788 2923 et

216 2954 274 3008 iii
300 2953 430 3009 facti
462 2970 643 3010 smnus
672 2974 684 3009 :
715 2955 808 3011 sed
850 2957 949 3011 hoc
977 2959 1162 3028 gratiae
1200 2972 1281 3014 est
1321 2961 1650 3030 adoptantis,
1682 2979 1784 3018 non

198 3056 414 3101 natura:
455 3047 776 3116 generantis.
820 3047 1014 3104 Unicus
1053 3051 1194 3104 enim
1238 3051 1330 3106 Dei
1361 3051 1528 3106 Filius
1568 3054 1706 3108 Deus
1734 3064 1789 3109 et

207 3153 327 3194 tum
352 3139 506 3194 Patre
527 3156 661 3194 unus
681 3141 837 3206 Deus,
869 3142 1122 3197 Dominus
1145 3154 1197 3197 et
1221 3143 1462 3198 Salvator
1487 3156 1665 3200 noster
1689 3147 1782 3201 Je-

201 3247 302 3286 sus
333 3229 612 3296 Christus,
661 3233 712 3286 iu
750 3233 1005 3302 principio
1035 3235 1260 3290 Verbum
1298 3247 1352 3291 et
1393 3237 1622 3293 Verbum
1647 3241 1785 3309 apml

205 3322 398 3384 Deum,
444 3321 673 3377 Verbum
718 3325 876 3378 Deus.
929 3325 1116 3379 Caneri
1169 3327 1433 3395 qui'iiuut
1475 3329 1569 3394 dii,
1618 3333 1785 3400 gratia

203 3412 375 3482 ipsius
406 3414 540 3467 linnt
560 3453 575 3479 ,
604 3430 708 3469 non
738 3415 806 3470 de
829 3416 1118 3470 substantia
1147 3417 1261 3486 ejus
1287 3430 1575 3474 nascuntur
1601 3432 1658 3476 ut
1686 3422 1786 3478 hoc

197 3504 310 3560 sint
337 3503 482 3574 quod
510 3504 598 3558 ille
621 3546 636 3570 ,
679 3505 772 3560 sed
804 3514 858 3560 ut
883 3523 976 3575 per
1011 3507 1326 3562 beneﬁcium
1371 3513 1679 3579 perveniant
1717 3515 1783 3568 ad

195 3612 322 3649 eum
351 3638 366 3660 ,
396 3605 450 3649 et
481 3598 586 3650 sint
610 3597 916 3671 cohmrcdes
942 3598 1157 3654 Christi.
1195 3600 1360 3655 Tanta
1387 3603 1526 3657 enim
1555 3605 1786 3661 cliaritas

195 3696 284 3740 est
333 3687 391 3740 in
441 3687 532 3740 illo
579 3687 806 3752 haerede,
857 3699 912 3742 ut
955 3671 1179 3746 voluerit
1215 3691 1413 3748 habere
1455 3697 1782 3752 cohan'cdcs.

193 3778 333 3844 Quis
362 3780 465 3833 hoc
487 3795 676 3835 avarus
704 3781 862 3835 homo
888 3784 1043 3848 velit,
1076 3783 1270 3839 habere
1294 3787 1644 3843 coliarredes?
1679 3789 1784 3845 Sed

193 3880 253 3926 et
283 3872 376 3942 qui
407 3871 675 3926 invenitur
701 3873 834 3929 velle
853 3915 868 3939 ,
898 3874 1095 3930 dividet
1123 3891 1243 3930 cum
1271 3877 1350 3932 eis
1382 3877 1744 3934 lnercditatcm
1766 3923 1782 3948 ,

192 3965 382 4018 minus
405 3964 604 4019 habens
628 3967 740 4034 ipse
759 3966 1001 4021 dividens
1027 3983 1184 4036 quam
1208 3969 1251 4022 si
1277 3969 1425 4024 solus
1446 3971 1742 4038 possideret
1767 3991 1780 4027 :

190 4056 492 4112 haereditas
533 4066 708 4111 autem
756 4058 807 4110 iu
842 4073 942 4127 qua
985 4058 1293 4125 colnuredes
1333 4059 1525 4115 Citriin
1557 4079 1780 4132 sumus,

186 4166 308 4216 non
352 4150 608 4204 minuitur
651 4151 800 4218 copia
843 4165 1225 4219 possessorum,
1277 4169 1375 4208 nec
1415 4154 1471 4207 11ι
1513 4157 1786 4225 augustior

186 4233 585 4296 nutrierositate
604 4241 941 4296 colueredum
968 4259 982 4306 ;
1006 4243 1098 4297 sed
1125 4253 1266 4298 tanta
1288 4255 1370 4300 est
1392 4249 1570 4302 multis
1591 4261 1782 4319 quanta

181 4335 407 4404 paucis,
439 4342 580 4386 tanta
611 4333 833 4404 singulis
860 4344 1053 4403 quanta
1082 4337 1346 4392 omnibus.
1389 4337 1580 4404 Videte,
1615 4341 1784 4411 ittquit

179 4425 492 4494 apostolus,
530 4424 728 4495 qualem
761 4424 1068 4478 dilectionem
1095 4427 1233 4480 nobis
1253 4429 1389 4482 dedit
1414 4429 1548 4484 Deus
1567 4473 1581 4494 ,
1615 4443 1666 4484 ut
1689 4433 1786 4500 ﬁlii

142 4523 148 4528 ’
181 4519 289 4572 Dei
334 4534 568 4570 vocentur
601 4528 648 4570 et
688 4518 860 4570 simus.
904 4519 966 4571 Et
1001 4519 1052 4572 iu
1090 4519 1193 4573 alio
1234 4521 1351 4575 loco
1382 4539 1396 4574 :
1425 4521 1781 4591 Dilectissimi,

174 4611 288 4678 ﬁlii
316 4608 415 4661 Dei
439 4626 626 4674 sumus,
661 4619 706 4661 ct
736 4611 958 4661 nondum
983 4611 1220 4678 apparuit
1260 4613 1380 4680 quid
1403 4615 1611 4667 erimus.
1645 4615 1784 4685 Ergo

168 4717 387 4757 smnus
413 4700 466 4753 in
492 4716 588 4768 Spe
612 4742 625 4763 ,
657 4700 893 4753 nondum
924 4701 973 4753 iu
1006 4717 1080 4755 rc.
1116 4701 1316 4756 Scimus
1353 4712 1555 4769 autent,
1591 4705 1780 4774 inquit,

163 4792 437 4862 quoniam
473 4778 586 4843 cum
618 4791 946 4861 apparuerit,
985 4792 1169 4845 similes
1211 4793 1255 4846 ei
1291 4794 1508 4858 erimus,
1548 4797 1783 4863 quoniam

163 4882 477 4939 videbimus
503 4899 616 4935 eum
645 4883 789 4936 sicuti
813 4893 884 4936 est
913 4883 957 4954 (l
984 4882 1140 4938 Jaun.
1168 4901 1221 4938 ιιι
1244 4927 1258 4950 ,
1289 4888 1339 4951 1,
1367 4885 1448 4954 εξ).
1486 4885 1680 4942 Unicus
1705 4890 1782 4944 si-

161 4975 336 5030 milis
366 4972 656 5038 nascendo,
686 4989 782 5028 nos
808 4973 1010 5028 similes
1047 4975 1274 5029 videndo
1303 4976 1343 5028 ¹.
1385 4975 1501 5030 Non
1541 4979 1684 5032 enim
1713 4981 1780 5034 ita

154 5066 400 5124 similes
429 5073 486 5118 ut
511 5065 618 5129 ille,
650 5066 739 5135 qui
785 5065 887 5121 hoc
925 5075 1011 5121 est
1051 5067 1190 5136 quod
1236 5067 1324 5122 ille
1360 5083 1398 5131 _a
1440 5083 1546 5138 quo
1569 5072 1783 5140 genitus

154 5169 254 5215 est
299 5175 318 5212 :
359 5170 460 5210 nos
484 5157 626 5210 enim
651 5157 871 5222 similes,
905 5171 1009 5210 non
1035 5159 1264 5227 :equales
1295 5176 1308 5210 :
1343 5159 1429 5213 ille
1451 5162 1571 5229 quia
1598 5177 1780 5232 :rqua-

157 5254 236 5307 lis
257 5292 284 5317 ,
326 5247 457 5302 ideo
482 5248 693 5302 similis.
723 5249 1038 5303 Audivimus
1075 5249 1162 5318 qui
1197 5251 1304 5303 sint
1327 5250 1397 5304 dii
1428 5251 1549 5306 facti
1583 5252 1780 5322 justiti-

149 5343 305 5404 cati,
347 5339 472 5408 quia
503 5339 594 5393 ﬁlii
625 5339 718 5394 Dei
741 5339 1033 5402 dicuntur;
1067 5349 1120 5392 et
1147 5339 1218 5393 dii
1260 5341 1348 5410 qui
1380 5359 1482 5396 non
1510 5354 1634 5396 sunt
1663 5343 1733 5397 dii
1761 5387 1776 5408 ,

144 5435 387 5506 quibus
430 5431 518 5485 ille
569 5431 708 5486 Deus
747 5431 970 5486 deorum
1016 5431 1268 5486 terribilis
1307 5444 1408 5486 est.
1458 5435 1594 5489 Dicit
1633 5436 1773 5490 enim

149 5532 318 5588 alius
378 5525 658 5594 psalmus:
689 5523 949 5578 Terribilis
995 5534 1066 5577 est
1111 5541 1260 5593 super
1307 5543 1479 5581 omnes
1525 5529 1662 5580 deos.
1712 5528 1776 5582 Et

143 5621 335 5697 quasi
371 5633 675 5688 quaereres,
704 5618 847 5684 Quos
875 5617 1045 5672 deos?
1074 5618 1321 5684 Quoniam
1349 5637 1518 5674 omnes
1559 5622 1629 5672 dii
1656 5638 1776 5691 gut-

221 5753 242 5782 ¹
276 5751 379 5799 Sic
403 5760 509 5805 Mss.
538 5761 592 5804 At
614 5753 742 5814 F.1d,
764 5752 972 5804 vivendo.

1315 279 1707 338 ENARRATIO
1747 277 1814 334 1N
1850 277 2173 344 PSALMUM
2207 290 2390 347 XLIX.

3383 311 3495 367 566

1903 402 2023 452 tium
2055 404 2302 457 dccmonia
2329 405 2498 473 (Psal.
2528 426 2647 472 xcv,
2679 413 2730 471 -i,
2764 415 2837 479 5).
2871 416 2976 468 Diis
2999 420 3251 488 gentium,
3282 423 3484 479 dminu-

1903 493 2004 545 uiis
2028 497 2276 549 terribilis
2303 513 2316 559 ;
2345 499 2445 551 diis
2474 515 2502 552 a
2531 516 2589 555 se
2622 503 2790 569 factis,
2820 507 2940 561 liliis
2961 512 3222 565 amabilis.
3251 516 3488 571 Proinde-

1901 582 2214 639 conﬁtentes
2245 589 2574 656 maiestatem
2608 593 2696 647 Dei
2729 606 2980 667 utrosque
3010 601 3223 657 invenio
3244 646 3259 668 ,
3286 619 3339 660 ct
3365 609 3474 662 da:-

1899 677 2072 728 tnonia
2100 678 2344 733 eoril'essa
2365 694 2488 735 sunt
2510 683 2798 753 Gliristum,
2823 700 2875 742 et
2903 691 3086 748 ﬁdeles
3107 697 3336 753 confessi
3355 715 3476 755 Sunt

1898 767 2187 824 Christum.
2237 772 2310 827 Tu
2333 793 2383 829 es
2406 775 2632 833 Christus
2665 780 2712 833 ἔν’
2713 783 2828 836 ilius
2857 784 2948 839 Dei
2975 789 3087 850 rivi,
3119 791 3250 846 dixit
3292 794 3478 848 Petrus

1899 859 2105 927 (:ilattlt.
2141 879 2225 916 xvi
2252 906 2265 928 ,
2311 866 2418 936 16).
2451 868 2652 924 Scimus
2691 875 2776 942 qui
2815 876 2884 930 sis
2912 893 2932 931 :
2958 889 3010 931 tu
3053 896 3104 934 cs
3147 881 3314 938 Filius
3342 885 3435 938 Dei
3465 931 3476 946 .

1896 952 2138 1007 dixerunt
2167 956 2440 1013 darmones
2469 960 2657 1027 (Marc.
2683 981 2732 1028 v,
2763 968 2838 1036 7).
2866 968 3048 1023 Parem
3077 973 3232 1028 audio
3261 977 3476 1032 confes--

1895 1047 2119 1107 sionem.
2172 1049 2263 1102 ενι]
2315 1068 2416 1105 non
2461 1068 2642 1121 parem
2694 1058 2906 1114 invenio
2951 1057 3322 1133 dilectioucm’;
3368 1074 3474 1126 imo

1894 1152 2024 1190 vero
2049 1138 2135 1192 hic
2164 1141 2524 1207 dilectionem,
2558 1146 2624 1199 ibi
2657 1161 2921 1205 umorem.
2949 1153 3150 1220 Quibus
3175 1173 3302 1228 ergo
3327 1177 3474 1215 ania-

1896 1226 2037 1290 bilis,
2071 1231 2158 1283 lilii
2191 1244 2347 1297 sunt;
2385 1237 2576 1304 quibus
2604 1241 2878 1305 terribilis,
2912 1245 3003 1299 lilii
3027 1262 3130 1302 non
3164 1226 3284 1304 sunt
3316 1270 3329 1306 :
3358 1256 3471 1324 qui-

1893 1320 1993 1374 bus
2015 1325 2274 1389 amabilis,
2307 1327 2437 1390 deos
2477 1331 2595 1384 illos
2626 1333 2779 1399 fecit;
2813 1338 3004 1403 quibus
3031 1343 3281 1399 terribilis
3306 1389 3320 1413 ,
3364 1320 3468 1404 non
3558 1361 3566 1365 ’

1891 1427 2013 1466 esse
2035 1413 2164 1470 deos
2189 1418 2470 1474 convincit.
2517 1423 2576 1476 lli
2605 1424 2744 1478 enim
2779 1426 2850 1480 dii
2884 1428 3040 1496 ﬁunt,
3075 1433 3147 1487 illi
3172 1435 3242 1488 dii
3275 1447 3468 1505 putan-

1895 1514 1978 1559 tur
2010 1524 2022 1559 :
2055 1505 2150 1561 bos
2176 1508 2305 1564 deos
2333 1509 2458 1566 facit
2487 1516 2699 1582 veritas,
2743 1519 2861 1575 illos
2890 1538 3042 1578 error
3072 1527 3357 1584 existimat.

1935 1599 2016 1653 ’5.
2058 1599 2195 1655 Deus
2237 1619 2364 1672 ergo
2410 1605 2618 1662 deorum
2671 1610 2918 1669 Dominus
2968 1619 3164 1674 locutus
3216 1632 3308 1675 est.
3356 1623 3466 1679 Lo-

1890 1698 2042 1745 cutus
2088 1704 2169 1748 est
2209 1697 2388 1761 multis
2437 1699 2628 1755 modis.
2673 1703 2776 1758 Per
2819 1708 3049 1778 Angelos
3100 1712 3214 1780 ipse
3259 1715 3490 1772 locutus

1890 1791 2008 1848 est,
2065 1799 2161 1852 per
2204 1785 2496 1856 Pmpbctas
2541 1793 2652 1861 ipse
2691 1796 2896 1852 locutus
2949 1810 3048 1862 est,
3089 1819 3183 1872 per
3224 1820 3286 1859 os
3339 1823 3457 1875 pro-

1890 1874 2062 1943 prium
2115 1876 2230 1948 ipse
2281 1879 2486 1936 locutus
2530 1893 2646 1951 est,
2702 1902 2794 1957 per
2848 1890 3134 1960 Apostolus
3179 1909 3305 1950 suos
3343 1874 3449 1966 ipse

1890 1965 2096 2022 locutus
2122 1979 2235 2036 est,
2262 1987 2357 2042 per
2383 1973 2564 2030 ﬁdeles
2599 1992 2726 2034 suos
2765 1979 2878 2050 ipse
2923 1983 3158 2053 loquitur
3180 2029 3195 2053 ,
3236 2003 3332 2057 per
3374 1965 3480 2044 lin--

1888 2058 2163 2115 militatem
2211 2076 2481 2130 nostram,
2539 2084 2662 2124 cum
2718 2073 2913 2142 aliquid
2970 2091 3153 2132 verum
3215 2080 3461 2146 dicimus,

1888 2150 2003 2219 ipse
2046 2153 2298 2224 loquitur.
2346 2157 2531 2216 Videte
2585 2162 2780 2233 itaque,
2832 2166 3098 2238 loquendo
3156 2172 3464 2244 multiplici-

1890 2251 1989 2310 ter,
2018 2247 2194 2303 multis
2225 2251 2414 2317 modis,
2450 2269 2544 2323 per
2563 2257 2722 2310 multa
2755 2273 2899 2325 vasa,
2925 2275 3019 2330 per
3041 2264 3203 2319 multa
3235 2281 3428 2336 organa
3447 2308 3463 2334 ,

1889 2337 2002 2405 ipse
2026 2347 2200 2394 tamen
2239 2352 2394 2397 sonat
2437 2345 2632 2415 ubique
2653 2389 2668 2414 ,
2717 2351 2981 2420 tangendo
3004 2395 3020 2419 ,
3068 2356 3421 2413 modiﬁcando
3447 2403 3461 2425 ,

1889 2425 2198 2496 inspirando
2229 2449 2242 2486 :
2277 2433 2451 2490 videte
2477 2437 2602 2504 quid
2630 2440 2820 2508 egerit.
2851 2440 3072 2498 Locutus
3109 2456 3180 2500 est
3221 2449 3386 2515 enim,
3419 2465 3497 2504 er-

1887 2521 2079 2572 vocavit
2102 2530 2301 2574 (errant.
2325 2524 2491 2590 Quam
2516 2536 2708 2582 terram
2730 2530 2754 2583 ?
2774 2531 2854 2584 An
2879 2532 3010 2588 forte
3037 2535 3265 2590 Africam
3288 2538 3312 2592 ?
3341 2555 3463 2608 pro-

1890 2618 2004 2676 pter
2024 2625 2118 2666 eos
2146 2613 2234 2682 qui
2264 2614 2464 2679 dicunt,
2500 2617 2736 2681 Ecclesia
2766 2621 2968 2690 Christi.
2991 2641 3112 2694 pars
3141 2628 3333 2685 Donati
3360 2643 3461 2696 est,

1887 2699 2065 2756 Solam
2091 2704 2304 2772 quidem
2335 2707 2563 2763 Africam
2608 2728 2712 2766 non
2744 2717 2983 2782 vocavit,
3013 2719 3107 2773 sed
3148 2730 3204 2775 et
3229 2721 3461 2780 Africam

1888 2807 1994 2846 non
2032 2796 2315 2864 separavit.
2356 2798 2455 2865 Qui
2498 2801 2639 2855 enim
2685 2806 2873 2858 vocavit
2911 2817 3097 2863 terram
3130 2827 3162 2863 a
3201 2814 3324 2867 solis
3351 2827 3462 2869 ortu

1888 2899 2042 2950 usque
2068 2886 2135 2938 ad
2162 2903 2412 2952 occasum,
2441 2892 2615 2947 nullas
2647 2894 2949 2965 relinquens
2991 2911 3169 2970 partes
3193 2919 3327 2974 quas
3359 2921 3463 2961 non

1889 2974 2089 3028 vocarit
2114 3016 2129 3040 ,
2175 2978 2228 3031 in
2267 2993 2360 3033 sua
2400 2983 2680 3038 vocatione
2704 2985 2937 3042 Africam
2979 2991 3197 3047 invenit.
3226 2994 3465 3052 Gaudeat

1888 3082 2014 3136 ergo
2045 3068 2094 3121 in
2125 3071 2325 3126 unitate
2347 3113 2362 3136 ,
2397 3088 2500 3127 non
2529 3077 2799 3144 superbiat
2823 3079 2874 3133 in
2901 3080 3179 3139 divisione.
3211 3085 3351 3142 Bene
3380 3089 3463 3143 di-

1887 3159 2056 3214 cimus
2081 3161 2200 3231 quia
2233 3179 2332 3218 vox
2360 3165 2455 3219 Dei
2484 3167 2704 3223 deorum
2735 3180 2788 3225 et
2815 3171 2869 3225 in
2897 3172 3132 3230 Africam
3160 3178 3322 3246 venit,
3357 3197 3461 3234 non

1888 3251 1939 3305 iu
1967 3252 2143 3307 Africa
2175 3258 2450 3311 remansit.
2502 3257 2708 3315 Vocavit
2739 3263 2882 3318 enim
2925 3275 3108 3321 terram
3146 3286 3178 3322 a
3205 3272 3327 3326 solis
3349 3282 3462 3327 ortu

1886 3360 2039 3412 usque
2060 3345 2128 3398 ad
2152 3363 2404 3416 occasum,
2435 3349 2551 3406 Non
2574 3363 2656 3408 est
2679 3355 2764 3409 ubi
2797 3355 2994 3412 lateant
3021 3359 3224 3416 insidiae
3255 3364 3463 3420 lucreti-

1885 3449 2065 3489 cormn
2091 3477 2106 3502 ,
2155 3455 2262 3493 non
2291 3439 2486 3497 habent
2527 3444 2578 3498 in
2617 3461 2717 3514 qua
2749 3463 2808 3502 se
2854 3449 3036 3506 umbra
3067 3452 3310 3511 falsitatis
3337 3458 3462 3513 abs-

1885 3529 2116 3582 condant
2163 3548 2176 3582 :
2210 3548 2308 3586 nec
2350 3535 2490 3589 enim
2535 3521 2616 3590 est
2656 3539 2745 3607 qui
2786 3555 2845 3595 se
2887 3541 3178 3598 abscondat
3215 3561 3245 3599 a
3285 3548 3464 3603 calore

1885 3617 1998 3686 ejus
2023 3619 2191 3690 (Psal.
2217 3639 2359 3688 xvut,
2391 3625 2464 3696 7).
2494 3625 2593 3694 Qui
2619 3638 2812 3683 terram
2836 3637 3060 3698 vocavit,
3089 3642 3142 3688 et
3169 3645 3329 3690 totam
3357 3646 3462 3691 ter-

1885 3727 1998 3765 ram
2041 3716 2246 3768 vocavit
2286 3734 2299 3768 :
2339 3719 2428 3788 qui
2481 3727 2674 3775 terram
2723 3727 2963 3791 vocavit,
3012 3735 3209 3782 tantam
3250 3733 3460 3785 vocavit

1885 3815 2134 3872 quantam
2176 3808 2468 3865 fabricavit.
2528 3811 2663 3878 Quid
2722 3815 2849 3869 mihi
2898 3804 3188 3890 exsdrgunt
3229 3824 3458 3892 pseudo-

1885 3901 2071 3955 cbristi
2098 3909 2151 3955 et
2182 3902 2688 3971 pseudnpmphelte?
2712 3906 2837 3976 quid
2868 3917 2958 3963 est'
2987 3911 3125 3979 quod
3168 3928 3252 3969 me
3283 3916 3461 3972 verbis

1886 3992 2136 4060 captiosis
2159 3992 2444 4061 illaqueare
2469 3994 2777 4061 moliuntur,
2809 3997 3078 4067 dicentes,
3118 4001 3253 4058 Ecce
3279 4005 3360 4060 hic
3385 4021 3458 4062 cst

1886 4084 2131 4152 Christus,
2154 4103 2264 4141 ecce
2301 4089 2406 4141 illic
2443 4098 2515 4143 est
2545 4088 2756 4159 (Matth.
2782 4109 2928 4162 tmv,
2964 4097 3098 4166 25)?
3135 4098 3249 4155 Non
3302 4103 3462 4156 audio

1886 4178 2224 4234 ostendentes
2254 4191 2429 4250 partes
2459 4199 2472 4236 :
2509 4183 2645 4236 Deus
2682 4184 2900 4240 deorum
2928 4196 3095 4246 totum
3124 4194 3252 4248 mihi
3279 4206 3459 4250 osten-

1885 4270 1962 4324 dit
1993 4272 2116 4343 :qui
2145 4275 2331 4326 vocavit
2361 4285 2545 4328 terram
2571 4293 2602 4326 a
2641 4278 2759 4330 solis
2788 4288 2899 4332 ortu
2927 4298 3082 4351 usque
3104 4285 3172 4337 ad
3196 4303 3458 4354 occasura,

1888 4371 2056 4417 totum
2096 4363 2366 4431 redemit;
2422 4374 2598 4434 partes
2655 4379 2831 4426 autem
2889 4372 3273 4429 calumniantes
3311 4392 3455 4443 Icon-

1885 4457 2171 4512 detnnavit.

1955 4553 2008 4606 4.
2037 4551 2186 4624 [vet-3.
2212 4550 2293 4624 2.]
2322 4551 2424 4607 Sed
2453 4554 2793 4622 audierimus,
2833 4572 2861 4610 a
2898 4559 3027 4612 solis
3052 4568 3172 4612 ortu
3200 4575 3368 4629 usque
3395 4564 3458 4616 ad

1885 4661 2132 4700 occasum
2160 4657 2398 4700 vocatam
2423 4656 2616 4702 terram
2648 4666 2661 4700 :
2690 4649 2827 4704 unde
2852 4652 3013 4721 ccepit
3034 4667 3225 4708 vocare
3255 4655 3341 4722 qui
3371 4671 3435 4710 vc

1885 4737 2062 4792 cavit?
2109 4737 2176 4792 Et
2206 4737 2304 4792 hoc
2327 4738 2546 4794 audite:
2579 4740 2660 4795 Ea:
2701 4741 2829 4796 Sion
2870 4744 3059 4813 species
3097 4744 3291 4800 decoris
3331 4747 3461 4817 ejus.

1885 4827 2042 4884 Certe
2089 4829 2377 4884 concordat
2426 4831 2664 4886 Psalmus
2718 4831 3006 4902 Evangelio
3049 4834 3245 4889 dicenti
3291 4853 3304 4890 :
3359 4837 3461 4890 l'er

1885 4937 2055 4975 omnes
2091 4929 2260 4992 gentes
2282 4963 2298 4988 ,
2339 4921 2690 4990 incipientibus
2715 4922 2777 4975 ab
2803 4920 3107 4977 Jerusalem.
3138 4926 3309 4992 Audi,
3360 4926 3462 4982 Per

1885 5029 2054 5067 omnes
2080 5021 2248 5084 gentes
2279 5028 2297 5066 :
2335 5010 2534 5066 Vocavit
2563 5023 2748 5065 terram
2773 5030 2806 5066 a
2828 5014 2948 5068 solis
2969 5025 3081 5069 ortu
3109 5033 3263 5089 usque
3290 5019 3357 5072 ad
3379 5037 3464 5073 oc-

1883 5121 2076 5158 casum.
2105 5104 2262 5165 Audi,
2287 5102 2646 5168 lncipientibus
2667 5102 2728 5155 ab
2753 5103 3036 5159 Jerusalem
3058 5121 3077 5159 :
3096 5105 3177 5160 Ita:
3201 5108 3326 5162 Sion
3349 5127 3462 5178 spe-

1883 5197 1982 5250 cies
2012 5195 2204 5249 decoris
2231 5195 2357 5262 ejus.
2393 5193 2553 5262 Ergo,
2591 5191 2794 5248 Vocavit
2823 5204 3006 5249 terram
3025 5212 3057 5250 a
3085 5196 3206 5251 solis
3231 5210 3343 5253 ortu
3373 5217 3460 5252 us—

1883 5304 1979 5356 qae
2005 5288 2070 5339 ad
2112 5303 2365 5351 occasum,
2394 5285 2682 5340 concordat
2726 5288 2900 5342 verbis
2939 5287 3161 5368 Domini
3188 5290 3412 5344 dicentis
3443 5308 3455 5341 :

1887 5379 2158 5448 Oportebat
2189 5377 2437 5433 Christum
2471 5377 2577 5446 pati
2595 5419 2609 5440 ,
2656 5387 2701 5430 et
2730 5391 2983 5444 resurgere
3019 5398 3052 5433 a
3079 5383 3287 5434 mortuis
3316 5383 3456 5433 tertia

1883 5473 1964 5525 die
1988 5514 2000 5533 ,
2035 5481 2078 5525 et
2106 5469 2371 5539 pra’dicari
2397 5469 2446 5522 in
2473 5470 2672 5521 nomine
2707 5469 2816 5538 ejus
2842 5469 3180 5537 pmiiitentiam
3212 5482 3256 5524 et
3283 5472 3457 5523 remis-

1881 5565 2068 5617 sionem
2097 5573 2408 5631 peccatorum
2439 5578 2525 5628 per
2566 5577 2734 5614 cantes
2761 5572 2929 5631 gentes
2963 5560 3108 5631 (Luc.
3141 5576 3268 5618 xxiv
3291 5603 3304 5622 ,
3347 5561 3450 5624 46,

1881 5658 1989 5712 .i'il.
2024 5655 2218 5710 Omnes
2247 5656 2387 5707 enim
2433 5665 2617 5722 uelites
2645 5663 2771 5707 sunt
2805 5669 2835 5708 a
2875 5655 3003 5708 solis
3041 5664 3158 5707 ortu
3193 5669 3357 5722 usque
3388 5655 3451 5709 ad

1880 5767 2143 5804 occasznu.
2174 5747 2324 5813 Quod
2370 5763 2498 5801 vero
2547 5743 2626 5798 Ex
2673 5745 2798 5799 Sion
2839 5745 3026 5814 species
3073 5745 3266 5798 decoris
3303 5746 3410 5814 ejus
3435 5779 3450 5805 ,
