4004 6200
532 295 631 349 567

531 413 671 485 quod
716 407 839 463 inde
883 401 1045 471 empit
1082 400 1246 453 decus
1286 392 1551 464 Evangelii
1595 390 1741 461 ejus,
1788 389 1928 460 quod
1961 388 2101 485 inde

533 483 833 562 annuntiari
863 498 1022 565 rapit
1046 493 1318 562 speciersns
1345 487 1511 543 forma
1541 501 1651 555 prie
1683 484 1802 539 filiis
1829 483 2104 537 hominum

535 601 701 671 (Psal.
732 608 851 649 xuv
876 633 891 651 ,
938 592 992 655 5)
1018 631 1031 650 ,
1061 583 1348 642 concordat
1378 581 1552 635 verbis
1594 578 1797 632 Domini
1838 575 2066 671 dicentis
2089 615 2104 635 ,

534 666 891 757 incipientibus
921 681 980 733 ab
1002 677 1306 731 Jerusalem.
1331 672 1629 725 Concinunt
1653 684 1786 722 nova
1814 666 2103 727 veteribus,

534 793 709 836 \etera
740 775 890 830 novis
919 791 932 825 :
962 773 1146 826 dicunt
1170 769 1233 821 ad
1268 767 1491 820 invicem
1520 761 1787 830 serapbim
1814 760 1939 822 duo,
1977 758 2107 810 Snu-

529 883 656 926 ctus.
680 877 901 930 sanctus,
930 875 1131 917 sanctus
1165 858 1410 912 Dominus
1441 855 1575 908 Dens
1601 852 1825 907 Sabaoth
1848 849 2001 921 (lsai.
2030 864 2102 904 vt.

528 962 604 1036 5).
648 962 713 1016 Et
756 963 1054 1012 ClinSltllalll
1086 953 1191 1006 duo
1219 950 1558 1009 Testamenta
1586 986 1600 1008 ,
1644 952 1698 997 et
1736 956 1890 996 unam
1922 952 2103 1036 vocem

532 1030 729 1108 habent
750 1050 857 1105 dno
882 1048 1223 1101 Testamenta
1256 1059 1269 1093 :
1304 1039 1545 1092 audiatur
1572 1051 1669 1088 vox
1711 1030 2103 1088 concinentium

527 1147 1012 1203 Testamentorum,
1038 1153 1140 1190 non
1164 1130 1598 1189 calumniantium
1622 1125 2102 1181 ethredatorum.

531 1238 678 1293 Fecit
701 1250 829 1304 ergo
869 1232 967 1285 ista
999 1232 1137 1284 Deus
1174 1225 1395 1281 deorum
1419 1264 1433 1284 ,
1479 1219 1681 1273 Vacacit
1720 1229 1903 1271 terram
1928 1232 1960 1268 a
1987 1214 2108 1268 satis

530 1341 643 1386 ortu
695 1343 848 1399 usque
884 1325 950 1377 ad
988 1337 1217 1376 occasum
1241 1360 1255 1381 ,
1300 1333 1364 1370 ex
1408 1316 1533 1370 Sion
1577 1312 1894 1383 procedente
1932 1309 2109 1378 specie

531 1440 646 1478 sua.
677 1422 749 1477 lbi
771 1420 913 1475 enim
936 1424 1088 1471 erant
1106 1412 1372 1482 discipuli,
1396 1409 1482 1479 qui
1505 1412 1823 1475 acceperunt
1850 1402 2105 1472 Spiritum

531 1525 774 1570 sanetum
803 1507 1239 1582 quinquagesimo
1262 1512 1385 1574 post
1413 1500 1854 1556 resurrectionem
1882 1496 1999 1565 ejus
2021 1495 2109 1548 die

533 1611 751 1664 missum
790 1606 857 1660 de
881 1604 1018 1659 casio
1049 1602 1183 1672 (Act.
1212 1614 1284 1661 ll,
1313 1595 1385 1669 4).
1423 1593 1549 1648 inde
1574 1589 1937 1661 Evangelium‘,
1984 1586 2108 1641 inde

534 1699 867 1773 praedicatio,
905 1695 1027 1751 inde
1054 1692 1303 1761 impletus
1330 1689 1478 1742 orbis
1505 1696 1796 1747 terrarum,
1824 1693 1878 1734 et
1909 1679 2013 1734 hoc
2054 1679 2105 1733 in

530 1794 695 1865 gratia
731 1790 872 1845 ﬁdei.
1290 1832 1303 1845 ,

601 1887 654 1942 5.
697 1884 825 1939 Nam
855 1896 976 1935 eum
1004 1880 1115 1948 ipse
1147 1875 1402 1933 Dominus
1431 1874 1683 1934 venisset,
1706 1866 1826 1936 quia
1850 1876 2104 1935 paSsurus

531 1978 696 2042 venit,
725 1974 964 2031 occultus
989 1969 1165 2025 venit:
1191 1977 1244 2021 et.
1270 1981 1390 2019 cum
1417 1970 1559 2018 esset
1583 1960 1734 2014 fortis
1760 1959 1810 2012 in
1838 1972 1926 2017 se.
1958 1956 2109 2009 infir-

533 2085 651 2127 mus
682 2070 734 2123 in
759 2080 921 2123 carne
947 2062 1209 2135 apparuit.
1261 2055 1553 2126 Oportebat
1579 2052 1719 2107 enim
1746 2065 1868 2106 eum
1900 2047 2065 2101 videri
2093 2088 2106 2110 ,

535 2171 593 2217 ut
617 2175 723 2219 non
752 2157 1164 2226 intelligeretur;
1193 2148 1482 2206 contemni.
1516 2155 1570 2200 ut
1605 2143 1953 2199 occideretur.
1985 2141 2112 2194 litat

534 2254 716 2325 glori-.e
744 2249 950 2322 species
979 2243 1354 2304 indivinitate;
1381 2239 1474 2295 sed
1506 2239 1620 2292 tunc
1644 2237 1837 2291 latebat
1862 2236 1914 2289 in
1927 2249 2108 2289 carne.

535 2349 592 2407 Si
642 2348 782 2403 enim
832 2340 1224 2414 cognovissent,
1273 2347 1541 2403 nunquam
1600 2330 1879 2385 Dominum
1928 2326 2111 2397 gloria:

533 2439 922 2499 cruciﬁxissent
959 2434 1020 2506 (l
1045 2431 1163 2487 Cor.
1189 2445 1246 2496 ιι,
1274 2429 1307 2483 8
1337 2428 1375 2498 ).
1408 2426 1498 2480 Sic
1521 2439 1649 2495 ergo
1694 2423 1831 2477 inter
1862 2420 2111 2486 Judaeos,

535 2538 676 2594 inter
700 2533 942 2589 inimicos
968 2524 1259 2582 ambulavit
1276 2521 1534 2583 occultus,
1564 2519 1697 2573 mira
1724 2515 1941 2580 faciens,
1974 2515 2115 2567 mala

536 2630 760 2702 patiens,
793 2627 967 2680 donec
1009 2617 1424 2690 suspenderetnr
1461 2614 1512 2667 in
1545 2613 1722 2682 ligno;
1765 2610 2113 2678 videntesqne

537 2720 867 2794 pendcnaem
889 2715 1054 2772 .ludmi
1085 2711 1252 2782 magis
1285 2707 1560 2778 magisque
1598 2708 2114 2794 contemnet-entia

537 2792 661 2871 ante
686 2826 905 2867 erucem
928 2815 1089 2877 caput
1118 2804 1400 2875 agitantes,
1423 2800 1660 2854 dicet-ent
1688 2813 1701 2850 :
1731 2796 1791 2851 Si
1822 2794 1985 2849 Fitins
2018 2792 2115 2848 Dei

537 2917 635 2972 est,
659 2903 927 2960 descendat
950 2901 1012 2953 de
1034 2913 1185 2952 cruce
1211 2893 1423 2968 (Matth.
1449 2905 1623 2952 xxvn,
1657 2888 1745 2949 '58.
1775 2888 1887 2957 '59).
1920 2885 2114 2941 Occul-

540 3012 627 3054 tus
651 3010 777 3067 ergo
805 3002 920 3050 erat
942 2992 1081 3045 Deus
1105 2988 1350 3051 deorum,
1381 2991 1436 3038 et
1456 2994 1611 3035 voces
1639 2978 1829 3039 edebat
1855 2978 2022 3047 magis
2048 2991 2117 3032 ex

540 3087 910 3158 compassione
937 3090 1140 3147 nostra,
1167 3093 1326 3149 quam
1369 3091 1434 3130 ex
1483 3074 1758 3142 majestate
1807 3086 1920 3125 sua.
1962 3070 2116 3126 Unde

540 3182 681 3235 enim
708 3178 810 3232 illm
834 3190 1013 3237 voces,
1046 3172 1145 3225 nisi
1174 3185 1237 3223 ex
1267 3169 1420 3243 nobis
1449 3175 1753 3235 assumptte,
1789 3162 1940 3227 Deus,
1974 3162 2114 3215 Dens

540 3287 698 3335 meus,
723 3267 896 3336 utquid
922 3279 998 3316 me
1025 3257 1331 3329 dereliquisti
1374 3257 1392 3326 (
1429 3253 1569 3307 Psal.
1606 3269 1724 3319 XXI,
1750 3252 1787 3311 2
1806 3295 1819 3317 ,
1850 3262 1896 3305 et
1927 3251 2112 3308 Matth.

542 3376 707 3423 xxvu,
737 3357 804 3411 46
833 3354 870 3427 ).
901 3351 1123 3425 Quando
1166 3354 1342 3402 autem
1387 3346 1541 3399 l‘ater
1583 3342 1774 3398 Filium
1815 3341 2115 3411 dereliquit,

542 3463 633 3510 aut
654 3451 818 3507 Filius
847 3442 1093 3501 Patrem?
1117 3441 1302 3495 Nonne
1330 3451 1464 3491 unus
1485 3436 1642 3498 Deus,
1667 3433 1833 3489 Filius
1852 3441 1906 3486 et
1926 3431 2118 3487 Pater?

545 3556 722 3599 nonne
752 3536 1107 3598 verissitnum,
1138 3530 1249 3601 Ego
1271 3539 1317 3584 et
1352 3527 1506 3580 Pater
1534 3542 1688 3580 unum
1711 3539 1883 3577 sumus
1908 3523 1925 3591 (
1957 3522 2114 3575 Joan.

545 3653 604 3698 ι,
628 3631 775 3701 '50)?
802 3627 953 3686 Unde
980 3640 1130 3694 ergo,
1154 3621 1311 3684 Deus,
1351 3617 1487 3672 Deus
1516 3630 1674 3677 meus,
1700 3613 1878 3683 utquid
1905 3628 1982 3665 me
2027 3612 2121 3664 de-

543 3725 804 3796 reliquisti.
841 3720 937 3777 nisi
968 3718 1088 3787 quia
1117 3716 1170 3769 in
1198 3727 1358 3767 carne
1386 3705 1708 3765 infirmitatis
1737 3703 2123 3774 agnoscebatur

549 3834 649 3873 vox
675 3810 1003 3886 peccatoris?
1026 3807 1125 3876 Qui
1149 3806 1289 3860 enim
1314 3800 1546 3870 suscepit
1570 3796 1965 3853 similitudinem
1998 3810 2121 3849 car-

548 3911 631 3963 nis
657 3905 854 3977 peccati
882 3901 1053 3973 (flant.
1076 3913 1187 3961 vni,
1209 3893 1285 3966 5),
1308 3908 1405 3948 cur
1434 3906 1538 3945 non
1566 3887 1858 3957 susciperet
1877 3886 2125 3940 similitu-

528 4000 728 4053 ‘dinem
757 3995 903 4048 vocis
932 3988 1171 4063 peccati?
1198 3985 1448 4042 Occultos
1472 3996 1600 4051 ergo
1643 3981 1781 4035 Deus
1823 3979 2042 4034 deorum
2070 3986 2129 4032 et

548 4106 672 4148 eum
698 4090 833 4144 inter
864 4087 1103 4141 homines
1132 4078 1438 4138 ambulavit,
1473 4087 1527 4131 et
1561 4090 1682 4130 cum
1720 4072 1939 4129 csurivit
1968 4080 2022 4125 et
2047 4071 2123 4124 si-

551 4185 683 4248 tivit,
717 4190 771 4237 et
795 4194 915 4235 cum
939 4176 1179 4246 fatigatus
1224 4172 1382 4235 sedit,
1412 4179 1467 4225 et
1500 4184 1621 4224 cum
1668 4168 1860 4220 lassate
1902 4180 2125 4234 corpore

549 4274 818 4336 dormivit,
844 4280 898 4326 et
922 4285 1041 4323 cum
1071 4264 1434 4337 apprehensus
1456 4301 1473 4327 ,
1505 4269 1558 4313 et
1583 4274 1702 4313 cum
1734 4256 2043 4326 ilagellatus,
2072 4263 2126 4308 et

552 4385 669 4427 cum
698 4373 819 4421 ante
843 4341 1070 4432 iudicem
1100 4354 1319 4427 positus,
1336 4361 1391 4409 et
1414 4367 1531 4407 cum
1558 4347 1878 4418 superbienti
1908 4363 2131 4415 respon-

550 4464 648 4527 dit,
683 4459 803 4515 Non
825 4456 1030 4511 haberes
1056 4454 1108 4507 in
1136 4467 1215 4504 me
1241 4456 1549 4518 potestatem,
1576 4445 1671 4510 nisi
1703 4443 1822 4496 data
1842 4443 2014 4513 fuisset
2034 4442 2124 4495 tle-

551 4570 702 4624 super
730 4549 923 4625 (Joan.
952 4561 1065 4608 nx,
1095 4544 1154 4598 li
1193 4541 1213 4610 )
1244 4556 1260 4595 :
1288 4550 1342 4594 et
1365 4537 1501 4608 quod
1523 4536 1711 4591 ductus
1834 4534 2120 4625 victimant,

550 4621 726 4700 coram
741 4621 999 4697 tondente
1026 4651 1083 4689 se
1109 4648 1214 4688 non
1238 4629 1444 4699 aperuit.
1470 4641 1529 4679 os
1547 4640 1701 4679 suum
1730 4621 1880 4697 (Isai.
1914 4639 2017 4683 Lm,
2049 4622 2123 4690 7),

552 4747 607 4792 et
630 4735 767 4804 quod
791 4731 1095 4791 erneilixns,
1122 4736 1176 4780 et
1204 4720 1342 4794 qnotl
1369 4718 1627 4788 sepultus,
1651 4730 1863 4783 semper
1890 4713 2127 4804 occultus

555 4801 699 4881 Deus
746 4823 983 4878 deorum.
1015 4815 1152 4888 Quid
1182 4821 1360 4884 postea
1391 4824 1547 4879 quam
1596 4805 1915 4860 resurrexit?
1959 4801 2127 4856 Mirati

554 4914 820 4986 discipuli,
838 4922 891 4967 et
918 4911 1088 4982 primo
1110 4909 1124 4940 ‘
1156 4923 1258 4961 non
1284 4900 1647 4964 crediderunt,
1671 4897 1840 4952 donec
1858 4902 2130 4964 tangerent

556 5018 718 5079 atque
742 5003 1057 5077 palparent(
1085 4999 1210 5053 Luc.
1239 5011 1363 5053 χχιιι
1387 4993 1431 5067 ).
1459 4992 1565 5049 Sed
1589 5006 1715 5045 caro
1742 4995 2127 5050 resurrexerat,

558 5103 683 5174 quia
706 5113 830 5155 caro
859 5106 1062 5152 mortua
1089 5102 1203 5149 erat
1231 5089 1516 5146 :divinitas
1544 5100 1664 5158 qua:
1693 5083 1828 5179 mori
1880 5097 1984 5179 non
2033 5096 2129 5179 po-

559 5170 716 5254 terat,
746 5189 917 5242 adhuc
941 5184 1178 5241 etiamin
1218 5198 1378 5237 carne
1426 5176 1749 5246 resurgentis
1790 5172 2004 5229 latebat.
2040 5170 2132 5224 Vi—

560 5286 673 5347 deri
702 5283 871 5336 fornia
900 5275 1087 5345 potuit,
1118 5273 1285 5327 teneri
1318 5264 1572 5329 inembra,
1591 5267 1796 5338 palpari
1816 5263 2129 5325 cicatrices:

564 5376 795 5431 Verbum
825 5385 916 5439 per
937 5366 1074 5436 quod
1123 5362 1255 5418 facta
1284 5369 1408 5415 sunt
1446 5360 1645 5420 omnia,
1675 5357 1793 5426 quis
1816 5353 1992 5408 videt?
2016 5352 2133 5422 quis

564 5461 888 5534 tenet?qnis
917 5456 1124 5529 palpat?
1184 5454 1242 5506 Et
1290 5461 1464 5505 tamen
1515 5447 1745 5501 Verbum
1787 5460 1912 5499 caro
1939 5445 2132 5499 factum

563 5568 664 5619 est,
690 5565 743 5611 et
772 5547 1098 5625 habitavitin
1131 5542 1282 5597 nobis
1308 5537 1483 5611 (Joan.
1514 5554 1550 5604 ι,
1584 5535 1691 5605 t4).
1720 5536 1787 5589 Et
1809 5537 1896 5605 qui
1923 5535 2137 5635 tenebat

628 5696 643 5723 ι
678 5688 807 5739 mlh.
832 5693 915 5738 us.
942 5722 954 5734 .
974 5681 1063 5745 Qui
1083 5686 1387 5746 posteaquam
1410 5669 1675 5725 resurrexit
1691 5704 1707 5731 ,
1731 5666 1896 5720 mirati
1913 5667 2139 5731 discipuli

563 5754 737 5813 urinae,
760 5759 857 5801 etc.

1761 275 1816 333 S.
1859 272 2237 333 AUGUSTINI-
2266 274 2567 332 El’lSCOPl
3646 288 3731 340 eos

2215 387 2483 444 hominem
2502 391 2751 455 Thomas,
2781 392 3108 462 intelligehat
3135 404 3192 447 ut
3221 406 3414 463 poterat
3440 396 3607 450 Deum.
3638 398 3734 453 l'al-
3774 384 3775 387 η

2211 483 2342 550 potis
2364 483 2503 537 enim
2529 484 2880 549 cicatricibus,
2908 487 3223 541 exelaniavit
3249 503 3262 539 :
3293 486 3520 542 Dominus
3559 508 3679 545 unus
3699 508 3736 546 et

2208 571 2347 627 Deus
2370 590 2506 627 mens
2529 575 2701 647 (Jonn.
2737 589 2827 640 xx,
2845 577 2959 646 28).
2983 577 3303 633 Ostendebat
3330 589 3494 634 tamen
3521 582 3741 638 Dominus

2210 681 2325 717 eam
2358 666 2577 721 formam
2602 710 2615 730 ,
2661 685 2882 738 eamque
2926 685 3140 724 carnem
3170 682 3322 739 quam
3361 671 3409 723 in
3447 685 3592 727 cruce
3618 676 3741 728 vidi--

2213 765 2348 819 rant,
2376 773 2494 826 qua:
2519 758 2570 812 in
2597 761 2863 829 sepultura
2901 762 3069 831 posita
3115 761 3298 816 fuerat.
3347 762 3485 817 Fecit
3511 765 3526 796 ⁸
3551 781 3654 819 cum
3677 771 3740 822 eis

2212 850 2552 920 quadraginta
2583 852 2714 907 dies.
2744 853 2920 922 lmpiis
2943 852 3139 909 Jnd:eis
3159 869 3263 908 non
3285 869 3343 907 se
3369 854 3742 911 demonstmvit:

2215 943 2316 996 illis
2339 943 2719 999 demonstravit
2743 959 2817 1005 se,
2839 946 2998 1014 quiin
3014 959 3134 999 eum
3153 944 3479 1001 crediderant
3498 956 3745 1016 antequam

2211 1035 2639 1104 cmcillgeretur;
2675 1028 2735 1090 nt
2768 1052 2902 1105 quos
2934 1036 3217 1092 cruciﬁxus
3243 1038 3509 1091 dimiserat
3546 1040 3747 1092 titubati-

2215 1132 2314 1188 tes,
2346 1141 2627 1195 resurgens
2671 1127 2866 1181 faceret
2914 1128 3093 1183 fortes.
3151 1128 3349 1184 Deinde
3386 1129 3752 1198 quadmgesinm

2212 1214 2299 1269 die
2327 1218 2706 1271 commendans
2750 1219 3039 1273 Ecclesium
3084 1235 3256 1287 suam,
3312 1221 3363 1275 id
3409 1231 3489 1276 est
3534 1231 3749 1275 Voculam

2215 1316 2407 1363 terram
2438 1324 2466 1360 a
2492 1310 2619 1362 solis
2659 1319 2778 1363 ortu
2806 1326 2973 1380 usque
3016 1311 3080 1365 ad
3107 1325 3382 1375 oceasum,
3419 1327 3484 1385 ne
3528 1312 3753 1366 baberent

2210 1401 2601 1455 excnSationem
2627 1404 2712 1471 qui
2743 1402 2924 1454 Volunt
2951 1401 3001 1454 in
3022 1401 3305 1455 schismate
3330 1402 3579 1470 deperire,
3597 1418 3756 1456 ascen.

2212 1488 2295 1543 dit'
2317 1491 2367 1542 in
2394 1491 2609 1557 emittm,
2641 1492 2821 1547 dicens
2849 1493 2946 1557 eis,
2993 1492 3150 1545 Erilis
3178 1492 3304 1545 mihi
3337 1502 3477 1546 testes
3503 1493 3551 1545 in
3576 1494 3758 1546 Jerusa-

2215 1580 2331 1651 lem(
2367 1583 2504 1637 unde
2532 1583 2717 1652 species
2745 1584 2940 1636 decoris
2967 1583 3118 1653 ejus),
3143 1595 3191 1638 et
3220 1586 3272 1637 in
3305 1595 3455 1638 totam
3482 1584 3697 1640 Judwam
3721 1598 3759 1640 et

2217 1671 2525 1739 Samariam,
2550 1685 2597 1729 et
2624 1690 2780 1744 usque
2815 1676 2867 1728 in
2894 1686 3049 1728 totum
3081 1685 3283 1729 terram.
3320 1677 3412 1732 llis
3447 1678 3581 1733 enim
3604 1679 3756 1742 dictis,

2218 1764 2383 1819 nubes
2411 1766 2803 1835 soscepit‘eum.
2838 1768 3179 1823 intuebantur
3202 1768 3279 1824 illi
3306 1787 3460 1840 quem
3488 1783 3718 1826 noverant
3744 1790 3758 1829 :

2216 1868 2474 1912 noverant
2515 1867 2688 1912 tamen
2723 1859 2771 1912 in
2801 1859 3130 1926 humilitate,
3165 1864 3399 1918 nondum
3435 1865 3485 1917 in
3530 1865 3756 1919 claritate.

2217 1947 2289 2002 Et
2309 1965 2427 2002 cum
2472 1951 2539 2004 ab
2580 1952 2657 2005 eis
2703 1953 2800 2006 iret
2844 1954 2892 2006 in
2935 1956 3148 2021 caelum,
3202 1956 3459 2011 admoniti
3496 1968 3613 2012 sont
3653 1974 3761 2013 vere

2216 2040 2453 2106 angelica
2481 2042 2724 2097 dicente:
2758 2043 2890 2109 Quid
2931 2046 3093 2111 statis,
3125 2047 3217 2100 viri
3240 2047 3484 2102 Galiltei?
3515 2048 3607 2101 Hic
3630 2048 3757 2103 Iesus

2216 2148 2361 2201 quem
2392 2133 2565 2186 videtis
2599 2134 2791 2208 iretsic
2820 2136 2976 2189 veniet
3007 2138 3428 2205 quemadmodum
3473 2140 3651 2193 uidistis
3670 2159 3761 2193 eum

2216 2233 2411 2276 amnem
2438 2224 2490 2276 in
2515 2225 2714 2277 razlnm.
2769 2226 3026 2280 Ascendit
3047 2242 3209 2297 ergo:
3243 2231 3473 2298 regressi
3510 2231 3580 2299 illi
3608 2231 3764 2284 lacutn-

2219 2321 2326 2373 tes.
2378 2327 2679 2368 manserunt
2730 2317 2779 2369 in
2825 2316 3057 2381 civitate,
3107 2320 3400 2373 secundum
3443 2323 3553 2388 ejus
3597 2336 3765 2390 praece-

2218 2413 2388 2473 ptum,
2412 2406 2580 2461 donee
2608 2408 2950 2475 implerentur
2974 2408 3168 2477 Spiritu
3194 2420 3380 2464 sancto
3406 2412 3532 2483 (Act.
3562 2428 3593 2476 ι,
3612 2412 3763 2481 3-19).

2216 2496 2353 2566 Quid
2377 2498 2771 2553 autem’dictum
2809 2508 2925 2553 erat
2952 2499 3169 2554 Thomm
3208 2501 3480 2571 palpanti?
3511 2502 3635 2569 Quia
3660 2504 3768 2557 ridi-

2217 2588 2301 2650 sti.
2332 2589 2623 2651 credidisti;
2643 2589 2772 2643 benti
2798 2591 2883 2661 qui
2911 2605 3009 2644 non
3041 2592 3224 2656 vident,
3259 2602 3311 2646 et
3341 2595 3544 2647 credunt
3566 2596 3585 2625 ²
3615 2592 3764 2663 (Joan.

2221 2678 2459 2749 xx,29).
2502 2680 2745 2735 Prtcdicti
2790 2697 2992 2735 smnus.
3045 2681 3210 2737 Terra
3254 2684 3346 2737 illa
3391 2694 3569 2740 vocata
3597 2699 3625 2738 a
3661 2684 3769 2739 solis

2220 2780 2340 2824 ortu
2368 2786 2534 2841 usque
2558 2772 2623 2825 ad
2648 2785 2892 2826 occasum
2923 2788 3026 2827 non
3055 2773 3215 2839 videt,
3238 2786 3295 2829 et
3322 2776 3507 2831 credit.
3550 2774 3769 2831 Occultos

2220 2874 2349 2932 ergo
2377 2861 2515 2916 Deus
2540 2861 2782 2928 deorum,
2809 2872 2862 2917 et
2883 2864 2959 2916 eis
2987 2864 3123 2917 inter
3150 2879 3288 2934 quos
3304 2866 3604 2932 ambulavit,
3640 2874 3687 2920 et
3705 2864 3770 2920 eis

2219 2968 2251 3008 a
2277 2952 2469 3025 quibus
2496 2954 2781 3007 cruciﬁxus
2807 2964 2918 3019 est,
2946 2964 2999 3009 et
3027 2956 3103 3008 eis
3132 2955 3202 3008 ad
3231 2972 3464 3026 quarunt
3507 2957 3674 3012 oculos
3698 2973 3769 3010 re-

2221 3046 2473 3109 surrexit,
2512 3053 2565 3098 et
2612 3045 2763 3097 nobis
2800 3045 2888 3113 qui
2934 3046 3199 3100 credimus
3242 3047 3300 3102 in
3345 3050 3481 3104 ctelo
3507 3041 3769 3125 sedentem,

2221 3148 2379 3206 quem
2403 3151 2506 3190 non
2538 3135 2766 3189 vidimus
2792 3135 2845 3189 in
2878 3146 3014 3190 terra
3042 3137 3429 3194 ambulantem.
3462 3140 3563 3194 Sed
3589 3140 3679 3194 etsi
3703 3138 3770 3192 vi-

2222 3226 2489 3288 deremus,
2518 3240 2696 3280 nonne
2730 3226 2831 3280 hoc
2868 3228 3167 3283 videremus
3185 3232 3333 3300 quod
3365 3232 3537 3287 Judaei
3558 3232 3772 3286 viderunt

2222 3326 2279 3372 et
2300 3316 2711 3372 cruciﬁxerunt?
2734 3318 2857 3371 Plus
2878 3328 2957 3374 est
2975 3319 3115 3390 quod
3144 3337 3251 3375 non
3276 3322 3522 3379 videntes
3536 3320 3770 3378 Christmn

2223 3409 2490 3463 credimus
2521 3409 2709 3475 Deum,
2729 3424 2885 3479 quam
2916 3410 3061 3480 quod
3089 3411 3159 3466 illi
3193 3412 3437 3470 videntes
3463 3415 3663 3470 nonnisi
3689 3414 3770 3467 lto-

2203 3500 2421 3552 minem
2468 3507 2799 3568 putaverunt.
2835 3501 2911 3554 llli
2940 3501 3169 3572 denique
3205 3506 3351 3560 male
3387 3507 3613 3577 putando
3650 3518 3773 3560 mor-

2227 3592 2577 3654 tilicavermtt,
2602 3605 2699 3645 nos
2726 3594 2860 3647 bene
2886 3593 3153 3663 credendo
3173 3595 3524 3654 vivificamur.

2297 3683 2351 3737 6.
2383 3681 2532 3754 [νει-ε.
2574 3681 2652 3755 5.]
2680 3682 2821 3751 Quid
2842 3698 2990 3753 ergo,
3022 3683 3243 3740 fratres?
3270 3688 3366 3743 Ille
3400 3689 3537 3744 Deus
3563 3689 3771 3749 deorum,

2226 3784 2282 3829 et
2303 3782 2426 3827 tunc
2454 3774 2714 3839 occultus,
2747 3785 2800 3827 et
2838 3774 2997 3830 modo
3022 3777 3281 3841 occultus,
3316 3779 3566 3849 numquid
3595 3790 3777 3848 semper

2227 3866 2501 3922 occultus?
2535 3866 2649 3921 Non
2679 3866 2834 3936 plane
2863 3886 2877 3921 :
2904 3868 3031 3923 audi
3062 3871 3338 3939 sequentia
3370 3889 3386 3926 :
3414 3871 3551 3927 Deus
3594 3875 3777 3942 manifeo

2227 3971 2335 4014 stus
2359 3959 2536 4023 cenet.
2577 3958 2677 4023 Qui
2725 3959 2869 4012 venit
2911 3961 3177 4026 occultus,
3222 3964 3408 4019 veniet
3450 3963 3775 4019 manifestus:

2229 4054 2375 4107 venit
2400 4053 2636 4106 occultus
2661 4051 2999 4121 jmlicaudus,
3029 4054 3206 4108 veniet
3248 4056 3569 4111 manifestus
3602 4055 3780 4125 judica-

2231 4153 2410 4209 turus;
2488 4143 2630 4198 venit
2711 4145 2948 4197 occultus
3006 4153 3064 4198 ut
3123 4155 3247 4199 ante
3313 4147 3555 4215 judicent
3605 4156 3777 4208 staret,

2228 4237 2408 4291 Veniet
2460 4235 2768 4288 manifestus
2825 4245 2881 4287 ut
2924 4236 3081 4289 etiam
3132 4236 3200 4291 de
3246 4237 3519 4305 jndicibns
3567 4237 3778 4307 iudicet:

2242 4327 2412 4381 Veniet
2460 4327 2754 4395 manifestus
2795 4337 2839 4379 et
2893 4340 2993 4380 non
3031 4329 3211 4382 silebit.
3253 4328 3401 4394 Quid
3427 4334 3568 4386 enim
3595 4332 3618 4385 ?
3649 4331 3781 4385 modo

2232 4422 2389 4476 silet?
2430 4420 2496 4474 Et
2538 4419 2676 4473 unde
2725 4430 2845 4473 sunt
2893 4435 3011 4489 quae
3057 4421 3324 4475 dicimus?
3360 4423 3501 4479 unde
3549 4424 3642 4478 ista
3668 4437 3778 4492 pnu-

2230 4513 2417 4584 cepta?
2452 4511 2590 4566 unde
2644 4512 2742 4565 ista
2783 4512 3021 4567 monita?
3062 4512 3200 4567 unde
3247 4515 3345 4566 ista
3385 4516 3508 4571 tuba
3558 4511 3785 4571 terroris?

2232 4607 2345 4660 Non
2373 4605 2514 4671 silet,
2544 4614 2601 4659 et
2625 4605 2743 4659 silet
2772 4622 2784 4656 :
2812 4620 2914 4657 non
2943 4604 3066 4658 silet
3106 4619 3137 4658 a
3166 4606 3461 4674 mOnendo,
3494 4608 3611 4663 silet
3634 4622 3663 4662 a
3688 4607 3785 4658 vin.

2232 4697 2487 4759 dicando;
2523 4711 2627 4750 non
2660 4696 2784 4749 silet
2821 4712 2849 4747 ιι
2897 4706 3182 4764 ρι’ῑιιορριο,
3211 4696 3331 4750 silet
3363 4714 3393 4751 a
3414 4698 3630 4768 judicio.
3662 4697 3784 4751 Pati-

2234 4799 2318 4842 tur
2346 4784 3091 4855 eiiim‘peccatores-quotidie
3132 4785 3269 4839 mala
3315 4782 3609 4851 facientes,
3648 4785 3783 4840 l‘cum

2233 4896 2338 4936 non
2369 4889 2637 4943 curantes,
2683 4892 2791 4932 non
2834 4878 2883 4930 in
2924 4877 3251 4932 conscientia
3284 4894 3403 4945 sua,
3436 4894 3542 4935 non
3574 4881 3623 4933 in
3648 4878 3783 4937 coelo,

2235 4988 2339 5028 non
2368 4974 2418 5028 in
2442 4981 2581 5026 terra
2608 4988 2621 5024 :
2651 4986 2753 5025 non
2772 4986 2895 5024 eum
2919 4971 3212 5025 latemhree
3240 4972 3440 5039 omnia,
3464 4980 3519 5027 et
3545 4972 3774 5026 universi

2238 5069 2359 5123 liter
2387 5080 2573 5121 omnes
2620 5064 2891 5128 admonet,
2917 5073 2971 5118 et
2995 5064 3205 5133 quando
3248 5066 3458 5134 aliquos
3485 5064 3707 5135 ﬂagellat
3743 5063 3787 5112 in

2240 5170 2403 5223 terra,
2435 5156 2727 5211 admonitio
2752 5164 2850 5219 est,
2874 5156 3106 5210 nondum
3135 5156 3425 5210 damnatio.
3453 5156 3587 5211 Silet
3627 5168 3741 5221 ergo
3763 5163 3788 5201 a

2234 5248 2453 5337 indicio,
2479 5246 2719 5301 occultus
2750 5246 2802 5299 in
2842 5248 2978 5300 cosio
3026 5256 3129 5309 est,
3172 5247 3343 5301 adhuc
3390 5248 3791 5322 interpellatprn

2240 5340 2394 5395 nobis
2425 5355 2438 5390 :
2468 5340 2671 5407 patiens
2700 5347 2782 5391 est
2824 5353 2986 5405 super
3017 5347 3319 5405 peccatores
3340 5380 3354 5403 ,
3403 5352 3511 5392 non
3555 5346 3790 5392 exercens

2242 5435 2394 5491 iram,
2421 5431 2515 5485 sed
2540 5441 2855 5496 exspectans
2904 5430 3283 5496 pmuitcntiam.
3334 5429 3470 5484 Dicit
3510 5430 3614 5483 alio
3652 5428 3789 5481 ineo:

2305 5547 2322 5576 ι
2357 5542 2493 5601 add,
2517 5542 2621 5605 fuit.
2650 5549 2703 5590 At
2719 5554 2891 5592 omnes
2923 5547 3047 5599 mssa,
3069 5541 3213 5605 fecit;
3237 5555 3331 5593 nec
3353 5539 3507 5599 male,
3535 5552 3620 5603 pro
3655 5543 3792 5587 trans-

2239 5619 2651 5735 εφξίπΗά-ξεαζὶ
2678 5664 2770 5735 qui
2792 5680 2881 5735 non
2922 5664 3144 5716 uiderunt
3165 5672 3210 5716 et
3248 5662 3580 5717 crediderunt.
3607 5668 3657 5710 Ai.
3686 5666 3799 5722 3:35.,

2242 5735 2272 5789 ιι
2295 5729 2327 5781 ιὶ
2350 5741 2441 5779 non
2466 5729 2621 5782 :ident
2644 5734 2688 5778 et
2704 5727 2921 5778 credunt.
