4004 6200
228 259 326 315 569

227 372 400 438 Tacui,
427 374 672 441 numquid
686 391 879 445 semper
896 373 1062 428 tacebo
1085 372 1238 442 (Isai.
1261 387 1391 434 XLII,
1422 371 1549 437 ΗΠ
1571 369 1796 434 Quando

225 482 345 536 ergo
375 483 480 521 non
510 469 721 529 tacebit,
769 469 905 523 Deus
944 469 1236 539 manifestus
1269 464 1440 517 veniet.
1467 463 1594 526 Quis
1623 461 1799 514 Deus?

227 560 357 612 Deus
387 573 572 612 uoster.
599 561 662 614 Et
690 561 801 628 ipse
831 561 991 616 Deus.
1021 559 1110 629 qui
1140 559 1276 610 Deus
1304 564 1510 608 noster:
1532 569 1633 606 non
1657 553 1797 638 enim

228 655 362 706 licus
391 661 490 715 est,
525 654 611 720 qui
649 668 752 706 non
780 667 860 707 e51
889 664 1072 706 noster
1100 652 1256 705 Deus.
1291 647 1524 701 Diienitn
1549 645 1797 700 Gentium

223 745 482 796 ila-monia
508 762 521 796 :
557 744 693 798 Deus
715 745 1157 809 Christianorum,
1179 758 1341 796 verus
1388 742 1541 794 Deus.
1571 740 1684 807 Ipse
1707 754 1796 790 ve-

223 837 348 898 nict,
383 834 476 888 scd
501 834 832 896 utanifestus,
868 852 971 889 non
1001 835 1174 888 adhuc
1219 832 1538 891 illudendus,
1575 846 1676 883 non
1705 829 1799 882 ad-

145 905 147 918 l
223 925 325 980 huc
356 925 716 994 exalapandus
746 937 798 980 et
819 926 1197 996 ﬂagellandus;
1227 926 1422 986 veniet,
1457 921 1550 976 sed
1581 921 1799 974 manife-

220 1029 356 1082 stus,
388 1034 491 1071 non
531 1018 703 1072 adhuc
729 1019 932 1073 calamo
972 1019 1022 1072 in
1061 1019 1232 1087 capite
1261 1013 1650 1086 percutiendus.
1694 1025 1799 1064 non

220 1112 396 1166 adhuc
425 1114 811 1184 crucillgcndns
831 1155 844 1177 ,
891 1113 1233 1178 occidendus,
1284 1109 1651 1180 sepeliendus:
1678 1105 1799 1175 quia

222 1207 335 1258 lucc
366 1208 541 1258 omnia
582 1209 821 1260 occultus
853 1207 993 1261 Deus
1019 1206 1124 1276 pati
1152 1204 1337 1259 voluit.
1393 1201 1559 1256 Veniet
1589 1200 1800 1266 inani/"e-

219 1307 347 1356 ειυς,
377 1307 425 1349 et
448 1313 546 1350 non
567 1297 746 1352 silebit.
1538 1309 1545 1316 '

286 1389 343 1444 7.
386 1388 518 1456 Quia
551 1404 678 1443 vero
707 1378 770 1442 ad
789 1389 1043 1458 judicium
1066 1388 1264 1451 veniet,
1286 1387 1560 1455 sequentia
1584 1383 1791 1436 docent.

221 1480 362 1548 Ignis
389 1491 515 1534 ante
563 1495 683 1532 eum
718 1480 961 1549 pracibit(
996 1478 1140 1532 Psat.
1173 1494 1320 1539 xcw,
1345 1478 1378 1532 5
1407 1477 1445 1546 ).
1484 1472 1799 1529 Timemus?

220 1571 506 1636 Mutantur,
553 1580 608 1624 et
653 1587 756 1625 non
797 1571 1118 1626 timebimus.
1169 1570 1344 1639 Ignem
1390 1567 1537 1636 palea
1572 1566 1794 1618 timeat:

218 1681 352 1718 auro
401 1663 530 1735 quid
581 1663 738 1718 facit?
769 1664 863 1718 Est
886 1675 1065 1718 autem
1107 1678 1248 1716 nunc
1296 1662 1346 1714 in
1380 1665 1638 1730 potestate
1672 1655 1800 1726 quid"

219 1759 404 1822 facias,
436 1773 503 1812 ne
533 1757 656 1811 illud
688 1757 828 1826 quod
853 1765 906 1810 et
926 1766 977 1811 te
997 1755 1208 1810 nolente
1236 1763 1515 1808 venturum
1544 1760 1625 1805 est
1644 1792 1657 1812 ,
1691 1765 1798 1801 non-

220 1857 498 1902 ciirrectus
527 1847 837 1915 expcriaris.
866 1847 919 1901 Si
948 1847 1088 1900 enim
1123 1859 1414 1915 possemus
1458 1842 1652 1904 facere,
1685 1840 1795 1894 fra-

221 1954 353 2004 tres,
385 1950 443 1992 ut
472 1940 586 1993 dies
607 1939 792 2009 judicii
821 1954 924 1993 non
957 1938 1199 2003 veniret,
1242 1946 1370 2005 puto
1402 1939 1522 2005 quia
1578 1947 1676 1987 nec
1718 1933 1796 1986 sic

218 2044 332 2087 crat
359 2034 499 2087 male
525 2033 825 2088 vivendum.
874 2033 926 2087 Si
960 2049 1063 2085 non
1090 2032 1293 2086 veniret
1325 2031 1458 2100 ignis
1481 2029 1567 2082 die
1587 2027 1792 2097 judicii,

218 2136 269 2180 et
292 2125 410 2178 sola
443 2123 812 2193 peccatoribus
840 2123 1138 2178 immineret
1163 2121 1424 2191 separatio
1444 2136 1474 2174 a
1515 2119 1649 2174 facie
1677 2118 1791 2182 Dei,

217 2219 266 2272 in
309 2218 550 2288 qualibet
579 2225 759 2271 essent
783 2216 1050 2270 aflluentia
1087 2215 1393 2269 deliciarum
1422 2257 1434 2275 ,
1468 2231 1568 2266 non
1601 2213 1790 2265 viduu-

218 2320 294 2364 tcs
319 2326 350 2362 a
378 2324 486 2379 quo
533 2309 694 2362 creati
737 2317 879 2372 sunt,
913 2317 968 2362 et
1004 2308 1230 2376 separati
1265 2308 1331 2360 ab
1375 2307 1460 2360 illa
1507 2306 1791 2360 dulcedine

215 2401 501 2455 incﬂ‘abilis
528 2402 702 2453 vult-us
728 2399 862 2468 ejus,
896 2401 944 2453 in
975 2399 1206 2468 qualibet
1231 2398 1526 2452 :eternitate
1543 2407 1594 2452 et
1623 2399 1794 2466 impu-

213 2492 378 2545 nitate
412 2491 632 2560 peccati,
653 2490 902 2559 plangere
923 2505 980 2544 se
1000 2490 1272 2544 deberent.
1302 2489 1407 2544 Sed
1431 2491 1560 2560 quid
1585 2490 1791 2560 loquar,

211 2596 299 2639 aut
354 2585 548 2654 quibus
586 2583 808 2654 loquar?
840 2584 962 2638 Ilaac
1003 2583 1302 2638 amantibus
1351 2599 1505 2652 plena
1532 2593 1612 2638 est
1637 2626 1651 2650 ,
1685 2600 1790 2637 non

212 2678 698 2732 contemnentibus.
728 2673 828 2744 Qui
857 2675 1188 2730 dulcedinem
1211 2676 1486 2745 sapientiae
1514 2686 1568 2730 et
1592 2676 1791 2730 verita-

213 2771 278 2823 tis
303 2779 594 2838 utcnmque
622 2769 822 2823 sentire
853 2777 1150 2836 emperunt,
1181 2776 1443 2822 noverunt
1481 2769 1620 2837 quod
1647 2768 1789 2835 dico,

212 2869 411 2928 quanta
449 2875 599 2929 poena
644 2859 712 2912 sit
752 2859 1115 2912 tantummodo
1142 2875 1170 2911 a
1213 2858 1345 2912 facie
1376 2857 1472 2912 Dei
1511 2859 1743 2926 separari
1774 2877 1787 2912 :

211 2955 302 3022 qui
325 2961 507 3006 autem
540 2951 680 3005 illam
706 2950 1046 3004 dulcedinem
1071 2963 1172 3002 non
1194 2957 1556 3018 gustavertmt,
1585 2949 1630 3004 si
1655 2966 1790 3003 nou-

211 3045 338 3098 dum
369 3043 677 3099 desiderant
701 3044 793 3098 Dei
817 3043 1026 3109 faciem,
1056 3042 1274 3098 timeant
1302 3043 1385 3097 vel
1427 3044 1599 3112 ignem
1622 3062 1636 3108 ;
1660 3060 1783 3110 sup-

210 3137 368 3205 plicia
396 3145 627 3189 terreant
652 3151 809 3204 quem
851 3134 1070 3203 prmmia
1119 3150 1220 3187 non
1271 3133 1509 3188 invitant.
1543 3135 1657 3190 Vile
1699 3137 1788 3190 tibi

210 3239 290 3282 est
321 3226 468 3296 quod
499 3227 635 3280 Dens
664 3226 958 3295 pollicetur,
989 3227 1340 3282 contremisce
1364 3228 1504 3296 quod
1534 3229 1782 3282 minatur.

208 3318 404 3372 Veniet
430 3317 656 3371 dulcedo
695 3302 1020 3385 praesentiie;
1051 3334 1152 3370 non
1191 3318 1430 3385 mutaris,
1460 3335 1563 3373 non
1595 3321 1790 3374 excita-

207 3410 301 3474 ris,
333 3426 441 3463 non
469 3409 723 3477 suspiras,
759 3425 861 3462 non
885 3396 1156 3464 desideras
1189 3428 1202 3464 :
1231 3409 1549 3479 amplexeris
1574 3422 1788 3479 peccata

206 3515 292 3556 tua
333 3512 390 3556 et
427 3502 645 3557 delicias
682 3502 858 3556 carnis
887 3511 1008 3566 tum,
1040 3503 1286 3570 stipulam
1319 3503 1384 3556 ad
1431 3513 1481 3558 te
1521 3505 1785 3573 congeris,

141 3582 148 3586 ’
203 3597 390 3651 veniet
418 3597 573 3665 ignis.
618 3593 762 3664 Ignis
790 3596 841 3647 in
869 3607 1136 3664 conspectu
1159 3596 1269 3666 ejus
1295 3596 1508 3649 ardebit.
1550 3597 1662 3650 Non
1690 3600 1791 3652 erit

202 3687 303 3742 iste
340 3686 482 3756 ignis
510 3687 644 3741 sicut
673 3686 820 3741 fucus
849 3697 1001 3751 tuus;
1030 3703 1133 3753 «pro
1157 3695 1330 3741 tamen
1361 3688 1404 3741 si
1429 3704 1640 3743 manum
1670 3690 1792 3743 mit-

201 3789 320 3835 tere
371 3779 598 3849 cogaris.
630 3775 789 3832 facies
815 3778 1066 3847 quidquid
1096 3778 1320 3832 voluerit
1356 3778 1446 3847 qui
1482 3780 1582 3833 hoc
1623 3782 1792 3835 mina-

203 3881 308 3926 tur.
371 3871 426 3926 Si
469 3871 564 3924 tibi
607 3870 773 3934 dicat,
825 3869 1010 3923 Scribe
1039 3879 1218 3922 contra
1267 3879 1421 3938 caput
1475 3872 1638 3938 patris
1694 3874 1785 3940 tui,

199 3965 386 4018 scribe
410 3972 594 4017 contra
625 3963 792 4030 capita
821 3962 1046 4014 ﬁliorum
1080 3970 1322 4026 tuorum;
1356 3976 1475 4014 nam
1503 3963 1544 4014 si
1588 3978 1691 4016 non
1715 3963 1793 4018 fe-

198 4055 374 4117 ceris,
407 4069 626 4107 manum
656 4065 797 4106 tuam
847 4052 998 4104 mitto
1029 4053 1077 4103 in
1106 4051 1278 4103 locum
1313 4061 1456 4104 tuum
1483 4067 1496 4104 :
1529 4052 1692 4107 facies
1724 4072 1790 4110 ne

195 4146 398 4199 ardeat
422 4160 606 4198 manus
637 4154 756 4209 tua,
795 4159 863 4198 ne
900 4143 1081 4196 ardeat
1125 4142 1188 4196 ad
1231 4121 1440 4212 templis
1487 4145 1785 4204 membrum

196 4248 360 4292 tuum
389 4279 404 4300 ,
447 4253 549 4290 non
580 4252 793 4305 semper
821 4237 871 4290 in
899 4236 1082 4290 dolore
1110 4234 1360 4290 futurum.
1390 4237 1634 4291 'Miuatur
1661 4254 1788 4309 ergo

196 4331 462 4384 inimicus
491 4339 593 4382 tam
626 4329 750 4383 leve
777 4330 1003 4392 malum,
1035 4337 1088 4381 et
1116 4327 1244 4383 facis
1275 4329 1472 4384 malum
1508 4345 1522 4381 :
1559 4331 1788 4385 minatur

199 4422 349 4475 Deus
372 4430 634 4474 :eternum
677 4419 894 4479 malum.
928 4428 980 4474 et
1005 4436 1110 4473 non
1144 4421 1271 4474 facis
1299 4423 1526 4480 bonum!
1557 4422 1637 4476 Ad
1670 4440 1785 4476 ma-

196 4515 314 4568 lum
352 4512 654 4568 faciendum
683 4527 781 4566 nec
822 4514 978 4566 mina:
1015 4523 1063 4567 te
1078 4513 1398 4580 compellere
1425 4514 1682 4569 deberent
1712 4532 1725 4568 :
1755 4531 1785 4570 a

192 4608 345 4662 bono
389 4605 634 4662 faciendo
673 4620 770 4658 nec
813 4605 968 4657 mina:
999 4613 1049 4658 te
1077 4591 1348 4658 deterrere
1381 4604 1653 4659 deberent.
1687 4605 1786 4658 Mi-

188 4702 280 4756 nis
303 4711 488 4754 :tutcut
525 4699 638 4762 Dei,
675 4697 830 4751 minis
860 4698 1039 4750 :etcrni
1070 4697 1201 4765 ignis
1234 4696 1529 4764 prohiberis
1567 4712 1595 4749 a
1625 4697 1782 4759 malo,

186 4794 450 4848 invitaris
479 4792 544 4845 ad
567 4793 782 4845 bonum.
813 4789 961 4844 Unde
979 4789 1138 4859 piget,
1163 4788 1263 4842 nisi
1290 4788 1410 4857 quia
1439 4803 1540 4841 non
1578 4788 1786 4843 credis?

186 4888 457 4944 Excutiat
481 4899 608 4953 ergo
638 4883 1002 4951 unusquisque
1046 4895 1139 4934 cor
1163 4894 1337 4945 suum,
1375 4887 1429 4933 et
1465 4879 1638 4932 videat
1659 4881 1782 4949 quid

179 4977 260 5034 Ibi
293 4978 439 5032 lides
465 4985 643 5030 teneat
671 4975 711 5026 ί.
731 4971 785 5028 Si
804 4972 1070 5026 credimus
1103 4971 1334 5024 futurum
1359 4969 1648 5038 judicium,
1675 4969 1784 5024 fra-

181 5084 331 5134 tres,
365 5069 503 5122 bene
533 5067 792 5119 vivamus.
823 5063 1054 5132 Tempus
1084 5061 1461 5115 misericordia:
1495 5077 1634 5116 nunc
1676 5071 1779 5124 cst,

182 5175 419 5230 tempus
443 5157 625 5229 judicii
652 5167 776 5209 tunc
806 5155 931 5219 erit.
982 5152 1147 5207 Nemo
1176 5151 1332 5206 dicet.
1367 5151 1576 5206 Revoca
1604 5168 1690 5205 me
1715 5153 1779 5206 ad

179 5263 414 5328 priores
435 5267 620 5306 annos.
655 5249 938 5306 Pmnitebit
957 5258 1007 5302 et
1036 5255 1180 5311 tunc,
1207 5246 1300 5300 sed
1331 5247 1523 5301 frustra
1558 5249 1778 5317 poenite-

175 5353 264 5406 liit
333 5365 350 5399 :
405 5343 566 5398 modo
609 5341 882 5411 poeniteat,
936 5353 1057 5392 cum
1100 5336 1300 5390 fructus
1331 5346 1412 5391 est
1457 5339 1778 5406 pmnitendi;

166 5437 360 5498 mOdO
396 5436 714 5490 adhibeatur
763 5431 830 5486 ad
856 5429 1061 5485 radices
1109 5427 1312 5482 arboris
1351 5429 1611 5498 cophinus
1637 5440 1777 5484 ster-

171 5524 382 5588 coris,
425 5527 600 5582 cordis
634 5528 806 5582 luctus
850 5531 903 5578 et
947 5522 1322 5592 lacrymarum,
1364 5536 1432 5576 ne
1469 5521 1645 5576 veniat
1673 5523 1694 5553 ³
1723 5529 1778 5577 et

244 5641 266 5674 ί
315 5638 419 5702 Plu.
434 5637 635 5701 esMss.,
651 5640 774 5701 quid
793 5638 858 5691 ibi
879 5636 996 5702 ﬁdei
1012 5642 1149 5702 leuet.

243 5705 274 5738 ι
309 5699 454 5756 wit.
469 5710 529 5753 ne
552 5699 710 5760 veuiat
724 5699 888 5758 tentus
904 5708 949 5753 et
963 5699 1188 5752 eradicet.
1215 5699 1360 5752 Abest
1380 5702 1541 5752 ventus
1561 5711 1589 5749 a
1609 5705 1710 5749 Mss.

1301 245 1689 304 ENARRATIU
1731 245 1792 300 IN
1835 247 2148 305 PSALMUM
2191 249 2371 305 XLIX.
3381 263 3481 316 570

1905 369 2136 423 eradicet
2167 371 2186 440 (
2217 371 2338 425 Luc.
2369 389 2480 437 xm,
2513 374 2545 430 8
2653 377 2782 433 Cum
2810 382 2949 436 enim
2977 382 3346 453 ei-adicavcrlt,
3373 389 3480 455 jam

1906 460 2040 529 ignis
2067 476 2419 530 exspucmtnr.
2454 468 2604 524 Modo
2635 474 2732 526 etsi
2762 473 2909 529 fracti
2937 490 3059 530 sunt
3088 481 3240 537 rami.
3263 496 3481 546 posstth

1905 567 2088 605 rursus
2120 555 2316 632 inseri:
2351 569 2473 610 tunc
2518 566 2692 615 onmis
2717 567 2876 617 arbor
2904 584 3020 630 qum
3061 585 3162 620 nou
3215 571 3333 622 facit
3377 572 3481 624 ira.

1905 654 2044 694 ctum
2077 645 2291 708 bonum,
2317 649 2608 714 cxcidctur,
2637 663 2690 706 et
2720 656 2769 707 in
2803 657 2971 724 ignem
3005 659 3240 713 mittetur
3269 661 3479 727 (Matii.

1905 751 1982 796 ut,
2016 730 2277 805 10).lguis
2299 729 2347 791 iu
2372 756 2634 811 conspectu
2665 748 2771 815 ejus
2798 750 3012 802 ardebit.

1974 828 2026 881 8.
2065 827 2198 881 lL'tiu
2229 832 2439 884 circuitu
2468 838 2574 908 ejus
2613 849 2879 908 tempestas
2903 846 3088 896 valida.
3126 846 3302 900 \"alida
3339 862 3472 901 tum-

1906 927 2100 984 pcslas,
2143 905 2591 979 ventilatura'lam
2636 945 2876 997 magnam
2907 951 3105 988 ari-am.
3138 938 3244 992 Ilac
3277 951 3478 1008 tempe-

1905 1019 2039 1064 state
2081 1012 2179 1064 erit
2229 1013 2312 1066 illa
2367 1019 2656 1080 ventilatio,
2707 1039 2808 1090 qua
2851 1030 3181 1088 separabitur
3211 1048 3234 1080 a
3283 1035 3480 1088 sanctis

1906 1117 2061 1156 omne
2101 1103 2448 1171 immundum,
2480 1125 2506 1160 a
2539 1110 2778 1165 ﬁdelibus
2807 1118 2977 1169 munis
3007 1120 3293 1187 simulatio,
3325 1091 3480 1191 a\piis

1905 1202 1957 1246 et
1986 1197 2328 1248 trementibus
2356 1200 2572 1252 verbum
2625 1203 2710 1257 Dei
2739 1207 2911 1258 omnis
2942 1222 3274 1278 conterripmr
3302 1228 3348 1267 et
3385 1234 3474 1267 su-

1907 1287 2116 1354 perbus.
2148 1290 2302 1343 Modo
2346 1295 2485 1345 enim
2537 1296 2761 1350 mixtura
2809 1301 3048 1367 quaedam
3089 1305 3229 1369 jacet
3275 1322 3302 1359 a
3355 1312 3480 1362 solis

1902 1388 2019 1430 ortu
2065 1395 2230 1448 usque
2273 1384 2338 1437 ad
2387 1400 2656 1440 Oz-casum.
2703 1388 2990 1444 Videamus
3045 1410 3170 1463 ergo
3215 1404 3480 1464 quomodo

1904 1469 2053 1524 faciet
2098 1472 2182 1539 qui
2231 1484 2481 1530 venturus
2526 1489 2626 1544 est,
2669 1488 2981 1548 tempestate
3021 1485 3106 1539 illa
3147 1489 3271 1555 quid
3315 1491 3480 1544 factu-

1903 1575 2010 1626 rus,
2039 1578 2155 1630 quze
2181 1564 2282 1616 erit
2311 1565 2361 1617 in
2389 1567 2598 1620 circuitu
2620 1571 2726 1638 ejus
2767 1581 3030 1640 tempestas
3068 1575 3253 1631 vaiida.
3288 1581 3476 1650 Prucn,

1900 1653 2059 1707 dubio
2087 1655 2182 1709 ista
2211 1666 2494 1726 tempestas
2534 1662 2815 1728 quamdam
2857 1668 3247 1734 scparationem
3277 1669 3477 1726 factura

1899 1755 2001 1804 est.
2029 1747 2127 1801 Ista
2153 1758 2237 1803 est
2266 1751 2349 1804 illa
2383 1755 2665 1820 separatio,
2699 1771 2854 1822 quam
2904 1774 3008 1811 non
3033 1774 3479 1829 exspectaverunt

1899 1840 1985 1907 qui
2034 1852 2313 1910 antequam
2359 1844 2425 1896 ad
2469 1844 2612 1898 littus
2655 1848 2915 1910 venirent,
2965 1852 3094 1905 retia
3136 1853 3477 1924 disrnperunt

1900 1931 2050 1995 (Luc.
2085 1949 2135 1992 v.
2165 1933 2241 2002 li).
2271 1935 2324 1987 In
2355 1936 2439 1989 illa
2466 1952 2592 1988 vero
2630 1939 2960 2004 separatione
2992 1940 3046 1995 fit
3090 1945 3328 2012 qumdam
3360 1965 3476 2002 ma-

1898 2023 2068 2076 lorum
2097 2035 2152 2078 et
2178 2026 2432 2082 bonorum
2465 2027 2752 2082 distinctio.
2786 2031 2885 2083 Alii
2914 2042 3041 2087 sunt
3077 2036 3216 2088 enim
3247 2033 3502 2106 semion?

1902 2122 1978 2167 tes
2018 2132 2156 2169 nunc
2196 2117 2483 2178 Christum,
2518 2122 2777 2189 expeditis
2827 2122 3062 2178 humeris
3109 2128 3222 2181 sine
3267 2132 3473 2185 sarcina

1898 2222 2140 2263 curarum
2181 2213 2532 2272 sareularium.
2579 2215 2666 2281 qui
2714 2230 2814 2267 non
2849 2214 3042 2271 frustra
3089 2221 3383 2288 audierunt,
3416 2226 3474 2277 Si

1898 2299 1970 2350 vis
1999 2316 2102 2351 esse
2134 2301 2395 2371 perfectus.
2427 2305 2567 2369 vade,
2598 2305 2752 2358 vende
2775 2308 2942 2359 omnia
2971 2326 3082 2377 qua:
3123 2315 3292 2377 habes,
3335 2327 3380 2368 et
3408 2319 3474 2370 da

1897 2392 2218 2460 pauperibus,
2249 2402 2293 2446 et
2323 2393 2522 2446 habebis
2571 2397 2859 2449 thesaurum
2885 2397 2937 2448 in
2981 2399 3123 2466 crelo,
3160 2413 3206 2454 et
3234 2406 3362 2470 veni,
3393 2425 3473 2459 sc-

1895 2501 2044 2553 quere
2069 2503 2146 2538 me
2171 2501 2189 2539 :
2213 2486 2454 2556 qualibus
2493 2487 2705 2554 dicitur,
2745 2490 2991 2543 Sedebitis
3035 2510 3182 2560 super
3211 2495 3472 2552 duodecim

1895 2577 2358 2645 sedcs,judicautes
2401 2579 2660 2632 duodecim
2703 2581 2858 2634 tribus
2900 2580 3065 2635 Israel
3103 2582 3314 2653 (Matth.
3361 2605 3468 2652 xxx,

1893 2667 1984 2733 21,
2009 2668 2123 2737 ‘28).
2155 2671 2255 2723 Alii
2287 2687 2411 2740 ergo
2440 2683 2594 2724 erunt
2615 2673 2912 2738 judicantes
2943 2690 3062 2727 cum
3096 2676 3314 2730 Domino
3340 2698 3351 2732 :
3381 2683 3469 2732 alii

1897 2776 2026 2814 Vero
2058 2761 2348 2828 judicandi.
2381 2763 2472 2815 sed
2513 2763 2578 2816 ad
2606 2763 2878 2816 dexteram
2913 2767 3164 2832 ponendi.
3193 2768 3320 2821 Nam
3349 2774 3469 2840 quia

1894 2864 2050 2908 erunt
2069 2855 2279 2922 quidam
2300 2855 2599 2922 jndicantes
2622 2872 2741 2910 cum
2769 2857 3012 2922 Domino,
3047 2859 3302 2914 habemus
3327 2875 3480 2931 aper:

1896 2945 2154 2999 tissimum
2214 2947 2570 3000 testimonium
2617 2947 2757 3017 quod
2808 2949 2965 3001 modo
3014 2955 3466 3006 commemoravi:

1895 3036 2145 3089 Sedebitis
2183 3053 2332 3106 super
2380 3036 2644 3090 duodecim
2686 3038 2846 3102 sedes,
2882 3039 3171 3107 judicautes
3210 3042 3469 3096 duodecim

1894 3127 2054 3178 tribus
2081 3125 2265 3182 Israel.

1964 3218 2014 3270 9.
2046 3217 2147 3271 Sed
2178 3217 2304 3270 dicit
2345 3217 2533 3286 aliquis
2567 3236 2578 3270 :
2608 3217 2885 3292 duodecqu
2933 3220 3038 3273 illic
3067 3222 3302 3290 Apostoli
3333 3240 3463 3279 con-

1893 3308 2168 3374 sedebnut,
2200 3325 2300 3362 non
2331 3294 2574 3377 amplius.
2608 3310 2701 3366 Ubi
2745 3327 2872 3382 ergo
2902 3314 3003 3367 erit
3031 3318 3301 3383 apostolus
3328 3318 3467 3371 Pau-

1893 3398 2012 3452 lus?
2041 3397 2302 3468 Numquid
2332 3399 2452 3453 inde
2478 3411 2752 3468 separatus
2779 3403 2925 3456 erit?
2953 3404 3105 3457 Absit
3127 3414 3184 3458 ut
3207 3407 3306 3460 hoc
3331 3408 3470 3462 dica-

1893 3505 2030 3551 mus,
2061 3489 2196 3543 absit
2225 3499 2282 3544 ut
2311 3490 2410 3543 hoc
2438 3492 2520 3546 vel
2552 3493 2708 3546 tacite
2735 3493 3048 3559 cogitemus.
3096 3496 3229 3562 Quid
3270 3497 3313 3550 si
3344 3515 3471 3567 ergo

1891 3580 1945 3637 in
1990 3583 2110 3636 loco
2135 3581 2283 3635 Judte
2326 3583 2437 3651 ipse
2478 3583 2766 3638 residebit?
2792 3583 2898 3639 Sed
2942 3587 3296 3642 rnanifestavit
3324 3589 3470 3645 Sci-i-

1895 3682 2045 3742 ptura
2073 3672 2269 3736 divina,
2299 3673 2418 3741 quis
2461 3672 2511 3726 in
2555 3672 2704 3726 Judae
2752 3674 2869 3728 loco
2901 3676 2967 3727 sit
2993 3676 3266 3732 ordinatus
3294 3697 3306 3732 :
3336 3681 3470 3734 Mat-

1896 3766 2031 3819 thias
2056 3765 2195 3829 enim
2225 3774 2307 3818 est
2331 3779 2580 3833 expresse
2604 3767 2902 3820 nominatus
2930 3769 2979 3821 in
3001 3770 3221 3825 Actibus
3248 3773 3470 3840 Apostu.

1895 3856 2087 3920 lorum,
2120 3863 2176 3909 ut
2213 3855 2278 3908 de
2307 3854 2397 3908 illo
2423 3855 2661 3910 dubitare
2687 3872 2789 3910 non
2821 3874 3096 3926 possemus
3126 3861 3258 3928 (Act.
3292 3879 3327 3926 ι,
3354 3863 3468 3933 2(3).

1893 3945 2128 4001 Cadcnte
2165 3961 2292 4016 ergo
2333 3945 2466 4001 Juda
2487 3986 2500 4009 ,
2533 3946 2777 4015 impletus
2817 3959 2899 4002 est
2925 3966 3172 4004 numerus
3196 3953 3471 4009 duodena-

1892 4039 2024 4093 rius.
2053 4037 2186 4094 Cum
2214 4054 2341 4108 ergo
2371 4039 2458 4094 ille
2487 4056 2736 4095 numerus
2761 4041 3114 4098 duodeuarius
3135 4053 3471 4116 occupavisrit

1892 4131 2173 4187 duodecim
2204 4132 2379 4200 sedes,
2412 4147 2514 4186 non
2537 4133 2791 4202 judicabit
2823 4136 3013 4190 I’aulus
3042 4143 3347 4207 apostolus?
3388 4146 3468 4200 Au

1892 4223 2028 4278 forte
2049 4233 2196 4278 stans
2220 4223 2517 4292 judicabit?
2547 4223 2660 4278 Non
2689 4225 2758 4278 ita
2785 4236 2865 4280 est
2895 4246 2907 4280 :
2940 4241 3044 4281 non
3072 4231 3224 4286 faciet
3259 4234 3356 4289 hoc
3381 4237 3468 4290 ille

1887 4313 2104 4383 justitia:
2147 4317 2430 4400 rctr’ibutor
2461 4334 2474 4369 :
2509 4331 2610 4371 non
2655 4319 2870 4371 omnino
2912 4329 3060 4375 stans
3090 4323 3349 4391 judicabit
3377 4331 3465 4398 qui

1891 4405 2010 4473 plus
2036 4405 2278 4459 omnibus
2309 4406 2411 4459 illis
2433 4407 2686 4461 laboravit
2713 4407 2753 4481 (I
2786 4409 2899 4463 Cor.
2931 4427 3028 4478 sv,
3061 4415 3169 4485 tu).
3199 4416 3356 4473 Certe
3383 4422 3465 4474 vel

1892 4495 1990 4550 iste
2021 4512 2154 4584 unus
2181 4499 2450 4565 apostolus
2477 4498 2669 4552 Paulus
2698 4501 2836 4569 cogit
2865 4517 2962 4556 nos
2989 4503 3292 4573 diligentius
3326 4512 3467 4580 cogi-

1892 4598 2004 4642 lare
2029 4598 2082 4642 et
2109 4589 2443 4656 perscrutari,
2475 4606 2636 4658 quare
2667 4591 2820 4646 dicta:
2849 4593 2953 4646 sint
2982 4595 3258 4650 duodecim
3289 4600 3462 4656 sedes.

1892 4678 2190 4733 Invenimus
2216 4679 2354 4732 enim
2385 4689 2438 4734 et
2459 4680 2592 4734 alios
2622 4697 2871 4735 muneras
2903 4684 2954 4736 in
2982 4682 3266 4754 Scripturis
3292 4692 3460 4744 multi-

1892 4771 2124 4824 tudinem
2150 4771 2529 4841 signilicantes.
2559 4772 2802 4841 Quinque
2844 4773 3071 4850 virgines
3100 4776 3464 4848 admittuntur,

1889 4862 2118 4930 quinque
2158 4863 2509 4917 excluduntur
2539 4862 2746 4931 (Matth.
2793 4880 2920 4930 xxv,
2967 4866 3052 4930 l0,
3085 4867 3198 4938 12).
3236 4870 3466 4927 Uliilibet

1890 4952 2120 5022 intelligo
2161 4954 2390 5022 virgines
2420 4972 2432 5007 :
2462 4955 2573 5008 sive
2603 4954 2657 5008 in
2685 4955 2926 5010 castitate
2969 4966 3126 5028 atque
3169 4961 3464 5032 integritate

1887 5047 2080 5110 cordis,
2114 5047 2201 5100 ubi
2250 5047 2408 5101 debet
2436 5047 2582 5116 virgo
2620 5063 2740 5102 csse
2785 5057 2891 5103 tota
2921 5049 3175 5120 Ecclesia,
3216 5035 3302 5110 cui
3328 5057 3462 5111 dici-

1889 5147 1992 5198 tur,
2023 5135 2334 5207 Desponsavi
2359 5154 2442 5191 vos
2467 5139 2552 5190 uni
2593 5139 2715 5204 viro,
2743 5139 2984 5210 uirginem
3007 5155 3197 5197 castam
3236 5147 3463 5200 exhibere

1888 5230 2083 5285 Christo
2109 5230 2171 5299 (Il
2198 5229 2315 5285 Cor.
2357 5246 2434 5290 XI,
2459 5230 2549 5298 2);
2582 5232 2693 5286 sive
2731 5234 2780 5284 in
2810 5232 2892 5285 Itis
2921 5232 3128 5288 l‘etninis
3158 5253 3273 5305 qua:
3302 5238 3457 5291 etiam

1889 5322 2238 5390 integritatem
2265 5323 2435 5375 carnis
2465 5323 2690 5395 dicatam
2723 5323 2918 5378 habent
2947 5325 3054 5381 Deo
3084 5345 3096 5381 :
3131 5329 3378 5397 numquid
3411 5330 3463 5384 in

1889 5422 1963 5466 tot
1991 5411 2219 5464 millibus
2248 5413 2374 5465 sola:
2400 5414 2628 5483 quinque
2669 5417 2834 5470 sunt?
2861 5415 2966 5472 Sed
2995 5419 3046 5472 in
3092 5419 3332 5488 quinario
3360 5435 3458 5471 nu-

1886 5519 2035 5558 mero
2057 5503 2363 5573 intelligitur
2387 5507 2707 5560 continentia
2730 5509 2961 5578 quinque
2983 5527 3230 5564 sensuum
3260 5513 3453 5564 carnis.

1887 5595 2092 5649 Etenim
2122 5595 2300 5649 multis
2341 5597 2484 5650 venit
2509 5601 2778 5668 corruptio
2805 5617 2896 5669 per
2921 5602 3124 5666 oculos,
3159 5603 3335 5655 multis
3366 5618 3461 5670 per

1887 5702 2087 5754 aurern,
2135 5687 2310 5742 multis
2339 5705 2430 5758 per
2459 5689 2694 5745 illicitum
2740 5691 3008 5756 olfactum,
3042 5692 3218 5747 multis
3249 5707 3341 5748 uer
3366 5709 3458 5748 ne.
