4004 6200
520 254 611 307 5'71
1728 238 1789 297 S.
1830 230 2100 295 AUGUST

2233 234 2533 291 EPISCOPI
3613 242 3705 295 57.»,

520 370 597 418 far
621 381 703 416 llltl
736 373 966 432 gustum,
1013 358 1189 413 multis
1229 373 1322 425 per
1349 354 1701 410 adulterinum
1738 351 2077 423 amplexum:

519 460 584 511 ab
615 459 692 511 his
719 455 959 508 omnilms
984 450 1215 520 quinque
1252 448 1427 518 januis
1452 446 1803 514 corruptionis
1846 444 2085 527 quicum:

521 564 624 618 que
648 562 705 600 sc
732 544 1021 603 continent.
1051 540 1205 596 et’sic
1230 539 1503 594 continent
1528 548 1583 593 ut
1613 537 1667 591 in
1696 551 1788 590 sua
1814 534 2083 589 conscien-

522 640 593 694 tia
634 636 854 708 gloriam
884 633 1129 699 habiamt,
1163 648 1265 686 non
1312 630 1517 685 laudem
1545 629 1612 681 ab
1654 627 1953 681 hominibus
1997 639 2091 677 ex-

523 737 779 798 spectent,
812 726 1043 797 quinque
1083 734 1208 780 sunt
1251 722 1480 790 virgines
1519 720 1804 791 sapientes,
1832 715 2090 771 habentes

523 820 694 873 oleum
719 831 918 871 secum.
948 815 1081 883 Quid
1112 824 1211 878 est,
1240 813 1414 867 oleum
1441 811 1696 865 habentes
1720 806 1941 864 secum?
1965 805 2091 861 Glo—

526 912 598 964 ria
626 918 806 963 nostra
848 906 964 961 huic
989 915 1090 972 est,
1135 904 1487 959 testimonium
1516 900 1855 957 conscientia:
1897 906 2092 953 nostrae

526 1000 589 1071 (II
609 1000 722 1053 Cor.
743 1015 778 1065 I,
798 999 911 1069 1‘3).
932 999 1131 1067 Rursus
1145 996 1480 1065 illequiapud
1497 992 1692 1048 inferos
1718 991 2089 1061 torquebatur:

531 1093 724 1157 Habeo,
759 1092 946 1163 inquit,
974 1091 1190 1161 quinque
1218 1091 1396 1161 fratres
1426 1087 1575 1158 (Luc.
1607 1102 1713 1149 xvi,
1743 1085 1856 1155 ‘28).
1902 1083 1976 1137 lbi
2010 1081 2091 1135 in-

528 1184 777 1253 telligitur
808 1182 1028 1252 populus
1071 1181 1371 1236 Judieorum
1415 1179 1512 1233 sub
1554 1179 1668 1247 lege
1699 1176 1896 1246 positus
1931 1190 1942 1226 :
1972 1172 2094 1247 quia

528 1272 733 1347 Moyses
784 1273 1048 1344 Iegislator
1099 1272 1326 1340 quinque
1374 1271 1536 1324 libros
1579 1266 1910 1334 conscripsit.
1968 1263 2093 1316 Item

530 1368 781 1421 Dominus
812 1375 931 1435 post
947 1366 1388 1421 resurrectionem
1402 1364 1549 1431 jubet
1576 1358 1710 1415 milti
1737 1360 1865 1413 retia
1895 1358 1944 1411 in
1962 1356 2095 1411 dex-

531 1467 696 1512 teram
730 1465 961 1525 partem,
993 1457 1232 1511 levantur
1270 1456 1441 1524 pisces
1469 1462 1680 1507 centum
1724 1447 2098 1520 quinquaginta

531 1556 656 1601 tres.
684 1547 752 1601 Et
777 1562 896 1601 cum
925 1555 1030 1600 tam
1075 1546 1245 1617 magni
1270 1553 1467 1610 essent,
1498 1544 1569 1596 ait
1592 1540 1936 1611 evangelista,
1966 1537 2097 1591 retia

533 1654 638 1690 nou
665 1646 790 1692 sunt
833 1636 1067 1704 disrupta
1115 1634 1290 1708 (Joan.
1335 1650 1448 1700 XXI,
1492 1634 1545 1699 6,
1585 1633 1695 1704 II).
1747 1631 1948 1685 Etenim
1979 1638 2101 1681 ante

536 1729 830 1796 paSsionem
856 1727 1013 1796 jussit
1038 1728 1171 1781 mitti
1202 1727 1351 1792 retia,
1386 1742 1490 1780 non
1533 1726 1715 1778 dicens
1746 1724 1796 1776 in
1828 1723 2100 1776 dexteram

536 1829 736 1888 partem
767 1836 937 1890 neque
977 1821 1030 1873 in
1061 1820 1327 1874 sinistram
1368 1836 1381 1871 :
1419 1822 1538 1887 quia
1570 1818 1611 1871 si
1642 1818 1693 1870 iu
1720 1816 1988 1870 dexteram
2018 1813 2100 1866 tli-

532 1924 694 1978 ceret,
726 1915 868 1970 solos
896 1916 1063 1970 bonos
1101 1915 1456 1985 signiﬁcaret;
1488 1913 1529 1966 si
1561 1912 1613 1965 in
1643 1912 1929 1973 sinistram,
1961 1908 2104 1962 solos

538 2009 704 2061 malus
737 2027 750 2062 :
782 2008 867 2061 ubi
894 2017 1067 2063 autem
1114 2014 1316 2061 tacetur
1356 2005 1573 2058 dextera
1602 2011 1655 2055 et
1679 2001 1910 2065 sinistra,
1955 1999 2100 2053 mixti

534 2100 811 2165 capiuntur
835 2098 957 2152 boni
983 2107 1036 2152 et
1076 2097 1216 2151 mali.
1245 2095 1395 2165 Capti
1427 2104 1547 2147 sunt
1591 2102 1764 2146 autem
1797 2100 1939 2155 tunc,
1971 2090 2108 2143 sicut

540 2190 805 2257 Evangelii
832 2190 1025 2244 veritas
1049 2198 1347 2253 attestatur,
1376 2195 1481 2240 tam
1520 2186 1669 2240 multi
1699 2194 1756 2238 ut
1801 2185 1929 2238 retia
1957 2198 2103 2237 rum-

537 2290 787 2352 perentur
816 2280 963 2353 (Luc,
1004 2296 1058 2346 v,
1091 2281 1167 2351 6).
1213 2279 1550 2349 Signiﬁcabat
1594 2279 1734 2332 enim
1764 2278 1851 2331 iIIa
1889 2286 2104 2345 captura

538 2373 639 2426 hoc
661 2384 866 2441 tempus
892 2390 905 2427 :
932 2376 1058 2427 retia
1083 2380 1234 2442 rupta
1257 2370 1617 2440 significabant
1644 2368 2028 2424 conscissioncs
2053 2376 2108 2422 et

536 2465 894 2519 conscissuras
941 2464 1305 2518 haereticorum
1349 2470 1404 2518 et
1441 2461 1914 2516 schismaticorum.
1956 2459 2107 2526 Quod

536 2567 710 2611 autem
741 2565 859 2625 post
886 2556 1325 2611 resurrectionem
1358 2569 1503 2608 suam
1536 2554 1790 2607 Dominus
1820 2551 1961 2617 fecit,
1991 2560 2109 2621 post

538 2648 977 2703 resurrectionem
1002 2656 1235 2701 nostram
1260 2646 1409 2700 nobis
1438 2646 1666 2699 futurum
1690 2643 2020 2714 signiﬁcavit,
2054 2642 2105 2695 in

539 2740 628 2791 illo
676 2754 894 2793 numero
922 2739 1070 2809 regni
1116 2737 1392 2803 cmlornm,
1444 2737 1530 2790 ubi
1562 2737 1736 2790 nullus
1772 2736 1873 2790 erit
1916 2736 2105 2789 malus.

540 2827 823 2899 Propterea
852 2829 980 2883 retia
1009 2844 1125 2897 qua:
1152 2828 1205 2881 in
1234 2828 1506 2882 dexteram
1544 2836 1746 2895 partem
1774 2826 1931 2879 missa
1963 2833 2105 2884 sunt.
2140 2858 2149 2865 λ

537 2920 784 2995 dexteras
824 2927 1232 2986 expresserunt,
1285 2918 1502 2972 remotis
1546 2917 1794 2970 sinistris.
1842 2915 2107 2985 Numquid

538 3018 713 3061 tanien
744 3008 794 3061 in
838 3008 941 3061 illis
968 3007 1167 3060 dextris
1207 3018 1418 3061 centum
1446 3006 1816 3076 quinquaginta
1862 3013 1970 3060 tres
2012 3004 2122 3059 soli.

538 3102 660 3169 justi
689 3101 881 3155 erunt?
910 3100 1064 3153 IiIiIIia
1096 3099 1311 3153 millium
1352 3098 1622 3169 Scriptura
1648 3098 1907 3170 signiﬁcat
1947 3096 2106 3170 (Dan.

541 3212 633 3261 vu,
684 3193 809 3265 IO).
854 3193 1037 3263 Legite
1084 3191 1453 3263 Apocalypsim
1488 3210 1502 3245 :
1533 3192 1821 3247 duodecies
1867 3191 2108 3247 duodena

541 3286 702 3341 millia
749 3285 988 3344 fortasse,
1023 3282 1158 3337 sicut
1181 3281 1249 3336 ibi
1294 3281 1620 3351 intelligitur,
1653 3296 1719 3336 ex
1764 3281 1878 3335 solo
1918 3281 2111 3351 populo

541 3379 841 3435 Iudaeorum
872 3377 1043 3432 futura
1075 3388 1197 3429 sunt
1223 3374 1406 3446 (Apoc.
1437 3390 1523 3436 vn,
1569 3375 1648 3442 4).
1676 3374 1941 3429 Attendite
1967 3390 2110 3427 mar-

544 3484 716 3544 tyrum
760 3470 1194 3525 numerositatem
1226 3486 1239 3522 :
1275 3467 1385 3523 sola
1414 3468 1465 3522 in
1496 3467 1738 3535 proximo
1764 3482 1882 3537 qua:
1922 3465 2112 3520 dicitur

544 3565 711 3620 MaSsa
732 3561 953 3618 candida
984 3559 1083 3634 (a),
1108 3561 1224 3630 plus
1248 3559 1406 3614 habet
1430 3573 1585 3629 quam
1613 3568 1827 3613 centum
1855 3559 2113 3630 quinqua-

543 3659 683 3728 ginta
721 3664 827 3710 tres
854 3661 1130 3725 martyres.
1178 3653 1453 3709 Postremo
1496 3660 1697 3722 septem
1729 3653 1816 3706 illa
1846 3652 2006 3707 millia
2046 3652 2117 3708 de

543 3747 733 3817 quibus
769 3743 1117 3815 respondetur
1165 3743 1314 3809 Elite,
1348 3743 1547 3813 Reliqui
1575 3743 1699 3796 mihi
1737 3752 1922 3813 septem
1954 3743 2115 3798 millia

545 3842 780 3901 virorum,
802 3837 888 3908 qui
912 3853 1014 3890 non
1039 3840 1361 3890 curvaverant
1385 3851 1549 3907 genua
1573 3845 1688 3890 ante
1709 3834 1840 3890 Baal
1864 3835 1953 3907 (III
1986 3836 2110 3907 Reg.

546 3946 653 3992 χιχ,
695 3927 804 4001 l8),
851 3928 1007 3999 longe
1054 3926 1213 3981 istum
1259 3927 1478 3996 piscium
1514 3943 1793 3981 numerum
1841 3939 2111 3998 superant.

545 4020 764 4073 (lentum
803 4034 928 4088 ergo
970 4018 1342 4089 quinquaginta
1387 4025 1495 4074 tres
1539 4018 1709 4088 pisces
1755 4034 1859 4073 non
1907 4028 2111 4073 tantum

548 4124 823 4162 numerum
865 4116 1167 4163 sanctorum
1208 4108 1502 4177 signiﬁcat;
1532 4108 1624 4163 sed
1666 4109 1966 4163 universum
1994 4125 2115 4163 san-

546 4212 749 4254 ciorum
775 4207 828 4252 et
863 4201 1125 4267 justornm
1166 4214 1442 4254 numerum
1486 4212 1629 4255 certa
1661 4217 1816 4254 causa
1850 4212 1991 4255 tanto
2019 4219 2115 4257 nu-

549 4306 697 4345 inero
723 4289 982 4359 signiﬁcat
1022 4289 1311 4358 Scriptura,
1359 4302 1414 4344 ut
1454 4306 1643 4346 omnes
1676 4292 2034 4363 intelligantur
2062 4296 2111 4347 in

550 4386 908 4447 illiscentum
950 4384 1322 4453 quinquaginta
1358 4384 1523 4438 tribus
1567 4389 1889 4455 pertinentes
1918 4388 1981 4441 ad
2027 4404 2113 4444 re-

546 4476 928 4531 surrectionem
955 4474 1073 4528 vita:
1100 4484 1331 4528 :cternae.
1378 4475 1585 4529 Etenim
1616 4477 1720 4531 Lex
1748 4479 1907 4532 habet
1932 4479 2112 4534 decem

550 4578 807 4637 praecepta
834 4585 848 4622 :
876 4565 1106 4636 Spiritus
1142 4576 1315 4620 autem
1359 4566 1563 4635 gratim,
1611 4584 1705 4637 per
1749 4587 1903 4638 quam
1948 4571 2113 4625 solam

551 4660 659 4714 Lex
690 4660 952 4730 impletur,
976 4657 1300 4729 septiformis
1324 4657 1681 4729 legitttr(lsai.
1715 4677 1790 4725 ιι,
1817 4663 1870 4725 ‘2,
1900 4663 1974 4731 5).
1999 4665 2114 4718 Dis-

549 4749 827 4805 cutiendns
877 4759 960 4804 est
1000 4764 1127 4819 ergo
1157 4763 1427 4811 numerus,
1459 4749 1583 4817 quid
1614 4749 1710 4804 sibi
1739 4752 1900 4805 velint
1926 4753 2110 4808 decem

551 4849 604 4894 et
649 4853 850 4908 septem
881 4859 894 4895 :
925 4841 1111 4896 decem
1157 4842 1210 4895 in
1254 4841 1549 4910 przrceptis,
1602 4853 1802 4910 septem
1855 4844 1904 4896 iu
1948 4846 2114 4915 gratia

551 4929 779 5001 Spiritus
805 4933 969 4987 sancti
995 4948 1011 5000 ;
1042 4948 1135 5003 per
1162 4926 1316 5004 quam
1347 4934 1568 5005 gratiam
1600 4935 1884 5003 implentur
1920 4953 2116 5007 prmce-

553 5034 660 5094 pta.
692 5023 879 5089 Decem
908 5040 1034 5096 ergo
1061 5035 1115 5081 et
1136 5035 1338 5095 septem
1365 5035 1544 5082 tenent
1572 5042 1756 5083 omnes
1797 5030 2117 5099 pertinentes

552 5116 617 5171 ad
643 5117 1103 5183 resurrectionem,
1132 5118 1198 5173 ad
1219 5118 1477 5188 dextram,
1501 5121 1564 5176 ad
1592 5137 1808 5192 regnum
1836 5126 2112 5191 caelorum,

552 5208 617 5263 ad
650 5207 804 5261 vitam
844 5216 1132 5275 agtcrnam;
1164 5210 1214 5265 id
1242 5220 1323 5266 est
1346 5212 1537 5283 Legem
1576 5214 1850 5284 implentes
1878 5232 1974 5287 per
1999 5232 2118 5288 gra-

554 5303 678 5357 tiam
709 5301 955 5371 Spiritus,
986 5317 1092 5356 non
1120 5304 1268 5372 quasi
1301 5320 1393 5373 per
1418 5320 1551 5374 Opus
1590 5322 1742 5362 suum
1771 5318 1861 5364 aut
1888 5326 1981 5380 per
2007 5326 2119 5366 me-

553 5393 711 5448 ritum
734 5394 917 5446 suum.
949 5393 1139 5448 Decem
1165 5402 1341 5448 autem
1367 5405 1420 5447 et
1443 5406 1669 5465 septem,
1711 5400 1756 5453 si
1782 5416 2026 5458 numeres
2051 5403 2117 5457 ab

555 5500 658 5539 uno
689 5498 854 5554 usque
893 5483 958 5539 ad
1002 5482 1184 5538 decem
1213 5493 1267 5539 et
1313 5495 1536 5554 septem,
1582 5488 1825 5544 addendo
1868 5506 2117 5547 numeros

552 5592 738 5633 onmes
764 5577 1043 5648 gradatim,
1071 5586 1126 5631 ut
1150 5576 1216 5631 ad
1244 5593 1403 5631 unum
1433 5578 1595 5631 addas
1633 5580 1759 5647 duo,
1788 5581 1948 5638 addas
1975 5587 2070 5639 tria
2098 5627 2112 5651 ,

616 5669 690 5732 (α)
711 5676 857 5723 lassa
874 5670 1086 5721 candida.
1109 5667 1227 5720 \‘Ide
1246 5675 1396 5720 Serm.
1421 5683 1563 5729 cccvt,
1586 5681 1631 5718 ιι.
1660 5668 1708 5719 2.

2192 347 2355 402 addas
2396 359 2639 418 quatuor,
2670 359 2725 403 ut
2755 350 2882 404 fiant
2924 349 3127 413 deccat,
3175 351 3407 405 addendo
3428 355 3634 424 quinque
3658 372 3699 413 ut

2194 438 2319 491 ﬁant
2344 438 2665 510 quindecim,
2711 440 2955 495 addendo
2993 457 3085 496 sex
3117 451 3171 495 ut
3199 444 3317 496 fiant
3343 445 3511 513 viginti
3532 462 3703 510 unum.

2192 530 2434 585 addendo
2458 544 2659 600 septem
2691 544 2745 586 ut
2778 532 2904 587 ﬁant
2927 534 3106 603 viginti
3129 544 3265 596 octo,
3291 535 3518 591 addendo
3535 550 3641 593 octo
3663 553 3712 593 ut

2194 624 2320 677 ﬁant
2350 624 2561 695 triginta
2607 641 2723 692 sex,
2767 626 3009 699 addendo
3049 643 3234 680 novem
3267 636 3321 680 ut
3356 630 3473 681 Iiant
3509 630 3710 698 quadra-

2192 717 2333 786 ginta
2363 718 2615 787 quinque,
2661 719 2904 772 addendo
2928 719 3111 774 decem
3157 728 3212 773 ut
3239 719 3360 772 ﬁant
3381 720 3713 790 quinquaginta

2194 809 2446 879 quinque,
2493 811 2735 866 addendo
2777 812 3021 867 undecim
3064 823 3119 866 ut
3160 813 3285 866 ﬁant
3320 815 3569 883 sexaginta
3602 830 3715 881 sex,

2195 900 2436 955 addendo
2461 900 2733 956 duodecim
2756 914 2816 957 ut
2844 904 2969 956 fiant
2992 905 3316 973 septuaginta
3342 914 3475 968 octo,
3501 898 3719 960 addendo

2200 991 2447 1045 tredecim
2477 1003 2532 1045 ut
2561 992 2686 1046 ﬁant
2715 993 2996 1062 nonaginta
3037 1011 3220 1059 unmn,
3249 994 3483 1049 addendo
3503 1005 3721 1065 quatuor-

2198 1076 2368 1133 decim
2400 1089 2457 1134 ut
2487 1083 2612 1135 ﬁant
2635 1093 2845 1137 centum
2890 1085 3139 1154 quinque,
3194 1085 3430 1147 addendo
3457 1086 3722 1155 quindecim

2198 1180 2259 1224 ut
2300 1170 2424 1225 fiant
2452 1184 2663 1229 Centum
2712 1173 2914 1242 viginti,
2961 1174 3204 1231 addendo
3248 1176 3507 1231 sexdecim
3532 1188 3583 1230 ut
3623 1179 3725 1231 ﬁant

2199 1272 2411 1316 centum
2460 1264 2668 1334 triginta
2706 1280 2820 1319 .scx
2846 1306 2861 1330 ,
2907 1264 3150 1320 addendo
3194 1266 3375 1320 decem
3417 1276 3468 1321 et
3509 1278 3690 1338 septem
3715 1311 3727 1327 .

2201 1353 2503 1409 efﬁciuntur
2539 1366 2749 1410 centum
2793 1357 3173 1428 quinquaginta
3230 1358 3368 1412 tria:
3400 1358 3621 1412 invenies
3660 1358 3730 1412 in-

2200 1456 2410 1514 gentem
2441 1463 2717 1502 numerum
2762 1449 2995 1502 muuium
3043 1459 3344 1503 sanctorum
3388 1436 3641 1517 pertinere
3678 1449 3732 1502 ad

2203 1536 2341 1592 httnc
2367 1554 2640 1592 munermu
2674 1541 2890 1609 piscium
2918 1556 3227 1610 paucorum.
3260 1542 3529 1607 Quomodo
3556 1556 3670 1610 ergo
3692 1543 3732 1595 in

2203 1631 2433 1701 quinque
2462 1632 2759 1702 virginibus.
2787 1632 3197 1687 innumerabiles
3231 1633 3477 1703 virgines,
3504 1632 3737 1701 quomodo

2205 1724 2257 1778 in
2283 1725 2515 1794 quinque
2535 1724 2782 1781 fratribus
2804 1726 2941 1781 illius
2978 1727 3067 1797 qui
3109 1728 3450 1797 torquebatur
3476 1727 3603 1796 apud
3629 1728 3736 1781 inle-

2205 1831 2296 1870 ros
2339 1818 2498 1871 millia
2544 1819 2721 1886 pepuli
2764 1818 3091 1880 Judaeorum.
3138 1820 3407 1889 quomodo
3453 1820 3502 1872 iu
3546 1836 3741 1872 titiiueno

2206 1916 2416 1960 centum
2445 1908 2815 1978 quinquaginta
2871 1909 3026 1963 trium
3070 1910 3294 1980 piscium
3345 1910 3503 1964 millia
3551 1909 3740 1963 millium

2206 2008 2505 2052 sanctorum
2538 2017 2550 2054 :
2584 2001 2659 2054 sic
2690 2002 2740 2054 iu
2786 2001 3063 2056 duodecim
3106 2002 3325 2057 sedibus
3370 2019 3470 2056 non
3498 2002 3744 2056 duodecim

2209 2087 2469 2155 homines,
2501 2092 2591 2145 sed
2624 2108 2842 2161 magnus
2867 2101 2950 2148 est
2977 2108 3232 2148 numerus
3269 2092 3629 2163 perfectorem.

2280 2182 2367 2237 IO.
2406 2182 2506 2236 Sed
2534 2182 2687 2237 video
2715 2184 2837 2252 quid
2877 2197 3271 2255 consequenter
3314 2186 3645 2254 requiratura
3669 2202 3741 2237 un.

2208 2271 2290 2326 his
2318 2292 2329 2325 :
2357 2272 2632 2338 Quomodo
2656 2273 2724 2328 de
2751 2275 2985 2344 quinque
3010 2276 3305 2345 virginibus
3350 2275 3546 2330 reddita
3576 2286 3647 2329 est
3675 2276 3746 2355 ra}

2212 2366 2301 2431 tio.
2332 2384 2495 2435 quare
2518 2367 2585 2421 ad
2617 2368 2849 2438 quinque
2879 2369 3056 2423 multa:
3084 2371 3405 2437 pertineant,
3433 2380 3484 2423 et
3524 2384 3673 2438 quare
3695 2369 3747 2419 ad

2210 2460 2439 2529 quinque
2466 2460 2583 2513 illos
2610 2460 2758 2513 multi
2799 2459 2988 2523 Judari,
3017 2472 3071 2515 ct
3109 2477 3278 2530 quare
3302 2461 3367 2515 ad
3394 2470 3596 2515 centum
3619 2460 3751 2527 quiu-

2210 2552 2454 2622 quagiuta
2486 2562 2592 2607 tres
2635 2553 2786 2607 multi
2832 2553 3072 2623 perfecti,
3116 2554 3346 2610 ostende
3388 2556 3547 2625 quare
3572 2565 3752 2623 etquo—

2208 2643 2369 2698 ntodo
2393 2643 2459 2698 ad
2479 2643 2754 2699 duodecim
2774 2645 2945 2710 sedes,
2973 2661 3079 2699 non
3100 2645 3391 2701 duodecim
3418 2647 3660 2715 homines,
3681 2645 3756 2699 sed

2210 2737 2360 2815 multi
2394 2738 2715 2806 pertineant.
2743 2737 2877 2806 Quid
2924 2738 3021 2793 sibi
3064 2739 3261 2793 volunt
3294 2739 3563 2795 duodezim
3592 2738 3753 2797 sedes.

2210 2843 2329 2899 qua:
2366 2828 2663 2899 signiﬁcant
2686 2844 2870 2885 omnes
2899 2830 3128 2901 undique
3153 2832 3254 2900 qui
3283 2842 3388 2885 tam
3434 2830 3637 2901 perfecti
3660 2845 3758 2885 esse

2212 2922 2497 2991 potuerint,
2525 2937 2681 2991 quam
2712 2922 2958 2991 perfectis
2981 2922 3178 2977 dictum
3206 2933 3301 2978 est
3330 2941 3345 2978 :
3377 2922 3614 2978 Sedebitis
3634 2936 3761 2990 super

2212 3013 2472 3069 duodecim
2514 3014 2675 3080 sedes,
2698 3015 2987 3086 judicantes
3015 3016 3286 3071 duodecim
3314 3017 3468 3071 tribus
3498 3015 3686 3070 Israel?
3705 3014 3760 3068 Et

2211 3123 2375 3178 quare
2444 3122 2631 3162 omnes
2688 3108 2917 3177 undique
2960 3108 3025 3163 ad
3072 3096 3461 3166 duodena‘rium
3517 3125 3759 3187 ιιιιιιιθΐιιιιι

2212 3197 2519 3266 pertinent?
2545 3198 2679 3265 Quia
2703 3198 2874 3268 ipsum
2901 3199 3135 3269 undique
3153 3202 3301 3269 quod
3323 3202 3562 3263 dicimus,
3587 3201 3650 3255 de
3668 3209 3758 3253 toto
3812 3222 3813 3225 η

2213 3286 2412 3342 mundo
2440 3287 2665 3342 dicimus
2694 3305 2707 3340 :
2738 3288 2884 3342 orbis
2907 3298 3082 3344 autem
3114 3300 3381 3347 terrarum
3412 3301 3629 3363 quatuor
3653 3292 3763 3346 desi-

2211 3378 2383 3448 gnatis
2408 3378 2642 3447 partibus
2684 3381 3001 3444 continetur,
3029 3383 3261 3447 oriente,
3304 3385 3593 3448 occidente,
3628 3383 3761 3437 meri-

2213 3466 2372 3522 diano
2424 3479 2479 3524 et
2502 3470 2750 3539 aquilone
2780 3488 2797 3526 :
2826 3471 2893 3525 ab
2939 3471 3022 3526 bis
3059 3474 3313 3530 clunibus
3359 3476 3592 3546 partibus
3618 3475 3763 3530 vocati

2214 3559 2268 3614 in
2294 3560 2571 3626 Trinitate,
2610 3570 2667 3616 et
2697 3560 2911 3631 perfecti
2941 3561 3042 3617 ﬁde
3080 3572 3134 3617 et
3178 3575 3453 3635 prtecepto
3480 3565 3725 3620 Trinitatis
3744 3604 3757 3626 ,

2214 3650 2461 3720 quoniam
2486 3660 2564 3705 ter
2586 3652 2825 3722 quaterni
2842 3652 3121 3708 duodecim
3145 3654 3303 3724 ﬁunt,
3323 3656 3606 3728 agnoscitis
3625 3671 3766 3726 quare

2215 3741 2282 3797 ad
2307 3751 2471 3797 totum
2494 3743 2675 3798 orbem
2699 3745 2997 3814 pertineant
3019 3746 3207 3812 sancti,
3238 3748 3337 3819 qui
3355 3748 3614 3804 sedebuut
3632 3761 3767 3815 super

2215 3833 2492 3891 duodecim
2509 3836 2664 3892 sedes
2680 3836 2972 3907 iudicaturi
2986 3818 3271 3895 duodecim
3284 3841 3455 3897 tribus
3472 3840 3624 3896 Israel
3639 3857 3652 3903 ;
3669 3838 3769 3910 quia
3806 3818 3813 3829 ”

2215 3934 2270 3982 et
2291 3926 2568 3982 duodecim
2597 3926 2763 3982 tribus
2791 3927 2972 3995 Israel,
3004 3930 3165 3985 totius
3192 3930 3361 3988 Israel
3387 3932 3660 3987 duodecim
3685 3930 3763 3984 tri-

2215 4021 2315 4076 bus
2339 4029 2483 4078 sunt.
2508 4021 2656 4077 Sicut
2681 4022 2823 4078 enim
2846 4021 3133 4092 iudicaturi
3162 4040 3230 4080 ex
3257 4034 3374 4083 toto
3400 4026 3617 4089 mundo,
3643 4025 3713 4080 sic
3730 4032 3773 4076 et

2211 4112 2482 4191 iudicandi
2504 4130 2572 4168 ex
2594 4123 2703 4169 toto
2724 4114 2944 4172 mundo.
2974 4118 3262 4186 Apostolus
3282 4118 3354 4175 de
3377 4134 3438 4174 se
3465 4118 3652 4173 Paulus
3672 4131 3771 4169 cum

2216 4214 2460 4275 argueret
2501 4205 2684 4260 ﬁdeles
2728 4205 2911 4274 Iaicos,
2938 4208 3060 4278 quia
3085 4207 3286 4277 judicia
3333 4226 3431 4265 sua
3464 4226 3572 4265 non
3600 4207 3664 4265 ad
3686 4207 3773 4262 Ec-

2216 4294 2430 4350 clesium
2451 4294 2778 4364 deferebant,
2805 4296 2899 4352 sed
2922 4297 2989 4352 ad
3013 4298 3279 4368 publicum
3306 4300 3682 4370 pertrabebaut
3698 4312 3775 4351 eos

2216 4400 2337 4441 cum
2363 4386 2554 4456 quibus
2576 4386 2844 4442 habebant
2871 4388 3104 4458 negotia,
3134 4389 3209 4443 ait
3238 4407 3252 4442 :
3291 4390 3517 4445 Nescitis
3546 4392 3659 4462 quia
3691 4388 3777 4440 Αησ

2216 4479 2352 4549 gelos
2370 4477 2714 4548 judicabimus
2751 4478 2796 4553 (ι
2831 4479 2948 4536 Cor.
2978 4496 3052 4547 vr,
3095 4481 3150 4553 '5)
3173 4482 3196 4536 ’ἰ
3223 4482 3418 4539 Videte
3460 4480 3779 4554 quemadmo-

2217 4568 2341 4623 dum
2362 4568 2592 4638 judicem
2610 4585 2669 4626 se
2685 4569 2835 4635 fecit;
2867 4587 2968 4625 non
2994 4573 3168 4627 solum
3196 4587 3273 4641 se,
3303 4574 3403 4631 sed
3423 4584 3479 4630 et
3506 4587 3685 4629 onmes
3705 4568 3781 4641 qui

2217 4669 2363 4713 recte
2389 4660 2623 4727 judicant
2659 4660 2710 4715 in
2745 4661 3001 4714 Ecclesia.
3510 4724 3513 4728 _

2289 4750 2374 4803 11.
2406 4748 2536 4804 Cum
2565 4767 2690 4821 ergo
2719 4751 3051 4807 manifestum
3080 4755 3168 4821 sit,
3200 4757 3399 4811 multos
3425 4772 3548 4815 cum
3579 4753 3783 4809 Domino

2212 4839 2562 4910 judicaturos,
2589 4843 2722 4897 alios
2748 4857 2893 4909 vero,
2922 4860 3025 4897 nou
3068 4854 3241 4900 tamen
3279 4862 3350 4901 ex
3375 4862 3554 4917 teque,
3587 4844 3676 4901 sed
3705 4858 3785 4912 pro

2218 4931 2420 4986 meritis
2439 4931 2778 5002 jadicandos;
2805 4949 2924 4988 cum
2950 4936 3195 4990 omnibus
3224 4938 3446 5008 Angelis
3472 4937 3584 4991 suis
3608 4933 3782 4989 veniet.

2218 5025 2428 5094 quando
2443 5036 2567 5081 ante
2582 5041 2703 5082 eum
2716 5028 3174 5099 congregabantur
3184 5046 3375 5086 omnes
3388 5042 3578 5102 gentes
3592 5027 3784 5097 (Matth.

2220 5135 2349 5183 xxv,
2379 5119 2471 5185 5!,
2500 5118 2615 5189 32),
2643 5128 2697 5174 et
2716 5119 2853 5174 inter
2870 5136 3055 5182 omnes
3075 5123 3306 5193 Angelos
3325 5123 3621 5194 deputandi
3647 5129 3785 5177 erunt

2219 5210 2317 5276 illi,
2344 5210 2432 5280 qui
2463 5218 2565 5263 tam
2594 5208 2810 5279 perfecti
2838 5210 3029 5266 fuerint
3054 5221 3110 5267 ut
3130 5213 3381 5268 sedentes
3410 5229 3577 5283 super
3600 5210 3783 5268 duode-

2219 5301 2324 5358 cim
2352 5300 2504 5356 sedes
2543 5300 2779 5370 judicent
2822 5302 3097 5389 duodecim
3146 5306 3311 5360 tribus
3356 5306 3551 5361 Israel.
3600 5303 3787 5359 Etenim

2220 5393 2461 5449 homines
2476 5391 2599 5447 dicti
2625 5403 2748 5447 sunt
2769 5395 2938 5463 angeli
2964 5413 2978 5449 :
3000 5397 3283 5465 Apostolus
3306 5395 3378 5451 de
3398 5410 3461 5451 se
3486 5396 3635 5459 dicit,
3659 5392 3791 5449 Sicut

2219 5483 2452 5557 angelum
2496 5482 2588 5537 Dei
2613 5487 2892 5554 suscepistis
2919 5503 2996 5539 me
3026 5485 3165 5557 (Gal.
3197 5503 3271 5553 tv,
3321 5485 3434 5559 M).
3489 5490 3565 5543 De
3604 5488 3794 5541 Joanne

2221 5579 2454 5648 Baptista
2483 5576 2704 5632 dicitur:
2728 5575 2855 5631 Ecce
2873 5579 3012 5632 mitto
3034 5578 3267 5648 angelum
3289 5596 3460 5634 meum
3486 5593 3605 5634 ante
3629 5576 3793 5648 [aciem

2223 5681 2376 5733 tuum,
2403 5668 2486 5738 qui
2516 5668 2814 5738 prarparabit
2856 5668 2984 5722 viam
3020 5677 3156 5725 tuan:
3200 5682 3313 5725 aute
3346 5679 3395 5723 te
3425 5670 3679 5741 (.llalaclt.
3705 5681 3793 5730 ut,
