4004 6200
253 258 358 314 573

251 382 299 436 1.
325 388 382 437 et
414 376 598 432 Matth.
640 392 712 440 XI,
746 375 849 440 10).
896 376 1034 447 Ergo
1073 392 1190 431 cum
1221 378 1462 454 omnibus
1492 379 1706 448 Angelis
1732 391 1819 429 ve-

249 475 420 536 niens,
449 471 602 524 simul
643 486 822 525 secum
869 471 1078 524 habebit
1103 481 1155 525 et
1182 481 1410 544 sanctos.
1459 474 1651 538 Aperte
1680 470 1818 522 enim

247 566 374 620 dicit
397 574 450 617 et
478 563 638 617 Isaias
663 582 676 617 :
720 562 885 616 Veniet
917 565 984 616 ad
1011 563 1259 634 judicium
1287 579 1399 616 cum
1427 564 1700 616 senioribus
1727 578 1818 630 po-

250 657 355 728 puli
383 655 532 728 (lsai.
563 672 636 717 ιιι,
671 655 776 724 ll).
811 655 897 709 lsti
927 670 1053 723 ergo
1095 653 1330 708 seniores
1361 654 1556 722 populi,
1591 655 1672 707 isti
1710 654 1818 721 jam

252 750 436 820 Angeli
481 749 756 810 nominati,
793 749 884 802 ista
934 748 1093 802 millia
1139 749 1420 800 multorum
1470 748 1818 816 perfecturum

251 844 311 901 t'e
343 850 452 915 toto
477 841 605 894 orbe
635 839 976 901 venientium,
1005 838 1196 891 cmluut
1227 847 1500 891 vocantur.
1539 838 1627 891 Illa
1657 853 1783 891 vero
1803 877 1816 900 ,

245 945 408 990 terra.
435 931 528 985 sed
556 932 838 983 fructuosa.
866 927 994 995 Quae
1023 941 1160 982 terra
1192 927 1462 982 fructuosa
1487 929 1509 981 ?
1549 929 1602 982 Ιιι
1633 928 1818 982 dextra

244 1024 510 1096 pottcmda,
543 1025 625 1077 cui
654 1023 878 1085 dicetur,
914 1021 1130 1083 Esurivi,
1161 1033 1205 1076 et
1232 1021 1434 1074 dedistis
1465 1022 1584 1074 milii
1615 1023 1821 1074 ntandu—

239 1136 360 1172 care
387 1135 406 1171 .'
438 1133 560 1180 vere
611 1127 748 1170 terra
794 1115 1078 1170 fructuosa.
1128 1115 1209 1168 cui
1255 1114 1448 1184 gaudet
1493 1115 1818 1183 Apostolus,

239 1210 456 1280 quando
498 1209 544 1261 ei
589 1207 847 1260 miserunt
875 1207 938 1260 ad
985 1206 1326 1260 necessitates
1366 1207 1480 1273 ejus
1513 1224 1524 1258 :
1558 1205 1676 1260 Non
1704 1208 1821 1275 quia

239 1315 413 1370 qner
448 1298 642 1362 datum,
690 1297 876 1366 inquit,
907 1297 994 1349 sed
1038 1298 1232 1366 requiro
1258 1301 1492 1366 fructum.
1524 1297 1586 1350 Et
1625 1299 1822 1366 gratias

239 1391 350 1459 agit
376 1391 558 1443 dicens
591 1407 602 1438 :
637 1388 766 1452 Quia
809 1389 1007 1440 tandem
1049 1389 1319 1454 aliquando
1365 1390 1701 1459 repullulastis
1732 1407 1820 1458 pro

239 1497 322 1535 me
343 1497 523 1550 sapere
550 1477 805 1550 (Philipp.
839 1493 913 1542 tv,
942 1480 1024 1541 l7,
1058 1479 1165 1549 10).
1203 1479 1564 1548 Repullulastis
1588 1489 1641 1532 ut
1665 1481 1821 1533 arbo-

240 1572 391 1626 ribus
417 1571 562 1635 dicit,
588 1557 723 1638 lqute
772 1569 1046 1624 sterilitate
1088 1568 1311 1638 quadam
1344 1580 1681 1623 exaruerunt.
1714 1571 1817 1625 Ve-

241 1663 398 1717 niens
422 1662 596 1729 itaque
629 1661 880 1714 Dominus
904 1659 967 1712 ad
991 1659 1265 1727 judicium,
1297 1669 1354 1714 ut
1377 1660 1482 1729 jam
1513 1661 1774 1715 Psalmuut
1801 1705 1815 1727 ,

239 1756 452 1817 fratres,
474 1753 770 1818 audiamus,
794 1753 915 1822 qttid
940 1751 1169 1807 facturus
1197 1762 1277 1806 est
1296 1752 1320 1804 ?
1337 1739 1620 1807 'Advocabit
1640 1755 1820 1809 etclam

238 1863 440 1900 sursum
463 1862 481 1898 :
501 1845 715 1909 caelum,
739 1858 923 1897 omnes
949 1851 1160 1897 sanctos
1183 1841 1443 1910 perfectos
1467 1844 1816 1912 judicaturos;

237 1937 516 1991 adVocabit
564 1949 657 1990 eos
698 1949 909 1989 sursum
936 1976 948 1995 ,
995 1949 1232 1988 sesset'es
1272 1949 1448 1987 secum
1492 1933 1820 2003 judicaturos

235 2028 518 2082 duodecim
551 2027 715 2080 tribus
747 2025 926 2080 Israel.
956 2024 1231 2092 Quomodo
1255 2026 1396 2080 enim
1425 2025 1693 2080 Advocabit
1717 2044 1819 2080 cae.-

233 2121 343 2173 lum
370 2136 586 2184 sursum,
613 2134 732 2172 cum
755 2133 966 2187 semper
985 2132 1190 2172 sursum
1211 2116 1277 2170 sit
1299 2117 1534 2171 coelum?
1563 2117 1666 2173 Sed
1688 2133 1820 2188 quos

235 2209 324 2264 ltic
360 2211 550 2263 coelum
580 2210 725 2273 dicit,
773 2209 986 2263 eosdem
1025 2207 1188 2263 caelos
1232 2208 1354 2262 alibi
1399 2209 1646 2278 appellat.
1675 2210 1820 2276 Quos

239 2300 443 2355 caelos?
471 2301 570 2367 Qui
615 2309 864 2353 enarrant
903 2299 1125 2368 gloriam
1158 2299 1245 2353 Dei
1277 2318 1288 2352 :
1319 2297 1444 2354 Coeli
1482 2303 1624 2354 enim
1669 2317 1818 2354 enar-

232 2405 351 2450 rant
374 2395 586 2463 gloriam
614 2392 706 2447 Dei
732 2409 749 2445 :
775 2393 841 2446 de
865 2391 1054 2461 quibus
1076 2391 1288 2456 dicitur,
1317 2389 1384 2445 In
1411 2408 1606 2445 omnem
1631 2402 1820 2446 terram

231 2490 356 2543 exiit
393 2504 547 2542 sonus
581 2503 769 2548 eorum,
801 2497 845 2539 et
883 2486 932 2539 in
963 2484 1258 2552 ﬁnes-orbis
1288 2493 1434 2537 terra:
1475 2485 1621 2538 verba
1648 2501 1819 2538 eorum

231 2582 411 2649 (Psal.
461 2597 605 2643 xvtn,
633 2579 689 2645 2,
717 2578 795 2648 5).
823 2578 1011 2633 Videte
1048 2579 1189 2632 enim
1220 2578 1605 2632 discernentem
1638 2579 1818 2630 Domi-

234 2689 366 2728 num
414 2672 466 2726 itt
489 2670 686 2740 judicio
715 2688 728 2722 :
760 2669 1034 2723 Advocabit
1067 2669 1246 2722 coelum
1287 2685 1516 2735 sursum,
1553 2679 1599 2722 et
1633 2680 1817 2722 terram

230 2766 516 2818 discernere
543 2761 783 2834 pepulum
810 2777 976 2816 suum.
1016 2762 1055 2813 A
1093 2759 1304 2829 quibus,
1337 2759 1438 2813 nisi
1460 2775 1487 2811 a
1518 2759 1710 2813 malis?
1740 2761 1818 2814 De

207 2858 425 2928 quibus
469 2855 552 2909 hic
579 2865 758 2924 postea
798 2868 901 2907 non
933 2851 990 2905 fit
1018 2851 1234 2909 mentio,
1263 2850 1370 2918 jam
1403 2859 1646 2919 tauquam
1677 2851 1817 2920 diju-

229 2949 422 3004 dicatis
451 2947 516 3001 ad
544 2960 776 3018 poenam.
809 2944 938 2998 Istos
966 2943 1132 2996 bonos
1159 2941 1297 3006 vide,
1327 2951 1378 2994 et
1404 2940 1688 3010 distingue.
1714 2941 1818 2993 Ad-

229 3039 426 3094 uocabit
437 3039 614 3092 caelum
625 3044 891 3097 sursunt,et
909 3043 1089 3087 terram
1105 3032 1380 3099 discernere
1394 3032 1634 3102 populum
1649 3047 1813 3084 suum.

232 3130 404 3185 Vocat
432 3139 486 3184 et
516 3137 730 3190 terram,
776 3142 877 3180 non
908 3134 1084 3178 tamen
1115 3122 1557 3186 concernendam,
1585 3122 1676 3176 sed
1705 3122 1816 3174 dis-

229 3218 576 3275 cerneudam.
611 3217 790 3270 Primo
817 3215 956 3268 enim
1002 3223 1284 3268 concretos
1311 3212 1511 3267 vocavit
1543 3214 1582 3274 ¹,
1607 3211 1818 3279 quando

231 3312 434 3366 locutus
463 3319 533 3364 est
567 3308 701 3364 Deus
725 3309 950 3371 deorum,
997 3319 1040 3360 et
1067 3307 1254 3360 vocavit
1281 3316 1464 3360 terram
1503 3323 1534 3358 a
1557 3307 1676 3359 solis
1704 3316 1817 3358 ortu

229 3421 392 3468 usque
439 3404 506 3456 ad
543 3419 810 3464 occasum;
857 3401 1087 3456 nomium
1133 3401 1496 3455 discreverat:
1527 3405 1665 3454 servi
1698 3401 1816 3455 illi‘

226 3495 380 3550 missi
427 3504 577 3549 erant
605 3495 824 3548 invitare
867 3493 930 3548 ad
974 3493 1200 3563 nuptias,
1233 3493 1320 3562 qui
1371 3505 1817 3563 congregaverant

226 3585 403 3643 benos
424 3596 476 3641 et
501 3587 667 3640 malos
697 3585 879 3654 (Matth
929 3601 1054 3646 χχιι,
1086 3585 1192 3654 10).
1223 3585 1352 3640 Cum
1377 3601 1503 3639 vero
1527 3586 1661 3639 Deus
1688 3586 1819 3639 deo-

229 3691 352 3731 rum
378 3677 672 3745 manifestus
698 3678 875 3738 veniet,
907 3686 952 3730 et
983 3693 1082 3729 non
1115 3677 1294 3734 silebit,
1323 3676 1400 3730 sic
1432 3677 1688 3730 advocabit
1713 3693 1813 3731 rae-

226 3768 338 3820 lum
366 3785 586 3829 sin-sum,
620 3776 674 3820 ut
697 3768 900 3833 judioet.
925 3785 1042 3820 cum
1076 3768 1184 3822 illo.
1217 3767 1364 3836 Quod
1409 3768 1549 3820 enim
1581 3768 1770 3823 malum
1798 3810 1814 3833 ,

226 3861 330 3926 ipsi
364 3860 519 3923 cudi;
563 3859 698 3913 sicut
744 3876 859 3928 qua:
905 3869 1077 3919 terra,
1125 3858 1250 3926 ipsa).
1294 3867 1487 3920 terrae;
1519 3859 1655 3912 sicut
1698 3875 1816 3928 qua:

224 3949 498 4015 Ecclesia,
528 3951 653 4018 ipsm
694 3950 964 4004 Ecclesize.
1012 3948 1283 4001 Advocabit
1325 3948 1502 4002 malum
1527 3965 1740 4011 sursum,
1771 3959 1816 4002 et

225 4053 420 4096 terram
447 4042 723 4095 discernere
759 4039 1001 4110 populum
1042 4057 1206 4093 suum.
1237 4038 1351 4093 Jazn
1383 4054 1501 4093 cum
1547 4041 1682 4094 cmlo
1714 4049 1817 4093 ter-

223 4152 348 4189 ram
376 4135 648 4198 discernit,
697 4134 744 4188 id
778 4143 878 4197 est,
911 4132 1104 4188 caelum
1134 4146 1252 4184 cum
1281 4131 1369 4184 illo
1397 4140 1589 4184 terram
1619 4131 1815 4184 discer-

223 4228 330 4281 nit.
375 4226 653 4294 Quomodo
699 4225 951 4280 discernit
1003 4223 1238 4278 terram?
1266 4223 1330 4280 Ut
1371 4223 1502 4276 alios
1551 4233 1708 4293 ponat
1750 4223 1815 4278 ad

218 4319 502 4380 dextram,
549 4318 680 4370 alios
718 4307 784 4370 ad
813 4317 1100 4371 sinistram.
1133 4316 1310 4370 Terrze
1355 4325 1529 4368 autem
1571 4315 1816 4369 discreta:

217 4411 356 4478 qttid
388 4409 558 4462 dicit?
594 4407 1046 4469 Venite,benedic:i
1089 4407 1258 4460 Patris
1298 4408 1412 4469 mei,
1461 4407 1699 4476 percipite
1734 4423 1815 4458 re-

217 4518 388 4572 gnum
411 4500 546 4569 quod
571 4500 705 4552 vobis
727 4510 958 4568 paratum
985 4509 1052 4552 est
1079 4499 1140 4552 ab
1161 4499 1350 4569 origine
1384 4499 1578 4551 mundi.
1615 4497 1817 4550 Esurivi

215 4593 384 4657 enim,
413 4603 456 4645 et
475 4592 681 4645 dedistis
706 4592 828 4643 mihi
848 4599 1167 4651 manducare,
1188 4600 1240 4643 et
1262 4600 1470 4644 cetera.
1506 4589 1580 4643 Illi
1602 4598 1774 4642 autem
1801 4606 1814 4642 :

219 4682 454 4750 Quando
481 4691 527 4735 te
551 4682 782 4744 vidimus,
810 4681 1068 4750 inquiunt,
1097 4679 1432 4733 esurientem?
1458 4679 1524 4732 Et
1546 4679 1631 4733 ille
1653 4699 1664 4731 :
1691 4678 1815 4732 Cum

214 4775 320 4827 uni
349 4789 411 4826 ex
435 4774 653 4826 minimis
681 4777 800 4828 meis
819 4773 1022 4838 fecistis.
1055 4773 1174 4824 mihi
1204 4771 1386 4842 fecistis
1413 4768 1522 4841 (Id.
1555 4786 1685 4834 xxv,
1715 4773 1813 4826 54-

210 4864 347 4934 40).
379 4865 582 4918 Gtrlnm
619 4876 772 4918 terra:
796 4863 1023 4918 ostendit
1054 4864 1301 4916 minimos
1321 4877 1446 4914 suos
1469 4862 1575 4929 jam
1603 4877 1812 4917 sursum

212 4967 470 5018 vocatos,
505 4958 648 5009 etab
680 4955 971 5008 humilitate
1000 4954 1258 5008 exaltatos
1288 4970 1300 5004 :
1333 4951 1457 5006 Cant
1502 4953 1589 5005 uni
1631 4969 1692 5006 ea:
1720 4954 1816 5005 nti-

210 5049 384 5103 nimis
408 5048 529 5100 meis
557 5047 760 5115 fecistis,
793 5047 913 5099 milii
943 5045 1144 5114 fecistis.
1175 5041 1448 5095 Advocobit
1483 5059 1609 5113 ergo
1637 5044 1817 5096 cadum

206 5155 454 5202 sursum,
485 5148 531 5190 el
558 5146 742 5190 terram
773 5139 1049 5189 discernere
1080 5134 1318 5203 populum
1346 5149 1512 5185 suum.

313 5230 403 5286 12.
438 5228 586 5300 (vers.
621 5226 701 5299 5.]
751 5213 1058 5296 Congregate
1099 5225 1175 5277 illi
1212 5226 1380 5294 justas
1416 5223 1544 5292 ejus.
1586 5223 1692 5276 Vox
1726 5222 1809 5276 di-

208 5326 362 5377 vina
390 5330 445 5374 et
471 5320 802 5390 prophetica,
830 5318 1012 5371 videns
1041 5318 1210 5370 futura
1241 5326 1485 5385 tanquam
1514 5318 1813 5384 przesentia,

217 5416 556 5470 exhortatur
585 5411 816 5481 Angelos
841 5420 1244 5479 congregantes.
1276 5409 1446 5462 Mittet
1471 5409 1609 5461 enim
1639 5410 1814 5478 Ange-

291 5553 311 5582 ι
353 5550 428 5598 sic
451 5547 675 5615 plerique
697 5553 804 5615 Mss.
827 5553 880 5593 At
899 5551 1030 5612 μοι’..
1055 5556 1146 5592 non
1169 5549 1326 5615 tamen
1347 5542 1705 5612 conterendam,
1729 5545 1815 5594 sed

209 5611 625 5661 discernendum.
655 5611 816 5657 mimo
831 5611 955 5655 enim
978 5617 1087 5654 cwn
1104 5611 1380 5654 coinmtI—tos
1403 5611 1599 5655 vocum.

292 5677 320 5733 {-
355 5674 428 5720 sic
452 5673 618 5733 plures
634 5677 738 5719 Mss.
767 5679 820 5720 At
841 5669 971 5727 me,
997 5668 1209 5718 nondum
1231 5666 1555 5719 discreverunt
1579 5665 1704 5719 servi
1725 5665 1815 5728 illi,

204 5731 316 5797 qui
343 5731 478 5784 missi
499 5740 652 5784 erant.
682 5742 776 5783 etc.

1324 257 1715 314 ENABRATIO
1755 257 1818 312 IN
1858 256 2173 324 PSALMUM
2213 269 2396 328 XLIX.

3386 299 3487 357 5⁸16

2039 397 2163 438 suos
2181 426 2195 450 ,
2228 399 2281 442 et
2308 394 2763 466 congregabantur
2785 413 2909 459 ante
2944 421 3064 462 eum
3095 424 3280 467 omnes
3307 428 3490 484 gentes

1930 471 2134 578 (illan/.1.
2158 495 2277 545 xxv,
2297 483 2714 559 52).Congregate
2733 495 2808 548 illi
2811 496 2976 566 justo:
2997 502 3122 571 ejus.
3141 503 3282 572 Quos
3299 471 3490 578 iustos:

1931 564 2026 659 nisi
2057 568 2292 626 viventes
2320 592 2385 628 ex
2417 579 2549 646 fide,
2581 582 2832 643 facientes
2869 605 3028 659 opera
3075 564 3490 656 ntisericdrdizel

1928 655 2134 712 Etenim
2167 677 2326 731 opera
2357 668 2476 733 illa,
2500 675 2717 736 justitite
2745 693 2902 745 Opera
2934 695 3072 738 sunt.
3111 687 3279 743 [labes
3316 692 3490 747 Evan-

1927 750 2116 841 geliuut
2150 772 2162 807 :
2196 755 2372 812 Cavete
2396 763 2639 825 iustitiam
2667 781 2876 824 vestram
2899 774 3062 841 facere
3080 795 3247 833 coram
3270 783 3484 838 homini-

1927 839 2050 940 bus,
2084 855 2135 896 ut
2163 847 2431 904 videamini
2459 855 2521 906 ab
2550 859 2638 911 eis.
2683 860 2745 913 Et
2771 865 2917 930 quasi
2949 881 3291 935 quaereretur,
3324 876 3491 939 Quam

1921 933 2216 1031 jus-titiam?
2241 936 2364 993 Cum
2392 959 2508 1013 ergo
2534 949 2659 1015 facis
2679 951 3062 1024 eleemosynam,
3095 960 3259 1030 inquit
3287 933 3393 1031 (Id.
3422 983 3491 1027 vi,

1934 1022 1981 1124 l,
2005 1022 2080 1124 9.).
2119 1026 2260 1097 Ergo
2289 1031 2652 1107 eleemosynas
2683 1055 2839 1112 opera
2861 1044 3076 1113 justitim
3099 1022 3214 1104 esse
3235 1022 3496 1124 significa-

1926 1114 2020 1168 vit.
2050 1115 2194 1186 Ipsos
2223 1135 2538 1195 congregate
2560 1129 2731 1198 justos
2757 1134 2870 1202 ejus
2903 1155 2917 1192 :
2947 1154 3039 1194 eos
3069 1114 3382 1215 congregato
3408 1150 3494 1217 qui

1926 1212 2186 1277 compassi
2218 1223 2342 1267 suat
2365 1217 2505 1286 inopi
2528 1261 2540 1281 ,
2568 1223 2655 1290 qui
2685 1224 3055 1284 intellexerunt
3085 1212 3242 1303 super
3271 1212 3494 1306 egenum

1924 1309 1978 1352 et
2006 1315 2293 1371 pauperem
2321 1325 2334 1360 :
2358 1323 2673 1382 Cttttgregale
2701 1316 2817 1370 illos
2841 1364 2855 1383 ,
2885 1335 3164 1378 conservet
3192 1343 3284 1381 eos
3317 1330 3494 1384 Domi-

1928 1407 2046 1495 nus,
2075 1403 2131 1447 et
2155 1396 2380 1454 vivificet
2407 1417 2500 1455 eos
2530 1402 2548 1474 (
2578 1403 2714 1458 Psal.
2743 1425 2827 1472 XL,
2855 1409 2910 1473 2,
2943 1411 3038 1484 5
3068 1414 3379 1488 Congregate
3423 1422 3498 1473 illi

1913 1489 2082 1553 justos
2115 1489 2222 1557 ejus
2243 1493 2368 1561 :qui
2393 1494 2665 1562 disponunt
2690 1510 3035 1558 testamentum
3075 1509 3185 1576 ejus
3220 1527 3372 1578 super
3411 1530 3500 1566 sa-

1923 1578 2114 1672 criﬁcio
2137 1596 2156 1634 :
2182 1581 2232 1635 id
2259 1593 2359 1646 est,
2389 1588 2475 1654 qui
2506 1591 2738 1657 cogitant
2762 1593 2828 1647 de
2859 1598 3133 1664 promissis
3175 1600 3291 1668 ejus
3336 1617 3498 1672 super

1925 1667 2011 1721 illa
2044 1685 2159 1738 qua:
2185 1685 2487 1741 operantur.
2523 1678 2634 1747 Ipsa
2660 1683 2798 1736 enim
2825 1695 2946 1738 sunt
2976 1667 3252 1754 sacriﬁcia,
3288 1667 3498 1746 Deo-tli-

1923 1770 2094 1825 ceute,
2125 1761 2520 1820 Misericordiam
2541 1769 2650 1822 volo
2679 1774 2792 1840 plus
2818 1791 2967 1844 quam
3011 1780 3316 1848 sacri/icium
3348 1783 3498 1852 (Osee

1921 1867 1995 1916 VI,
2041 1852 2092 1915 ϐ,
2130 1862 2188 1910 et
2231 1855 2411 1910 Matt/7.
2459 1876 2532 1928 lx,
2573 1863 2682 1934 15).
2734 1865 2833 1931 Qui
2860 1868 3130 1936 disponunt
3157 1884 3498 1929 testamentum

1921 1944 2032 2014 ejus
2057 1962 2206 2013 super
2225 1951 2494 2018 sacri/icio.
2651 1945 2654 1948 I

1997 2058 2079 2112 l5.
2122 2057 2270 2131 [vers.
2300 2061 2378 2134 6.]
2421 2063 2482 2117 Et
2526 2069 2890 2124 annuntiobunt
2933 2073 3044 2126 ewli
3078 2076 3328 2146 justitiam
3366 2079 3496 2147 ejus.

1927 2148 2060 2204 Vere
2103 2151 2236 2206 banc
2261 2153 2517 2222 justitiam
2557 2157 2648 2212 Dei
2680 2159 2800 2214 ρωιί
2842 2162 2994 2216 nobis
3030 2167 3494 2230 aununtiaverunt,

1923 2242 2270 2313 Evangeiistat
2308 2249 2679 2315 prmdixerunt.
2714 2252 2814 2307 Per
2834 2254 2950 2308 illos
2977 2256 3270 2311 audivimus
3298 2261 3498 2312 futuros

1921 2333 2172 2402 quosdam
2200 2337 2266 2389 ad
2295 2338 2553 2404 dextram,
2583 2343 2770 2410 quibus
2807 2344 2933 2400 dicit
2971 2347 3365 2416 paterfamilias,
3405 2349 3495 2404 Ve-

1921 2425 2039 2489 nite,
2067 2425 2306 2505 benedicti
2348 2428 2519 2484 Putris
2560 2433 2673 2497 mei,
2723 2436 2977 2507 percipite.
3027 2438 3160 2507 Quid
3209 2441 3500 2510 percipite?

1921 2515 2170 2587 Regnum.
2206 2521 2305 2574 Pro
2350 2537 2450 2592 qua
2491 2523 2583 2579 re?
2621 2525 2841 2594 Esurivi,
2883 2540 2929 2583 et
2958 2531 3165 2586 dedistis
3200 2535 3322 2587 nti/ti
3349 2553 3494 2588 utan-

1920 2610 2121 2665 ducare.
2165 2612 2300 2681 Quid
2349 2623 2455 2670 tam
2505 2619 2627 2684 vile,
2676 2619 2800 2689 quid
2849 2631 2953 2677 tant
3001 2634 3287 2691 terrenum,
3337 2643 3495 2696 quant

1921 2702 2162 2772 frangere
2203 2721 2388 2770 pauent
2418 2710 2706 2763 esurienti?
2745 2712 2895 2765 Tanti
2924 2714 3063 2768 valet
3084 2731 3302 2785 regnum
3331 2720 3496 2773 ecclo-

1921 2811 2056 2848 rum.
2098 2796 2302 2866 Frange
2329 2801 2582 2854 esurienti
2629 2817 2816 2871 panem
2850 2815 3015 2870 tuum,
3047 2815 3102 2861 et
3127 2823 3351 2878 egenum
3381 2810 3498 2864 sine

1923 2898 2060 2959 tecto
2091 2890 2244 2944 indue
2272 2892 2322 2944 itt
2350 2891 2563 2946 domum
2597 2903 2769 2959 tuam;
2800 2897 2842 2950 si
2882 2899 3076 2954 videris
3117 2901 3334 2967 nmlum,
3365 2903 3498 2959 vcsd

1922 2980 2072 3049 (lsai.
2091 2997 2236 3047 Lvut,
2259 2984 2336 3053 7).
2371 2983 2472 3038 Sed
2493 3001 2595 3039 non
2621 2987 2782 3042 babes
2797 2989 3090 3044 facultatem
3108 2990 3379 3061 frangendi
3403 3009 3463 3060 pa
3482 3022 3495 3030 -

1922 3086 2061 3131 nem,
2084 3088 2186 3124 tton
2202 3072 2362 3127 habes
2374 3073 2588 3129 domum
2616 3093 2721 3146 quo
2744 3078 2979 3143 inducas,
3002 3095 3102 3133 non
3123 3081 3283 3136 habes
3299 3095 3496 3138 vestem

1920 3180 2021 3232 qua
2050 3167 2323 3235 cooperias
2357 3185 2369 3220 :
2397 3167 2460 3221 da
2489 3169 2704 3224 calicem
2736 3185 2886 3261 aqua:
2930 3173 3130 3242 frigida:
3159 3174 3370 3244 (Matth.
3411 3193 3440 3230 x
3477 3184 3519 3248 ,ι’

1918 3255 2032 3322 42),
2066 3258 2212 3310 mitte
2233 3258 2338 3312 duo
2367 3258 2564 3312 minuta
2596 3261 2647 3314 in
2679 3255 3112 3334 gazophylacium
3165 3265 3356 3335 (Marc.
3388 3283 3456 3320 xu
3480 3309 3494 3331 ,

1918 3345 2031 3418 42).
2055 3347 2279 3402 Tantum
2306 3351 2432 3404 emit
2449 3352 2599 3404 vidua
2617 3351 2822 3407 duobus
2840 3354 3075 3420 minutis,
3094 3366 3344 3425 quantum
3369 3358 3499 3410 emit

1920 3439 2107 3493 Petrus
2121 3440 2434 3510 .relinqnens
2461 3444 2589 3496 retia
2622 3442 2830 3513 (Matth.
2861 3460 2930 3509 tv,
2954 3445 3068 3516 20),
3097 3453 3347 3514 quantum
3371 3447 3499 3500 emit

1920 3531 2204 3587 Zacchaeus
2217 3533 2388 3587 dando
2407 3534 2679 3588 dimidium
2703 3537 3072 3606 patrimonium
3096 3537 3248 3606 (Luc.
3274 3555 3384 3600 χιι,
3415 3539 3494 3605 8).

1918 3625 2073 3679 Tanti
2100 3626 2255 3690 valet,
2289 3637 2538 3694 quantum
2571 3627 2837 3682 habueris.
2865 3629 3245 3682 Annuntiabunt
3269 3631 3492 3698 coeliju-

1919 3718 2105 3769 stitiam
2129 3718 2235 3788 ejus
2266 3758 2279 3771 .
2305 3719 2540 3786 quoniam
2567 3718 2700 3772 Deus
2717 3720 2881 3788 judex
2899 3731 2992 3775 est.
3027 3721 3357 3788 V'erejudex,
3393 3738 3494 3774 non

1918 3823 2242 3863 concernens
2273 3811 2313 3873 ³,
2354 3809 2442 3863 sed
2486 3809 2812 3864 discernens.
2858 3811 3012 3864 Novit
3049 3812 3186 3864 enim
3245 3812 3497 3864 Dominus

1917 3899 2004 3966 qui
2032 3910 2151 3952 sunt
2177 3899 2291 3966 ejus
2320 3898 2384 3972 (ll
2413 3898 2546 3951 Tim.
2581 3915 2636 3964 ιι,
2666 3900 2774 3970 19).
2800 3901 2908 3954 Etsi
2938 3918 3099 3970 grana
3130 3903 3289 3956 latent
3320 3903 3370 3956 itt
3401 3919 3496 3973 pa-

1920 3990 2018 4055 lea,
2050 3991 2293 4060 agriCola:
2341 4001 2460 4044 nota
2504 4001 2645 4045 sunt.
2694 3992 2858 4047 Nemo
2895 3992 3075 4047 timeat
3106 4007 3234 4048 "esse
3274 4010 3494 4063 granum

1918 4083 2076 4136 etiam
2123 4083 2258 4136 inter
2288 4084 2520 4152 paleam;
2557 4099 2660 4137 non
2705 4084 2958 4138 falluntur
3001 4086 3138 4140 oculi
3169 4086 3498 4140 ventilatoris

1919 4176 2104 4228 nostri.
2135 4175 2245 4228 Noli
2278 4177 2479 4237 timere.
2513 4194 2579 4230 tte
2601 4177 2684 4229 illa
2715 4186 3000 4246 tempestas
3027 4195 3143 4248 qua:
3170 4181 3268 4234 erit
3310 4180 3358 4232 itt
3387 4181 3495 4232 cir-

1918 4267 2058 4319 cuitu
2089 4268 2224 4334 ejus,
2256 4277 2538 4322 concernat
2578 4277 2627 4321 te
2653 4284 2771 4322 cunt
2801 4269 2968 4337 palea.
3011 4268 3168 4322 Certe
3201 4269 3366 4321 valida
3397 4268 3497 4321 erit

1921 4366 2238 4424 tempestas;
2269 4357 2464 4410 nttlluttt
2496 4367 2668 4411 tamen
2694 4374 2910 4422 granum
2938 4358 3080 4411 tollet
3107 4374 3133 4408 a
3166 4366 3311 4425 parte
3338 4357 3494 4410 tritici

1919 4451 1981 4503 ad
2022 4452 2222 4519 paleam
2251 4467 2262 4502 :
2296 4451 2412 4520 quia
2448 4469 2549 4503 non
2583 4451 2801 4520 quilibet
2839 4451 3064 4504 rusticus
3094 4465 3212 4502 cmtt
3245 4449 3494 4512 tridente,

1920 4542 2011 4595 sed
2044 4543 2180 4595 Deus
2207 4541 2436 4596 Trinitas
2476 4541 2638 4610 judex
2665 4551 2762 4596 est.
2799 4541 2861 4594 Et
2891 4541 3255 4593 anmtntiabunt
3275 4541 3385 4592 caeli
3403 4542 3496 4609 ju-

1918 4636 2102 4688 stitiam
2132 4635 2240 4703 ejus
2270 4651 2283 4691 .‘
2319 4637 2554 4704 quoniam
2589 4634 2724 4688 Deus
2753 4635 2919 4704 judea:
2943 4644 3032 4686 est.
3077 4634 3209 4686 liant
3235 4633 3375 4697 caeli,
3400 4649 3498 4686 an-

1920 4727 2160 4779 nutttieut
2188 4725 2326 4787 cmli,
2359 4726 2407 4778 itt
2442 4742 2652 4780 omnem
2687 4737 2880 4777 terram
2917 4734 3069 4777 exeat
3099 4739 3260 4775 sonus
3289 4740 3494 4790 eorum,

1919 4829 1971 4870 et
2008 4819 2058 4871 in
2106 4818 2236 4871 lines
2267 4817 2408 4870 orbis
2441 4828 2591 4871 terrae
2621 4816 2777 4871 verba
2811 4832 2991 4869 eorum
3018 4814 3187 4886 (Psul.
3213 4831 3360 4880 xvttt,
3394 4816 3447 4884 5)
3482 4833 3495 4868 :

1919 4918 1973 4962 et
1998 4911 2131 4962 dicat
2160 4910 2282 4961 illml
2313 4925 2521 4976 corpus,
2567 4906 2642 4960 De
2670 4908 2853 4976 ﬁnibus
2891 4918 2938 4960 te
2959 4920 3040 4956 'ra:
3076 4906 3143 4958 ad
3179 4916 3224 4958 te
3266 4908 3495 4974 clamavi,

1920 5017 2034 5050 cum
2084 5009 2345 5067 angeretur
2379 5015 2465 5050 cor
2509 5015 2674 5049 meum
2705 4996 2880 5064 (Psal.
2916 5012 3008 5059 LX,
3052 4998 3130 5067 Ἰ).
3175 4998 3328 5051 Modo
3357 4999 3498 5052 enim

1921 5099 2226 5142 Concretttnt
2270 5088 2448 5153 gemit,
2496 5089 2779 5140 discretum
2825 5089 3089 5157 gaudebit.
3118 5090 3322 5143 Clamet
3349 5104 3497 5157 ergo,

1923 5190 1973 5231 et
1999 5181 2173 5231 dicat:
2206 5177 2287 5230 Ne
2315 5179 2608 5246 COtttperdus
2647 5195 2755 5230 cum
2800 5179 2966 5248 impiis
2992 5181 3209 5233 animant
3243 5197 3419 5240 meum,
3455 5188 3498 5231 et

1921 5290 2032 5326 cum
2067 5273 2181 5324 viris
2208 5272 2510 5341 sanguinum
2534 5272 2682 5322 vitam
2723 5289 2881 5324 nteant
2911 5271 3078 5342 (Psul.
3112 5289 3234 5336 xxv,
3271 5271 3344 5341 9).
3384 5271 3498 5324 Non

1923 5365 2235 5432 comperdit,
2265 5365 2383 5430 quia
2431 5364 2561 5416 Deus
2585 5365 2742 5430 jttdex
2775 5376 2873 5419 est.
2899 5363 3104 5418 Clamet
3139 5365 3231 5429 illi,
3260 5373 3311 5415 et
3337 5363 3497 5425 dicat,

1921 5457 2107 5510 Judica
2134 5473 2228 5516 me,
2261 5455 2470 5510 Domine
2488 5499 2501 5521 ,
2534 5469 2576 5509 et
2607 5456 2830 5508 discerne
2855 5473 3054 5509 causam
3084 5473 3239 5507 nteant
3269 5456 3330 5506 de
3351 5464 3497 5522 gente

1924 5567 2020 5602 non
2043 5559 2213 5602 sancta
2242 5547 2409 5620 (Psal.
2435 5565 2559 5614 XLII,
2599 5550 2648 5618 1)
2677 5567 2689 5602 :
2719 5532 2887 5611 dicat',
2916 5548 3074 5602 faciet
3105 5549 3192 5601 ille
3227 5565 3239 5601 :
3271 5561 3494 5617 congre-

1989 5666 2004 5774 ἒ
2041 5671 2158 5713 'I'res
2189 5669 2324 5723 Mss,
2353 5667 2596 5713 conterens
2625 5668 2711 5711 :et
2747 5661 2886 5726 ['aulo
2911 5661 3046 5721 infra,
3069 5667 3277 5711 conterat
3313 5665 3357 5709 te
3393 5671 3502 5712 cum

2007 5740 2081 5774 ea.

1928 5740 2081 5790 patec.
