4004 6200
468 245 571 299 575

424 382 435 393 ι
467 359 727 428 galnuunr
770 358 815 411 ei
842 356 967 425 justi
1007 354 1141 423 ejus.
1179 352 1394 408 Vocavit
1432 358 1648 411 terram,
1694 358 1750 403 ut
1771 348 2038 403 discernat

472 453 718 521 populum
744 464 917 502 suum.

540 543 622 596 Μ.
665 538 810 613 [vers.
841 535 915 609 7.]
951 537 1105 602 Audi,
1159 535 1376 607 papulas
1422 552 1578 598 meus,
1621 542 1667 586 et
1710 532 1884 602 loquar
1931 530 2035 583 tibi.

468 635 560 688 Ille
586 632 672 701 qui
698 632 870 687 veniet
892 641 945 684 et
973 646 1074 683 non
1098 629 1309 693 silebit,
1340 627 1516 682 videte
1540 626 1658 695 quia
1687 636 1740 680 et
1767 622 1925 678 modo
1948 664 1963 687 ,
1994 622 2038 674 si

465 726 691 785 auditis,
738 737 842 775 non
885 722 1004 776 silet
1046 739 1059 773 :
1110 721 1269 785 Audi,
1311 718 1525 787 populus
1576 733 1750 780 meus,
1789 726 1834 767 et
1864 713 2041 785 loquar

464 818 570 870 tibi.
602 816 731 870 Nam
761 815 804 871 si
832 812 1123 874 uenandis,
1155 828 1256 865 non
1289 814 1473 879 loquar
1496 810 1605 863 libi.
1628 808 1761 861 Audi
1787 817 1831 859 et
1860 807 2039 875 loquar

464 909 568 963 tibi.
601 907 729 961 Nam
761 907 803 960 si
830 921 933 960 nou
962 905 1133 968 audis,
1161 903 1256 957 etsi
1286 902 1490 970 loquar,
1533 915 1640 954 non
1672 899 1783 953 tibi.
1814 896 2037 963 Quando

463 1016 589 1071 ergo
614 999 703 1053 tibi
732 998 958 1067 loquar?
982 996 1037 1050 Si
1064 994 1235 1048 audis.
1271 991 1491 1061 Quando
1516 991 1703 1045 audis?
1727 990 1781 1046 Si
1812 988 2037 1063 pepulus

465 1109 615 1151 meus
640 1110 717 1150 es.
750 1094 883 1147 Audi
909 1092 1071 1157 enim,
1102 1090 1317 1160 populus
1342 1105 1480 1141 meus
1506 1104 1523 1141 :
1550 1100 1652 1140 nou
1673 1086 1845 1149 audis,
1875 1083 1917 1137 si
1947 1100 2040 1150 po-

469 1190 622 1256 pulus
658 1188 880 1242 alienus.
929 1184 1085 1250 Audi,
1147 1184 1362 1253 papulas
1386 1198 1545 1244 meus,
1594 1189 1640 1233 et
1682 1174 1860 1248 loquar
1910 1176 2042 1241 tibi;

466 1278 650 1349 Israel,
680 1292 726 1336 et
760 1280 1062 1350 testiﬁcabor
1098 1279 1202 1331 tibi.
1226 1276 1404 1341 Israel,
1427 1274 1545 1328 audi
1574 1291 1587 1339 ;
1618 1272 1842 1343 populus
1868 1285 2039 1335 meus,

466 1375 608 1427 audi.
663 1372 822 1428 Israel
871 1387 1059 1429 nomen
1098 1369 1370 1424 electionis
1416 1376 1496 1420 est
1537 1382 1550 1419 :
1601 1362 1724 1417 Non
1769 1362 2037 1425 vocaberis,

470 1467 561 1529 ait,
591 1462 771 1529 Iacob,
802 1463 888 1517 sed
917 1461 1164 1515 vocaberis
1191 1458 1353 1512 Israel
1375 1456 1523 1529 (Gen.
1554 1471 1734 1520 xxxu,
1756 1454 1871 1522 28).
1901 1451 2043 1522 Ergo

470 1556 591 1611 audi
631 1558 766 1609 sicut
810 1555 988 1619 Israel,
1033 1554 1167 1607 sicut
1209 1550 1393 1604 videns
1441 1549 1641 1611 Deum;
1673 1547 1773 1601 etsi
1810 1544 2043 1599 nondum

471 1649 667 1714 specie,
697 1648 787 1701 sed
814 1647 924 1716 jam
956 1645 1075 1700 ﬁde.
1108 1644 1218 1698 lloc
1257 1643 1397 1696 enim
1442 1642 1818 1708 interpretatur
1859 1636 2042 1701 Israel,

472 1739 667 1793 Videas
714 1739 897 1793 Deum.
963 1736 1062 1805 Qui
1116 1735 1273 1789 habet
1326 1747 1482 1787 aures
1526 1729 1805 1793 audiendi,
1866 1728 2044 1782 audiat

472 1830 697 1898 {illati/1..
717 1846 788 1892 χι,
822 1829 944 1899 i5);
986 1836 1039 1880 et
1065 1826 1152 1895 qui
1183 1825 1342 1879 habet
1367 1823 1550 1878 oculos
1577 1819 1786 1901 videndi
1805 1860 1819 1881 ,
1846 1818 2042 1874 videat.

472 1918 830 1985 Audi,lsrael,
872 1928 917 1972 et
957 1916 1259 1986 testiﬁcabor
1288 1913 1394 1967 tibi.
1441 1911 1593 1979 Quod
1639 1925 1846 1964 sursum
1890 1907 2043 1974 dixit,

476 2011 693 2084 papulas
725 2026 895 2073 meus;
938 2010 1038 2063 hoc
1080 2009 1131 2062 in
1174 2004 1552 2075 consequenti,
1586 1988 1746 2058 Israel
1780 2018 1799 2057 :
1827 2011 1877 2058 et
1904 2003 2044 2070 quod

475 2104 607 2155 dixrt
630 2116 861 2160 sursum.
891 2101 1067 2168 loquar
1097 2097 1217 2163 tibi;
1262 2096 1362 2151 hoc
1388 2096 1439 2149 in
1470 2093 1837 2164 consequenti,
1867 2092 2045 2161 testiﬁ-

475 2194 623 2247 cabor
646 2194 748 2246 libi.
780 2192 913 2258 Quid
943 2192 1184 2260 loquetur
1214 2189 1463 2242 Dominus
1495 2188 1630 2241 Deus
1652 2196 1833 2242 noster
1853 2185 2047 2253 populo

474 2301 569 2340 suo
587 2287 611 2336 Ὺ
638 2284 816 2339 lsraeli
844 2298 939 2337 suo
964 2282 1087 2352 quid
1116 2279 1513 2335 testiﬁcabitur?
1540 2278 1827 2332 Audiamus
1852 2294 1864 2328 :
1887 2276 2042 2340 Deus,

478 2376 613 2431 Deus
634 2387 747 2431 tuus
770 2393 860 2446 ego
884 2392 1015 2429 sunt.
1049 2375 1187 2428 Deus
1214 2388 1312 2443 ego
1340 2386 1479 2437 sum,
1521 2378 1575 2424 et
1606 2370 1742 2423 Deus
1764 2376 1881 2422 tuus
1905 2382 2045 2420 sum.

476 2469 751 2537 Quomodo
778 2467 917 2523 Deus
939 2484 1027 2538 ego
1045 2466 1198 2521 sum?
1222 2464 1370 2519 Sicut
1399 2462 1564 2532 Moysi
1586 2460 1781 2514 dictum
1805 2469 1905 2522 est,
1938 2458 2046 2529 Ego

475 2578 584 2615 sum
627 2562 709 2628 qui
753 2577 863 2614 sum
911 2558 1102 2629 (Exod.
1145 2572 1218 2620 tu,
1269 2556 1380 2624 Η).
1426 2552 1702 2623 Quomodo
1749 2549 1889 2605 Deus
1930 2560 2046 2603 tuus

473 2668 581 2706 sum
598 2652 624 2705 ἵ
652 2650 761 2719 Ego
789 2664 905 2705 sum
935 2649 1070 2703 Deus
1095 2646 1382 2711 Abraham,
1404 2654 1460 2699 et
1480 2644 1618 2698 Deus
1644 2642 1809 2707 Isaac,
1832 2650 1883 2695 et
1908 2640 2047 2694 Deus

477 2743 660 2798 Jacoh.
690 2742 817 2797 Sum
844 2742 1002 2802 Deus,
1032 2749 1085 2795 et
1114 2748 1235 2793 tuus
1262 2753 1377 2792 sum
1407 2737 1545 2791 Deus
1574 2753 1586 2789 :
1628 2744 1681 2788 et
1715 2734 1759 2788 si
1789 2742 1909 2788 tuus
1934 2747 2042 2786 non

476 2834 575 2887 sint
605 2833 760 2893 Deus,
789 2846 905 2885 sum
936 2831 1092 2884 Deus.
1122 2830 1269 2884 Bono
1297 2843 1415 2881 meo
1441 2842 1557 2881 sum
1586 2826 1757 2890 Deus,
1789 2825 1927 2878 malo
1958 2834 2048 2877 tuo

477 2942 579 2977 non
607 2939 722 2978 sum
754 2922 892 2976 Deus
920 2931 1055 2975 tuus.
1088 2920 1294 2975 Etenim
1320 2917 1460 2973 Deus
1486 2928 1619 2983 tuus,
1645 2918 1697 2991 ei
1724 2916 1934 2986 proprie
1968 2914 2051 2968 di-

475 3016 610 3068 citur
635 3029 787 3084 quem
818 3011 1122 3066 familiarius
1149 3011 1306 3064 habet
1334 3009 1491 3074 Deus,
1530 3018 1775 3076 tanquam
1804 3007 1856 3061 in
1894 3021 2048 3060 man-

475 3106 612 3174 cipio
660 3118 771 3166 Suo,
804 3112 1046 3171 tanquam
1091 3101 1141 3155 in
1181 3100 1384 3169 peculio
1423 3113 1538 3152 suo.
1583 3096 1743 3162 Deus,
1768 3095 1907 3150 Deus
1932 3104 2049 3150 tuus

475 3212 587 3249 sum
614 3212 722 3265 ego.
750 3193 885 3261 Quid
917 3194 993 3246 vis
1016 3192 1277 3261 amplius?
1304 3191 1583 3269 Praemium
1621 3189 1816 3259 quaeris
1853 3203 1883 3242 a
1916 3189 2042 3253 Deo,

478 3296 536 3341 ut
582 3284 778 3355 aliquid
814 3285 905 3339 tibi
946 3285 1036 3338 det
1065 3284 1222 3346 Deus,
1270 3292 1326 3336 ut
1369 3281 1509 3351 quod
1552 3280 1641 3335 tibi
1670 3279 1876 3335 dederit
1904 3291 2047 3334 tuum

478 3378 577 3434 sit?
607 3378 744 3432 Ecce
774 3376 886 3445 ipse
913 3376 1050 3430 Dens
1078 3374 1166 3445 qui
1207 3372 1371 3439 dabit,
1406 3382 1525 3428 tuus
1560 3379 1661 3431 ,est.
1694 3371 1830 3441 Quid
1866 3386 1931 3425 eo
1964 3371 2035 3424 di-

482 3472 585 3526 tius
614 3470 680 3523 ’Ἰ
740 3469 883 3523 Dona
932 3468 1245 3537 qua'rebas,
1298 3467 1467 3537 ipsum
1523 3465 1835 3521 donaturam
1864 3465 2046 3521 habes.

477 3559 634 3627 Deus,
664 3559 803 3615 Deus
828 3569 940 3613 tuus
964 3576 1053 3630 ego
1079 3575 1207 3613 sum.

548 3653 634 3708 15.
678 3650 826 3725 [vers.
860 3648 936 3723 8.]
977 3649 1113 3719 Quid
1155 3649 1342 3719 qumrit
1385 3649 1453 3705 ab
1496 3647 1731 3715 homine,
1754 3648 2046 3703 videamus.

481 3746 618 3801 Deus
640 3754 839 3807 uoster,
872 3744 1159 3813 imperator
1183 3751 1231 3796 et
1275 3757 1367 3796 rex
1394 3751 1609 3804 noster,
1642 3740 1782 3810 quod
1825 3739 2048 3810 vectigal

479 3838 634 3892 nobis
653 3837 870 3901 indicit;
900 3835 1145 3905 quoniam
1186 3833 1353 3887 voluit
1382 3848 1499 3888 esse
1526 3847 1618 3887 rex
1645 3841 1844 3895 uoster,
1881 3840 1934 3886 et
1959 3847 2052 3886 vo-

480 3932 576 3984 luit
601 3945 695 3984 nos
720 3946 838 3985 esse
867 3930 1192 3999 provinciam
1213 3928 1401 3983 suam?
1422 3927 1712 3982 Audiamus
1738 3927 2050 3983 indictiones

480 4025 615 4091 ejus.
661 4023 774 4077 Non
804 4024 1029 4092 trepidet
1070 4038 1269 4095 pauper
1294 4024 1391 4078 sub
1421 4023 1707 4078 indictione
1738 4023 1831 4078 Dei
1862 4041 1875 4076 :
1910 4022 2051 4092 quod

481 4115 580 4169 sibi
621 4114 759 4168 Deus
798 4113 909 4166 dari
940 4113 1139 4177 indicit,
1175 4115 1286 4183 ipse
1330 4113 1474 4182 prius
1497 4112 1659 4166 donat
1697 4114 1784 4183 qui
1823 4112 2046 4166 indicit:

480 4221 575 4260 vos
600 4215 800 4275 tantum
836 4203 1010 4257 devoti
1036 4213 1223 4259 estote.
1254 4203 1365 4258 Non
1402 4203 1563 4272 exigit
1593 4203 1729 4258 Deus
1762 4202 1902 4273 quod
1945 4217 2049 4256 non

481 4296 645 4363 dedit,
676 4306 728 4351 et
760 4294 1005 4350 onmibus
1042 4294 1188 4349 dedit
1221 4294 1359 4364 quod
1396 4296 1574 4365 exigit.
1603 4294 1737 4361 Quid
1760 4294 1901 4349 enim
1934 4295 2051 4348 exi-

480 4389 599 4459 git?
625 4387 914 4442 Audiamus
937 4384 1044 4455 jam
1073 4402 1085 4437 :
1120 4383 1239 4439 Non
1270 4401 1419 4456 super
1444 4386 1692 4454 sacri/icio
1723 4394 1811 4438 tua
1840 4401 2050 4456 arguam

482 4492 543 4536 te.
573 4480 686 4535 Non
719 4479 811 4533 tibi
842 4478 1011 4533 dicam
1039 4496 1051 4530 :
1084 4476 1257 4543 Quare
1285 4492 1385 4529 non
1416 4478 1540 4529 tuihi
1571 4477 1813 4547 pinguem
1843 4486 2049 4530 taurum

483 4571 758 4627 mactasti?
797 4585 962 4641 quare
1003 4586 1106 4622 non
1150 4567 1216 4622 de
1253 4583 1411 4636 grege
1451 4576 1538 4621 tuo
1564 4569 1817 4637 optimum
1848 4566 2051 4621 bircam

483 4662 723 4732 elegisti?
750 4678 912 4732 quare
934 4662 1072 4713 aries
1101 4660 1189 4714 ille
1219 4658 1449 4711 ambulat
1479 4658 1528 4710 in
1556 4658 1740 4711 ovibus
1764 4658 1884 4723 tuis,
1918 4666 1970 4712 et
1998 4657 2051 4712 in

483 4770 571 4807 ara
599 4769 713 4807 mea
738 4770 840 4807 nun
870 4748 1266 4822 ponitur‘bNon
1290 4749 1458 4803 dicam
1485 4766 1497 4800 :
1538 4747 1738 4819 Inspice
1759 4763 1912 4818 agros
1936 4758 2052 4803 tuos

482 4852 535 4896 et
573 4842 1016 4905 chortem'tuam,
1064 4851 1116 4896 ct
1160 4841 1387 4910 parietes
1426 4848 1562 4904 tuos,
1602 4838 1889 4907 qumrcndo
1927 4838 2052 4907 quid

485 4932 610 4985 mihi
645 4932 761 4986 des.
814 4931 933 4985 Non
969 4948 1118 5002 super
1157 4928 1402 4997 sacri/icio
1447 4940 1533 4983 tua
1559 4945 1769 5000 arguam
1810 4940 1874 4982 to.
1918 4930 2052 4999 Quid

484 5026 649 5091 ergo?
677 5022 788 5075 Non
812 5034 1054 5092 acceptas
1083 5021 1335 5076 sacriﬁcia
1369 5021 1521 5075 mea?
1553 5019 1865 5074 Ilolocausta
1888 5031 2051 5074 autem

484 5125 568 5169 tua
607 5114 657 5166 in
701 5124 967 5179 conspectu
996 5103 1111 5167 meo,
1144 5125 1256 5167 sunt
1298 5129 1509 5181 semper.
1557 5112 1869 5166 llolocausta
1908 5128 2053 5183 quae-

483 5206 625 5269 dam,
648 5204 715 5258 de
739 5203 929 5273 quibus
956 5204 1006 5256 in
1035 5204 1140 5257 alio
1161 5204 1361 5271 psalmo
1385 5204 1596 5269 dicitur,
1631 5203 1690 5257 Si
1715 5205 1949 5259 voluisses
1970 5222 2055 5258 sa-

483 5297 749 5366 criﬁcium,
790 5294 1035 5347 dedissem
1072 5294 1274 5361 utique;
1318 5295 1619 5348 holocaustis
1649 5312 1747 5348 non
1774 5296 2051 5348 delectabe-

485 5392 555 5445 ris
588 5405 605 5442 :
633 5398 683 5440 «ιι
729 5399 909 5438 rursus
950 5385 1211 5438 cobvertit
1254 5401 1331 5447 se,
1371 5386 1686 5452 Sacri/icium
1713 5384 1822 5440 Deo
1848 5389 2052 5457 spiritus

483 5479 882 5543 contribulatus;
923 5493 1009 5529 cor
1037 5477 1302 5529 contritum
1338 5486 1381 5528 et
1424 5478 1742 5529 ltumiliutum
1779 5475 1917 5530 Deus
1945 5496 2045 5531 non

548 5628 564 5657 ι
604 5629 693 5670 i’t.:
719 5615 838 5679 Quid
876 5627 933 5668 eo
953 5610 1181 5667 dulcius?
1204 5611 1407 5662 Melioris
1448 5621 1571 5660 nunc
1756 5610 1875 5671 Quid
1906 5617 1951 5662 te
1976 5613 2050 5663 di-

489 5692 631 5746 nus?

1606 176 1629 192 ‘
1695 234 1754 292 S.
1795 232 2150 290 AUGUSTlNl
2194 232 2490 287 EPISCOPI

3610 234 3714 287 576

2146 349 2352 414 spernit.
2381 348 2510 411 Quae
2534 354 2655 400 sunt
2684 360 2811 416 ergo
2844 345 3145 401 holocausta
3171 361 3289 416 qua:
3327 361 3429 399 uou
3469 347 3715 416 spernit?

2145 442 2273 504 Qum
2303 439 2604 493 holocausta
2632 456 2750 509 qua:
2774 440 2822 493 in
2849 449 3132 508 conspectu
3162 438 3274 509 ejus
3302 450 3423 493 sunt
3451 453 3665 509 semper
3690 440 3714 491 ?

2144 528 2384 597 Benigne,
2402 531 2585 597 inquit,
2602 533 2702 601 fac,
2718 528 2949 591 Domine.
2966 533 3017 583 in
3035 532 3162 584 bona
3179 530 3429 584 voluntate
3448 541 3532 583 tua
3558 530 3712 593 Sion,

2145 632 2194 675 et
2220 623 2528 690 aedificentur
2553 625 2681 675 muri
2708 622 2986 677 Jerusalem
3014 642 3031 678 :
3064 635 3180 677 tunc
3203 624 3484 691 acceptabis
3512 625 3714 689 sacri/i-
3761 601 3774 613 ’

2145 712 2277 765 cium
2291 714 2505 782 justitia:
2531 715 2801 767 oblationes
2826 725 2872 767 et
2901 716 3194 768 holocausta
3221 713 3390 784 (Psal.
3414 731 3464 778 ι..
3496 714 3656 770 {8-9.1
3677 728 3714 783 ).

2148 806 2283 859 Dicit
2322 807 2562 875 quasdam
2604 806 2908 861 holocausta
2940 808 3103 862 Deum
3131 818 3546 878 acceptaturum.
3574 808 3714 878 Quid

2145 910 2226 954 est
2266 910 2441 954 autem
2482 900 2881 954 holocaustum?
2926 900 3114 956 Totqu
3162 902 3283 971 igne
3337 902 3718 971 absumptum:

2147 996 2305 1054 καῦσις
2333 993 2566 1048 incensio
2586 1003 2684 1057 est,
2725 1000 2829 1048 tia»
2867 1004 3034 1048 totum
3060 1003 3141 1048 est
3171 1011 3184 1047 :
3223 994 3583 1048 holocaustum
3617 1009 3715 1048 au-

2149 1095 2254 1140 tem
2284 1098 2365 1141 est
2410 1096 2576 1141 totum
2621 1089 2739 1156 igne
2783 1088 3138 1156 absumptum.
3190 1086 3288 1141 Est
3322 1087 3535 1157 quidam
3582 1087 3721 1156 ignis

2147 1176 2565 1247 ﬂagrantissima:
2604 1178 2875 1233 cbaritatis
2906 1197 2919 1232 :
2959 1180 3166 1233 animus
3206 1177 3562 1232 inﬂammetur
3588 1178 3719 1232 cha-

2148 1268 2341 1333 ritate,
2394 1270 2611 1338 arripiat
2663 1269 2849 1325 eadem
2896 1269 3126 1324 charitas
3170 1270 3406 1323 membra
3457 1270 3508 1323 in
3565 1285 3718 1322 usum

2148 1375 2300 1414 suum
2323 1400 2340 1425 ,
2387 1375 2489 1413 non
2520 1375 2582 1414 ea
2609 1360 2880 1430 permittat
2906 1362 3130 1414 militare
3159 1359 3451 1430 cupiditati,
3494 1371 3552 1415 ut
3577 1371 3721 1414 totus

2148 1451 2458 1507 esardescat
2503 1452 2624 1522 igne
2663 1452 2858 1506 amoris
2881 1451 3047 1506 divini
3087 1453 3174 1522 qui
3217 1452 3330 1507 vult
3371 1452 3568 1508 offerre
3608 1454 3721 1517 Deo

2150 1542 2532 1597 holocaustum.
2575 1542 2720 1597 Talia
2770 1543 3059 1598 holocausta
3100 1553 3188 1597 tua
3215 1543 3268 1597 in
3307 1554 3577 1614 conspectu
3611 1561 3722 1598 meo

2148 1646 2263 1691 sunt
2286 1653 2499 1701 semper.
3443 1644 3457 1657 '

2220 1729 2306 1783 l6.
2349 1726 2497 1801 [vers.
2525 1716 2605 1802 9.]
2644 1728 2831 1783 Adhuc
2854 1728 2955 1783 iste
2980 1728 3139 1783 Israel
3176 1726 3313 1782 forte
3346 1743 3449 1782 non
3476 1728 3722 1798 intelligit

2149 1832 2266 1888 quze
2293 1818 2593 1873 holocausta
2619 1819 2737 1887 ejus
2763 1818 2815 1872 in
2842 1827 3127 1888 conspectu
3150 1834 3246 1897 suo
3275 1818 3466 1874 habeat
3486 1834 3718 1888 semper,

2148 1921 2202 1966 et
2226 1911 2397 1966 adhuc
2422 1911 2487 1965 de
2517 1911 2706 1976 bobus,
2738 1910 2805 1965 de
2828 1910 3031 1974 ovibus,
3063 1911 3128 1964 de
3157 1909 3317 1965 hircis
3344 1912 3538 1981 cogitat
3567 1927 3579 1963 :
3612 1926 3721 1965 non

2148 2002 2375 2071 cogitet;
2406 2000 2525 2055 Non
2550 2003 2794 2071 accipiam
2816 2001 2878 2055 de
2897 2002 3045 2055 domo
3068 2013 3151 2054 tua
3176 2002 3374 2056 vitulos.
3406 2003 3721 2058 Holoeausta

2150 2093 2412 2148 nominavi
2436 2109 2452 2158 ;
2476 2093 2584 2163 jam
2610 2094 2786 2147 animo
2815 2102 2870 2148 et
2892 2094 3208 2162 cogitatione
3232 2094 3297 2149 ad
3326 2103 3564 2149 terrenos
3594 2112 3719 2166 gre-

2149 2199 2242 2254 ges
2263 2185 2536 2249 currebas,
2567 2184 2687 2239 inde
2708 2185 2900 2256 pingue
2921 2185 3047 2238 mihi
3074 2185 3269 2255 aliquid
3297 2186 3527 2257 eligebas
3551 2206 3563 2239 :
3598 2187 3720 2241 Non

2151 2276 2393 2345 accipiant
2422 2276 2485 2329 de
2523 2276 2671 2329 domo
2700 2285 2784 2328 tua
2815 2276 3013 2329 vitulos.
3048 2276 3373 2331 Pnenuutiat
3412 2278 3723 2333 Testamenv

2153 2376 2260 2420 tutu
2290 2382 2501 2429 navum,
2533 2366 2618 2420 ubi
2657 2368 2832 2421 omnia
2860 2367 2946 2420 illa
2979 2367 3235 2422 sacriﬁcia
3268 2377 3442 2423 vetera
3472 2385 3717 2426 cessave-

2144 2465 2292 2509 runt.
2322 2455 2484 2509 Erant
2515 2456 2657 2510 enim
2700 2465 2823 2509 ttmc
2852 2457 3255 2525 prmnuutiautia
3283 2456 3512 2512 futurum
3548 2462 3721 2529 quod-

2149 2543 2269 2599 dam
2301 2543 2638 2611 sacrilicium,
2679 2547 2829 2614 cujus
2871 2547 3126 2616 sanguine
3167 2546 3563 2603 mundaretuur.
3601 2550 3725 2604 Not:

2150 2637 2393 2708 accipiam
2428 2636 2493 2691 de
2518 2637 2667 2692 domo
2706 2649 2793 2692 tua
2830 2639 3029 2707 vitulos,
3059 2656 3216 2708 neque
3252 2640 3316 2694 de
3352 2642 3582 2712 gregibus
3616 2649 3725 2712 tuis

2149 2729 2332 2784 hircos.

2222 2821 2308 2876 l7.
2350 2820 2500 2894 [vers.
2528 2820 2641 2895 10.]
2684 2821 2934 2890 Quoniam
2959 2840 3081 2879 mete
3102 2834 3218 2878 sunt
3246 2841 3415 2879 omnes
3439 2826 3606 2881 bestiae
3631 2828 3725 2880 sil-

2150 2929 2242 2969 tua.
2272 2912 2409 2982 Quid
2440 2928 2470 2967 a
2501 2922 2552 2969 te
2574 2930 2807 2984 quau-am
2832 2915 2973 2985 quod
2997 2931 3096 2987 ego
3115 2916 3363 2971 condidi?
3385 2918 3616 2988 Magisne
3639 2929 3726 2974 est

2150 3005 2253 3061 hoc
2282 3015 2425 3059 tuum
2452 3006 2534 3060 cui
2567 3005 2837 3075 possidere
2861 3006 2981 3061 dedi
3005 3048 3022 3072 ,
3064 3023 3223 3076 quam
3253 3025 3427 3064 meum
3456 3011 3542 3079 qui
3564 3010 3725 3077 ieci?

2154 3097 2401 3165 Quoniam
2438 3112 2562 3151 mete
2598 3107 2717 3152 sunt
2750 3114 2922 3151 omnes
2960 3098 3128 3152 bestia:
3154 3100 3314 3154 silvia.
3347 3100 3451 3155 Sed
3476 3100 3612 3159 forte
3650 3103 3727 3156 ait

2133 3189 2239 3244 ille
2265 3188 2447 3252 Israel,
2470 3189 2661 3243 Bestiae
2692 3190 2782 3244 Dei
2812 3194 2954 3255 sunt,
2982 3190 3087 3245 illa:
3109 3192 3289 3246 bestiae
3312 3191 3438 3246 fera:
3456 3207 3586 3262 quas
3609 3209 3720 3250 non

2151 3280 2363 3336 include
2403 3282 2453 3334 in
2498 3281 2684 3337 chorte
2712 3298 2827 3336 mea
2852 3323 2869 3349 ,
2912 3298 3043 3352 quas
3074 3299 3178 3338 non
3204 3273 3363 3355 alligo
3391 3286 3457 3340 ad
3487 3302 3729 3358 prmsepe

2150 3391 2325 3433 meum
2351 3385 2644 3432 ras-terum
2676 3378 2770 3430 bos
2796 3378 2883 3431 ille
2911 3387 2965 3433 et
3002 3379 3115 3433 ovis
3144 3389 3199 3433 et
3225 3379 3422 3445 hircus,
3452 3396 3568 3435 mea
3598 3392 3729 3436 sunt

2151 3468 2285 3524 haec.
2335 3468 2528 3523 Pecora
2551 3472 2603 3522 in
2630 3466 2881 3524 montibus
2904 3478 2949 3524 et
2974 3468 3138 3525 boves.
3172 3469 3284 3529 Mea
3326 3481 3449 3527 sunt
3491 3471 3573 3524 illa
3604 3488 3727 3543 qua:

2153 3576 2255 3614 non
2300 3561 2536 3638 possides
2557 3604 2571 3625 ,
2601 3576 2718 3615 mea
2748 3572 2872 3615 sunt
2912 3562 3008 3616 ista
3038 3578 3155 3638 qua:
3186 3544 3448 3632 possides.
3484 3558 3545 3619 Si
3579 3566 3727 3619 enim

2151 3666 2341 3706 servus
2366 3633 2514 3705 meus
2540 3668 2599 3706 es
2629 3661 2681 3705 tu
2701 3695 2715 3714 ,
2749 3661 2915 3707 totum
2946 3633 3210 3723 peculium
3237 3662 3387 3707 tuum
3416 3671 3589 3709 meum
3619 3667 3724 3710 est.

2151 3744 2332 3815 Neque
2373 3745 2516 3799 enim
2562 3753 2644 3799 est
2682 3745 2944 3815 peculium
2974 3745 3184 3800 Domini
3225 3747 3367 3817 quod
3395 3748 3493 3803 sibi
3534 3765 3728 3805 servas

2151 3840 2505 3906 comparavit,
2539 3846 2592 3891 et
2622 3852 2726 3891 non
2764 3837 2869 3891 erit
2903 3838 3167 3905 peculium
3206 3838 3412 3892 Domini
3440 3840 3581 3908 quod
3610 3841 3727 3909 ipse

2152 3930 2408 3985 Dominus
2426 3945 2581 3984 servo
2614 3930 2833 3983 creavit.
2857 3929 2999 4000 Ergo
3032 3945 3163 3984 mete
3197 3939 3323 3984 sunt
3357 3930 3539 3986 bestia:
3576 3932 3729 3986 silva:

2152 4038 2283 4094 quas
2310 4033 2365 4078 tu
2394 4039 2496 4077 non
2523 4022 2709 4092 cepisn
2733 4039 2747 4086 ;
2776 4036 2890 4076 mea
2916 4031 3035 4076 sunt
3059 4031 3114 4077 et
3148 4037 3335 4092 pecora
3365 4022 3415 4075 iu
3448 4024 3722 4077 montibus

2152 4131 2270 4185 qua:
2298 4124 2418 4170 sunt
2450 4124 2533 4168 tua
2553 4156 2568 4179 ,
2609 4123 2663 4167 et
2700 4113 2860 4167 boves
2890 4113 2978 4183 qui
3021 4123 3143 4168 sunt
3167 4114 3231 4168 ad
3263 4129 3499 4187 praesepe
3530 4124 3679 4168 tuum
3708 4134 3723 4167 :

2152 4208 2329 4262 omnia
2360 4221 2474 4260 mea
2504 4216 2649 4269 sunt,
2672 4206 2791 4273 quia
2823 4220 2921 4275 ego
2949 4206 3121 4260 creari
3147 4220 3230 4259 ea.

2225 4298 2311 4353 18.
2353 4295 2502 4370 [vers.
2545 4294 2657 4368 1L]
2695 4296 2913 4366 Cognovi
2948 4297 3115 4349 omnia
3153 4296 3373 4350 volatilia
3411 4296 3544 4349 caeli.
3580 4296 3729 4362 Quo-

2154 4390 2311 4445 modo
2334 4387 2617 4458 cognovit?
2658 4386 2943 4455 Appendit,
2983 4387 3293 4441 numeravit.
3322 4387 3452 4453 Quis
3486 4397 3728 4440 nostrum

2154 4481 2297 4535 novit
2325 4480 2501 4534 omnia
2539 4477 2769 4532 volatilia
2810 4478 2969 4533 caeli?
3005 4477 3107 4532 Sed
3144 4479 3240 4532 etsi
3281 4478 3436 4532 alicui
3475 4478 3613 4531 Deus
3641 4478 3741 4532 det

2156 4572 2392 4626 notitiam
2422 4570 2656 4623 omnium
2685 4568 2975 4623 volatilium
3005 4569 3146 4633 coeli,
3180 4584 3283 4623 non
3311 4569 3388 4623 sic
3420 4569 3532 4639 ipse
3560 4573 3731 4636 novit,

2156 4674 2213 4718 ut
2235 4663 2323 4717 dat
2350 4676 2506 4717 nosse
2535 4661 2753 4715 homini.
2796 4660 2913 4716 Alia
2953 4668 3034 4714 est
3074 4660 3255 4714 notitia
3285 4661 3397 4727 Dei,
3424 4662 3522 4714 alia
3554 4662 3731 4715 humi-

2155 4755 2277 4808 nis:
2314 4754 2449 4807 sicut
2474 4753 2573 4806 alia
2603 4751 2866 4821 posseSsio
2912 4752 3041 4818 Dei,
3079 4752 3180 4805 alia
3213 4752 3475 4818 hominis;
3523 4753 3572 4806 id
3612 4762 3733 4816 est,

2154 4845 2296 4899 aliud
2320 4854 2402 4900 est
2427 4844 2699 4914 possidere
2735 4844 2848 4910 Dei,
2871 4845 3011 4898 aliud
3039 4844 3308 4914 possidere
3332 4844 3581 4898 hominis.
3615 4846 3734 4900 Non

2154 4938 2296 4993 enim
2323 4946 2376 4991 tu
2406 4936 2544 5007 quod
2573 4936 2832 5008 possides,
2861 4946 3025 4990 totum
3054 4937 3218 4992 babes
3244 4940 3295 4991 iu
3329 4946 3610 5008 potestate,
3640 4952 3734 4994 ant

2155 5029 2404 5100 quamdiu
2432 5029 2573 5083 vivat
2612 5029 2708 5085 bos
2739 5038 2858 5083 tuus
2897 5028 2945 5080 iu
2981 5038 3063 5081 tua
3095 5037 3355 5099 potestate
3394 5040 3475 5083 est
3498 5072 3514 5094 ,
3554 5041 3647 5083 aut
3679 5043 3736 5083 ut

2158 5137 2260 5177 non
2288 5130 2487 5191 pereat,
2510 5130 2601 5175 aut
2627 5134 2730 5175 non
2759 5130 3020 5188 pascatur.
3047 5120 3195 5189 Apud
3220 5136 3376 5190 quem
3402 5136 3607 5175 summa
3636 5140 3733 5191 pe-

2159 5224 2319 5269 testas
2347 5224 2446 5277 est,
2475 5228 2680 5266 summa
2716 5223 2769 5267 et
2798 5223 2998 5266 secreta
3024 5211 3252 5280 cognitio
3282 5222 3382 5267 est.
3409 5213 3737 5269 Tribuanius

2160 5308 2259 5360 hoc
2306 5306 2431 5366 Deo,
2481 5304 2756 5357 laudantes
2794 5303 2979 5358 Deum.
3028 5304 3143 5358 Non
3171 5305 3455 5359 audeamus
3488 5306 3668 5362 dicere
3724 5325 3739 5362 :

2157 5398 2434 5465 Quomodo
2475 5399 2618 5450 novit
2661 5398 2836 5452 Deus?
2874 5397 2953 5453 Ne
2992 5397 3139 5454 forte
3172 5400 3271 5452 hoc
3308 5414 3335 5452 a
3370 5416 3477 5465 me,
3516 5400 3730 5462 fratres,

2157 5492 2477 5559 exSpectetis
2531 5500 2587 5545 ut
2634 5493 2890 5560 explicem
2938 5493 3086 5547 vobis
3130 5492 3404 5562 quomodo
3448 5503 3737 5561 t‘ogtmsmt

2160 5583 2329 5642 Dens:
2366 5582 2465 5635 hoc
2488 5583 2657 5636 solum
2693 5582 2812 5638 dico
2854 5603 2865 5636 :
2899 5601 3002 5638 non
3030 5586 3106 5639 sic
3132 5588 3400 5654 cognoscit
3437 5598 3489 5636 ut
3535 5569 3738 5653 inuno,

2160 5684 2262 5728 non
2293 5676 2367 5727 sic
2396 5675 2666 5743 cognoscit
2695 5686 2746 5726 ut
2782 5676 3033 5746 angelus;
3066 5688 3112 5730 et
3147 5694 3303 5745 quom
3328 5678 3408 5730 vdo
3437 5681 3736 5745 rogmsrit.
