4004 6200
313 392 415 465 si:

315 527 494 582 dicere
541 540 648 579 non
690 523 884 586 audeo,
931 522 1177 593 quoniam
1219 530 1274 576 et
1311 520 1450 575 scire
1499 536 1603 574 non
1648 534 1884 589 possum.

320 617 491 674 linum
524 625 700 670 tamen
746 615 857 668 scio
878 656 892 679 ,
923 612 1044 683 quia
1075 622 1128 667 et
1164 622 1448 682 antequam
1492 600 1672 666 essent
1711 611 1889 664 omnia

319 707 545 762 volatilia
593 705 738 773 cteli,
783 712 1008 759 noverat
1048 704 1186 758 Deus
1224 703 1364 772 quod
1400 702 1568 758 fuerat
1594 711 1888 758 creaturos.

317 802 445 871 Quae
466 811 550 856 est
574 800 669 878 illa)
685 799 909 853 notitia?
932 796 977 853 Ο
1001 798 1179 865 Ιιοιιιο,
1203 796 1384 852 videre
1409 796 1614 867 ctepisti
1640 796 1888 861 volatilia,

294 899 504 965 spostea
530 907 685 962 quam
729 890 1016 960 plasmatus
1043 903 1137 955 es,
1168 898 1351 958 postea
1380 903 1537 958 quam
1568 901 1780 941 sensum
1812 887 1891 940 vi-

317 985 477 1041 dendi
517 976 786 1054 accepisti.
819 982 944 1037 limc
981 981 1214 1037 volatilia
1254 981 1320 1037 de
1349 996 1483 1051 aqua
1528 991 1647 1035 nata
1676 989 1799 1034 sunt
1827 980 1892 1034 ad

320 1078 540 1132 verbum
572 1075 685 1139 Dei,
716 1073 980 1129 dicentis:
1012 1071 1304 1126 Producant
1325 1088 1470 1142 aqum
1492 1070 1719 1125 volatilia
1740 1069 1890 1140 (Gen.
1924 1105 1928 1113 τ

320 1187 353 1233 l,
383 1168 496 1239 20).
528 1168 629 1223 Ubi
657 1177 874 1223 noverat
896 1167 1034 1222 Deus
1053 1182 1171 1237 quae
1203 1165 1497 1236 imperabat
1527 1175 1582 1219 ut
1607 1179 1740 1233 aqua
1767 1180 1892 1232 pro—

321 1260 520 1319 ferret?
549 1259 663 1314 Jam
689 1268 833 1313 certe
857 1265 1076 1312 neverat
1098 1256 1241 1327 quod
1269 1264 1476 1311 crearat
1494 1296 1507 1317 .
1537 1265 1589 1309 et
1614 1263 1891 1324 antequam

318 1358 526 1404 crearet
554 1359 793 1404 noverat.
822 1348 986 1403 Tanta
1016 1357 1101 1404 est
1126 1362 1255 1417 ergo
1290 1346 1474 1401 notitia
1507 1345 1631 1412 Dei,
1674 1354 1729 1399 ut
1756 1344 1892 1415 apud

263 1420 277 1437 ’
318 1442 492 1511 ipsum
514 1450 694 1496 essent
715 1440 941 1511 quodam
964 1439 1215 1494 ineffabili
1238 1438 1395 1493 modo
1414 1446 1692 1507 antequam
1718 1447 1893 1492 creata

317 1543 501 1587 essent
522 1549 536 1584 :
560 1542 615 1585 et
648 1545 680 1585 a
713 1537 763 1584 te
797 1538 1073 1599 exspectat
1100 1539 1159 1583 ut
1183 1528 1405 1597 accipiat
1434 1526 1574 1598 quod
1612 1535 1894 1595 antequam

317 1634 529 1680 crearet
556 1624 821 1679 habebat?
849 1622 1066 1695 Cognovi
1091 1624 1259 1676 omnia
1284 1621 1505 1676 volatilia
1529 1619 1639 1674 coeli
1656 1662 1670 1683 ,
1703 1636 1819 1689 quae
1842 1629 1895 1672 ttt

319 1719 448 1772 milti
481 1733 589 1772 non
632 1727 784 1788 potes
818 1715 966 1770 dare.
1004 1716 1132 1783 Quae
1172 1724 1226 1769 tu
1268 1713 1396 1768 mihi
1441 1720 1764 1767 mactaturus
1809 1724 1888 1777 es,

319 1825 420 1879 ego
447 1808 668 1878 cognovi
695 1805 873 1861 omnia
898 1822 911 1859 :
947 1821 1052 1860 non
1078 1804 1198 1875 quia
1226 1790 1322 1859 feci
1345 1803 1588 1872 cognovi,
1617 1800 1712 1855 sed
1740 1811 1795 1853 ut
1821 1798 1897 1854 fa-

319 1916 521 1956 cerem.
568 1897 636 1953 Et
679 1900 868 1970 species
901 1899 1011 1970 agri
1051 1914 1245 1951 mecum
1273 1907 1365 1951 est.
1395 1894 1737 1950 Pulchritudo
1762 1894 1895 1965 agri,

320 1993 536 2047 ubertas
573 1993 810 2044 omnium
838 1991 890 2043 in
919 1998 1057 2042 terra
1086 1987 1434 2059 gignentium,
1464 2001 1656 2039 mecum
1686 1993 1778 2048 est,
1814 1984 1897 2038 in—

320 2085 454 2153 quit.
477 2082 755 2150 Quomodo
780 2097 900 2136 cum
922 2082 1044 2136 illo?
1072 2081 1258 2136 Utrum
1280 2092 1334 2137 et
1360 2088 1642 2151 antequam
1675 2079 1899 2135 ﬂerent?

321 2175 452 2230 Cum
484 2175 575 2228 illo
605 2175 747 2230 enim
778 2184 931 2229 erant
957 2174 1132 2227 omnia
1162 2172 1330 2228 futura
1352 2215 1366 2239 ,
1404 2182 1457 2226 et
1493 2188 1612 2227 cum
1642 2172 1734 2226 illo
1775 2181 1900 2226 sunt

320 2268 503 2322 omnia
531 2266 800 2337 praeterita
843 2280 857 2320 :
896 2264 1071 2320 futura
1103 2266 1206 2328 ita,
1241 2273 1297 2318 ιιι
1326 2279 1430 2318 non
1470 2266 1517 2319 ei
1558 2263 1901 2341 detrahantur

320 2360 499 2414 omnia
544 2359 834 2430 praeterita.
889 2358 1025 2412 Cum
1070 2357 1159 2412 illo
1201 2365 1324 2412 sunt
1371 2356 1545 2411 omnia
1599 2356 1900 2427 coguitioae

322 2453 552 2523 quadam
586 2451 864 2507 inell‘abilis
883 2451 1165 2518 Sapientite
1194 2451 1286 2504 Dei
1314 2451 1367 2504 itt
1389 2440 1566 2504 Verbo
1590 2434 1898 2515 constituta,

321 2556 378 2601 ct
417 2547 591 2616 ipsum
622 2544 855 2600 Verbum
886 2536 1127 2598 “omnia.
1162 2545 1245 2597 An
1282 2542 1456 2613 aliquo
1481 2540 1638 2596 modo
1662 2557 1780 2596 cum
1812 2542 1902 2595 illo

322 2649 408 2693 est
436 2637 548 2708 agri
573 2637 799 2707 species.
837 2635 958 2706 quia
988 2635 1099 2704 ipse
1128 2634 1323 2703 ubique
1348 2642 1451 2697 est,
1493 2642 1545 2685 et
1584 2632 1696 2700 ipse
1721 2631 1853 2685 dixit
1885 2649 1898 2684 :

326 2731 521 2784 Caelum
545 2737 590 2783 et
620 2738 803 2781 terram
830 2743 919 2797 ego
957 2725 1141 2796 impleo
1167 2723 1395 2792 (Jerem.
1428 2739 1577 2787 χχιιι,
1603 2721 1743 2793 Si)?
1768 2723 1903 2789 Quid

326 2837 449 2877 cum
481 2821 578 2875 illo
607 2835 711 2875 non
739 2828 839 2881 est,
870 2817 1071 2887 de-quo
1086 2815 1285 2871 dicitur
1313 2833 1326 2868 :
1353 2815 1415 2870 Si
1438 2815 1704 2868 ascendero
1733 2815 1783 2867 in
1810 2831 1900 2868 cte-

288 2915 472 2976 olunt,
521 2922 575 2965 tu
607 2911 712 2965 illic
752 2926 840 2976 es,
871 2919 915 2963 ct
945 2909 989 2962 si
1038 2906 1334 2961 descendere
1376 2908 1429 2959 in
1467 2905 1749 2975 infernum,
1789 2908 1907 2960 ades

329 3003 503 3073 (Psal.
532 3016 788 3065 cxxxvnt,
826 2999 921 3072 8)?
950 3001 1081 3055 Cum
1111 2998 1204 3053 illo
1229 3006 1312 3054 est
1341 3007 1506 3053 totum
1539 3015 1550 3050 :
1575 2997 1667 3053 Sed
1697 3013 1802 3051 non
1831 2999 1907 3052 sic

326 3111 452 3151 cum
480 3094 569 3148 illo
596 3103 697 3153 est.
723 3101 780 3147 ut
798 3091 1028 3161 aliquam
1060 3106 1127 3145 ex
1156 3090 1238 3145 his
1265 3104 1383 3160 qua:
1409 3088 1607 3144 creavit
1634 3089 1905 3158 contagio-

330 3204 478 3254 nem,
503 3194 595 3240 aut
614 3202 798 3240 eorum
828 3184 1170 3254 indigentiam
1201 3183 1448 3251 patiatur.
1472 3181 1601 3236 Nam
1631 3189 1802 3236 tecum
1829 3190 1910 3235 est

332 3280 473 3333 torte
498 3278 742 3331 columna
764 3276 914 3345 juxta
940 3290 1095 3345 quam
1126 3283 1255 3338 stas,
1280 3281 1335 3327 et
1360 3287 1478 3327 cum
1522 3272 1764 3342 fatigatus
1793 3271 1908 3325 fne-

330 3373 431 3433 ris,
461 3370 723 3426 incumbis
749 3370 801 3424 in
830 3384 969 3423 eam.
989 3366 1196 3437 Indiges
1223 3380 1290 3421 eo
1317 3364 1457 3437 quod
1483 3374 1656 3421 tecum
1677 3371 1779 3431 est,
1804 3380 1907 3419 non

331 3463 537 3531 indiget
576 3460 716 3515 Deus
753 3474 880 3530 agro
917 3459 1005 3528 qui
1043 3472 1162 3512 cum
1202 3456 1296 3537 illo
1332 3464 1434 3512 est.
1462 3456 1596 3511 Cum
1635 3456 1726 3538 illo
1762 3471 1907 3527 ager,

330 3571 455 3610 cum
483 3555 573 3609 illo
598 3554 807 3623 species
830 3562 1005 3617 terrae,
1029 3566 1148 3606 cum
1173 3550 1265 3604 illo
1290 3550 1494 3619 species
1513 3549 1796 3613 cteli,cum
1821 3549 1911 3603 illo

331 3648 515 3702 omnia
564 3644 831 3711 volatilia,
875 3644 998 3714 quia
1044 3643 1155 3712 ipse
1196 3642 1411 3712 ubique.
1458 3640 1526 3695 Et
1570 3640 1911 3711 quareapud

333 3743 508 3810 ipsum
546 3738 768 3792 omnia?
802 3737 935 3803 Quia
977 3743 1028 3791 et
1059 3745 1338 3804 antequam
1374 3742 1554 3790 essent
1590 3734 1791 3798 omnia,
1823 3740 1915 3788 aut

332 3838 671 3894 crearentur,
692 3829 741 3884 ei
765 3838 888 3883 nota
908 3835 1061 3882 erant
1079 3825 1276 3879 omnia.
1658 3840 1662 3844 ·

412 3922 499 3976 19.
541 3919 702 3993 [υετε.
745 3916 857 3991 12.]
895 3918 1025 3987 Quis
1064 3916 1332 3986 explicat,
1371 3915 1491 3985 quis
1526 3915 1743 3985 exponit
1788 3915 1915 3970 illud

336 4012 480 4082 quod
528 4012 579 4067 ei
627 4010 823 4066 dicitur
866 4010 916 4062 in
959 4009 1064 4062 alio
1107 4007 1331 4077 psalmo,
1378 4005 1629 4070 Quoniam
1675 4008 1918 4067 bonorum

335 4120 564 4159 meorum
593 4119 692 4156 non
717 4118 830 4172 eges
855 4099 1025 4173 (Psal.
1056 4114 1149 4161 xv,
1174 4097 1270 4170 2)?
1298 4096 1413 4152 Non
1440 4111 1498 4152 se
1524 4111 1679 4168 egere
1703 4111 1734 4151 a
1765 4096 1918 4152 nobis

337 4196 521 4265 aliquo
562 4193 865 4249 necessario
906 4190 1059 4247 dixit.
1106 4188 1167 4245 Si
1197 4189 1450 4255 esuriero,
1487 4205 1589 4242 non
1617 4188 1783 4242 dicam
1809 4188 1915 4241 tibi.

336 4288 458 4343 Non
486 4286 706 4349 esuriet,
733 4300 905 4354 neque
928 4284 1091 4349 sitiet,
1117 4296 1287 4350 neque
1314 4280 1593 4348 laborabit,
1621 4295 1794 4351 neque
1818 4280 1918 4335 ob—

337 4378 575 4434 dormiet
598 4377 687 4447 qui
717 4374 947 4432 custodit
976 4374 1134 4429 Israel
1163 4372 1348 4447 (Psal.
1379 4387 1508 4438 cxx,
1535 4372 1571 4427 4
1594 4373 1632 4441 ).
1662 4371 1767 4427 Sed
1786 4386 1922 4426 ecce

337 4469 638 4525 secundum
681 4467 1047 4523 carnalitatem
1083 4476 1222 4520 tuam
1259 4461 1507 4534 loquor:
1546 4463 1669 4533 quia
1703 4471 1758 4517 tu
1799 4478 1921 4517 cum

340 4579 450 4619 non
498 4559 926 4624 utanducaveris,
974 4556 1165 4613 famem
1214 4556 1455 4626 patieris,
1500 4555 1636 4609 forte
1672 4565 1826 4624 putas
1870 4562 1925 4608 et

343 4658 513 4709 Deum
563 4654 768 4709 esurire
798 4660 854 4705 ut
888 4649 1192 4704 manducet.
1224 4647 1339 4702 Etsi
1381 4645 1659 4710 esurierit,
1693 4660 1798 4698 non
1831 4644 1922 4699 tibi

338 4747 477 4801 dicit
513 4761 530 4800 :
574 4743 752 4798 omnia
792 4750 915 4797 ante
944 4741 1089 4794 illum
1120 4749 1243 4795 sunt
1264 4780 1278 4803 ,
1307 4737 1448 4793 unde
1475 4737 1586 4790 vult
1617 4733 1924 4804 tollit'quod

340 4839 422 4894 illi
450 4837 809 4893 necessarium
832 4844 934 4891 est.
960 4835 1105 4889 Dicta
1125 4842 1252 4888 sunt
1274 4831 1389 4887 hzec
1416 4829 1480 4885 ad
1506 4829 1925 4884 convincendum

341 4932 623 5000 parvulum
655 4944 889 4993 sensum,
923 4943 1029 4983 non
1059 4927 1179 4997 quia
1218 4924 1490 4996 professus
1523 4932 1611 4987 est
1640 4923 1779 4977 Deus
1802 4936 1927 4976 esu-

341 5025 482 5077 ricm
509 5037 680 5076 suam.
711 5020 1021 5091 Quanquam
1055 5027 1273 5089 propter
1300 5028 1409 5070 nos
1427 5016 1566 5070 Deus
1593 5014 1679 5068 ille
1708 5013 1927 5066 deorum

339 5124 402 5169 et
447 5114 654 5169 esurire
682 5112 929 5183 dignatus
968 5121 1070 5165 est.
1101 5109 1261 5164 Venit
1303 5109 1508 5163 esurire
1555 5115 1609 5160 et
1652 5104 1929 5175 saginare,

343 5206 498 5260 venit
518 5205 666 5260 sitire
690 5214 754 5267 et
770 5212 951 5272 potum
978 5202 1125 5263 dare,
1155 5200 1298 5254 venit
1322 5198 1502 5253 vestiri
1531 5196 1855 5251 mortalitate
1879 5203 1934 5249 et

344 5298 548 5352 vestire
577 5294 974 5351 immortalitate
992 5336 1007 5350 .
1051 5292 1201 5347 venit
1230 5306 1430 5362 pauper
1454 5291 1650 5345 divites
1676 5288 1932 5343 facturus.

348 5390 564 5445 Etenim
584 5388 698 5443 non
728 5385 959 5459 perdidit
978 5384 1190 5439 divitias
1213 5396 1337 5437 suas
1358 5381 1680 5438 assumenda
1712 5395 1935 5449 panper-

348 5491 519 5536 .atem
568 5490 837 5545 nostram,
888 5479 1010 5548 quia
1062 5477 1118 5543 in
1171 5475 1264 5531 illo
1293 5484 1416 5531 sunt
1466 5489 1654 5530 omnes
1703 5473 1933 5527 thesauri

350 5572 631 5642 sipientim
660 5581 716 5627 et
760 5570 997 5627 scientiae
1029 5557 1327 5623 absconditi
1371 5566 1588 5639 (Coloss.
1640 5581 1700 5630 ιι,
1750 5566 1828 5631 5).
1876 5564 1937 5619 Si

348 5668 600 5733 esuriem,
644 5682 745 5720 non
774 5664 940 5719 dicam
982 5660 1089 5717 tibi.
1122 5658 1269 5716 Heus
1306 5669 1378 5716 est
1402 5662 1534 5716 enim
1562 5659 1697 5715 orbis
1728 5669 1871 5714 terra:
1894 5670 1938 5712 ct

352 5821 453 5933 tu;
475 5823 547 5871 sic
563 5821 746 5886 aliquot
770 5828 873 5871 Mss.
908 5819 1010 5877 Alii.
1036 5825 1080 5871 et
1101 5818 1151 5869 in
1178 5818 1300 5883 ipso.
1334 5816 1466 5881 add,
1502 5823 1547 5869 et
1570 5816 1621 5868 in
1640 5814 1795 5878 ipsum
1826 5825 1938 5865 rer-

456 5898 487 5931 1.
1006 5904 1011 5915 ³

456 5898 487 5931 ὶ.
1006 5904 1011 5915 ³

1406 403 1800 460 cassusne
1839 405 1902 459 ιιι
1943 373 2257 462 l‘SxthUM
2300 407 2482 463 xux.

3457 411 3559 473 5'le

1996 521 2252 589 plenitudo
2279 522 2406 592 ejus.
2433 521 2550 577 Noli
2576 537 2701 593 ergo
2729 522 2969 579 laborare
2992 523 3115 594 quid
3144 523 3269 582 mihi
3296 524 3413 587 des.
3447 530 3562 583 sine

1993 613 2176 669 labore
2202 614 2373 670 habeo
2395 614 2535 686 quod
2567 616 2708 668 volo.

2063 707 2153 762 20.
2194 705 2341 779 [vers.
2388 705 2502 780 15.]
2541 706 2676 771 Quid
2705 721 2831 777 ergo
2854 704 2923 762 de
2960 707 3207 778 gregibus
3247 708 3351 762 tuis
3392 709 3565 766 adhuc

1994 799 2233 870 cogitas?
2277 797 2540 869 Numquid
2579 798 2892 852 manducabo
2932 814 3108 852 carnes
3152 809 3433 863 taurorum,
3477 813 3566 854 aut

1959 912 1962 914 ν
1994 892 2289 962 sanguinem
2308 891 2560 945 hircorum
2582 889 2801 960 putabo?
2825 888 3056 943 Audistis
3076 890 3203 959 quid
3229 904 3258 944 a
3282 891 3435 946 nobis
3459 907 3564 945 non

1934 1052 1935 1057 η
1996 992 2215 1052 quaerat,
2246 982 2543 1053 qui‘nescio
2567 981 2691 1052 quid
2722 981 2871 1036 nobis
2898 982 3009 1036 vult
3036 981 3285 1038 indicere.
3314 983 3368 1040 Si
3391 984 3460 1039 de
3491 994 3567 1038 ta-

1997 1073 2134 1128 libus
2158 1072 2490 1143 cogitabatis,
2530 1073 2638 1141 jam
2683 1072 2885 1128 auferte
2913 1073 3257 1143 cogitationes
3300 1084 3505 1130 vestras
3533 1090 3563 1129 a

2001 1165 2192 1220 talibus
2221 1165 2380 1219 rebus
2409 1183 2423 1217 :
2456 1164 2586 1218 nihil
2618 1165 2720 1219 tale
2750 1165 2856 1219 Deo
2881 1150 3077 1219 oﬁ'erre
3102 1164 3362 1235 cogitetis.
3392 1165 3446 1222 Si
3472 1165 3569 1220 ha-

2000 1257 2092 1311 bes
2123 1266 2328 1310 taurum
2363 1256 2629 1325 pinguem,
2654 1256 2836 1311 occide
2866 1256 3185 1324 pauperibus
3210 1274 3223 1309 :
3249 1257 3570 1313 manducent

2000 1347 2097 1416 ipsi
2124 1362 2311 1403 carnes
2336 1357 2626 1413 taurorum,
2657 1347 2755 1401 etsi
2786 1363 2888 1401 non
2917 1347 3097 1403 bibent
3121 1349 3429 1419 sanguinem
3454 1349 3566 1403 bir-

1998 1455 2201 1493 corutn.
2244 1438 2394 1505 Quod
2442 1453 2560 1492 cunt
2611 1439 2828 1497 feceris,
2881 1438 3157 1507 imputabit
3202 1440 3293 1492 tibi
3343 1439 3431 1494 ille
3478 1439 3569 1508 qui

1998 1530 2149 1590 dixit.
2185 1531 2245 1585 Si
2271 1532 2486 1584 esuriem
2508 1572 2520 1590 ,
2551 1546 2651 1583 non
2681 1531 2849 1599 dicunt
2872 1530 2960 1583 tibi
2977 1546 2996 1593 ;
3025 1540 3077 1584 et
3102 1530 3242 1584 dicet
3272 1530 3399 1595 tibi,
3432 1529 3570 1584 Esu-

1999 1624 2111 1684 rivi,
2162 1632 2207 1676 et
2255 1624 2438 1676 dedisti
2483 1623 2605 1674 mihi
2646 1622 2951 1675 manducare
2992 1622 3218 1693 (Matth.
3268 1638 3393 1689 xxv,
3443 1623 3567 1693 55).

2003 1714 2265 1785 Numquid
2298 1715 2608 1769 manducabo
2636 1731 2811 1768 carnes
2841 1724 3131 1780 taurorum,
3163 1724 3250 1768 aut
3278 1716 3573 1787 sanguinem

2000 1809 2252 1862 hircorum
2282 1808 2501 1878 potabo?

2069 1900 2161 1955 21.
2202 1896 2362 1971 [vers.
2410 1897 2523 1972 14.]
2566 1899 2658 1953 Dic
2703 1913 2867 1967 ergo,
2916 1898 3138 1955 Domine
3184 1898 3322 1953 Deus
3369 1906 3572 1962 noster,

2001 1993 2127 2065 quid
2160 1992 2348 2048 indicis
2378 1993 2571 2062 pepulo
2599 2001 2709 2057 tuo,
2742 1990 2924 2046 lsraeli
2954 1989 3081 2043 tuo?
3113 1989 3328 2043 lmmola
3353 1987 3465 2043 Deo
3490 2006 3577 2044 sa-

2003 2084 2248 2153 eri/icium
2293 2083 2480 2137 laudis.
2526 2083 2772 2137 Dicamus
2818 2081 2891 2134 illi
2936 2088 2991 2135 et
3032 2095 3128 2136 nos
3174 2098 3188 2134 :
3228 2079 3297 2134 In
3334 2090 3577 2147 mesunt,

2003 2175 2162 2240 Deus,
2193 2185 2305 2230 vota
2333 2184 2440 2243 tua,
2466 2191 2580 2246 qua:
2605 2175 2812 2228 reddam
2839 2175 3004 2229 laudis
3031 2175 3118 2227 tibi
3150 2172 3318 2246 (Psal.
3345 2190 3431 2240 LV,
3461 2174 3577 2250 12).

2004 2268 2336 2338 Expaveram
2361 2282 2428 2322 ne
2453 2267 2649 2337 aliquid
2678 2266 2940 2321 indieeres
2965 2264 3106 2337 quod
3129 2274 3270 2320 esset
3293 2275 3441 2320 extra
3470 2281 3575 2330 me,

2005 2358 2146 2430 quod
2175 2358 2546 2428 computabant
2580 2358 2629 2411 in
2657 2356 2844 2412 chorte
2864 2370 3006 2421 mea,
3033 2365 3083 2411 et
3112 2372 3141 2409 a
3172 2354 3289 2412 fure
3311 2348 3420 2425 jdm
3446 2355 3586 2410 forte

2004 2451 2238 2506 ablatum
2268 2462 2405 2506 erat.
2450 2450 2585 2519 Quid
2616 2449 2745 2504 mibi
2778 2448 3005 2503 indicis?
3044 2448 3262 2503 lmmola
3292 2448 3401 2503 Deo
3423 2450 3589 2509 sacri-,

2005 2543 2177 2613 ﬁcium
2205 2543 2392 2597 laudis.
2424 2542 2506 2597 Ad
2535 2556 2620 2596 me
2645 2540 2879 2604 redeam,
2906 2539 2993 2594 ubi
3023 2540 3288 2595 inveniam
3315 2540 3457 2609 quod
3484 2542 3583 2595 im-

2006 2635 2199 2689 molem
2232 2653 2244 2687 :
2276 2633 2344 2688 ad
2383 2648 2469 2688 me
2493 2632 2707 2688 redeam
2730 2673 2744 2697 ,
2782 2631 2833 2684 in
2862 2646 2947 2685 me
2991 2630 3254 2685 inveniam
3282 2630 3452 2686 laudis
3479 2631 3585 2685 im-

2006 2728 2350 2801 mulationem
2379 2744 2392 2780 :
2424 2727 2494 2781 sit
2518 2741 2608 2778 ara
2643 2732 2729 2778 tua
2748 2766 2763 2788 ,
2790 2723 3117 2778 conscientia
3148 2738 3265 2779 mea
3292 2724 3331 2779 ί.
3365 2722 3586 2779 lmmola

2008 2818 2117 2872 Dea
2161 2817 2467 2887 sacriﬁcium
2512 2815 2700 2870 laudis.
2748 2814 2932 2870 Securi
2976 2829 3178 2877 sumus,
3227 2831 3331 2868 non
3365 2815 3502 2870 imus
3531 2815 3584 2870 itt

2012 2910 2262 2964 Arabiam
2296 2910 2414 2962 thus
2437 2923 2700 2979 qumrere,
2732 2926 2835 2962 non
2865 2909 3099 2963 sarcinas
3122 2909 3264 2961 avari
3296 2909 3589 2978 negotiato-

2010 3003 2085 3055 ris
2131 2998 2427 3055 excittimus
2468 3017 2480 3052 :
2532 2998 2850 3053 sacriﬁcium
2902 2995 3074 3052 laudis
3109 2999 3308 3069 ‘qumrit
3355 3014 3384 3052 a
3433 2998 3587 3054 nobis

2014 3094 2171 3148 Deus.
2218 3091 2459 3147 Habebat
2500 3089 2603 3144 hoc
2646 3091 2962 3144 sacrificium
3006 3090 3177 3145 laudis
3205 3090 3490 3146 Zacchazus
3537 3092 3591 3146 in

2011 3187 2329 3258 patrimonio
2353 3202 2470 3251 suo,
2504 3184 2729 3240 habebat
2755 3183 2915 3238 vidua
2946 3183 2999 3238 in
3027 3184 3254 3240 saccello
3278 3200 3396 3253 suo,
3427 3185 3592 3240 babe-

2011 3281 2101 3337 bat
2128 3283 2309 3337 nescio
2330 3282 2449 3353 quis
2475 3297 2676 3352 pauper
2700 3281 2903 3351 hospes
2925 3281 2975 3335 in
3006 3282 3150 3336 dolio
3176 3297 3308 3348 suo;
3333 3282 3467 3337 alios
3492 3298 3592 3337 nec

2013 3374 2067 3427 in
2094 3374 2435 3449 patrimonio,
2476 3389 2575 3429 nec
2605 3373 2657 3427 in
2696 3373 2944 3439 saccello,
2990 3387 3090 3429 nec
3118 3374 3170 3428 in
3210 3373 3354 3429 dolio
3391 3374 3590 3444 aliquid

2016 3449 2263 3529 habebat,
2308 3474 2476 3520 totum
2510 3465 2742 3520 habebat
2782 3464 2834 3518 in
2861 3464 3041 3518 animo
3065 3478 3163 3517 suo
3193 3482 3206 3517 :
3239 3465 3384 3524 salus
3411 3464 3591 3519 domui
3661 3526 3673 3536 '

2015 3556 2255 3611 Zacchtci
2284 3555 2432 3628 (Luc.
2462 3572 2571 3623 xtx,
2603 3556 2680 3625 8);
2711 3565 2765 3609 et
2795 3554 2914 3624 plus
2944 3555 3087 3607 misit
3117 3553 3231 3608 haec
3256 3554 3409 3608 vidua
3433 3570 3592 3624 quam

2015 3649 2204 3704 divites
2234 3649 2304 3702 illi
2332 3647 2523 3717 (Marc.
2556 3661 2649 3711 xu,
2683 3645 2773 3715 49.)
2797 3661 2811 3707 ;
2845 3646 2942 3699 iste
2965 3643 3182 3699 calicem
3208 3656 3363 3712 aqua:
3391 3642 3594 3713 frigida:

2017 3742 2294 3810 porrigens
2339 3738 2569 3811 (Matth.
2616 3753 2680 3803 χ,
2730 3723 2861 3805 42),
2912 3751 3017 3789 non
3061 3734 3249 3804 perdet
3290 3734 3592 3790 mercedem

2017 3848 2203 3895 suam;
2232 3830 2325 3885 sed
2350 3842 2403 3885 et
2427 3844 2530 3900 pax
2560 3830 2610 3882 in
2641 3839 2778 3883 terra
2805 3827 3109 3882 hominibus
3136 3828 3287 3881 bona:
3314 3829 3598 3882 voluntatis

2020 3923 2168 3996 (Luc.
2190 3938 2247 3986 ιι,
2272 3924 2380 3990 11).
2413 3919 2633 3974 Innnola
2661 3918 2774 3973 Deo
2794 3919 3100 3987 sacriﬁcium
3126 3918 3312 3972 laudis.
3330 3917 3375 3974 Ο
3395 3920 3597 3974 sacrm-

2020 4019 2160 4071 ciutn
2189 4015 2496 4086 gratuitum,
2524 4013 2691 4083 gratia
2724 4011 2936 4066 datum!
2971 4010 3084 4065 Non
3119 4009 3330 4081 quidem
3364 4012 3464 4066 boc
3491 4013 3597 4067 emi

2021 4108 2161 4181 quod
2180 4108 2449 4171 offerrem,
2474 4107 2564 4161 sed
2588 4114 2642 4159 tu
2663 4104 2871 4159 donasti
2897 4122 2910 4157 :
2937 4119 3057 4157 nam
3082 4119 3180 4159 nec
3201 4103 3301 4159 hoc
3325 4105 3597 4161 haberem.

2023 4200 2245 4255 lmmola
2269 4198 2380 4253 Deo
2408 4198 2713 4266 sacriﬁcium
2742 4196 2927 4251 (audis.
2961 4186 3028 4250 Et
3057 4198 3169 4252 hate
3200 4197 3491 4251 itnmolatio
3514 4211 3600 4251 sa-

2023 4292 2206 4348 criticii
2235 4292 2420 4355 laudis,
2455 4290 2652 4363 gratias
2680 4304 2837 4359 agere
2867 4288 2937 4343 illi
2967 4304 2995 4341 a
3024 4288 3321 4359 quo—habes
3346 4287 3601 4358 quidquid

2025 4388 2148 4444 boni
2178 4386 2360 4448 habes,
2387 4392 2442 4440 et
2463 4382 2612 4453 cuius
2639 4380 2997 4436 misericordia
3022 4381 3113 4435 tibi
3133 4380 3420 4434 dimittitur
3440 4378 3600 4445 quid-

2027 4478 2153 4550 quid
2175 4486 2320 4531 tttum
2345 4475 2466 4531 ntali
2494 4474 2677 4529 habes.
2701 4473 2920 4527 Immola
2941 4471 3050 4527 Deo
3070 4472 3373 4540 sacriﬁcium
3392 4471 3559 4524 laudis
3579 4484 3601 4525 3

2028 4580 2073 4625 et
2098 4569 2249 4623 redde
2268 4567 2523 4621 Altissimo
2554 4581 2720 4635 preces
2746 4573 2876 4619 tuas.
2901 4562 3011 4618 Hoc
3032 4563 3197 4617 odore
3224 4562 3476 4615 Dominus
3498 4559 3601 4615 deo

2028 4663 2272 4718 lectatur.
2298 4658 2473 4713 Redde
2495 4657 2752 4711 Altissimo
2777 4670 2945 4725 preces
2970 4663 3103 4706 tuas.

2100 4754 2191 4809 22.
2235 4751 2386 4825 [vers.
2440 4748 2551 4822 15.]
2593 4748 2660 4802 Et
2706 4748 2881 4800 irwaca
2926 4761 3005 4797 me
3047 4746 3100 4796 in
3147 4742 3229 4798 die
3271 4743 3611 4798 tribulationis

2032 4855 2133 4900 tute
2159 4860 2177 4898 :
2203 4854 2248 4899 et
2278 4844 2496 4897 eximam
2520 4851 2566 4895 te
2583 4882 2598 4904 ,
2630 4850 2675 4894 et
2700 4836 3003 4909 gloriﬁcabis
3028 4849 3124 4888 me.
3152 4833 3267 4889 Non
3295 4836 3436 4889 enim
3463 4850 3611 4905 prta-1

2033 4951 2246 4992 sumere
2274 4934 2438 4990 debes
2461 4932 2528 4987 de
2552 4930 2754 4984 viribus
2775 4928 2904 4996 tuis,
2923 4926 3098 4981 omnia
3122 4925 3314 4979 auxilia
3343 4935 3430 4979 tua
3459 4943 3609 4980 men-

2034 5030 2184 5085 dacia
2212 5036 2355 5084 sunt.
2402 5024 2490 5080 Me
2514 5025 2691 5078 invoca
2727 5021 2780 5074 in
2806 5021 2888 5074 die
2913 5019 3247 5073 tribulationis
3274 5034 3292 5073 :
3321 5036 3495 5073 eruam
3523 5029 3570 5072 te
3589 5054 3611 5081 τ

2036 5132 2080 5177 et
2106 5119 2411 5193 gloriﬁcabis
2434 5134 2533 5172 me.
2563 5115 2642 5170 Ad
2670 5114 2772 5168 hoc
2798 5113 2937 5168 enim
2972 5110 3185 5181 permisi
3210 5110 3352 5165 diem
3385 5110 3607 5165 tribula-

2038 5213 2196 5269 tionis
2226 5211 2319 5265 tibi
2351 5209 2465 5264 ﬁeri
2507 5226 2521 5261 :
2563 5207 2687 5278 quia
2730 5205 2866 5260 forte
2907 5204 2953 5258 si
2980 5218 3082 5257 non
3111 5202 3471 5267 tribulareris,
3502 5215 3612 5254 non

2037 5307 2313 5362 invocares
2329 5317 2443 5366 me;
2466 5316 2584 5355 cum
2609 5299 2874 5355 tribularis
2893 5306 3091 5357 autem.
3114 5296 3330 5351 invocas
3346 5311 3459 5355 me;
3487 5308 3611 5348 eum

2040 5400 2257 5453 invocas
2286 5410 2390 5456 me,
2420 5393 2647 5447 eximam
2677 5400 2756 5454 te;
2787 5405 2906 5444 cum
2939 5390 3166 5443 eximam
3195 5397 3265 5443 te.
3292 5384 3616 5457 glorilieabis

2040 5505 2145 5551 me,
2186 5498 2243 5542 ut
2262 5488 2370 5558 jam
2403 5500 2507 5539 non
2537 5483 2775 5538 discedas
2805 5498 2835 5535 a
2867 5497 2969 5536 me.
3019 5480 3369 5549 Obtorpnerat
3400 5474 3615 5558 quidam

2040 5589 2094 5637 et
2119 5556 2367 5651 frigucrat
2391 5594 2417 5631 a
2447 5577 2651 5632 fervore
2662 5574 2938 5638 orationis,
2962 5582 3016 5628 et
3035 5572 3197 5625 dixit:
3223 5556 3615 5623 Tribulationem

2041 5684 2088 5730 et
2116 5675 2338 5728 dolorem
2367 5670 2564 5733 inveni,
2605 5679 2650 5723 et
2699 5684 2879 5723 nomen
2926 5666 3129 5719 Domini
3166 5661 3387 5716 invocavi
3430 5657 3614 5731 (Psal.

2110 5815 2125 5845 ι
2163 5818 2226 5879 tta
2250 5810 2296 5877 in
2320 5814 2424 5856 Mss.
2451 5814 2505 5856 Λι
2522 5807 2570 5856 in
2595 5804 2688 5853 add
2733 5801 2965 5851 omittitur
2983 5798 3059 5856 sit,
3080 5800 3129 5843 ct
3150 5795 3384 5847 habetur:
3408 5802 3499 5843 ara
3517 5798 3618 5854 tua,

2049 5887 2184 5923 t'OnSC
2186 5878 2278 5920 iant
2283 5884 2329 5919 ια
2352 5878 2442 5919 tua.
