4004 6200
468 414 567 477 57}!

467 552 610 596 cxtv.
659 534 712 596 3,
755 527 845 599 4).
891 521 1093 581 Invenit
1136 513 1523 574 tribulationem
1552 518 1799 577 tanquam
1827 497 2023 571 aliquid

468 632 625 689 utile;
658 627 928 693 patruerat
955 615 1075 670 tabe
1120 618 1457 681 peccatorum
1494 614 1710 657 suorum
1731 636 1746 662 ,
1773 595 1883 665 jam
1913 593 2029 647 sine

465 735 623 778 sensu
668 715 1031 771 remanserat,
1086 702 1284 757 invenit
1337 694 1721 752 tribulationem
1781 699 2025 755 tanquam

463 812 725 869 ustionem
752 817 799 859 et
819 802 1126 858 sectionem.
1158 791 1354 853 Inveni,
1373 786 1559 858 inquit,
1590 779 1958 837 tribulationem
1981 784 2029 828 et

465 904 686 957 dolorem
708 938 722 962 ,
761 906 804 950 et
834 907 1013 947 nomen
1050 887 1252 942 Domini
1278 879 1518 936 invocavi.
1546 876 1612 931 Et
1637 872 1850 941 quidem
1871 910 1885 933 ,
1919 867 2026 921 fra-

465 1007 593 1059 tres,
624 999 748 1047 sunt
775 983 1133 1043 tribulationes
1156 975 1400 1033 omnibus
1424 977 1582 1027 notat.
1611 967 1746 1022 Ecce
1775 964 1887 1017 ista:
1912 965 2030 1030 qua:

465 1088 732 1139 abundant
772 1080 823 1133 in
852 1089 1046 1147 genere
1085 1072 1312 1125 humano
1348 1081 1362 1118 :
1403 1062 1537 1117 alius
1576 1058 1769 1113 damno
1809 1052 2028 1107 allectus

469 1177 699 1247 plangit,
742 1141 880 1231 alius
904 1167 1129 1222 orbitate
1154 1169 1437 1231 percussus
1472 1154 1644 1223 luget;
1685 1146 1821 1200 alius
1858 1141 2024 1214 patria

466 1268 737 1323 exsulatus
784 1267 989 1320 niteret,
1019 1264 1073 1310 et
1101 1252 1272 1307 redire
1298 1245 1462 1313 cupit,
1495 1236 1875 1295 intolerabilem
1904 1247 2026 1300 pcr-

466 1359 845 1433 egrinationem
881 1352 1170 1420 deputans;
1201 1340 1353 1397 alteri
1377 1338 1529 1391 vinea
1569 1329 1877 1403 grandinata
1912 1332 2027 1386 est,

469 1430 690 1509 attendit
710 1457 776 1504 au
801 1446 1009 1501 labores
1033 1453 1176 1498 suos,
1202 1444 1255 1489 et
1279 1437 1643 1497 consumptam
1665 1434 1874 1476 onmem
1903 1430 2030 1485 ope-

469 1562 580 1600 ram
610 1547 892 1599 incassum.
924 1532 1143 1602 Quando
1174 1532 1332 1582 homo
1361 1529 1531 1593 potest
1559 1531 1666 1572 non
1691 1508 2029 1583 contristari?

472 1638 741 1693 Inimicum
768 1630 960 1702 patitur
978 1641 1045 1682 ex
1070 1624 1260 1677 amico.
1282 1617 1410 1683 Qua:
1434 1611 1603 1680 major
1628 1604 1838 1661 miseria
1864 1602 1913 1654 in
1940 1613 2033 1670 ge-

472 1745 597 1784 nere
624 1722 891 1782 lmmano?
913 1720 1169 1786 Plaugnnt
1197 1712 1309 1766 hmc
1333 1720 1538 1767 omnes,
1562 1710 1617 1755 et
1634 1698 1832 1755 dolent.
1854 1703 1908 1750 et
1933 1692 2029 1746 tri-

471 1823 764 1878 bulationes
789 1826 911 1872 sunt
936 1815 1050 1868 istae
1078 1828 1091 1864 :
1119 1817 1173 1864 et
1197 1808 1250 1862 in
1277 1804 1358 1859 his
1379 1797 1625 1857 omnibus
1653 1794 1899 1849 invocant
1925 1787 2032 1842 Do-

394 1931 404 1943 '
470 1917 701 1978 minum,
731 1920 787 1966 et
815 1916 958 1962 recte
986 1904 1199 1956 faciunt.
1237 1897 1484 1950 lnvocent
1515 1890 1709 1948 Deum,
1739 1889 1924 1953 potens
1952 1884 2034 1931 est

468 2005 554 2061 vel
585 2003 777 2059 docere
815 1993 1142 2053 tolerandum
1164 2032 1178 2054 ,
1206 1988 1287 2043 vel
1327 1996 1516 2039 sanare
1545 1980 1843 2033 toleratum.
1880 1969 2034 2025 Novit

470 2098 683 2152 ille'uon
709 2092 884 2148 sinere
909 2085 1097 2142 tentari
1122 2096 1218 2137 nos
1239 2092 1397 2148 supra
1416 2087 1573 2153 quam
1597 2078 1875 2140 possumus
1895 2062 2034 2116 ferre

475 2191 514 2260 (l
542 2188 659 2241 Cor.
685 2201 745 2248 x,
774 2184 884 2253 l3).
916 2179 1224 2233 [avocemus
1252 2171 1416 2224 Deum
1444 2152 1601 2219 etiam
1642 2161 1694 2214 in
1723 2157 1835 2211 istis
1862 2152 2032 2208 tribu-

470 2277 752 2335 lationibus
788 2290 801 2327 :
839 2270 932 2327 sed
961 2270 1042 2322 Ine
1071 2262 1431 2321 tribulationes
1456 2255 1726 2311 inveniunt
1751 2263 1869 2314 nos,
1897 2246 2034 2300 sicut

472 2369 524 2423 in
551 2368 654 2421 alio
673 2358 879 2436 'psalmo
904 2358 1155 2428 scriptum
1184 2362 1285 2417 est,
1313 2350 1529 2418 Adjutor
1556 2346 1609 2398 in
1637 2335 2034 2397 tribulationibus

471 2476 582 2531 quia
602 2426 891 2512 invenerunt
913 2467 1004 2505 nos
1015 2426 1174 2503 nimis
1201 2441 1369 2517 (Psal.
1401 2452 1525 2500 XLV,
1547 2435 1606 2506 2)
1632 2453 1645 2489 :
1684 2442 1766 2487 est
1794 2426 2030 2499 quzedam

472 2567 628 2623 quam
660 2563 758 2604 nos
792 2544 1046 2601 debemus
1070 2536 1330 2595 invenire.
1366 2529 1642 2586 lnveniant
1667 2538 1763 2580 nos
1792 2522 1907 2576 istae
1936 2517 2032 2572 tri-

473 2612 768 2706 liulationes
790 2657 804 2695 :
826 2648 909 2694 est
930 2632 1168 2707 quaedam
1194 2624 1459 2684 tribulatio
1481 2635 1637 2694 quam
1666 2630 1763 2672 nos
1780 2612 2036 2669 debemus

470 2734 743 2809 quwrere,
782 2743 837 2789 et
877 2728 1134 2786 invenire.
1174 2725 1302 2791 Quae
1335 2729 1419 2777 est
1448 2716 1584 2772 ista?
1613 2714 1686 2769 Ea
1714 2712 1825 2782 ipsa
1851 2708 1905 2763 in
1934 2708 2035 2759 hoc

474 2801 672 2886 mundo
701 2824 951 2886 felicitas,
981 2815 1248 2874 afï¬‚uentia
1279 2824 1454 2868 rerum
1481 2801 1847 2876 temporalium
1882 2815 1896 2852 :
1928 2810 2033 2850 non

471 2921 684 2993 quidem
713 2919 826 2987 ipsa
856 2913 1122 2969 tribulatio
1147 2915 1261 2972 est;
1288 2903 1473 2960 solatia
1501 2906 1625 2954 sunt
1646 2904 1842 2950 nostra:
1872 2888 2036 2945 tribu-

475 2980 704 3067 liltiouis.
735 2980 900 3074 huius
927 2996 1317 3057 tribulationis?
1338 2993 1545 3050 Nostra?
1575 2980 2033 3058 peregrinationis.

474 3106 586 3159 lloc
609 3103 748 3158 enim
775 3100 948 3169 ipsum
978 3094 1121 3166 quod
1150 3106 1269 3146 cum
1296 3089 1403 3142 Deo
1433 3082 1661 3139 nottdum
1690 3092 1902 3141 sumus,
1934 3073 2037 3127 hoc

474 3197 642 3265 ipsum
671 3189 811 3261 quod
837 3189 974 3242 inter
999 3182 1314 3239 teutationes
1340 3175 1713 3242 molestiasque
1736 3180 2032 3233 versamur,

471 3259 612 3357 quod
641 3259 754 3338 sine
784 3282 971 3334 timore
994 3290 1113 3330 esse
1140 3287 1245 3327 non
1272 3279 1549 3340 possumus
1568 3304 1583 3329 ,
1612 3259 1878 3316 tribulatio
1906 3265 1986 3311 est
2018 3272 2034 3310 :

473 3393 575 3433 non
602 3375 743 3432 enim
773 3381 854 3427 est
891 3370 976 3425 illa
1007 3367 1266 3442 securitas
1300 3374 1413 3429 quae
1453 3356 1606 3412 nobis
1643 3350 1898 3422 promissa
1933 3357 2034 3402 est.

474 3472 619 3526 lianc
642 3463 1030 3524 tribulationem
1058 3452 1491 3530 peregrinationis
1514 3464 1622 3504 suze
1643 3447 1732 3517 qui
1760 3459 1864 3499 non
1892 3442 2037 3496 inve-

473 3563 640 3625 nerit,
677 3557 742 3613 ad
780 3554 1002 3626 patriam
1039 3549 1215 3606 redire
1243 3561 1345 3601 non
1373 3542 1587 3614 cogitat.
1630 3534 1920 3592 Tribulatio
1949 3531 2035 3585 illa

472 3670 576 3725 est,
609 3656 818 3712 fratres.
844 3651 1005 3706 Certe
1030 3643 1187 3700 modo
1212 3640 1431 3696 facimus
1456 3637 1592 3692 bona
1619 3646 1802 3703 opera,
1827 3627 2038 3699 quando

473 3746 788 3821 porrigimus
808 3753 1000 3814 panem
1021 3732 1297 3798 esurienti,
1319 3728 1516 3784 donum
1538 3722 1835 3797 peregrino,
1858 3727 1911 3772 et
1933 3732 2040 3772 cae-

473 3855 623 3898 tera:
663 3811 931 3894 tribulatio
950 3838 1032 3887 est
1063 3835 1119 3883 et
1145 3825 1279 3880 haec.
1304 3819 1605 3877 Invenimus
1643 3815 1783 3870 enim
1816 3811 2038 3865 miseros

472 3948 632 4002 super
653 3943 786 4000 quos
811 3919 1225 3981 misericordiam
1246 3914 1499 3974 facimus;
1524 3917 1578 3965 et
1598 3905 1910 3963 miserorum
1938 3900 2038 3954 mi-

472 4026 611 4081 seria
642 4020 765 4076 facit
790 4032 887 4072 nos
921 4011 1323 4084 eompatientes.
1367 4005 1576 4072 Quanto
1615 3998 1804 4055 melius
1830 3995 1900 4050 ibi
1926 3992 2034 4061 jam

474 4129 623 4171 esses
641 4155 656 4179 ,
686 4094 775 4166 ubi
803 4123 908 4164 non
932 4104 1136 4161 invenis
1164 4100 1485 4157 esurientem
1514 4106 1668 4163 quem
1700 4101 1883 4159 pascas
1901 4127 1916 4149 ,
1948 4083 2037 4137 ubi

476 4223 581 4264 non
612 4202 819 4260 invenis
846 4197 1180 4270 peregrinum
1208 4206 1362 4262 quem
1395 4185 1671 4255 suscipias,
1703 4196 1809 4237 non
1839 4176 2034 4232 uttdum

474 4313 633 4370 quem
667 4294 887 4353 vestias,
917 4267 1023 4342 non
1054 4298 1249 4348 marum
1286 4295 1442 4350 quem
1466 4277 1666 4337 visites,
1696 4287 1798 4326 non
1822 4267 2037 4338 litigau-

472 4404 578 4447 tem
606 4400 762 4459 quem
800 4376 1131 4437 concordes?
1157 4372 1342 4429 Omnia
1370 4368 1510 4424 enim
1549 4366 1619 4420 ibi
1645 4375 1851 4417 summa
1877 4367 2001 4412 sunt
2019 4397 2035 4421 ,

471 4499 595 4539 vera
618 4486 762 4541 sunt,
793 4481 974 4530 sancta
1003 4477 1146 4530 sunt,
1185 4474 1378 4520 teterna
1401 4470 1544 4516 sunt.
1583 4456 1742 4512 Panis
1765 4462 1946 4510 noster
1966 4451 2037 4505 ibi

467 4574 666 4645 iustitia
692 4578 794 4635 est,
816 4574 973 4640 potus
1006 4570 1189 4617 noster
1213 4556 1283 4612 ibi
1313 4552 1572 4623 sapientia
1598 4559 1708 4616 est,
1736 4546 1897 4602 vestis
1939 4558 2039 4598 no-

470 4676 578 4723 stra
605 4666 675 4720 ibi
704 4637 1074 4718 immortalitas
1096 4660 1198 4714 est,
1224 4648 1414 4702 domus
1441 4652 1616 4697 nostra
1642 4650 1839 4694 :eterua
1857 4637 1907 4690 in
1923 4648 2038 4689 eteo

470 4760 537 4814 lis
557 4800 572 4822 ,
602 4755 822 4812 firmitas
860 4756 1039 4806 nostra
1077 4737 1462 4800 immortalitas.
1495 4731 1756 4799 Numquid
1785 4729 2039 4798 :cgritudo

470 4819 738 4917 subrepit?
761 4839 1014 4913 numquid
1038 4834 1292 4893 lassitudo
1312 4830 1378 4885 ad
1399 4839 1646 4882 somnum
1668 4821 1860 4877 trahit?
1885 4819 2035 4873 Nulla

468 4910 656 4997 mors;
688 4937 830 4992 nulla
858 4910 926 4988 lis
962 4949 979 4988 :
1008 4930 1078 4986 ibi
1108 4943 1238 4999 pas,
1282 4922 1431 4993 quies
1451 4962 1465 4983 ,
1496 4914 1746 4989 gaudium
1767 4953 1783 4979 ,
1810 4910 2033 4982 justitia.

469 5032 654 5091 Nullus
676 5027 839 5082 intrat
864 5023 1127 5086 inimicus,
1149 5019 1322 5075 nullus
1348 5014 1541 5070 labitur
1564 5009 1783 5064 amicus.
1805 5006 1935 5073 Qua:
1968 5004 2035 5057 ibi

469 5123 654 5199 quiesl
685 5121 743 5178 Si
765 5121 1078 5189 cogitemus,
1105 5124 1159 5171 et
1181 5111 1517 5168 attendamus
1545 5105 1631 5160 ubi
1659 5105 1846 5167 simus,
1869 5110 1923 5153 et
1948 5100 2032 5153 ubi

469 5234 568 5277 nos
596 5218 800 5272 futuros
831 5226 951 5266 esse
983 5207 1226 5280 promisit
1251 5206 1339 5275 qui
1375 5200 1587 5258 mentiri
1623 5198 1809 5259 nescit,
1832 5211 1896 5250 ex
1925 5195 2036 5260 ipsa

465 5312 582 5382 ejus
618 5302 968 5380 promissione
1006 5296 1303 5353 invenimus
1344 5295 1395 5349 in
1440 5307 1542 5362 qua
1584 5302 1767 5345 sumus
1812 5284 2035 5341 tribula-

467 5406 633 5462 tione.
683 5399 828 5456 Hane
878 5389 1266 5447 tribulationem
1314 5401 1469 5441 nemo
1514 5382 1751 5445 invenit,
1800 5378 1897 5433 nisi
1944 5374 2036 5445 qui

440 5480 441 5485 Î·
466 5492 755 5567 quaesierit.
784 5487 959 5544 Sanus
986 5497 1066 5546 es,
1091 5479 1213 5534 vide
1238 5478 1283 5533 si
1309 5476 1471 5531 miser
1497 5489 1556 5529 es
1584 5491 1598 5526 :
1631 5487 1751 5525 nam
1777 5468 1929 5523 facile
1941 5475 2038 5535 ,est

467 5598 524 5644 ut
547 5584 639 5657 qui
664 5587 901 5653 :vgrotat,
926 5573 1119 5630 sentiat
1137 5585 1196 5626 se
1223 5568 1472 5623 miserum
1498 5582 1511 5618 :
1534 5562 1744 5632 quando
1772 5573 1931 5615 sanus
1951 5573 2030 5624 es,

468 5681 584 5733 vide
609 5677 653 5732 si
686 5676 848 5729 miser
870 5685 965 5733 es;
996 5664 1116 5737 quia
1142 5677 1263 5717 cum
1292 5660 1400 5715 Deo
1427 5654 1661 5712 nondum
1688 5667 1767 5708 es.
1797 5650 2036 5705 Tribulu-

467 5773 649 5823 tionem
691 5777 736 5821 et
761 5765 984 5818 dolorem
1023 5756 1214 5821 inveni,
1257 5763 1304 5807 et
1327 5767 1503 5806 nomen
1549 5745 1750 5800 Domini
1788 5743 2030 5798 invocavi.

474 5859 684 5914 lmmola
728 5872 855 5929 ergo
894 5852 1000 5910 Deo
1042 5846 1343 5917 sacri/icium
1375 5844 1553 5898 laudis.
1589 5839 1764 5895 Lauda
1809 5842 2031 5907 proruitâ€”

1631 388 1722 445 .S.
1764 380 2122 442 AUGUSTINI
2161 378 2456 453 EPISCOPI

3600 382 3706 433 580

2139 503 2356 559 tentem,
2394 493 2546 550 lauda
2575 505 2875 564 vocantem,
2920 494 3073 549 lauda
3111 494 3497 556 exhortantem.
3545 493 3699 547 lauda

2131 585 2467 655 adjuvantem
2514 606 2527 642 :
2570 597 2629 643 et
2664 587 2896 657 intellige
2920 585 2974 641 ia
3004 602 3105 658 qua
3135 584 3471 641 tribulatione
3498 588 3701 657 positus

2133 693 2214 734 es.
2245 680 2454 741 lnvoca.
2476 680 2704 738 erueris.
2731 680 3052 750 glorificabis
3074 680 3117 745 Î¹,
3147 678 3499 749 permanebis.

2201 771 2292 826 9.5.
2325 769 2472 845 [vers.
2496 772 2610 846 16.]
2649 772 2837 828 Videte
2863 783 3038 828 autem
3067 772 3206 843 quod
3235 774 3492 840 sequitur,
3518 774 3716 831 fratres

2134 863 2257 916 mei.
2275 863 2389 917 lam
2415 865 2554 918 enim
2581 864 2764 919 nescio
2787 866 2922 934 quis,
2939 865 3059 935 quia
3081 863 3284 919 dixerat
3308 862 3381 917 illi
3403 863 3542 919 Deus
3596 866 3701 918 Im-

2134 953 2267 1007 mola
2290 953 2398 1007 Deo
2421 956 2723 1026 sacriï¬cium
2753 955 2916 1008 laudis
2933 996 2948 1018 ,
2977 964 3030 1010 et
3055 954 3157 1009 hoc
3183 953 3573 1026 quodammodo
3607 971 3701 1008 ve-

2133 1043 2288 1113 ctigal
2327 1045 2617 1112 indixerat,
2655 1044 3002 1100 meditabatur
3028 1044 3161 1115 sibi,
3190 1058 3245 1100 et
3284 1044 3490 1100 dicebat
3523 1062 3537 1098 :
3569 1045 3703 1100 Sur-

2132 1150 2249 1205 [tam
2267 1138 2518 1206 quotidie,
2536 1153 2751 1208 pergam
2770 1137 2834 1193 ad
2854 1137 3160 1202 Ecclesiam,
3179 1137 3351 1193 dicam
3369 1153 3527 1192 unum
3552 1136 3706 1209 Itym.

2135 1245 2259 1283 num
2279 1232 2609 1296 matutinum,
2633 1230 2792 1285 alium
2810 1231 3186 1299 vespertinum,
3207 1232 3416 1285 tertium
3442 1238 3530 1283 aut
3545 1244 3707 1298 quar-

2135 1330 2242 1376 tum
2275 1322 2326 1376 in
2351 1322 2509 1377 domo
2536 1337 2653 1378 mea
2677 1339 2690 1384 ;
2719 1322 2950 1401 quotidie
2974 1321 3212 1377 sacrifico
3246 1322 3563 1377 sacriï¬cium
3592 1322 3705 1375 lau-

2133 1410 2247 1473 dis,
2286 1425 2339 1467 et
2367 1413 2583 1466 immolo
2613 1414 2723 1468 Deo
2753 1428 2890 1468 meo.
2918 1413 3062 1467 Bene
3088 1411 3216 1466 facis
3251 1411 3461 1481 quidem
3483 1454 3498 1473 ,
3530 1412 3572 1464 si
3606 1411 3709 1466 hoc

2131 1503 2263 1556 facis
2294 1521 2308 1555 :
2339 1502 2431 1557 sed
2458 1503 2579 1557 vide
2605 1517 2673 1557 tte
2696 1502 2804 1573 jam
2832 1517 3053 1558 securus
3078 1502 3150 1555 sis
3169 1542 3185 1565 ,
3214 1502 3333 1571 quia
3358 1502 3467 1571 jam
3495 1502 3596 1556 hoc
3628 1501 3705 1554 fa-

2133 1598 2241 1662 cis,
2269 1607 2322 1653 et
2348 1599 2482 1654 l'orte
2523 1600 2702 1668 lingua
2747 1608 2831 1652 tua
2862 1597 3024 1653 Deum
3052 1596 3445 1668 benedicat,_et
3471 1596 3573 1649 vita
3620 1606 3707 1648 tua

2136 1689 2244 1743 Deo
2286 1689 2581 1761 maledicat.
2607 1664 2658 1743 á½¸
2689 1688 2877 1758 popule
2904 1702 3084 1752 meus,
3115 1686 3244 1740 dicit
3285 1664 3392 1740 tibi
3412 1687 3549 1740 Deus
3576 1686 3709 1741 deo-

2136 1794 2250 1832 rum
2281 1779 2535 1834 Dominus
2560 1778 2653 1849 qui
2684 1778 2888 1833 locutus
2924 1786 3038 1842 est,
3065 1792 3260 1831 vocans
3303 1787 3493 1830 terram
3520 1793 3551 1829 a
3581 1778 3712 1829 solis

2135 1884 2256 1928 ortu
2286 1888 2451 1944 usque
2474 1873 2538 1928 ad
2568 1887 2814 1926 occasum
2835 1912 2851 1935 ,
2888 1871 3128 1940 quamvis
3153 1869 3326 1924 adhuc
3352 1869 3487 1923 inter
3509 1868 3708 1923 zizania

2135 1966 2450 2019 constitutus
2476 1963 2549 2018 sis
2569 2002 2585 2027 ,
2616 1961 2823 2015 immola
2861 1961 3162 2030 sacri/icium
3189 1958 3354 2014 laudis
3385 1959 3486 2014 Deo
3515 1970 3599 2014 tuo
3620 2001 3634 2022 ,
3662 1970 3709 2014 et

2135 2058 2287 2112 redde
2309 2056 2387 2110 illi
2417 2071 2589 2125 preces
2614 2064 2725 2108 tuus
2749 2070 2768 2107 :
2798 2052 2896 2107 sed
2922 2052 3040 2107 vide
3064 2067 3132 2107 ne
3157 2052 3301 2105 vivas
3325 2051 3480 2117 male,
3508 2061 3563 2106 et
3585 2066 3712 2106 can-

2136 2158 2218 2204 tes
2245 2148 2398 2204 bene.
2428 2147 2605 2217 Quare
2627 2146 2766 2199 hoc?
2794 2144 3056 2199 Peccatori
3084 2144 3223 2197 enim
3251 2144 3368 2197 dicit
3394 2142 3531 2197 Deus
3556 2160 3575 2198 :
3610 2141 3711 2197 Utâ€˜

2136 2240 2258 2309 quid
2283 2251 2336 2292 tu
2363 2254 2570 2293 enarras
2586 2237 2813 2307 justitias
2837 2251 3004 2297 meas,
3031 2244 3077 2288 et
3104 2234 3316 2288 assumis
3345 2233 3714 2287 Testamentum

2136 2348 2296 2386 meum
2321 2348 2409 2400 per
2433 2347 2489 2385 os
2515 2328 2693 2384 tuum?
2722 2327 2941 2389 Videtis,
2970 2327 3179 2390 fratres,
3208 2341 3329 2380 cum
3351 2340 3456 2396 quo
3484 2339 3716 2380 tretnore

2138 2424 2235 2479 ista
2260 2424 2514 2478 dicamus.
2534 2421 2870 2476 Assumimus
2887 2419 3280 2475 TesL-tmentum
3306 2419 3395 2473 Dei
3424 2434 3518 2488 per
3541 2432 3602 2472 os
3620 2434 3710 2470 no.

2136 2526 2302 2572 stram
2312 2525 2382 2579 ,et
2399 2513 2748 2584 praedicamus
2760 2511 2909 2566 vobis
2923 2510 3272 2566 eruditionem
3287 2520 3341 2564 et
3351 2509 3580 2578 jttslitias
3600 2509 3709 2565 Dei,

2138 2610 2205 2664 Et
2224 2608 2351 2679 quid
2368 2607 2505 2662 dicit
2526 2604 2791 2677 peecatori
2822 2601 2992 2659 Deus?
3021 2601 3211 2670 thuid
3238 2602 3329 2655 tu?
3358 2601 3609 2671 Prohibet
3631 2617 3717 2653 ero

2137 2717 2204 2773 go
2230 2699 2604 2770 prmdicatores
2630 2695 2967 2768 peccatores?
2985 2695 3048 2750 Et
3076 2695 3163 2748 ubi
3188 2701 3269 2749 est
3294 2692 3455 2747 illud:
3483 2691 3610 2759 Qua:
3635 2693 3718 2743 di-

2138 2802 2257 2848 cunt
2283 2792 2466 2864 facile,
2495 2805 2610 2862 qua:
2649 2798 2817 2843 autem
2845 2787 3067 2858 faciunt.
3100 2789 3265 2855 facere
3303 2783 3458 2837 nolite
3500 2781 3714 2853 (Matth.

2138 2902 2285 2952 mu,
2302 2886 2391 2958 5)?
2408 2884 2508 2941 Ubi
2533 2894 2615 2939 est
2632 2881 2759 2937 illud
2780 2900 2791 2934 :
2812 2881 2930 2936 Sive
2952 2879 3153 2933 veritate
3174 2881 3276 2932 sive
3298 2876 3554 2930 occasione
3568 2872 3706 2930 Clni
3738 2906 3756 2922 .

2137 2989 2243 3035 stus
2267 2978 2589 3032 annuntietur
2616 2973 2872 3047 (Philipp.
2903 2989 2952 3037 Î¹,
2983 2971 3114 3041 18)?
3138 2970 3245 3027 Sed
3274 2970 3387 3024 inec
3410 2968 3548 3023 dicta
3569 2977 3716 3031 sunt,

2141 3086 2207 3126 ne
2234 3071 2450 3125 timeant
2474 3067 2562 3136 qui
2593 3065 2811 3120 audiunt
2839 3080 2867 3118 a
2896 3076 3230 3134 quocumque
3254 3058 3504 3115 audiant:
3529 3073 3634 3113 non
3659 3068 3720 3112 ut

2140 3160 2311 3215 securi
2339 3161 2443 3213 sint
2465 3158 2553 3227 qui
2581 3156 2764 3210 dicunt
2788 3156 2946 3218 bona,
2965 3163 3018 3208 et
3047 3150 3245 3207 faciunt
3270 3150 3427 3204 mala.
3446 3147 3599 3202 Modo
3625 3163 3718 3202 er-

2138 3269 2207 3325 go
2225 3295 2242 3321 ,
2271 3252 2458 3309 fratres
2477 3292 2493 3316 ,
2523 3265 2619 3305 vos
2644 3247 2817 3304 secuti
2844 3245 2973 3302 estis
3004 3262 3018 3299 :
3048 3244 3093 3299 si
3128 3243 3263 3298 bona
3290 3241 3513 3305 auditis,
3549 3241 3717 3293 Deum

2140 3345 2389 3408 auditisâ€™,
2412 3359 2507 3413 per
2530 3341 2820 3412 quemlibet
2838 3339 3080 3394 audiatis.
3110 3335 3217 3392 Sed
3242 3334 3410 3389 noluit
3438 3335 3575 3388 Deus
3598 3334 3720 3388 sine

2140 3435 2473 3505 correptione
2488 3432 2755 3488 dimittere
2775 3431 2893 3514 illos
2907 3429 2997 3501 qui
3012 3429 3192 3484 dicunt
3208 3445 3222 3491 ;
3243 3442 3310 3480 ne
3326 3425 3425 3480 hoc
3444 3426 3558 3480 solo
3571 3423 3715 3494 quod

2141 3528 2356 3593 dicunt,
2385 3524 2557 3581 securi
2585 3524 2686 3579 sibi
2714 3521 3111 3578 obdormiscant
3135 3517 3188 3572 in
3218 3517 3353 3571 mala
3382 3516 3520 3577 vita.
3553 3524 3608 3571 et
3630 3514 3717 3568 di-

2142 3627 2265 3677 cant
2290 3618 2389 3673 sibi
2422 3634 2445 3671 :
2468 3616 2650 3686 Neque
2675 3613 2817 3670 enim
2845 3611 3032 3683 perdet
3055 3623 3153 3664 nos
3179 3609 3339 3672 Deus,
3372 3621 3466 3677 per
3489 3602 3743 3675 quorum-

2141 3726 2204 3767 os
2218 3710 2384 3766 voluit
2398 3718 2540 3764 tanta
2554 3707 2692 3762 bona
2707 3704 2810 3760 dici
2831 3701 3025 3773 populo
3040 3715 3156 3755 suo.
3172 3699 3282 3754 lmo
3297 3691 3424 3753 verb
3438 3696 3559 3751 audi
3574 3696 3717 3766 quod

2142 3802 2310 3868 dicis,
2339 3800 2656 3872 quicumque
2688 3794 2855 3855 dicis;
2884 3801 2940 3848 et
2959 3792 3047 3862 qui
3072 3793 3151 3844 vis
3179 3801 3228 3845 te
3260 3787 3429 3858 audiri
3448 3829 3463 3852 ,
3494 3788 3643 3857 prior
3667 3797 3722 3841 te

2088 3934 2097 3941 -
2142 3894 2293 3959 audi;
2315 3903 2369 3948 et
2392 3891 2478 3947 die
2493 3889 2629 3961 quod
2650 3887 2778 3943 dicit
2803 3890 2855 3941 in
2881 3884 2986 3939 alio
3014 3883 3216 3953 psalmo
3234 3880 3446 3951 quidam
3468 3897 3480 3931 :
3500 3878 3721 3932 Audiam

2142 3986 2264 4056 quid
2293 3984 2524 4054 loquatur
2551 3983 2601 4035 in
2641 3995 2718 4032 me
2742 3975 2991 4042 Dominus
3014 3972 3184 4035 Deus,
3212 3971 3449 4041 quoniam
3490 3968 3724 4041 loquetur

2144 4092 2317 4147 pacem
2346 4074 2533 4144 populo
2556 4086 2659 4129 .suo
2684 4066 2857 4139 (Psal.
2888 4081 3098 4127 Lxxxtv,
3127 4063 3200 4133 9).
3232 4062 3414 4130 Qualis
3441 4075 3569 4131 ergo
3596 4075 3715 4130 ego,

2143 4170 2232 4239 qui
2259 4184 2362 4222 non
2390 4165 2547 4220 audio
2570 4160 2712 4235 quod
2743 4161 2796 4215 in
2824 4175 2909 4215 me
2933 4157 3185 4228 loquitur,
3210 4164 3263 4209 et
3288 4155 3409 4209 volo
3433 4162 3489 4207 ut
3511 4153 3599 4206 alii
3625 4168 3725 4206 au-

2143 4259 2291 4315 diant
2313 4256 2452 4328 quod
2483 4271 2576 4326 per
2600 4269 2686 4307 me
2710 4249 2984 4321 loquitur?
3009 4247 3228 4303 Audiam
3255 4245 3399 4313 prior
3416 4283 3432 4310 ,
3462 4244 3671 4297 audiam
3697 4282 3718 4305 ,

2145 4352 2477 4421 maximeque
2492 4348 2700 4403 audiam
2716 4345 2854 4415 quod
2873 4343 3102 4413 loquitur
3118 4341 3169 4395 iu
3189 4355 3272 4393 me
3286 4338 3538 4392 Dominus
3558 4336 3716 4398 Deus,

2144 4444 2390 4515 quoniam
2420 4441 2664 4512 loquetur
2688 4452 2871 4509 pacem
2897 4434 3091 4505 populo
3118 4446 3235 4486 suo.
3263 4429 3488 4485 Audiam
3508 4467 3524 4492 ,
3552 4436 3604 4481 et
3629 4441 3720 4481 ca-

2142 4538 2328 4608 stigem
2354 4548 2548 4605 corpus
2572 4547 2771 4595 meum,
2799 4539 2853 4585 et
2876 4526 3115 4583 servituti
3143 4523 3441 4593 subjiciam,
3473 4535 3541 4576 ne
3580 4521 3721 4574 forte

2143 4628 2259 4682 aliis
2287 4625 2598 4696 praedicans,
2616 4624 2728 4693 ipse
2749 4620 3006 4691 reprobus
3031 4616 3268 4672 inveniar
3294 4613 3335 4685 (l
3365 4611 3480 4667 Cor.
3506 4610 3717 4678 3,27).

2149 4717 2339 4782 thuid
2367 4728 2418 4771 tu
2443 4732 2646 4770 enarrns
2664 4710 2889 4777 jnstitias
2913 4726 3047 4764 meas
3064 4708 3090 4762 .9
3116 4705 3310 4776 thuid
3338 4704 3431 4758 tibi
3456 4703 3595 4772 quod
3625 4703 3721 4756 tibi

2144 4827 2250 4866 non
2294 4808 2545 4883 prodest?
2569 4804 2834 4861 Admonet
2862 4803 3006 4856 illum
3036 4810 3095 4854 ut
3134 4798 3314 4852 audiat
3345 4814 3358 4850 :
3391 4809 3495 4849 non
3540 4803 3599 4848 ut
3622 4795 3721 4848 de-

2144 4912 2310 4972 ponat
2350 4896 2815 4971 przedicationem,
2843 4891 2936 4948 sed
2982 4899 3038 4945 ut
3062 4898 3298 4944 assomat
3338 4884 3718 4941 obedientiam.

2143 4992 2222 5047 Tu
2263 5006 2389 5046 vero
2435 4989 2616 5060 utquid
2660 4985 2874 5041 assumis
2913 4982 3285 5037 Testamentum
3329 4994 3492 5032 meum
3537 4993 3627 5046 per
3663 4992 3722 5029 os

2142 5092 2282 5138 tuum
2296 5083 2324 5138 ?

2213 5175 2302 5228 24.
2334 5171 2484 5244 [verâ€˜s.
2515 5167 2629 5243 17.]
2663 5168 2739 5223 Tu
2763 5182 2879 5222 vero
2896 5163 3047 5220 odisti
3074 5161 3419 5216 eruditionem.
3440 5158 3611 5214 Odisti
3638 5157 3725 5212 di-

2143 5264 2438 5333 sciplinam.
2481 5258 2705 5329 Quando
2733 5270 2892 5329 parco
2910 5284 2943 5314 .~
2967 5263 3149 5309 cantas
3176 5261 3235 5306 etâ€˜
3258 5250 3474 5309 laudas;
3502 5247 3724 5317 quando

2142 5356 2343 5426 castigo
2362 5396 2377 5417 ,
2421 5365 2719 5407 murmuras
2750 5364 2764 5401 :
2795 5347 2943 5417 quasi
2972 5344 3183 5416 quando
3220 5355 3410 5412 parco,
3440 5339 3544 5393 sim
3578 5338 3724 5393 Deus

2144 5459 2301 5510 tuus;
2342 5453 2397 5500 et
2428 5440 2638 5514 quando
2670 5441 2913 5508 castigo,
2955 5450 3059 5489 non
3096 5434 3194 5488 sim
3237 5433 3372 5485 Dens
3417 5438 3563 5482 tuus.
3610 5428 3727 5493 Ego

2142 5552 2276 5609 quos
2318 5550 2476 5597 amo,
2522 5547 2685 5602 arguo
2724 5539 2779 5584 et
2821 5526 3019 5597 castigo
3066 5524 3264 5594 (Apoc.
3313 5535 3405 5582 tu,
3456 5516 3591 5584 illi.
3639 5514 3726 5571 Tu

2142 5645 2256 5683 vero
2301 5624 2451 5680 odisti
2497 5622 2826 5676 eruditionem
2854 5635 2874 5672 :
2902 5627 2948 5670 et
2992 5613 3242 5685 projecisti
3286 5624 3537 5664 sermones
3584 5623 3727 5661 meos

2204 5782 2220 5815 Â¹
2256 5782 2327 5828 St'c
2350 5779 2561 5837 mtiores
2577 5761 2683 5837 Mss.
2714 5779 2764 5821 Î‘Î¹
2780 5750 2912 5826 add}.
2934 5763 3291 5837 glotjï¬calâ€˜eris.

2206 5847 2225 5875 Îµ
2261 5823 2678 5898 emissust-,m
2701 5841 2825 5885 sunt.
2852 5823 3084 5887 summa,
3113 5836 3193 5878 Det
3219 5823 3410 5876 auditis.
