  <div class='ocr_page' id='page_1' title='image "/cluster/home/n/w/nwhite01/storage/ocr_20150623/36/hvd.32044096580584/298.png"; bbox 0 0 4004 6200; ppageno 0'>
   <div class='ocr_carea' id='block_1_1' title="bbox 325 402 1891 466">
    <p class='ocr_par' dir='ltr' id='par_1_1' title="bbox 325 402 1885 466">
     <span class='ocr_line' id='line_1_1' title="bbox 325 402 1885 466; baseline 0.001 -11"><span class='ocrx_word' id='word_1_1' title='bbox 325 408 420 466; x_wconf 67' lang='lat'><strong>531</strong></span> <span class='ocrx_word' id='word_1_2' title='bbox 1439 403 1826 456; x_wconf 57' lang='lat' dir='ltr'><strong>ENKRRATIO</strong></span> <span class='ocrx_word' id='word_1_3' title='bbox 1867 402 1885 456; x_wconf 82' lang='grc'><strong>1</strong></span> 
     </span>
    </p>
   </div>
   <div class='ocr_carea' id='block_1_2' title="bbox 1994 402 2509 466">
    <p class='ocr_par' dir='ltr' id='par_1_2' title="bbox 1994 402 2509 460">
     <span class='ocr_line' id='line_1_2' title="bbox 1994 402 2509 460; baseline 0.002 -5"><span class='ocrx_word' id='word_1_4' title='bbox 1994 402 2284 458; x_wconf 65' lang='lat' dir='ltr'><strong>’SMJH&#39;M</strong></span> <span class='ocrx_word' id='word_1_5' title='bbox 2333 408 2509 460; x_wconf 67' lang='lat' dir='ltr'><strong>XLIX.</strong></span> 
     </span>
    </p>
   </div>
   <div class='ocr_carea' id='block_1_3' title="bbox 327 514 1945 592">
    <p class='ocr_par' dir='ltr' id='par_1_3' title="bbox 327 514 1945 592">
     <span class='ocr_line' id='line_1_3' title="bbox 327 514 1945 592; baseline -0.007 -16"><span class='ocrx_word' id='word_1_6' title='bbox 327 535 434 592; x_wconf 85' lang='lat' dir='ltr'><strong>post</strong></span> <span class='ocrx_word' id='word_1_7' title='bbox 483 534 544 577; x_wconf 82' lang='lat' dir='ltr'><strong>te.</strong></span> <span class='ocrx_word' id='word_1_8' title='bbox 579 523 706 590; x_wconf 77' lang='lat' dir='ltr'><strong>Qua:</strong></span> <span class='ocrx_word' id='word_1_9' title='bbox 753 522 995 578; x_wconf 82' lang='lat' dir='ltr'><strong>dicuntur</strong></span> <span class='ocrx_word' id='word_1_10' title='bbox 1041 528 1263 588; x_wconf 70' lang='lat' dir='ltr'><strong>perte,</strong></span> <span class='ocrx_word' id='word_1_11' title='bbox 1297 517 1508 586; x_wconf 86' lang='lat' dir='ltr'><strong>projicis</strong></span> <span class='ocrx_word' id='word_1_12' title='bbox 1555 525 1672 584; x_wconf 87' lang='lat' dir='ltr'><strong>post</strong></span> <span class='ocrx_word' id='word_1_13' title='bbox 1719 525 1798 586; x_wconf 78' lang='lat' dir='ltr'><strong>te.</strong></span> <span class='ocrx_word' id='word_1_14' title='bbox 1825 514 1887 568; x_wconf 81' lang='lat' dir='ltr'><strong>Et</strong></span> <span class='ocrx_word' id='word_1_15' title='bbox 1941 547 1945 552; x_wconf 85' lang='lat'><strong><em>-</em></strong></span> 
     </span>
    </p>
   </div>
   <div class='ocr_carea' id='block_1_4' title="bbox 327 599 1889 688">
    <p class='ocr_par' dir='ltr' id='par_1_4' title="bbox 327 599 1889 688">
     <span class='ocr_line' id='line_1_4' title="bbox 327 599 1889 688; baseline -0.007 -17"><span class='ocrx_word' id='word_1_16' title='bbox 327 619 582 688; x_wconf 83' lang='lat' dir='ltr'><strong>projecisti</strong></span> <span class='ocrx_word' id='word_1_17' title='bbox 623 633 873 672; x_wconf 87' lang='lat' dir='ltr'><strong>sermones</strong></span> <span class='ocrx_word' id='word_1_18' title='bbox 901 631 1033 668; x_wconf 87' lang='lat' dir='ltr'><strong>meos</strong></span> <span class='ocrx_word' id='word_1_19' title='bbox 1061 621 1168 682; x_wconf 88' lang='lat' dir='ltr'><strong>post</strong></span> <span class='ocrx_word' id='word_1_20' title='bbox 1193 622 1239 666; x_wconf 89' lang='lat' dir='ltr'><strong>te</strong></span> <span class='ocrx_word' id='word_1_21' title='bbox 1266 628 1284 664; x_wconf 92' lang='lat'><strong><em>:</em></strong></span> <span class='ocrx_word' id='word_1_22' title='bbox 1314 611 1400 665; x_wconf 89' lang='lat' dir='ltr'><strong>ubi</strong></span> <span class='ocrx_word' id='word_1_23' title='bbox 1431 624 1532 664; x_wconf 92' lang='lat' dir='ltr'><strong>non</strong></span> <span class='ocrx_word' id='word_1_24' title='bbox 1563 599 1889 663; x_wconf 71' lang='lat' dir='ltr'><strong>videantura</strong></span> 
     </span>
    </p>
   </div>
   <div class='ocr_carea' id='block_1_5' title="bbox 324 704 1887 776">
    <p class='ocr_par' dir='ltr' id='par_1_5' title="bbox 324 704 1887 776">
     <span class='ocr_line' id='line_1_5' title="bbox 324 704 1887 776; baseline -0.008 -12"><span class='ocrx_word' id='word_1_25' title='bbox 324 723 376 767; x_wconf 87' lang='lat' dir='ltr'><strong>te</strong></span> <span class='ocrx_word' id='word_1_26' title='bbox 400 754 414 776; x_wconf 94' lang='lat'><strong>,</strong></span> <span class='ocrx_word' id='word_1_27' title='bbox 434 710 524 766; x_wconf 85' lang='lat' dir='ltr'><strong>sed</strong></span> <span class='ocrx_word' id='word_1_28' title='bbox 556 719 778 764; x_wconf 75' lang='lat' dir='ltr'><strong>onerent</strong></span> <span class='ocrx_word' id='word_1_29' title='bbox 805 719 872 762; x_wconf 90' lang='lat' dir='ltr'><strong>te.</strong></span> <span class='ocrx_word' id='word_1_30' title='bbox 905 705 971 759; x_wconf 87' lang='lat' dir='ltr'><strong>Et</strong></span> <span class='ocrx_word' id='word_1_31' title='bbox 992 704 1241 775; x_wconf 87' lang='lat' dir='ltr'><strong>projecisti</strong></span> <span class='ocrx_word' id='word_1_32' title='bbox 1259 719 1505 757; x_wconf 80' lang='lat' dir='ltr'><strong>sermones</strong></span> <span class='ocrx_word' id='word_1_33' title='bbox 1526 718 1655 754; x_wconf 87' lang='lat' dir='ltr'><strong>meos</strong></span> <span class='ocrx_word' id='word_1_34' title='bbox 1685 711 1793 770; x_wconf 87' lang='lat' dir='ltr'><strong>post</strong></span> <span class='ocrx_word' id='word_1_35' title='bbox 1822 709 1887 753; x_wconf 88' lang='lat' dir='ltr'><strong>te.</strong></span> 
     </span>
    </p>
   </div>
   <div class='ocr_carea' id='block_1_6' title="bbox 392 791 1938 874">
    <p class='ocr_par' dir='ltr' id='par_1_6' title="bbox 392 791 1938 874">
     <span class='ocr_line' id='line_1_6' title="bbox 392 791 1938 874; baseline -0.009 -16"><span class='ocrx_word' id='word_1_36' title='bbox 392 803 483 858; x_wconf 71' lang='lat'><strong>25.</strong></span> <span class='ocrx_word' id='word_1_37' title='bbox 516 800 662 874; x_wconf 74' lang='lat' dir='ltr'><strong>(vers.</strong></span> <span class='ocrx_word' id='word_1_38' title='bbox 697 798 809 871; x_wconf 68' lang='lat'><strong>18.]</strong></span> <span class='ocrx_word' id='word_1_39' title='bbox 841 798 900 852; x_wconf 91' lang='lat' dir='ltr'><strong>Si</strong></span> <span class='ocrx_word' id='word_1_40' title='bbox 927 797 1124 850; x_wconf 81' lang='lat' dir='ltr'><strong>videbas</strong></span> <span class='ocrx_word' id='word_1_41' title='bbox 1149 799 1309 866; x_wconf 87' lang='lat' dir='ltr'><strong>furem</strong></span> <span class='ocrx_word' id='word_1_42' title='bbox 1331 835 1345 855; x_wconf 92' lang='lat'><strong>,</strong></span> <span class='ocrx_word' id='word_1_43' title='bbox 1375 792 1701 847; x_wconf 77' lang='lat' dir='ltr'><strong>concurrebas</strong></span> <span class='ocrx_word' id='word_1_44' title='bbox 1727 791 1804 855; x_wconf 89' lang='lat' dir='ltr'><strong>ei,</strong></span> <span class='ocrx_word' id='word_1_45' title='bbox 1846 802 1891 845; x_wconf 92' lang='lat' dir='ltr'><strong>et</strong></span> <span class='ocrx_word' id='word_1_46' title='bbox 1929 837 1938 852; x_wconf 92' lang='lat'><strong>,</strong></span> 
     </span>
    </p>
   </div>
   <div class='ocr_carea' id='block_1_7' title="bbox 323 883 1890 959">
    <p class='ocr_par' dir='ltr' id='par_1_7' title="bbox 323 883 1890 959">
     <span class='ocr_line' id='line_1_7' title="bbox 323 883 1890 959; baseline -0.005 -13"><span class='ocrx_word' id='word_1_47' title='bbox 323 909 437 946; x_wconf 81' lang='lat' dir='ltr'><strong>cum</strong></span> <span class='ocrx_word' id='word_1_48' title='bbox 478 891 717 945; x_wconf 86' lang='lat' dir='ltr'><strong>adulteris</strong></span> <span class='ocrx_word' id='word_1_49' title='bbox 746 890 1021 959; x_wconf 83' lang='lat' dir='ltr'><strong>portionem</strong></span> <span class='ocrx_word' id='word_1_50' title='bbox 1051 897 1185 940; x_wconf 89' lang='lat' dir='ltr'><strong>tuam</strong></span> <span class='ocrx_word' id='word_1_51' title='bbox 1215 885 1447 956; x_wconf 88' lang='lat' dir='ltr'><strong>ponebas.</strong></span> <span class='ocrx_word' id='word_1_52' title='bbox 1479 884 1554 938; x_wconf 83' lang='lat' dir='ltr'><strong>Ne</strong></span> <span class='ocrx_word' id='word_1_53' title='bbox 1585 883 1890 952; x_wconf 83' lang='lat' dir='ltr'><strong>furtcdice-</strong></span> 
     </span>
    </p>
   </div>
   <div class='ocr_carea' id='block_1_8' title="bbox 325 975 1887 1042">
    <p class='ocr_par' dir='ltr' id='par_1_8' title="bbox 325 975 1887 1042">
     <span class='ocr_line' id='line_1_8' title="bbox 325 975 1887 1042; baseline -0.006 -5"><span class='ocrx_word' id='word_1_54' title='bbox 325 999 410 1039; x_wconf 88' lang='lat' dir='ltr'><strong>res</strong></span> <span class='ocrx_word' id='word_1_55' title='bbox 441 1000 455 1036; x_wconf 90' lang='lat'><strong>:</strong></span> <span class='ocrx_word' id='word_1_56' title='bbox 487 982 600 1038; x_wconf 85' lang='lat' dir='ltr'><strong>Non</strong></span> <span class='ocrx_word' id='word_1_57' title='bbox 647 982 741 1036; x_wconf 89' lang='lat' dir='ltr'><strong>feci</strong></span> <span class='ocrx_word' id='word_1_58' title='bbox 789 980 983 1042; x_wconf 86' lang='lat' dir='ltr'><strong>furtum</strong></span> <span class='ocrx_word' id='word_1_59' title='bbox 1009 1021 1023 1042; x_wconf 93' lang='lat'><strong>,</strong></span> <span class='ocrx_word' id='word_1_60' title='bbox 1055 994 1158 1033; x_wconf 91' lang='lat' dir='ltr'><strong>non</strong></span> <span class='ocrx_word' id='word_1_61' title='bbox 1187 979 1284 1033; x_wconf 86' lang='lat' dir='ltr'><strong>feci</strong></span> <span class='ocrx_word' id='word_1_62' title='bbox 1327 977 1662 1032; x_wconf 68' lang='lat' dir='ltr'><strong>adulterinum.</strong></span> <span class='ocrx_word' id='word_1_63' title='bbox 1712 975 1846 1042; x_wconf 83' lang='lat' dir='ltr'><strong>Quid</strong></span> <span class='ocrx_word' id='word_1_64' title='bbox 1871 1014 1887 1041; x_wconf 90' lang='lat'><strong>,</strong></span> 
     </span>
    </p>
   </div>
   <div class='ocr_carea' id='block_1_9' title="bbox 321 1069 1888 1144">
    <p class='ocr_par' dir='ltr' id='par_1_9' title="bbox 321 1069 1888 1144">
     <span class='ocr_line' id='line_1_9' title="bbox 321 1069 1888 1144; baseline -0.006 -15"><span class='ocrx_word' id='word_1_65' title='bbox 321 1077 365 1130; x_wconf 89' lang='lat' dir='ltr'><strong>si</strong></span> <span class='ocrx_word' id='word_1_66' title='bbox 411 1075 608 1144; x_wconf 80' lang='lat' dir='ltr'><strong>placuit</strong></span> <span class='ocrx_word' id='word_1_67' title='bbox 636 1074 724 1128; x_wconf 93' lang='lat' dir='ltr'><strong>tibi</strong></span> <span class='ocrx_word' id='word_1_68' title='bbox 766 1074 853 1142; x_wconf 90' lang='lat' dir='ltr'><strong>qui</strong></span> <span class='ocrx_word' id='word_1_69' title='bbox 899 1071 1020 1127; x_wconf 88' lang='lat' dir='ltr'><strong>fecit</strong></span> <span class='ocrx_word' id='word_1_70' title='bbox 1038 1073 1061 1124; x_wconf 69' lang='grc' dir='ltr'><strong>’ἐ</strong></span> <span class='ocrx_word' id='word_1_71' title='bbox 1087 1072 1270 1125; x_wconf 87' lang='lat' dir='ltr'><strong>Nonne</strong></span> <span class='ocrx_word' id='word_1_72' title='bbox 1295 1069 1410 1139; x_wconf 90' lang='lat' dir='ltr'><strong>ipso</strong></span> <span class='ocrx_word' id='word_1_73' title='bbox 1449 1069 1640 1138; x_wconf 88' lang='lat' dir='ltr'><strong>placito</strong></span> <span class='ocrx_word' id='word_1_74' title='bbox 1663 1083 1888 1122; x_wconf 87' lang='lat' dir='ltr'><strong>concur-</strong></span> 
     </span>
    </p>
   </div>
   <div class='ocr_carea' id='block_1_10' title="bbox 325 1158 1888 1233">
    <p class='ocr_par' dir='ltr' id='par_1_10' title="bbox 325 1158 1888 1233">
     <span class='ocr_line' id='line_1_10' title="bbox 325 1158 1888 1233; baseline -0.004 -14"><span class='ocrx_word' id='word_1_75' title='bbox 325 1166 485 1220; x_wconf 87' lang='lat' dir='ltr'><strong>risti?</strong></span> <span class='ocrx_word' id='word_1_76' title='bbox 515 1180 689 1219; x_wconf 87' lang='lat' dir='ltr'><strong>nonne</strong></span> <span class='ocrx_word' id='word_1_77' title='bbox 717 1160 1009 1233; x_wconf 77' lang='lat' dir='ltr'><strong>por&#39;tionem</strong></span> <span class='ocrx_word' id='word_1_78' title='bbox 1039 1171 1179 1216; x_wconf 93' lang='lat' dir='ltr'><strong>tuam</strong></span> <span class='ocrx_word' id='word_1_79' title='bbox 1211 1176 1327 1215; x_wconf 92' lang='lat' dir='ltr'><strong>cum</strong></span> <span class='ocrx_word' id='word_1_80' title='bbox 1357 1161 1445 1214; x_wconf 89' lang='lat' dir='ltr'><strong>illo</strong></span> <span class='ocrx_word' id='word_1_81' title='bbox 1470 1160 1555 1230; x_wconf 90' lang='lat' dir='ltr'><strong>qni</strong></span> <span class='ocrx_word' id='word_1_82' title='bbox 1586 1159 1703 1213; x_wconf 88' lang='lat' dir='ltr'><strong>fecit</strong></span> <span class='ocrx_word' id='word_1_83' title='bbox 1727 1201 1740 1222; x_wconf 93' lang='lat'><strong>,</strong></span> <span class='ocrx_word' id='word_1_84' title='bbox 1776 1158 1888 1212; x_wconf 88' lang='lat' dir='ltr'><strong>lau-</strong></span> 
     </span>
    </p>
   </div>
   <div class='ocr_carea' id='block_1_11' title="bbox 323 1251 1890 1327">
    <p class='ocr_par' dir='ltr' id='par_1_11' title="bbox 323 1251 1890 1327">
     <span class='ocr_line' id='line_1_11' title="bbox 323 1251 1890 1327; baseline -0.002 -19"><span class='ocrx_word' id='word_1_85' title='bbox 323 1257 500 1310; x_wconf 88' lang='lat' dir='ltr'><strong>dando</strong></span> <span class='ocrx_word' id='word_1_86' title='bbox 525 1255 787 1327; x_wconf 83' lang='lat' dir='ltr'><strong>posuisti?</strong></span> <span class='ocrx_word' id='word_1_87' title='bbox 818 1255 928 1309; x_wconf 87' lang='lat' dir='ltr'><strong>lluc</strong></span> <span class='ocrx_word' id='word_1_88' title='bbox 970 1264 1050 1309; x_wconf 90' lang='lat' dir='ltr'><strong>est</strong></span> <span class='ocrx_word' id='word_1_89' title='bbox 1092 1255 1231 1307; x_wconf 90' lang='lat' dir='ltr'><strong>enim</strong></span> <span class='ocrx_word' id='word_1_90' title='bbox 1255 1293 1270 1319; x_wconf 93' lang='lat'><strong>,</strong></span> <span class='ocrx_word' id='word_1_91' title='bbox 1302 1251 1491 1307; x_wconf 90' lang='lat' dir='ltr'><strong>fratres</strong></span> <span class='ocrx_word' id='word_1_92' title='bbox 1514 1294 1528 1318; x_wconf 97' lang='lat'><strong>,</strong></span> <span class='ocrx_word' id='word_1_93' title='bbox 1573 1265 1890 1315; x_wconf 85' lang='lat' dir='ltr'><strong>concurrere</strong></span> 
     </span>
    </p>
   </div>
   <div class='ocr_carea' id='block_1_12' title="bbox 326 1343 1884 1415">
    <p class='ocr_par' dir='ltr' id='par_1_12' title="bbox 326 1343 1884 1415">
     <span class='ocr_line' id='line_1_12' title="bbox 326 1343 1884 1415; baseline -0.007 -12"><span class='ocrx_word' id='word_1_94' title='bbox 326 1365 444 1403; x_wconf 89' lang='lat' dir='ltr'><strong>eum</strong></span> <span class='ocrx_word' id='word_1_95' title='bbox 484 1347 597 1401; x_wconf 88' lang='lat' dir='ltr'><strong>fure</strong></span> <span class='ocrx_word' id='word_1_96' title='bbox 620 1389 637 1413; x_wconf 95' lang='lat'><strong>,</strong></span> <span class='ocrx_word' id='word_1_97' title='bbox 666 1357 718 1400; x_wconf 90' lang='lat' dir='ltr'><strong>et</strong></span> <span class='ocrx_word' id='word_1_98' title='bbox 757 1361 949 1415; x_wconf 89' lang='lat' dir='ltr'><strong>ponere</strong></span> <span class='ocrx_word' id='word_1_99' title='bbox 973 1360 1090 1399; x_wconf 89' lang='lat' dir='ltr'><strong>cum</strong></span> <span class='ocrx_word' id='word_1_100' title='bbox 1119 1344 1357 1398; x_wconf 88' lang='lat' dir='ltr'><strong>adultero</strong></span> <span class='ocrx_word' id='word_1_101' title='bbox 1385 1343 1678 1412; x_wconf 88' lang='lat' dir='ltr'><strong>portionem</strong></span> <span class='ocrx_word' id='word_1_102' title='bbox 1708 1352 1848 1395; x_wconf 91' lang='lat' dir='ltr'><strong>tuam</strong></span> <span class='ocrx_word' id='word_1_103' title='bbox 1872 1358 1884 1392; x_wconf 88' lang='lat'>:</span> 
     </span>
    </p>
   </div>
   <div class='ocr_carea' id='block_1_13' title="bbox 325 1431 1892 1510">
    <p class='ocr_par' dir='ltr' id='par_1_13' title="bbox 325 1431 1892 1510">
     <span class='ocr_line' id='line_1_13' title="bbox 325 1431 1892 1510; baseline -0.004 -19"><span class='ocrx_word' id='word_1_104' title='bbox 325 1444 445 1510; x_wconf 87' lang='lat' dir='ltr'><strong>quia</strong></span> <span class='ocrx_word' id='word_1_105' title='bbox 491 1439 590 1494; x_wconf 90' lang='lat' dir='ltr'><strong>etsi</strong></span> <span class='ocrx_word' id='word_1_106' title='bbox 622 1454 724 1493; x_wconf 92' lang='lat' dir='ltr'><strong>non</strong></span> <span class='ocrx_word' id='word_1_107' title='bbox 769 1436 896 1491; x_wconf 88' lang='lat' dir='ltr'><strong>facis</strong></span> <span class='ocrx_word' id='word_1_108' title='bbox 920 1478 935 1503; x_wconf 92' lang='lat'><strong>,</strong></span> <span class='ocrx_word' id='word_1_109' title='bbox 967 1444 1021 1490; x_wconf 90' lang='lat' dir='ltr'><strong>et</strong></span> <span class='ocrx_word' id='word_1_110' title='bbox 1065 1433 1245 1489; x_wconf 79' lang='lat' dir='ltr'><strong>laudas</strong></span> <span class='ocrx_word' id='word_1_111' title='bbox 1287 1432 1423 1502; x_wconf 87' lang='lat' dir='ltr'><strong>quod</strong></span> <span class='ocrx_word' id='word_1_112' title='bbox 1455 1433 1510 1485; x_wconf 87' lang='lat' dir='ltr'><strong>lit</strong></span> <span class='ocrx_word' id='word_1_113' title='bbox 1534 1475 1549 1497; x_wconf 92' lang='lat'><strong>,</strong></span> <span class='ocrx_word' id='word_1_114' title='bbox 1581 1431 1892 1500; x_wconf 88' lang='lat' dir='ltr'><strong>astipulator</strong></span> 
     </span>
    </p>
   </div>
   <div class='ocr_carea' id='block_1_14' title="bbox 323 1525 1891 1600">
    <p class='ocr_par' dir='ltr' id='par_1_14' title="bbox 323 1525 1891 1600">
     <span class='ocr_line' id='line_1_14' title="bbox 323 1525 1891 1600; baseline -0.006 -12"><span class='ocrx_word' id='word_1_115' title='bbox 323 1547 384 1588; x_wconf 80' lang='lat' dir='ltr'><strong>es</strong></span> <span class='ocrx_word' id='word_1_116' title='bbox 411 1531 566 1595; x_wconf 87' lang='lat' dir='ltr'><strong>facti;</strong></span> <span class='ocrx_word' id='word_1_117' title='bbox 597 1531 842 1600; x_wconf 86' lang='lat' dir='ltr'><strong>quoniam</strong></span> <span class='ocrx_word' id='word_1_118' title='bbox 871 1529 1109 1583; x_wconf 89' lang='lat' dir='ltr'><strong>laudatur</strong></span> <span class='ocrx_word' id='word_1_119' title='bbox 1136 1536 1376 1596; x_wconf 83' lang='lat' dir='ltr'><strong>peccator</strong></span> <span class='ocrx_word' id='word_1_120' title='bbox 1401 1527 1450 1579; x_wconf 92' lang='lat' dir='ltr'><strong>in</strong></span> <span class='ocrx_word' id='word_1_121' title='bbox 1479 1525 1755 1580; x_wconf 86' lang='lat' dir='ltr'><strong>desideriis</strong></span> <span class='ocrx_word' id='word_1_122' title='bbox 1779 1527 1891 1579; x_wconf 88' lang='lat' dir='ltr'><strong>ani-</strong></span> 
     </span>
    </p>
   </div>
   <div class='ocr_carea' id='block_1_15' title="bbox 325 1617 1887 1693">
    <p class='ocr_par' dir='ltr' id='par_1_15' title="bbox 325 1617 1887 1693">
     <span class='ocr_line' id='line_1_15' title="bbox 325 1617 1887 1693; baseline -0.006 -14"><span class='ocrx_word' id='word_1_123' title='bbox 325 1642 427 1680; x_wconf 73' lang='lat' dir='ltr'><strong>mm</strong></span> <span class='ocrx_word' id='word_1_124' title='bbox 447 1641 576 1688; x_wconf 67' lang='lat' dir='ltr'><strong>sum,</strong></span> <span class='ocrx_word' id='word_1_125' title='bbox 599 1635 652 1679; x_wconf 89' lang='lat' dir='ltr'><strong>et</strong></span> <span class='ocrx_word' id='word_1_126' title='bbox 669 1625 755 1693; x_wconf 88' lang='lat' dir='ltr'><strong>qui</strong></span> <span class='ocrx_word' id='word_1_127' title='bbox 781 1624 953 1691; x_wconf 86' lang='lat' dir='ltr'><strong>iniqua</strong></span> <span class='ocrx_word' id='word_1_128' title='bbox 978 1622 1130 1692; x_wconf 79' lang='lat' dir='ltr'><strong>gerit,</strong></span> <span class='ocrx_word' id='word_1_129' title='bbox 1157 1618 1484 1673; x_wconf 87' lang='lat' dir='ltr'><strong>benedicitur</strong></span> <span class='ocrx_word' id='word_1_130' title='bbox 1509 1617 1678 1685; x_wconf 84' lang='lat' dir='ltr'><strong>(Psal.</strong></span> <span class='ocrx_word' id='word_1_131' title='bbox 1705 1635 1777 1684; x_wconf 79' lang='lat' dir='ltr'><strong>ix,</strong></span> <span class='ocrx_word' id='word_1_132' title='bbox 1811 1619 1887 1688; x_wconf 81' lang='grc'>5).</span> 
     </span>
    </p>
   </div>
   <div class='ocr_carea' id='block_1_16' title="bbox 325 1708 1889 1777">
    <p class='ocr_par' dir='ltr' id='par_1_16' title="bbox 325 1708 1889 1777">
     <span class='ocr_line' id='line_1_16' title="bbox 325 1708 1889 1777; baseline -0.006 -7"><span class='ocrx_word' id='word_1_133' title='bbox 325 1717 439 1770; x_wconf 71' lang='lat' dir='ltr'><strong>Non</strong></span> <span class='ocrx_word' id='word_1_134' title='bbox 471 1717 598 1769; x_wconf 89' lang='lat' dir='ltr'><strong>facis</strong></span> <span class='ocrx_word' id='word_1_135' title='bbox 624 1715 778 1777; x_wconf 89' lang='lat' dir='ltr'><strong>mala,</strong></span> <span class='ocrx_word' id='word_1_136' title='bbox 802 1714 982 1766; x_wconf 83' lang='lat' dir='ltr'><strong>laudas</strong></span> <span class='ocrx_word' id='word_1_137' title='bbox 1016 1710 1149 1764; x_wconf 88' lang='lat' dir='ltr'><strong>mala</strong></span> <span class='ocrx_word' id='word_1_138' title='bbox 1179 1708 1445 1763; x_wconf 90' lang='lat' dir='ltr'><strong>facientes.</strong></span> <span class='ocrx_word' id='word_1_139' title='bbox 1467 1709 1575 1762; x_wconf 89' lang='lat' dir='ltr'><strong>lloc</strong></span> <span class='ocrx_word' id='word_1_140' title='bbox 1603 1709 1740 1762; x_wconf 90' lang='lat' dir='ltr'><strong>enim</strong></span> <span class='ocrx_word' id='word_1_141' title='bbox 1770 1724 1889 1775; x_wconf 88' lang='lat' dir='ltr'><strong>par-</strong></span> 
     </span>
    </p>
   </div>
   <div class='ocr_carea' id='block_1_17' title="bbox 325 1800 1888 1870">
    <p class='ocr_par' dir='ltr' id='par_1_17' title="bbox 325 1800 1888 1870">
     <span class='ocr_line' id='line_1_17' title="bbox 325 1800 1888 1870; baseline -0.006 -10"><span class='ocrx_word' id='word_1_142' title='bbox 325 1823 448 1862; x_wconf 80' lang='lat' dir='ltr'><strong>vum</strong></span> <span class='ocrx_word' id='word_1_143' title='bbox 462 1807 656 1860; x_wconf 90' lang='lat' dir='ltr'><strong>malum</strong></span> <span class='ocrx_word' id='word_1_144' title='bbox 677 1805 787 1858; x_wconf 87' lang='lat' dir='ltr'><strong>est?</strong></span> <span class='ocrx_word' id='word_1_145' title='bbox 800 1803 922 1856; x_wconf 85' lang='lat' dir='ltr'><strong>Cum</strong></span> <span class='ocrx_word' id='word_1_146' title='bbox 941 1802 1178 1854; x_wconf 75' lang='lat' dir='ltr'><strong>adulteris</strong></span> <span class='ocrx_word' id='word_1_147' title='bbox 1203 1800 1474 1870; x_wconf 87' lang='lat' dir='ltr'><strong>portionem</strong></span> <span class='ocrx_word' id='word_1_148' title='bbox 1498 1808 1632 1851; x_wconf 89' lang='lat' dir='ltr'><strong>tuam</strong></span> <span class='ocrx_word' id='word_1_149' title='bbox 1655 1800 1888 1867; x_wconf 81' lang='lat' dir='ltr'><strong>ponebas.</strong></span> 
     </span>
    </p>
   </div>
   <div class='ocr_carea' id='block_1_18' title="bbox 396 1888 1891 1969">
    <p class='ocr_par' dir='ltr' id='par_1_18' title="bbox 396 1888 1891 1969">
     <span class='ocr_line' id='line_1_18' title="bbox 396 1888 1891 1969; baseline -0.007 -17"><span class='ocrx_word' id='word_1_150' title='bbox 396 1898 486 1952; x_wconf 73' lang='lat'><strong>‘26.</strong></span> <span class='ocrx_word' id='word_1_151' title='bbox 519 1895 668 1969; x_wconf 79' lang='lat' dir='ltr'><strong>[vers.</strong></span> <span class='ocrx_word' id='word_1_152' title='bbox 701 1892 810 1966; x_wconf 78' lang='lat' dir='ltr'><strong>i9.]</strong></span> <span class='ocrx_word' id='word_1_153' title='bbox 845 1895 914 1946; x_wconf 85' lang='lat' dir='ltr'><strong>Us</strong></span> <span class='ocrx_word' id='word_1_154' title='bbox 941 1903 1081 1944; x_wconf 89' lang='lat' dir='ltr'><strong>tuum</strong></span> <span class='ocrx_word' id='word_1_155' title='bbox 1103 1890 1368 1943; x_wconf 79' lang='lat' dir='ltr'><strong>abundarit</strong></span> <span class='ocrx_word' id='word_1_156' title='bbox 1393 1889 1583 1940; x_wconf 86' lang='lat' dir='ltr'><strong>malitia</strong></span> <span class='ocrx_word' id='word_1_157' title='bbox 1602 1929 1616 1950; x_wconf 92' lang='lat'><strong>,</strong></span> <span class='ocrx_word' id='word_1_158' title='bbox 1645 1899 1691 1942; x_wconf 90' lang='lat' dir='ltr'><strong>et</strong></span> <span class='ocrx_word' id='word_1_159' title='bbox 1719 1888 1891 1959; x_wconf 88' lang='lat' dir='ltr'><strong>lingua</strong></span> 
     </span>
    </p>
   </div>
   <div class='ocr_carea' id='block_1_19' title="bbox 323 1980 1893 2059">
    <p class='ocr_par' dir='ltr' id='par_1_19' title="bbox 323 1980 1893 2059">
     <span class='ocr_line' id='line_1_19' title="bbox 323 1980 1893 2059; baseline -0.005 -18"><span class='ocrx_word' id='word_1_160' title='bbox 323 2000 413 2042; x_wconf 79' lang='lat' dir='ltr'><strong>tua</strong></span> <span class='ocrx_word' id='word_1_161' title='bbox 439 1989 670 2059; x_wconf 76' lang='lat' dir='ltr'><strong>amplexa</strong></span> <span class='ocrx_word' id='word_1_162' title='bbox 711 1996 783 2040; x_wconf 78' lang='lat' dir='ltr'><strong>est</strong></span> <span class='ocrx_word' id='word_1_163' title='bbox 813 1984 1145 2038; x_wconf 89' lang='lat' dir='ltr'><strong>dolositatem.</strong></span> <span class='ocrx_word' id='word_1_164' title='bbox 1174 1981 1590 2036; x_wconf 81' lang='lat' dir='ltr'><strong>Malevolentiam</strong></span> <span class='ocrx_word' id='word_1_165' title='bbox 1618 1989 1671 2034; x_wconf 88' lang='lat' dir='ltr'><strong>et</strong></span> <span class='ocrx_word' id='word_1_166' title='bbox 1695 1980 1893 2034; x_wconf 86' lang='lat' dir='ltr'><strong>dolosi-</strong></span> 
     </span>
    </p>
   </div>
   <div class='ocr_carea' id='block_1_20' title="bbox 327 2071 1891 2146">
    <p class='ocr_par' dir='ltr' id='par_1_20' title="bbox 327 2071 1891 2146">
     <span class='ocr_line' id='line_1_20' title="bbox 327 2071 1891 2146; baseline -0.006 -11"><span class='ocrx_word' id='word_1_167' title='bbox 327 2090 488 2136; x_wconf 90' lang='lat' dir='ltr'><strong>talem</strong></span> <span class='ocrx_word' id='word_1_168' title='bbox 510 2121 524 2144; x_wconf 90' lang='lat'><strong>,</strong></span> <span class='ocrx_word' id='word_1_169' title='bbox 565 2079 750 2133; x_wconf 80' lang='lat' dir='ltr'><strong>fratres</strong></span> <span class='ocrx_word' id='word_1_170' title='bbox 771 2118 785 2140; x_wconf 85' lang='lat'><strong>,</strong></span> <span class='ocrx_word' id='word_1_171' title='bbox 817 2075 1163 2146; x_wconf 88' lang='lat' dir='ltr'><strong>quorumdam</strong></span> <span class='ocrx_word' id='word_1_172' title='bbox 1193 2073 1463 2126; x_wconf 82' lang='lat' dir='ltr'><strong>hominum</strong></span> <span class='ocrx_word' id='word_1_173' title='bbox 1491 2071 1646 2133; x_wconf 88' lang='lat' dir='ltr'><strong>dicit,</strong></span> <span class='ocrx_word' id='word_1_174' title='bbox 1682 2071 1766 2140; x_wconf 87' lang='lat' dir='ltr'><strong>qui</strong></span> <span class='ocrx_word' id='word_1_175' title='bbox 1798 2087 1891 2139; x_wconf 89' lang='lat' dir='ltr'><strong>per</strong></span> 
     </span>
    </p>
   </div>
   <div class='ocr_carea' id='block_1_21' title="bbox 321 2162 1886 2240">
    <p class='ocr_par' dir='ltr' id='par_1_21' title="bbox 321 2162 1886 2240">
     <span class='ocr_line' id='line_1_21' title="bbox 321 2162 1886 2240; baseline -0.007 -14"><span class='ocrx_word' id='word_1_176' title='bbox 321 2172 679 2226; x_wconf 86' lang='lat' dir='ltr'><strong>adulationem</strong></span> <span class='ocrx_word' id='word_1_177' title='bbox 699 2210 714 2236; x_wconf 92' lang='lat'><strong>,</strong></span> <span class='ocrx_word' id='word_1_178' title='bbox 740 2169 978 2240; x_wconf 88' lang='lat' dir='ltr'><strong>quamvis</strong></span> <span class='ocrx_word' id='word_1_179' title='bbox 1001 2168 1167 2221; x_wconf 88' lang='lat' dir='ltr'><strong>sciant</strong></span> <span class='ocrx_word' id='word_1_180' title='bbox 1191 2165 1324 2218; x_wconf 90' lang='lat' dir='ltr'><strong>mala</strong></span> <span class='ocrx_word' id='word_1_181' title='bbox 1345 2173 1463 2219; x_wconf 87' lang='lat' dir='ltr'><strong>esSe</strong></span> <span class='ocrx_word' id='word_1_182' title='bbox 1490 2179 1608 2233; x_wconf 71' lang='lat' dir='ltr'><strong>qure</strong></span> <span class='ocrx_word' id='word_1_183' title='bbox 1633 2162 1850 2216; x_wconf 88' lang='lat' dir='ltr'><strong>audiunt</strong></span> <span class='ocrx_word' id='word_1_184' title='bbox 1873 2204 1886 2228; x_wconf 93' lang='lat'><strong>,</strong></span> 
     </span>
    </p>
   </div>
   <div class='ocr_carea' id='block_1_22' title="bbox 324 2256 1891 2332">
    <p class='ocr_par' dir='ltr' id='par_1_22' title="bbox 324 2256 1891 2332">
     <span class='ocr_line' id='line_1_22' title="bbox 324 2256 1891 2332; baseline -0.008 -11"><span class='ocrx_word' id='word_1_185' title='bbox 324 2283 395 2321; x_wconf 91' lang='lat' dir='ltr'><strong>ne</strong></span> <span class='ocrx_word' id='word_1_186' title='bbox 420 2264 690 2320; x_wconf 77' lang='lat' dir='ltr'><strong>oﬂendant</strong></span> <span class='ocrx_word' id='word_1_187' title='bbox 715 2278 809 2318; x_wconf 89' lang='lat' dir='ltr'><strong>eos</strong></span> <span class='ocrx_word' id='word_1_188' title='bbox 828 2278 855 2314; x_wconf 91' lang='lat' dir='ltr'><strong>a</strong></span> <span class='ocrx_word' id='word_1_189' title='bbox 876 2260 1066 2331; x_wconf 86' lang='lat' dir='ltr'><strong>quibus</strong></span> <span class='ocrx_word' id='word_1_190' title='bbox 1093 2257 1328 2332; x_wconf 65' lang='lat' dir='ltr'><strong>audiunt,</strong></span> <span class='ocrx_word' id='word_1_191' title='bbox 1352 2272 1457 2310; x_wconf 88' lang='lat' dir='ltr'><strong>non</strong></span> <span class='ocrx_word' id='word_1_192' title='bbox 1484 2256 1651 2310; x_wconf 84' lang='lat' dir='ltr'><strong>solum</strong></span> <span class='ocrx_word' id='word_1_193' title='bbox 1680 2269 1784 2307; x_wconf 89' lang='lat' dir='ltr'><strong>non</strong></span> <span class='ocrx_word' id='word_1_194' title='bbox 1807 2271 1891 2309; x_wconf 87' lang='lat' dir='ltr'><strong>re-</strong></span> 
     </span>
    </p>
   </div>
   <div class='ocr_carea' id='block_1_23' title="bbox 324 2345 1888 2426">
    <p class='ocr_par' dir='ltr' id='par_1_23' title="bbox 324 2345 1888 2426">
     <span class='ocr_line' id='line_1_23' title="bbox 324 2345 1888 2426; baseline -0.011 -14"><span class='ocrx_word' id='word_1_195' title='bbox 324 2354 707 2426; x_wconf 87' lang='lat' dir='ltr'><strong>prehendendo</strong></span> <span class='ocrx_word' id='word_1_196' title='bbox 726 2395 739 2415; x_wconf 94' lang='lat'><strong>,</strong></span> <span class='ocrx_word' id='word_1_197' title='bbox 766 2352 857 2407; x_wconf 91' lang='lat' dir='ltr'><strong>sed</strong></span> <span class='ocrx_word' id='word_1_198' title='bbox 902 2349 1123 2404; x_wconf 90' lang='lat' dir='ltr'><strong>tacendo</strong></span> <span class='ocrx_word' id='word_1_199' title='bbox 1151 2347 1504 2402; x_wconf 89' lang='lat' dir='ltr'><strong>consentiunt.</strong></span> <span class='ocrx_word' id='word_1_200' title='bbox 1551 2345 1741 2398; x_wconf 83' lang='lat' dir='ltr'><strong>Parum</strong></span> <span class='ocrx_word' id='word_1_201' title='bbox 1771 2352 1851 2397; x_wconf 81' lang='lat' dir='ltr'><strong>est</strong></span> <span class='ocrx_word' id='word_1_202' title='bbox 1873 2384 1888 2408; x_wconf 88' lang='lat'><strong>,</strong></span> 
     </span>
    </p>
   </div>
   <div class='ocr_carea' id='block_1_24' title="bbox 321 2430 1890 2521">
    <p class='ocr_par' dir='ltr' id='par_1_24' title="bbox 321 2430 1890 2521">
     <span class='ocr_line' id='line_1_24' title="bbox 321 2430 1890 2521; baseline -0.011 -16"><span class='ocrx_word' id='word_1_203' title='bbox 321 2430 446 2521; x_wconf 78' lang='lat' dir='ltr'><strong>quia</strong></span> <span class='ocrx_word' id='word_1_204' title='bbox 475 2463 580 2503; x_wconf 92' lang='lat' dir='ltr'><strong>non</strong></span> <span class='ocrx_word' id='word_1_205' title='bbox 605 2447 805 2511; x_wconf 92' lang='lat' dir='ltr'><strong>dicunt,</strong></span> <span class='ocrx_word' id='word_1_206' title='bbox 828 2443 959 2497; x_wconf 89' lang='lat' dir='ltr'><strong>Male</strong></span> <span class='ocrx_word' id='word_1_207' title='bbox 986 2440 1184 2504; x_wconf 89' lang='lat' dir='ltr'><strong>fecisti;</strong></span> <span class='ocrx_word' id='word_1_208' title='bbox 1215 2438 1306 2494; x_wconf 88' lang='lat' dir='ltr'><strong>sed</strong></span> <span class='ocrx_word' id='word_1_209' title='bbox 1335 2437 1533 2502; x_wconf 90' lang='lat' dir='ltr'><strong>dicunt,</strong></span> <span class='ocrx_word' id='word_1_210' title='bbox 1559 2437 1620 2489; x_wconf 88' lang='lat' dir='ltr'><strong>Et</strong></span> <span class='ocrx_word' id='word_1_211' title='bbox 1649 2436 1784 2490; x_wconf 91' lang='lat' dir='ltr'><strong>bene</strong></span> <span class='ocrx_word' id='word_1_212' title='bbox 1813 2435 1890 2489; x_wconf 84' lang='lat' dir='ltr'><strong>fe-</strong></span> 
     </span>
    </p>
   </div>
   <div class='ocr_carea' id='block_1_25' title="bbox 319 2526 1890 2597">
    <p class='ocr_par' dir='ltr' id='par_1_25' title="bbox 319 2526 1890 2597">
     <span class='ocr_line' id='line_1_25' title="bbox 319 2526 1890 2597; baseline -0.013 0"><span class='ocrx_word' id='word_1_213' title='bbox 319 2542 444 2597; x_wconf 89' lang='lat' dir='ltr'><strong>cisti</strong></span> <span class='ocrx_word' id='word_1_214' title='bbox 479 2559 491 2594; x_wconf 95' lang='lat'>:</span> <span class='ocrx_word' id='word_1_215' title='bbox 522 2548 580 2594; x_wconf 89' lang='lat' dir='ltr'><strong>et</strong></span> <span class='ocrx_word' id='word_1_216' title='bbox 607 2544 800 2592; x_wconf 89' lang='lat' dir='ltr'><strong>norunt</strong></span> <span class='ocrx_word' id='word_1_217' title='bbox 839 2534 1030 2588; x_wconf 88' lang='lat' dir='ltr'><strong>malum</strong></span> <span class='ocrx_word' id='word_1_218' title='bbox 1057 2546 1206 2595; x_wconf 89' lang='lat' dir='ltr'><strong>esse;</strong></span> <span class='ocrx_word' id='word_1_219' title='bbox 1248 2528 1340 2584; x_wconf 91' lang='lat' dir='ltr'><strong>sed</strong></span> <span class='ocrx_word' id='word_1_220' title='bbox 1367 2526 1598 2582; x_wconf 87' lang='lat' dir='ltr'><strong>abundat</strong></span> <span class='ocrx_word' id='word_1_221' title='bbox 1622 2541 1681 2579; x_wconf 90' lang='lat' dir='ltr'><strong>os</strong></span> <span class='ocrx_word' id='word_1_222' title='bbox 1708 2541 1890 2579; x_wconf 90' lang='lat' dir='ltr'><strong>eorum</strong></span> 
     </span>
    </p>
   </div>
   <div class='ocr_carea' id='block_1_26' title="bbox 322 2617 1894 2699">
    <p class='ocr_par' dir='ltr' id='par_1_26' title="bbox 322 2617 1894 2699">
     <span class='ocr_line' id='line_1_26' title="bbox 322 2617 1894 2699; baseline -0.013 -11"><span class='ocrx_word' id='word_1_223' title='bbox 322 2634 546 2696; x_wconf 90' lang='lat' dir='ltr'><strong>malitia,</strong></span> <span class='ocrx_word' id='word_1_224' title='bbox 575 2639 629 2687; x_wconf 82' lang='lat' dir='ltr'><strong>et</strong></span> <span class='ocrx_word' id='word_1_225' title='bbox 652 2631 824 2699; x_wconf 83' lang='lat' dir='ltr'><strong>lingua</strong></span> <span class='ocrx_word' id='word_1_226' title='bbox 847 2641 1030 2682; x_wconf 88' lang='lat' dir='ltr'><strong>eorum</strong></span> <span class='ocrx_word' id='word_1_227' title='bbox 1056 2624 1383 2692; x_wconf 70' lang='lat' dir='ltr'><strong>amplexatur</strong></span> <span class='ocrx_word' id='word_1_228' title='bbox 1412 2619 1764 2674; x_wconf 89' lang='lat' dir='ltr'><strong>dulositatem.</strong></span> <span class='ocrx_word' id='word_1_229' title='bbox 1792 2617 1894 2669; x_wconf 79' lang='lat' dir='ltr'><strong>Do-</strong></span> 
     </span>
    </p>
   </div>
   <div class='ocr_carea' id='block_1_27' title="bbox 322 2709 1890 2790">
    <p class='ocr_par' dir='ltr' id='par_1_27' title="bbox 322 2709 1890 2790">
     <span class='ocr_line' id='line_1_27' title="bbox 322 2709 1890 2790; baseline -0.013 -8"><span class='ocrx_word' id='word_1_230' title='bbox 322 2728 511 2782; x_wconf 89' lang='lat' dir='ltr'><strong>lositas</strong></span> <span class='ocrx_word' id='word_1_231' title='bbox 533 2731 616 2781; x_wconf 88' lang='lat' dir='ltr'><strong>est</strong></span> <span class='ocrx_word' id='word_1_232' title='bbox 641 2723 784 2777; x_wconf 91' lang='lat' dir='ltr'><strong>fraus</strong></span> <span class='ocrx_word' id='word_1_233' title='bbox 807 2717 1045 2790; x_wconf 69' lang='lat' dir='ltr'><strong>quaedam</strong></span> <span class='ocrx_word' id='word_1_234' title='bbox 1089 2715 1140 2769; x_wconf 89' lang='lat' dir='ltr'><strong>in</strong></span> <span class='ocrx_word' id='word_1_235' title='bbox 1168 2713 1373 2779; x_wconf 77' lang='lat' dir='ltr'><strong>verbis,</strong></span> <span class='ocrx_word' id='word_1_236' title='bbox 1401 2710 1541 2764; x_wconf 90' lang='lat' dir='ltr'><strong>aliud</strong></span> <span class='ocrx_word' id='word_1_237' title='bbox 1577 2709 1848 2779; x_wconf 82' lang='lat' dir='ltr'><strong>promendi</strong></span> <span class='ocrx_word' id='word_1_238' title='bbox 1875 2750 1890 2773; x_wconf 93' lang='lat'><strong>,</strong></span> 
     </span>
    </p>
   </div>
   <div class='ocr_carea' id='block_1_28' title="bbox 322 2799 1892 2874">
    <p class='ocr_par' dir='ltr' id='par_1_28' title="bbox 322 2799 1892 2874">
     <span class='ocr_line' id='line_1_28' title="bbox 322 2799 1892 2874; baseline -0.014 -2"><span class='ocrx_word' id='word_1_239' title='bbox 322 2816 469 2871; x_wconf 82' lang='lat' dir='ltr'><strong>aliud</strong></span> <span class='ocrx_word' id='word_1_240' title='bbox 498 2812 780 2870; x_wconf 83' lang='lat' dir='ltr'><strong>sentiendi.</strong></span> <span class='ocrx_word' id='word_1_241' title='bbox 812 2809 924 2865; x_wconf 86' lang='lat' dir='ltr'><strong>Non</strong></span> <span class='ocrx_word' id='word_1_242' title='bbox 949 2809 1040 2872; x_wconf 90' lang='lat' dir='ltr'><strong>ait,</strong></span> <span class='ocrx_word' id='word_1_243' title='bbox 1069 2805 1268 2874; x_wconf 81' lang='lat' dir='ltr'><strong>Lingua</strong></span> <span class='ocrx_word' id='word_1_244' title='bbox 1292 2812 1376 2856; x_wconf 88' lang='lat' dir='ltr'><strong>tua</strong></span> <span class='ocrx_word' id='word_1_245' title='bbox 1403 2801 1614 2855; x_wconf 86' lang='lat' dir='ltr'><strong>admisit</strong></span> <span class='ocrx_word' id='word_1_246' title='bbox 1637 2799 1892 2853; x_wconf 90' lang='lat' dir='ltr'><strong>dolosita-</strong></span> 
     </span>
    </p>
   </div>
   <div class='ocr_carea' id='block_1_29' title="bbox 325 2890 1896 2974">
    <p class='ocr_par' dir='ltr' id='par_1_29' title="bbox 325 2890 1896 2974">
     <span class='ocr_line' id='line_1_29' title="bbox 325 2890 1896 2974; baseline -0.012 -11"><span class='ocrx_word' id='word_1_247' title='bbox 325 2921 468 2971; x_wconf 89' lang='lat' dir='ltr'><strong>tem,</strong></span> <span class='ocrx_word' id='word_1_248' title='bbox 499 2914 623 2972; x_wconf 90' lang='lat' dir='ltr'><strong>aut,</strong></span> <span class='ocrx_word' id='word_1_249' title='bbox 658 2899 976 2974; x_wconf 83' lang='lat' dir='ltr'><strong>perpetravit</strong></span> <span class='ocrx_word' id='word_1_250' title='bbox 999 2896 1362 2958; x_wconf 88' lang='lat' dir='ltr'><strong>dolositatem;</strong></span> <span class='ocrx_word' id='word_1_251' title='bbox 1389 2891 1483 2947; x_wconf 91' lang='lat' dir='ltr'><strong>sed</strong></span> <span class='ocrx_word' id='word_1_252' title='bbox 1507 2901 1562 2945; x_wconf 91' lang='lat' dir='ltr'><strong>ut</strong></span> <span class='ocrx_word' id='word_1_253' title='bbox 1590 2890 1896 2946; x_wconf 87' lang='lat' dir='ltr'><strong>ostenderet</strong></span> 
     </span>
    </p>
   </div>
   <div class='ocr_carea' id='block_1_30' title="bbox 323 2984 1892 3070">
    <p class='ocr_par' dir='ltr' id='par_1_30' title="bbox 323 2984 1892 3070">
     <span class='ocr_line' id='line_1_30' title="bbox 323 2984 1892 3070; baseline -0.013 -14"><span class='ocrx_word' id='word_1_254' title='bbox 323 3002 422 3056; x_wconf 88' lang='lat' dir='ltr'><strong>tibi</strong></span> <span class='ocrx_word' id='word_1_255' title='bbox 461 2999 738 3070; x_wconf 87' lang='lat' dir='ltr'><strong>quamdam</strong></span> <span class='ocrx_word' id='word_1_256' title='bbox 767 2992 1165 3050; x_wconf 88' lang='lat' dir='ltr'><strong>delectationem</strong></span> <span class='ocrx_word' id='word_1_257' title='bbox 1194 2989 1245 3042; x_wconf 90' lang='lat' dir='ltr'><strong>in</strong></span> <span class='ocrx_word' id='word_1_258' title='bbox 1275 2987 1390 3056; x_wconf 87' lang='lat' dir='ltr'><strong>ipso</strong></span> <span class='ocrx_word' id='word_1_259' title='bbox 1417 2985 1555 3039; x_wconf 88' lang='lat' dir='ltr'><strong>malo</strong></span> <span class='ocrx_word' id='word_1_260' title='bbox 1581 2984 1715 3038; x_wconf 85' lang='lat' dir='ltr'><strong>facto</strong></span> <span class='ocrx_word' id='word_1_261' title='bbox 1733 3024 1749 3050; x_wconf 92' lang='lat'><strong>,</strong></span> <span class='ocrx_word' id='word_1_262' title='bbox 1780 3000 1892 3036; x_wconf 90' lang='lat' dir='ltr'><strong>am-</strong></span> 
     </span>
    </p>
   </div>
   <div class='ocr_carea' id='block_1_31' title="bbox 323 3075 1888 3163">
    <p class='ocr_par' dir='ltr' id='par_1_31' title="bbox 323 3075 1888 3163">
     <span class='ocr_line' id='line_1_31' title="bbox 323 3075 1888 3163; baseline -0.012 -17"><span class='ocrx_word' id='word_1_263' title='bbox 323 3096 476 3163; x_wconf 65' lang='lat' dir='ltr'><strong>plam</strong></span> <span class='ocrx_word' id='word_1_264' title='bbox 503 3100 574 3144; x_wconf 86' lang='lat' dir='ltr'><strong>est</strong></span> <span class='ocrx_word' id='word_1_265' title='bbox 593 3130 606 3153; x_wconf 94' lang='lat'><strong>,</strong></span> <span class='ocrx_word' id='word_1_266' title='bbox 639 3087 788 3142; x_wconf 79' lang='lat' dir='ltr'><strong>dixit.</strong></span> <span class='ocrx_word' id='word_1_267' title='bbox 821 3086 1010 3140; x_wconf 86' lang='lat' dir='ltr'><strong>Parum</strong></span> <span class='ocrx_word' id='word_1_268' title='bbox 1038 3091 1118 3136; x_wconf 90' lang='lat' dir='ltr'><strong>est</strong></span> <span class='ocrx_word' id='word_1_269' title='bbox 1143 3082 1262 3150; x_wconf 90' lang='lat' dir='ltr'><strong>quia</strong></span> <span class='ocrx_word' id='word_1_270' title='bbox 1291 3078 1450 3142; x_wconf 89' lang='lat' dir='ltr'><strong>facis;</strong></span> <span class='ocrx_word' id='word_1_271' title='bbox 1495 3086 1548 3131; x_wconf 90' lang='lat' dir='ltr'><strong>et</strong></span> <span class='ocrx_word' id='word_1_272' title='bbox 1573 3075 1888 3129; x_wconf 87' lang='lat' dir='ltr'><strong>delectaris:</strong></span> 
     </span>
    </p>
   </div>
   <div class='ocr_carea' id='block_1_32' title="bbox 325 3165 1894 3250">
    <p class='ocr_par' dir='ltr' id='par_1_32' title="bbox 325 3165 1894 3250">
     <span class='ocr_line' id='line_1_32' title="bbox 325 3165 1894 3250; baseline -0.012 -13"><span class='ocrx_word' id='word_1_273' title='bbox 325 3185 512 3238; x_wconf 84' lang='lat' dir='ltr'><strong>laudas</strong></span> <span class='ocrx_word' id='word_1_274' title='bbox 535 3181 586 3235; x_wconf 92' lang='lat' dir='ltr'><strong>in</strong></span> <span class='ocrx_word' id='word_1_275' title='bbox 612 3187 858 3250; x_wconf 87' lang='lat' dir='ltr'><strong>promptu</strong></span> <span class='ocrx_word' id='word_1_276' title='bbox 878 3217 892 3240; x_wconf 94' lang='lat'><strong>,</strong></span> <span class='ocrx_word' id='word_1_277' title='bbox 921 3173 1106 3228; x_wconf 87' lang='lat' dir='ltr'><strong>irrides</strong></span> <span class='ocrx_word' id='word_1_278' title='bbox 1125 3170 1263 3238; x_wconf 88' lang='lat' dir='ltr'><strong>apud</strong></span> <span class='ocrx_word' id='word_1_279' title='bbox 1293 3180 1363 3224; x_wconf 91' lang='lat' dir='ltr'><strong>te.</strong></span> <span class='ocrx_word' id='word_1_280' title='bbox 1392 3167 1692 3236; x_wconf 69' lang='lat' dir='ltr'><strong>[’rtecipitas</strong></span> <span class='ocrx_word' id='word_1_281' title='bbox 1721 3165 1894 3219; x_wconf 93' lang='lat' dir='ltr'><strong>homi-</strong></span> 
     </span>
    </p>
   </div>
   <div class='ocr_carea' id='block_1_33' title="bbox 324 3256 1894 3335">
    <p class='ocr_par' dir='ltr' id='par_1_33' title="bbox 324 3256 1894 3335">
     <span class='ocr_line' id='line_1_33' title="bbox 324 3256 1894 3335; baseline -0.013 -6"><span class='ocrx_word' id='word_1_282' title='bbox 324 3291 450 3330; x_wconf 89' lang='lat' dir='ltr'><strong>nem</strong></span> <span class='ocrx_word' id='word_1_283' title='bbox 477 3275 683 3327; x_wconf 87' lang='lat' dir='ltr'><strong>incaute</strong></span> <span class='ocrx_word' id='word_1_284' title='bbox 700 3269 824 3323; x_wconf 89' lang='lat' dir='ltr'><strong>vitia</strong></span> <span class='ocrx_word' id='word_1_285' title='bbox 849 3281 941 3321; x_wconf 87' lang='lat' dir='ltr'><strong>sua</strong></span> <span class='ocrx_word' id='word_1_286' title='bbox 969 3263 1342 3335; x_wconf 88' lang='lat' dir='ltr'><strong>proferentcm.</strong></span> <span class='ocrx_word' id='word_1_287' title='bbox 1361 3268 1414 3314; x_wconf 90' lang='lat' dir='ltr'><strong>et</strong></span> <span class='ocrx_word' id='word_1_288' title='bbox 1440 3275 1505 3311; x_wconf 90' lang='lat' dir='ltr'><strong>an</strong></span> <span class='ocrx_word' id='word_1_289' title='bbox 1529 3256 1771 3312; x_wconf 85' lang='lat' dir='ltr'><strong>sintvitia</strong></span> <span class='ocrx_word' id='word_1_290' title='bbox 1801 3272 1894 3310; x_wconf 90' lang='lat' dir='ltr'><strong>ne-</strong></span> 
     </span>
    </p>
   </div>
   <div class='ocr_carea' id='block_1_34' title="bbox 323 3347 1892 3429">
    <p class='ocr_par' dir='ltr' id='par_1_34' title="bbox 323 3347 1892 3429">
     <span class='ocr_line' id='line_1_34' title="bbox 323 3347 1892 3429; baseline -0.014 -7"><span class='ocrx_word' id='word_1_291' title='bbox 323 3368 579 3422; x_wconf 87' lang='lat' dir='ltr'><strong>scientem</strong></span> <span class='ocrx_word' id='word_1_292' title='bbox 612 3380 625 3417; x_wconf 89' lang='lat'><strong>:</strong></span> <span class='ocrx_word' id='word_1_293' title='bbox 660 3371 714 3414; x_wconf 92' lang='lat' dir='ltr'><strong>tu</strong></span> <span class='ocrx_word' id='word_1_294' title='bbox 739 3359 825 3429; x_wconf 93' lang='lat' dir='ltr'><strong>qui</strong></span> <span class='ocrx_word' id='word_1_295' title='bbox 851 3358 954 3413; x_wconf 86' lang='lat' dir='ltr'><strong>scis</strong></span> <span class='ocrx_word' id='word_1_296' title='bbox 981 3355 1162 3410; x_wconf 83' lang='lat' dir='ltr'><strong>vitium</strong></span> <span class='ocrx_word' id='word_1_297' title='bbox 1187 3367 1326 3416; x_wconf 89' lang='lat' dir='ltr'><strong>esse,</strong></span> <span class='ocrx_word' id='word_1_298' title='bbox 1348 3365 1450 3404; x_wconf 89' lang='lat' dir='ltr'><strong>non</strong></span> <span class='ocrx_word' id='word_1_299' title='bbox 1477 3349 1664 3414; x_wconf 81' lang='lat' dir='ltr'><strong>dicis‘,</strong></span> <span class='ocrx_word' id='word_1_300' title='bbox 1686 3347 1801 3416; x_wconf 87' lang='lat' dir='ltr'><strong>Quo</strong></span> <span class='ocrx_word' id='word_1_301' title='bbox 1822 3349 1892 3400; x_wconf 88' lang='lat' dir='ltr'><strong>ir-</strong></span> 
     </span>
    </p>
   </div>
   <div class='ocr_carea' id='block_1_35' title="bbox 324 3440 1892 3514">
    <p class='ocr_par' dir='ltr' id='par_1_35' title="bbox 324 3440 1892 3514">
     <span class='ocr_line' id='line_1_35' title="bbox 324 3440 1892 3514; baseline -0.013 -1"><span class='ocrx_word' id='word_1_302' title='bbox 324 3459 476 3514; x_wconf 83' lang='lat' dir='ltr'><strong>ruis?</strong></span> <span class='ocrx_word' id='word_1_303' title='bbox 503 3457 557 3511; x_wconf 85' lang='lat' dir='ltr'><strong>Si</strong></span> <span class='ocrx_word' id='word_1_304' title='bbox 585 3455 729 3508; x_wconf 89' lang='lat' dir='ltr'><strong>illum</strong></span> <span class='ocrx_word' id='word_1_305' title='bbox 759 3451 967 3506; x_wconf 88' lang='lat' dir='ltr'><strong>videres</strong></span> <span class='ocrx_word' id='word_1_306' title='bbox 992 3446 1260 3502; x_wconf 88' lang='lat' dir='ltr'><strong>ambulare</strong></span> <span class='ocrx_word' id='word_1_307' title='bbox 1286 3444 1548 3512; x_wconf 82' lang='lat' dir='ltr'><strong>incautum</strong></span> <span class='ocrx_word' id='word_1_308' title='bbox 1577 3441 1629 3495; x_wconf 92' lang='lat' dir='ltr'><strong>in</strong></span> <span class='ocrx_word' id='word_1_309' title='bbox 1660 3440 1892 3494; x_wconf 86' lang='lat' dir='ltr'><strong>tenebris</strong></span> 
     </span>
    </p>
   </div>
   <div class='ocr_carea' id='block_1_36' title="bbox 323 3532 1891 3620">
    <p class='ocr_par' dir='ltr' id='par_1_36' title="bbox 323 3532 1891 3620">
     <span class='ocr_line' id='line_1_36' title="bbox 323 3532 1891 3620; baseline -0.015 -12"><span class='ocrx_word' id='word_1_310' title='bbox 323 3554 416 3608; x_wconf 87' lang='lat' dir='ltr'><strong>ubi</strong></span> <span class='ocrx_word' id='word_1_311' title='bbox 462 3562 513 3606; x_wconf 92' lang='lat' dir='ltr'><strong>tu</strong></span> <span class='ocrx_word' id='word_1_312' title='bbox 542 3557 755 3620; x_wconf 86' lang='lat' dir='ltr'><strong>puteum</strong></span> <span class='ocrx_word' id='word_1_313' title='bbox 784 3559 901 3600; x_wconf 91' lang='lat' dir='ltr'><strong>esse</strong></span> <span class='ocrx_word' id='word_1_314' title='bbox 936 3542 1102 3597; x_wconf 86' lang='lat' dir='ltr'><strong>scires</strong></span> <span class='ocrx_word' id='word_1_315' title='bbox 1121 3581 1134 3602; x_wconf 95' lang='lat'><strong>,</strong></span> <span class='ocrx_word' id='word_1_316' title='bbox 1162 3547 1216 3593; x_wconf 92' lang='lat' dir='ltr'><strong>et</strong></span> <span class='ocrx_word' id='word_1_317' title='bbox 1241 3547 1439 3592; x_wconf 84' lang='lat' dir='ltr'><strong>laceres</strong></span> <span class='ocrx_word' id='word_1_318' title='bbox 1459 3575 1474 3600; x_wconf 96' lang='lat'><strong>,</strong></span> <span class='ocrx_word' id='word_1_319' title='bbox 1505 3533 1676 3603; x_wconf 88' lang='lat' dir='ltr'><strong>qualis</strong></span> <span class='ocrx_word' id='word_1_320' title='bbox 1705 3532 1891 3587; x_wconf 88' lang='lat' dir='ltr'><strong>esses?</strong></span> 
     </span>
    </p>
   </div>
   <div class='ocr_carea' id='block_1_37' title="bbox 323 3626 1890 3705">
    <p class='ocr_par' dir='ltr' id='par_1_37' title="bbox 323 3626 1890 3705">
     <span class='ocr_line' id='line_1_37' title="bbox 323 3626 1890 3705; baseline -0.015 -5"><span class='ocrx_word' id='word_1_321' title='bbox 323 3659 506 3700; x_wconf 89' lang='lat' dir='ltr'><strong>nonne</strong></span> <span class='ocrx_word' id='word_1_322' title='bbox 536 3641 778 3695; x_wconf 90' lang='lat' dir='ltr'><strong>inimicus</strong></span> <span class='ocrx_word' id='word_1_323' title='bbox 802 3632 1127 3705; x_wconf 86' lang='lat' dir='ltr'><strong>deputareris</strong></span> <span class='ocrx_word' id='word_1_324' title='bbox 1153 3630 1340 3684; x_wconf 74' lang='lat' dir='ltr'><strong>anima:</strong></span> <span class='ocrx_word' id='word_1_325' title='bbox 1367 3627 1519 3697; x_wconf 86' lang='lat' dir='ltr'><strong>ejus?</strong></span> <span class='ocrx_word' id='word_1_326' title='bbox 1547 3626 1615 3680; x_wconf 90' lang='lat' dir='ltr'><strong>Et</strong></span> <span class='ocrx_word' id='word_1_327' title='bbox 1645 3637 1816 3679; x_wconf 87' lang='lat' dir='ltr'><strong>tamen</strong></span> <span class='ocrx_word' id='word_1_328' title='bbox 1847 3626 1890 3678; x_wconf 93' lang='lat' dir='ltr'><strong>si</strong></span> 
     </span>
    </p>
   </div>
   <div class='ocr_carea' id='block_1_38' title="bbox 322 3711 1890 3803">
    <p class='ocr_par' dir='ltr' id='par_1_38' title="bbox 322 3711 1890 3803">
     <span class='ocr_line' id='line_1_38' title="bbox 322 3711 1890 3803; baseline -0.013 -13"><span class='ocrx_word' id='word_1_329' title='bbox 322 3738 383 3790; x_wconf 90' lang='lat' dir='ltr'><strong>in</strong></span> <span class='ocrx_word' id='word_1_330' title='bbox 411 3743 622 3803; x_wconf 81' lang='lat' dir='ltr'><strong>puteum</strong></span> <span class='ocrx_word' id='word_1_331' title='bbox 641 3729 886 3792; x_wconf 89' lang='lat' dir='ltr'><strong>caderet,</strong></span> <span class='ocrx_word' id='word_1_332' title='bbox 919 3739 1022 3779; x_wconf 91' lang='lat' dir='ltr'><strong>non</strong></span> <span class='ocrx_word' id='word_1_333' title='bbox 1049 3723 1221 3776; x_wconf 88' lang='lat' dir='ltr'><strong>anima</strong></span> <span class='ocrx_word' id='word_1_334' title='bbox 1241 3761 1256 3784; x_wconf 95' lang='lat'><strong>,</strong></span> <span class='ocrx_word' id='word_1_335' title='bbox 1287 3718 1380 3775; x_wconf 88' lang='lat' dir='ltr'><strong>sed</strong></span> <span class='ocrx_word' id='word_1_336' title='bbox 1405 3733 1625 3786; x_wconf 90' lang='lat' dir='ltr'><strong>corpore</strong></span> <span class='ocrx_word' id='word_1_337' title='bbox 1653 3711 1890 3770; x_wconf 79' lang='lat' dir='ltr'><strong>morere-</strong></span> 
     </span>
    </p>
   </div>
   <div class='ocr_carea' id='block_1_39' title="bbox 323 3805 1888 3892">
    <p class='ocr_par' dir='ltr' id='par_1_39' title="bbox 323 3805 1888 3892">
     <span class='ocr_line' id='line_1_39' title="bbox 323 3805 1888 3892; baseline -0.015 -11"><span class='ocrx_word' id='word_1_338' title='bbox 323 3837 434 3882; x_wconf 89' lang='lat' dir='ltr'><strong>tur.</strong></span> <span class='ocrx_word' id='word_1_339' title='bbox 465 3820 763 3892; x_wconf 72' lang='lat' dir='ltr'><strong>Prteeipitat</strong></span> <span class='ocrx_word' id='word_1_340' title='bbox 788 3833 842 3873; x_wconf 89' lang='lat' dir='ltr'><strong>se</strong></span> <span class='ocrx_word' id='word_1_341' title='bbox 869 3819 920 3870; x_wconf 94' lang='lat' dir='ltr'><strong>in</strong></span> <span class='ocrx_word' id='word_1_342' title='bbox 946 3814 1070 3868; x_wconf 89' lang='lat' dir='ltr'><strong>vitia</strong></span> <span class='ocrx_word' id='word_1_343' title='bbox 1095 3827 1186 3866; x_wconf 91' lang='lat' dir='ltr'><strong>sua</strong></span> <span class='ocrx_word' id='word_1_344' title='bbox 1207 3852 1221 3874; x_wconf 90' lang='lat'><strong>,</strong></span> <span class='ocrx_word' id='word_1_345' title='bbox 1252 3808 1499 3880; x_wconf 67' lang='lat' dir='ltr'><strong>praedicat</strong></span> <span class='ocrx_word' id='word_1_346' title='bbox 1523 3805 1658 3875; x_wconf 87' lang='lat' dir='ltr'><strong>apud</strong></span> <span class='ocrx_word' id='word_1_347' title='bbox 1684 3815 1731 3859; x_wconf 91' lang='lat' dir='ltr'><strong>te</strong></span> <span class='ocrx_word' id='word_1_348' title='bbox 1755 3805 1888 3858; x_wconf 91' lang='lat' dir='ltr'><strong>mala</strong></span> 
     </span>
    </p>
   </div>
   <div class='ocr_carea' id='block_1_40' title="bbox 320 3896 1889 3980">
    <p class='ocr_par' dir='ltr' id='par_1_40' title="bbox 320 3896 1889 3980">
     <span class='ocr_line' id='line_1_40' title="bbox 320 3896 1889 3980; baseline -0.015 -6"><span class='ocrx_word' id='word_1_349' title='bbox 320 3920 463 3974; x_wconf 81' lang='lat' dir='ltr'><strong>facta</strong></span> <span class='ocrx_word' id='word_1_350' title='bbox 489 3929 611 3980; x_wconf 90' lang='lat' dir='ltr'><strong>sua;</strong></span> <span class='ocrx_word' id='word_1_351' title='bbox 632 3924 686 3967; x_wconf 92' lang='lat' dir='ltr'><strong>tu</strong></span> <span class='ocrx_word' id='word_1_352' title='bbox 704 3911 839 3965; x_wconf 86' lang='lat' dir='ltr'><strong>nosti</strong></span> <span class='ocrx_word' id='word_1_353' title='bbox 864 3907 999 3963; x_wconf 87' lang='lat' dir='ltr'><strong>mala</strong></span> <span class='ocrx_word' id='word_1_354' title='bbox 1023 3919 1160 3967; x_wconf 89' lang='lat' dir='ltr'><strong>esse,</strong></span> <span class='ocrx_word' id='word_1_355' title='bbox 1181 3911 1235 3956; x_wconf 88' lang='lat' dir='ltr'><strong>et</strong></span> <span class='ocrx_word' id='word_1_356' title='bbox 1260 3900 1460 3965; x_wconf 87' lang='lat' dir='ltr'><strong>laudas,</strong></span> <span class='ocrx_word' id='word_1_357' title='bbox 1479 3906 1534 3953; x_wconf 90' lang='lat' dir='ltr'><strong>et</strong></span> <span class='ocrx_word' id='word_1_358' title='bbox 1551 3898 1737 3952; x_wconf 89' lang='lat' dir='ltr'><strong>irrides</strong></span> <span class='ocrx_word' id='word_1_359' title='bbox 1754 3896 1889 3964; x_wconf 89' lang='lat' dir='ltr'><strong>apud</strong></span> 
     </span>
    </p>
   </div>
   <div class='ocr_carea' id='block_1_41' title="bbox 323 3989 1890 4068">
    <p class='ocr_par' dir='ltr' id='par_1_41' title="bbox 323 3989 1890 4068">
     <span class='ocr_line' id='line_1_41' title="bbox 323 3989 1890 4068; baseline -0.014 -3"><span class='ocrx_word' id='word_1_360' title='bbox 323 4024 401 4067; x_wconf 88' lang='lat' dir='ltr'><strong>te.</strong></span> <span class='ocrx_word' id='word_1_361' title='bbox 425 4009 469 4066; x_wconf 95' lang='grc' dir='ltr'>Ο</span> <span class='ocrx_word' id='word_1_362' title='bbox 488 4009 530 4063; x_wconf 88' lang='lat' dir='ltr'><strong>si</strong></span> <span class='ocrx_word' id='word_1_363' title='bbox 557 4012 892 4062; x_wconf 85' lang='lat' dir='ltr'><strong>convertatur</strong></span> <span class='ocrx_word' id='word_1_364' title='bbox 911 3995 1190 4068; x_wconf 85' lang='lat' dir='ltr'><strong>aliquando</strong></span> <span class='ocrx_word' id='word_1_365' title='bbox 1209 3994 1274 4048; x_wconf 89' lang='lat' dir='ltr'><strong>ad</strong></span> <span class='ocrx_word' id='word_1_366' title='bbox 1300 3995 1460 4048; x_wconf 89' lang='lat' dir='ltr'><strong>Deum</strong></span> <span class='ocrx_word' id='word_1_367' title='bbox 1485 3992 1568 4045; x_wconf 89' lang='lat' dir='ltr'><strong>ille</strong></span> <span class='ocrx_word' id='word_1_368' title='bbox 1588 4006 1742 4060; x_wconf 90' lang='lat' dir='ltr'><strong>quem</strong></span> <span class='ocrx_word' id='word_1_369' title='bbox 1768 3989 1890 4044; x_wconf 71' lang='grc' dir='ltr'><strong>ἰνιί-</strong></span> 
     </span>
    </p>
   </div>
   <div class='ocr_carea' id='block_1_42' title="bbox 320 4082 1890 4172">
    <p class='ocr_par' dir='ltr' id='par_1_42' title="bbox 320 4082 1890 4172">
     <span class='ocr_line' id='line_1_42' title="bbox 320 4082 1890 4172; baseline -0.016 -12"><span class='ocrx_word' id='word_1_370' title='bbox 320 4107 444 4169; x_wconf 77' lang='lat' dir='ltr'><strong>dos,</strong></span> <span class='ocrx_word' id='word_1_371' title='bbox 471 4113 522 4158; x_wconf 89' lang='lat' dir='ltr'><strong>et</strong></span> <span class='ocrx_word' id='word_1_372' title='bbox 546 4115 702 4172; x_wconf 91' lang='lat' dir='ltr'><strong>quem</strong></span> <span class='ocrx_word' id='word_1_373' title='bbox 728 4097 993 4165; x_wconf 82' lang='lat' dir='ltr'><strong>corripere</strong></span> <span class='ocrx_word' id='word_1_374' title='bbox 1019 4089 1250 4154; x_wconf 88' lang='lat' dir='ltr'><strong>noluisti,</strong></span> <span class='ocrx_word' id='word_1_375' title='bbox 1274 4097 1326 4142; x_wconf 89' lang='lat' dir='ltr'><strong>et</strong></span> <span class='ocrx_word' id='word_1_376' title='bbox 1352 4086 1525 4140; x_wconf 90' lang='lat' dir='ltr'><strong>dicat:</strong></span> <span class='ocrx_word' id='word_1_377' title='bbox 1549 4082 1890 4139; x_wconf 81' lang='lat' dir='ltr'><strong>Confundan-</strong></span> 
     </span>
    </p>
   </div>
   <div class='ocr_carea' id='block_1_43' title="bbox 323 4173 1891 4264">
    <p class='ocr_par' dir='ltr' id='par_1_43' title="bbox 323 4173 1891 4264">
     <span class='ocr_line' id='line_1_43' title="bbox 323 4173 1891 4264; baseline -0.015 -15"><span class='ocrx_word' id='word_1_378' title='bbox 323 4208 416 4250; x_wconf 88' lang='lat' dir='ltr'><strong>tur</strong></span> <span class='ocrx_word' id='word_1_379' title='bbox 441 4195 526 4264; x_wconf 90' lang='lat' dir='ltr'><strong>qui</strong></span> <span class='ocrx_word' id='word_1_380' title='bbox 548 4193 728 4247; x_wconf 89' lang='lat' dir='ltr'><strong>dicunt</strong></span> <span class='ocrx_word' id='word_1_381' title='bbox 753 4186 900 4250; x_wconf 88' lang='lat' dir='ltr'><strong>mihi,</strong></span> <span class='ocrx_word' id='word_1_382' title='bbox 931 4184 1092 4252; x_wconf 82' lang='lat' dir='ltr'><strong>Euge,</strong></span> <span class='ocrx_word' id='word_1_383' title='bbox 1120 4195 1251 4248; x_wconf 83' lang='lat' dir='ltr'><strong>euge</strong></span> <span class='ocrx_word' id='word_1_384' title='bbox 1280 4174 1450 4249; x_wconf 85' lang='lat' dir='ltr'><strong>(Psal.</strong></span> <span class='ocrx_word' id='word_1_385' title='bbox 1481 4191 1658 4238; x_wconf 76' lang='lat' dir='ltr'><strong>xxxix,</strong></span> <span class='ocrx_word' id='word_1_386' title='bbox 1689 4174 1794 4246; x_wconf 74' lang='lat' dir='ltr'><strong>ili).</strong></span> <span class='ocrx_word' id='word_1_387' title='bbox 1827 4173 1891 4228; x_wconf 86' lang='lat' dir='ltr'><strong>Et</strong></span> 
     </span>
    </p>
   </div>
   <div class='ocr_carea' id='block_1_44' title="bbox 320 4272 1297 4356">
    <p class='ocr_par' dir='ltr' id='par_1_44' title="bbox 320 4272 1297 4356">
     <span class='ocr_line' id='line_1_44' title="bbox 320 4272 1297 4356; baseline -0.019 -14"><span class='ocrx_word' id='word_1_388' title='bbox 320 4291 501 4356; x_wconf 80' lang='lat' dir='ltr'><strong>lmgua</strong></span> <span class='ocrx_word' id='word_1_389' title='bbox 521 4293 606 4338; x_wconf 85' lang='lat' dir='ltr'><strong>tua</strong></span> <span class='ocrx_word' id='word_1_390' title='bbox 623 4280 855 4349; x_wconf 78' lang='lat' dir='ltr'><strong>amplexa</strong></span> <span class='ocrx_word' id='word_1_391' title='bbox 876 4285 945 4329; x_wconf 89' lang='lat' dir='ltr'><strong>est</strong></span> <span class='ocrx_word' id='word_1_392' title='bbox 966 4272 1297 4327; x_wconf 84' lang='lat' dir='ltr'><strong>dolositatcm.</strong></span> 
     </span>
    </p>
   </div>
   <div class='ocr_carea' id='block_1_45' title="bbox 398 4354 1888 4448">
    <p class='ocr_par' dir='ltr' id='par_1_45' title="bbox 398 4354 1888 4448">
     <span class='ocr_line' id='line_1_45' title="bbox 398 4354 1888 4448; baseline -0.017 -18"><span class='ocrx_word' id='word_1_393' title='bbox 398 4354 484 4431; x_wconf 47' lang='lat' dir='ltr'><strong>i7.</strong></span> <span class='ocrx_word' id='word_1_394' title='bbox 518 4375 668 4448; x_wconf 86' lang='lat' dir='ltr'><strong>[vers.</strong></span> <span class='ocrx_word' id='word_1_395' title='bbox 697 4367 816 4441; x_wconf 70' lang='lat'><strong>90.]</strong></span> <span class='ocrx_word' id='word_1_396' title='bbox 846 4365 1036 4421; x_wconf 79' lang='lat' dir='ltr'><strong>Sedens</strong></span> <span class='ocrx_word' id='word_1_397' title='bbox 1061 4361 1294 4414; x_wconf 86' lang='lat' dir='ltr'><strong>adversus</strong></span> <span class='ocrx_word' id='word_1_398' title='bbox 1321 4357 1524 4426; x_wconf 75' lang='lat' dir='ltr'><strong>fratrem</strong></span> <span class='ocrx_word' id='word_1_399' title='bbox 1555 4364 1694 4408; x_wconf 88' lang='lat' dir='ltr'><strong>tuum</strong></span> <span class='ocrx_word' id='word_1_400' title='bbox 1721 4354 1888 4408; x_wconf 88' lang='lat' dir='ltr'><strong>detra-</strong></span> 
     </span>
    </p>
   </div>
   <div class='ocr_carea' id='block_1_46' title="bbox 320 4446 1930 4532">
    <p class='ocr_par' dir='ltr' id='par_1_46' title="bbox 320 4446 1930 4532">
     <span class='ocr_line' id='line_1_46' title="bbox 320 4446 1930 4532; baseline -0.016 -9"><span class='ocrx_word' id='word_1_401' title='bbox 320 4469 496 4522; x_wconf 85' lang='lat' dir='ltr'><strong>hebas.</strong></span> <span class='ocrx_word' id='word_1_402' title='bbox 523 4446 594 4520; x_wconf 79' lang='lat' dir='ltr'><strong>Et</strong></span> <span class='ocrx_word' id='word_1_403' title='bbox 620 4464 790 4532; x_wconf 89' lang='lat' dir='ltr'><strong>ipsum</strong></span> <span class='ocrx_word' id='word_1_404' title='bbox 817 4457 992 4513; x_wconf 86' lang='lat' dir='ltr'><strong>sedens</strong></span> <span class='ocrx_word' id='word_1_405' title='bbox 1016 4453 1081 4508; x_wconf 89' lang='lat' dir='ltr'><strong>ad</strong></span> <span class='ocrx_word' id='word_1_406' title='bbox 1110 4453 1207 4505; x_wconf 84' lang='lat' dir='ltr'><strong>hoc</strong></span> <span class='ocrx_word' id='word_1_407' title='bbox 1234 4450 1462 4520; x_wconf 88' lang='lat' dir='ltr'><strong>pertinet</strong></span> <span class='ocrx_word' id='word_1_408' title='bbox 1484 4446 1622 4517; x_wconf 91' lang='lat' dir='ltr'><strong>quod</strong></span> <span class='ocrx_word' id='word_1_409' title='bbox 1650 4446 1891 4515; x_wconf 90' lang='lat' dir='ltr'><strong>superius</strong></span> <span class='ocrx_word' id='word_1_410' title='bbox 1918 4524 1930 4530; x_wconf 18' lang='grc' dir='ltr'><strong>ἱ</strong></span> 
     </span>
    </p>
   </div>
   <div class='ocr_carea' id='block_1_47' title="bbox 319 4535 1886 4625">
    <p class='ocr_par' dir='ltr' id='par_1_47' title="bbox 319 4535 1886 4625">
     <span class='ocr_line' id='line_1_47' title="bbox 319 4535 1886 4625; baseline -0.017 -11"><span class='ocrx_word' id='word_1_411' title='bbox 319 4559 481 4624; x_wconf 73' lang='lat' dir='ltr'><strong>dixit,</strong></span> <span class='ocrx_word' id='word_1_412' title='bbox 509 4553 739 4625; x_wconf 75' lang='lat' dir='ltr'><strong>amplexa</strong></span> <span class='ocrx_word' id='word_1_413' title='bbox 766 4558 856 4604; x_wconf 88' lang='lat' dir='ltr'><strong>est.</strong></span> <span class='ocrx_word' id='word_1_414' title='bbox 879 4545 977 4613; x_wconf 84' lang='lat' dir='ltr'><strong>Qui</strong></span> <span class='ocrx_word' id='word_1_415' title='bbox 1007 4545 1145 4599; x_wconf 89' lang='lat' dir='ltr'><strong>enim</strong></span> <span class='ocrx_word' id='word_1_416' title='bbox 1170 4551 1316 4596; x_wconf 88' lang='lat' dir='ltr'><strong>stans</strong></span> <span class='ocrx_word' id='word_1_417' title='bbox 1341 4547 1430 4593; x_wconf 91' lang='lat' dir='ltr'><strong>aut</strong></span> <span class='ocrx_word' id='word_1_418' title='bbox 1455 4537 1714 4591; x_wconf 89' lang='lat' dir='ltr'><strong>transiens</strong></span> <span class='ocrx_word' id='word_1_419' title='bbox 1741 4535 1886 4602; x_wconf 87' lang='lat' dir='ltr'><strong>facit,</strong></span> 
     </span>
    </p>
   </div>
   <div class='ocr_carea' id='block_1_48' title="bbox 320 4627 1890 4711">
    <p class='ocr_par' dir='ltr' id='par_1_48' title="bbox 320 4627 1890 4711">
     <span class='ocr_line' id='line_1_48' title="bbox 320 4627 1890 4711; baseline -0.018 -7"><span class='ocrx_word' id='word_1_420' title='bbox 320 4663 431 4704; x_wconf 87' lang='lat' dir='ltr'><strong>non</strong></span> <span class='ocrx_word' id='word_1_421' title='bbox 458 4661 578 4702; x_wconf 91' lang='lat' dir='ltr'><strong>cum</strong></span> <span class='ocrx_word' id='word_1_422' title='bbox 605 4644 867 4711; x_wconf 82' lang='lat' dir='ltr'><strong>voluptate</strong></span> <span class='ocrx_word' id='word_1_423' title='bbox 886 4635 1144 4705; x_wconf 80' lang='lat' dir='ltr'><strong>facitzqui</strong></span> <span class='ocrx_word' id='word_1_424' title='bbox 1172 4648 1298 4687; x_wconf 89' lang='lat' dir='ltr'><strong>vero</strong></span> <span class='ocrx_word' id='word_1_425' title='bbox 1324 4629 1388 4682; x_wconf 90' lang='lat' dir='ltr'><strong>ad</strong></span> <span class='ocrx_word' id='word_1_426' title='bbox 1417 4630 1516 4683; x_wconf 87' lang='lat' dir='ltr'><strong>hoc</strong></span> <span class='ocrx_word' id='word_1_427' title='bbox 1539 4627 1706 4689; x_wconf 88' lang='lat' dir='ltr'><strong>sedet,</strong></span> <span class='ocrx_word' id='word_1_428' title='bbox 1726 4642 1890 4696; x_wconf 88' lang='lat' dir='ltr'><strong>quau-</strong></span> 
     </span>
    </p>
   </div>
   <div class='ocr_carea' id='block_1_49' title="bbox 321 4719 1888 4804">
    <p class='ocr_par' dir='ltr' id='par_1_49' title="bbox 321 4719 1888 4804">
     <span class='ocr_line' id='line_1_49' title="bbox 321 4719 1888 4804; baseline -0.017 -10"><span class='ocrx_word' id='word_1_429' title='bbox 321 4759 436 4795; x_wconf 81' lang='grc' dir='ltr'><strong>ιιιιιι</strong></span> <span class='ocrx_word' id='word_1_430' title='bbox 461 4741 629 4793; x_wconf 86' lang='lat' dir='ltr'><strong>otium</strong></span> <span class='ocrx_word' id='word_1_431' title='bbox 672 4732 860 4804; x_wconf 63' lang='lat' dir='ltr'><strong>quaerit</strong></span> <span class='ocrx_word' id='word_1_432' title='bbox 883 4739 940 4784; x_wconf 94' lang='lat' dir='ltr'><strong>ut</strong></span> <span class='ocrx_word' id='word_1_433' title='bbox 965 4726 1150 4783; x_wconf 89' lang='lat' dir='ltr'><strong>faciat!</strong></span> <span class='ocrx_word' id='word_1_434' title='bbox 1183 4723 1376 4780; x_wconf 78' lang='lat' dir='ltr'><strong>Sedens</strong></span> <span class='ocrx_word' id='word_1_435' title='bbox 1418 4719 1654 4773; x_wconf 85' lang='lat' dir='ltr'><strong>adversus</strong></span> <span class='ocrx_word' id='word_1_436' title='bbox 1682 4722 1888 4788; x_wconf 81' lang='lat' dir='ltr'><strong>fratrem</strong></span> 
     </span>
    </p>
   </div>
   <div class='ocr_carea' id='block_1_50' title="bbox 313 4810 1887 4892">
    <p class='ocr_par' dir='ltr' id='par_1_50' title="bbox 313 4810 1887 4892">
     <span class='ocr_line' id='line_1_50' title="bbox 313 4810 1887 4892; baseline -0.015 -6"><span class='ocrx_word' id='word_1_437' title='bbox 313 4848 464 4887; x_wconf 86' lang='lat' dir='ltr'><strong>tuum</strong></span> <span class='ocrx_word' id='word_1_438' title='bbox 487 4827 780 4884; x_wconf 79' lang='lat' dir='ltr'><strong>detrahebas</strong></span> <span class='ocrx_word' id='word_1_439' title='bbox 812 4841 830 4878; x_wconf 91' lang='lat'><strong><em>:</em></strong></span> <span class='ocrx_word' id='word_1_440' title='bbox 861 4823 1025 4892; x_wconf 88' lang='lat' dir='ltr'><strong>ipsam</strong></span> <span class='ocrx_word' id='word_1_441' title='bbox 1046 4817 1419 4874; x_wconf 88' lang='lat' dir='ltr'><strong>detractionem</strong></span> <span class='ocrx_word' id='word_1_442' title='bbox 1448 4811 1636 4865; x_wconf 88' lang='lat' dir='ltr'><strong>malam</strong></span> <span class='ocrx_word' id='word_1_443' title='bbox 1664 4810 1887 4879; x_wconf 78' lang='lat' dir='ltr'><strong>diligen—</strong></span> 
     </span>
    </p>
   </div>
   <div class='ocr_carea' id='block_1_51' title="bbox 314 4901 1885 4984">
    <p class='ocr_par' dir='ltr' id='par_1_51' title="bbox 314 4901 1885 4984">
     <span class='ocr_line' id='line_1_51' title="bbox 314 4901 1885 4984; baseline -0.018 -3"><span class='ocrx_word' id='word_1_444' title='bbox 314 4936 408 4980; x_wconf 88' lang='lat' dir='ltr'><strong>ter</strong></span> <span class='ocrx_word' id='word_1_445' title='bbox 431 4919 660 4977; x_wconf 88' lang='lat' dir='ltr'><strong>faciebas</strong></span> <span class='ocrx_word' id='word_1_446' title='bbox 677 4961 692 4984; x_wconf 92' lang='lat'><strong>,</strong></span> <span class='ocrx_word' id='word_1_447' title='bbox 717 4913 950 4972; x_wconf 88' lang='lat' dir='ltr'><strong>sedendo</strong></span> <span class='ocrx_word' id='word_1_448' title='bbox 977 4909 1236 4972; x_wconf 83' lang='lat' dir='ltr'><strong>faciebas;</strong></span> <span class='ocrx_word' id='word_1_449' title='bbox 1269 4904 1480 4959; x_wconf 86' lang='lat' dir='ltr'><strong>volebas</strong></span> <span class='ocrx_word' id='word_1_450' title='bbox 1507 4901 1574 4955; x_wconf 89' lang='lat' dir='ltr'><strong>ibi</strong></span> <span class='ocrx_word' id='word_1_451' title='bbox 1602 4901 1845 4969; x_wconf 90' lang='lat' dir='ltr'><strong>occupari</strong></span> <span class='ocrx_word' id='word_1_452' title='bbox 1869 4941 1885 4966; x_wconf 90' lang='lat'><strong>,</strong></span> 
     </span>
    </p>
   </div>
   <div class='ocr_carea' id='block_1_52' title="bbox 313 4990 1884 5084">
    <p class='ocr_par' dir='ltr' id='par_1_52' title="bbox 313 4990 1884 5084">
     <span class='ocr_line' id='line_1_52' title="bbox 313 4990 1884 5084; baseline -0.018 -14"><span class='ocrx_word' id='word_1_453' title='bbox 313 4994 712 5084; x_wconf 69' lang='lat' dir='ltr'><strong>amplexabor-is</strong></span> <span class='ocrx_word' id='word_1_454' title='bbox 737 5007 930 5061; x_wconf 89' lang='lat' dir='ltr'><strong>malum</strong></span> <span class='ocrx_word' id='word_1_455' title='bbox 959 5013 1101 5056; x_wconf 91' lang='lat' dir='ltr'><strong>tuum</strong></span> <span class='ocrx_word' id='word_1_456' title='bbox 1122 5041 1136 5064; x_wconf 97' lang='lat'><strong>,</strong></span> <span class='ocrx_word' id='word_1_457' title='bbox 1164 4993 1487 5052; x_wconf 84' lang='lat' dir='ltr'><strong>osculabaris</strong></span> <span class='ocrx_word' id='word_1_458' title='bbox 1516 4990 1692 5045; x_wconf 89' lang='lat' dir='ltr'><strong>dolum</strong></span> <span class='ocrx_word' id='word_1_459' title='bbox 1720 5000 1884 5044; x_wconf 91' lang='lat' dir='ltr'><strong>tuum.</strong></span> 
     </span>
    </p>
   </div>
   <div class='ocr_carea' id='block_1_53' title="bbox 313 5081 1888 5164">
    <p class='ocr_par' dir='ltr' id='par_1_53' title="bbox 313 5081 1888 5164">
     <span class='ocr_line' id='line_1_53' title="bbox 313 5081 1888 5164; baseline -0.017 -5"><span class='ocrx_word' id='word_1_460' title='bbox 313 5081 520 5160; x_wconf 80' lang='lat' dir='ltr'><strong>Sedens</strong></span> <span class='ocrx_word' id='word_1_461' title='bbox 548 5101 782 5153; x_wconf 89' lang='lat' dir='ltr'><strong>adversus</strong></span> <span class='ocrx_word' id='word_1_462' title='bbox 811 5097 1018 5164; x_wconf 89' lang='lat' dir='ltr'><strong>fratrem</strong></span> <span class='ocrx_word' id='word_1_463' title='bbox 1047 5101 1184 5142; x_wconf 89' lang='lat' dir='ltr'><strong>tuum</strong></span> <span class='ocrx_word' id='word_1_464' title='bbox 1213 5081 1505 5138; x_wconf 77' lang='lat' dir='ltr'><strong>detrahebas</strong></span> <span class='ocrx_word' id='word_1_465' title='bbox 1536 5095 1555 5134; x_wconf 90' lang='lat'><strong><em>:</em></strong></span> <span class='ocrx_word' id='word_1_466' title='bbox 1583 5088 1630 5132; x_wconf 90' lang='lat' dir='ltr'><strong>et</strong></span> <span class='ocrx_word' id='word_1_467' title='bbox 1653 5083 1888 5133; x_wconf 88' lang='lat' dir='ltr'><strong>adversus</strong></span> 
     </span>
    </p>
   </div>
   <div class='ocr_carea' id='block_1_54' title="bbox 314 5173 1893 5271">
    <p class='ocr_par' dir='ltr' id='par_1_54' title="bbox 314 5173 1893 5271">
     <span class='ocr_line' id='line_1_54' title="bbox 314 5173 1893 5271; baseline -0.02 -17"><span class='ocrx_word' id='word_1_468' title='bbox 314 5200 487 5271; x_wconf 77' lang='lat' dir='ltr'><strong>filium</strong></span> <span class='ocrx_word' id='word_1_469' title='bbox 506 5196 680 5250; x_wconf 84' lang='lat' dir='ltr'><strong>matris</strong></span> <span class='ocrx_word' id='word_1_470' title='bbox 703 5207 801 5246; x_wconf 81' lang='lat' dir='ltr'><strong>tute</strong></span> <span class='ocrx_word' id='word_1_471' title='bbox 819 5187 1034 5262; x_wconf 84' lang='lat' dir='ltr'><strong>ponebas</strong></span> <span class='ocrx_word' id='word_1_472' title='bbox 1049 5184 1362 5238; x_wconf 88' lang='lat' dir='ltr'><strong>scandalum.</strong></span> <span class='ocrx_word' id='word_1_473' title='bbox 1381 5177 1508 5244; x_wconf 82' lang='lat' dir='ltr'><strong>Quis</strong></span> <span class='ocrx_word' id='word_1_474' title='bbox 1531 5184 1612 5230; x_wconf 88' lang='lat' dir='ltr'><strong>est</strong></span> <span class='ocrx_word' id='word_1_475' title='bbox 1632 5173 1893 5271; x_wconf 62' lang='lat' dir='ltr'><strong>ﬁliusma-</strong></span> 
     </span>
    </p>
   </div>
   <div class='ocr_carea' id='block_1_55' title="bbox 315 5262 1885 5345">
    <p class='ocr_par' dir='ltr' id='par_1_55' title="bbox 315 5262 1885 5345">
     <span class='ocr_line' id='line_1_55' title="bbox 315 5262 1885 5345; baseline -0.019 -1"><span class='ocrx_word' id='word_1_476' title='bbox 315 5262 464 5344; x_wconf 52' lang='lat' dir='ltr'><strong>iris!</strong></span> <span class='ocrx_word' id='word_1_477' title='bbox 480 5303 656 5343; x_wconf 89' lang='lat' dir='ltr'><strong>nonne</strong></span> <span class='ocrx_word' id='word_1_478' title='bbox 678 5282 874 5339; x_wconf 81' lang='lat' dir='ltr'><strong>frater?</strong></span> <span class='ocrx_word' id='word_1_479' title='bbox 893 5279 1002 5334; x_wconf 87' lang='lat' dir='ltr'><strong>lloc</strong></span> <span class='ocrx_word' id='word_1_480' title='bbox 1027 5289 1150 5345; x_wconf 79' lang='lat' dir='ltr'><strong>ergo</strong></span> <span class='ocrx_word' id='word_1_481' title='bbox 1177 5281 1414 5342; x_wconf 85' lang='lat' dir='ltr'><strong>repetere</strong></span> <span class='ocrx_word' id='word_1_482' title='bbox 1439 5267 1623 5330; x_wconf 89' lang='lat' dir='ltr'><strong>voluit,</strong></span> <span class='ocrx_word' id='word_1_483' title='bbox 1642 5262 1780 5334; x_wconf 92' lang='lat' dir='ltr'><strong>quod</strong></span> <span class='ocrx_word' id='word_1_484' title='bbox 1797 5277 1885 5316; x_wconf 84' lang='lat' dir='ltr'><strong>su-</strong></span> 
     </span>
    </p>
   </div>
   <div class='ocr_carea' id='block_1_56' title="bbox 314 5355 1886 5454">
    <p class='ocr_par' dir='ltr' id='par_1_56' title="bbox 314 5355 1886 5454">
     <span class='ocr_line' id='line_1_56' title="bbox 314 5355 1886 5454; baseline -0.018 -17"><span class='ocrx_word' id='word_1_485' title='bbox 314 5381 504 5454; x_wconf 77' lang='lat' dir='ltr'><strong>peritis</strong></span> <span class='ocrx_word' id='word_1_486' title='bbox 527 5379 758 5440; x_wconf 79' lang='lat' dir='ltr'><strong>dixerat,</strong></span> <span class='ocrx_word' id='word_1_487' title='bbox 789 5379 994 5445; x_wconf 86' lang='lat' dir='ltr'><strong>fratrem</strong></span> <span class='ocrx_word' id='word_1_488' title='bbox 1027 5379 1184 5422; x_wconf 89' lang='lat' dir='ltr'><strong>tuum.</strong></span> <span class='ocrx_word' id='word_1_489' title='bbox 1221 5366 1300 5418; x_wconf 79' lang='lat' dir='ltr'><strong>An</strong></span> <span class='ocrx_word' id='word_1_490' title='bbox 1333 5362 1557 5429; x_wconf 90' lang='lat' dir='ltr'><strong>aliquam</strong></span> <span class='ocrx_word' id='word_1_491' title='bbox 1587 5355 1886 5411; x_wconf 86' lang='lat' dir='ltr'><strong>distinctio-</strong></span> 
     </span>
    </p>
   </div>
   <div class='ocr_carea' id='block_1_57' title="bbox 317 5447 1883 5535">
    <p class='ocr_par' dir='ltr' id='par_1_57' title="bbox 317 5447 1883 5535">
     <span class='ocr_line' id='line_1_57' title="bbox 317 5447 1883 5535; baseline -0.02 -6"><span class='ocrx_word' id='word_1_492' title='bbox 317 5447 446 5530; x_wconf 72' lang='lat' dir='ltr'><strong>nem</strong></span> <span class='ocrx_word' id='word_1_493' title='bbox 477 5470 628 5526; x_wconf 87' lang='lat' dir='ltr'><strong>nobis</strong></span> <span class='ocrx_word' id='word_1_494' title='bbox 655 5462 1043 5535; x_wconf 77' lang='lat' dir='ltr'><strong>intelligendam</strong></span> <span class='ocrx_word' id='word_1_495' title='bbox 1083 5452 1400 5512; x_wconf 84' lang='lat' dir='ltr'><strong>insinuavit?</strong></span> <span class='ocrx_word' id='word_1_496' title='bbox 1437 5452 1597 5506; x_wconf 89' lang='lat' dir='ltr'><strong>Planc</strong></span> <span class='ocrx_word' id='word_1_497' title='bbox 1616 5489 1629 5511; x_wconf 91' lang='lat'><strong>,</strong></span> <span class='ocrx_word' id='word_1_498' title='bbox 1658 5447 1845 5501; x_wconf 87' lang='lat' dir='ltr'><strong>fratres</strong></span> <span class='ocrx_word' id='word_1_499' title='bbox 1868 5487 1883 5510; x_wconf 93' lang='lat'><strong>,</strong></span> 
     </span>
    </p>
   </div>
   <div class='ocr_carea' id='block_1_58' title="bbox 316 5538 1886 5638">
    <p class='ocr_par' dir='ltr' id='par_1_58' title="bbox 316 5538 1886 5638">
     <span class='ocr_line' id='line_1_58' title="bbox 316 5538 1886 5638; baseline -0.018 -18"><span class='ocrx_word' id='word_1_500' title='bbox 316 5577 452 5638; x_wconf 85' lang='lat' dir='ltr'><strong>puto</strong></span> <span class='ocrx_word' id='word_1_501' title='bbox 475 5579 592 5618; x_wconf 89' lang='lat' dir='ltr'><strong>esse</strong></span> <span class='ocrx_word' id='word_1_502' title='bbox 616 5556 1060 5630; x_wconf 80' lang='lat' dir='ltr'><strong>distinguendum.</strong></span> <span class='ocrx_word' id='word_1_503' title='bbox 1080 5551 1265 5606; x_wconf 87' lang='lat' dir='ltr'><strong>Frater</strong></span> <span class='ocrx_word' id='word_1_504' title='bbox 1287 5547 1536 5601; x_wconf 85' lang='lat' dir='ltr'><strong>adversus</strong></span> <span class='ocrx_word' id='word_1_505' title='bbox 1565 5541 1778 5597; x_wconf 88' lang='lat' dir='ltr'><strong>fratrem</strong></span> <span class='ocrx_word' id='word_1_506' title='bbox 1795 5538 1886 5638; x_wconf 83' lang='lat' dir='ltr'><strong>de-</strong></span> 
     </span>
    </p>
   </div>
   <div class='ocr_carea' id='block_1_59' title="bbox 318 5629 1886 5720">
    <p class='ocr_par' dir='ltr' id='par_1_59' title="bbox 318 5629 1886 5720">
     <span class='ocr_line' id='line_1_59' title="bbox 318 5629 1886 5720; baseline -0.018 -9"><span class='ocrx_word' id='word_1_507' title='bbox 318 5629 486 5711; x_wconf 73' lang='lat' dir='ltr'><strong>lrabit</strong></span> <span class='ocrx_word' id='word_1_508' title='bbox 505 5696 520 5720; x_wconf 93' lang='lat'><strong>,</strong></span> <span class='ocrx_word' id='word_1_509' title='bbox 548 5651 696 5708; x_wconf 87' lang='lat' dir='ltr'><strong>verbi</strong></span> <span class='ocrx_word' id='word_1_510' title='bbox 733 5629 899 5720; x_wconf 81' lang='lat' dir='ltr'><strong>gratia</strong></span> <span class='ocrx_word' id='word_1_511' title='bbox 918 5685 936 5703; x_wconf 87' lang='lat'><strong>.</strong></span> <span class='ocrx_word' id='word_1_512' title='bbox 964 5653 1023 5700; x_wconf 88' lang='lat' dir='ltr'><strong>ut</strong></span> <span class='ocrx_word' id='word_1_513' title='bbox 1057 5651 1179 5712; x_wconf 88' lang='lat' dir='ltr'><strong>puta</strong></span> <span class='ocrx_word' id='word_1_514' title='bbox 1206 5638 1351 5709; x_wconf 83' lang='lat' dir='ltr'><strong>quasi</strong></span> <span class='ocrx_word' id='word_1_515' title='bbox 1381 5637 1558 5689; x_wconf 80' lang='lat' dir='ltr'><strong>firmus</strong></span> <span class='ocrx_word' id='word_1_516' title='bbox 1584 5642 1638 5687; x_wconf 91' lang='lat' dir='ltr'><strong>ct</strong></span> <span class='ocrx_word' id='word_1_517' title='bbox 1667 5629 1886 5698; x_wconf 90' lang='lat' dir='ltr'><strong>alicujus</strong></span> 
     </span>
    </p>
   </div>
   <div class='ocr_carea' id='block_1_60' title="bbox 307 5723 1883 5816">
    <p class='ocr_par' dir='ltr' id='par_1_60' title="bbox 307 5723 1883 5816">
     <span class='ocr_line' id='line_1_60' title="bbox 307 5723 1883 5816; baseline -0.016 -18"><span class='ocrx_word' id='word_1_518' title='bbox 307 5747 429 5816; x_wconf 86' lang='lat' dir='ltr'><strong>jam</strong></span> <span class='ocrx_word' id='word_1_519' title='bbox 471 5743 720 5799; x_wconf 85' lang='lat' dir='ltr'><strong>momenti</strong></span> <span class='ocrx_word' id='word_1_520' title='bbox 762 5741 947 5795; x_wconf 88' lang='lat' dir='ltr'><strong>doctor</strong></span> <span class='ocrx_word' id='word_1_521' title='bbox 973 5746 1024 5790; x_wconf 90' lang='lat' dir='ltr'><strong>et</strong></span> <span class='ocrx_word' id='word_1_522' title='bbox 1052 5738 1270 5796; x_wconf 80' lang='lat' dir='ltr'><strong>doctus,</strong></span> <span class='ocrx_word' id='word_1_523' title='bbox 1311 5725 1539 5784; x_wconf 87' lang='lat' dir='ltr'><strong>detrahit</strong></span> <span class='ocrx_word' id='word_1_524' title='bbox 1565 5723 1708 5778; x_wconf 83' lang='lat' dir='ltr'><strong>fratri</strong></span> <span class='ocrx_word' id='word_1_525' title='bbox 1748 5735 1883 5786; x_wconf 86' lang='lat' dir='ltr'><strong>suo,</strong></span> 
     </span>
    </p>
   </div>
   <div class='ocr_carea' id='block_1_61' title="bbox 392 5861 1544 5932">
    <p class='ocr_par' dir='ltr' id='par_1_61' title="bbox 392 5861 1544 5932">
     <span class='ocr_line' id='line_1_61' title="bbox 392 5861 1544 5932; baseline -0.02 -1"><span class='ocrx_word' id='word_1_526' title='bbox 392 5887 408 5918; x_wconf 75' lang='grc' dir='ltr'><strong>ι</strong></span> <span class='ocrx_word' id='word_1_527' title='bbox 443 5885 518 5931; x_wconf 79' lang='lat' dir='ltr'><strong>sic</strong></span> <span class='ocrx_word' id='word_1_528' title='bbox 536 5888 641 5932; x_wconf 59' lang='grc' dir='ltr'><strong>διεδ.</strong></span> <span class='ocrx_word' id='word_1_529' title='bbox 668 5887 720 5928; x_wconf 75' lang='lat' dir='ltr'><strong>Al</strong></span> <span class='ocrx_word' id='word_1_530' title='bbox 745 5875 876 5930; x_wconf 56' lang='grc' dir='ltr'><strong>ωδ.</strong></span> <span class='ocrx_word' id='word_1_531' title='bbox 899 5885 990 5923; x_wconf 86' lang='lat' dir='ltr'><strong>non</strong></span> <span class='ocrx_word' id='word_1_532' title='bbox 1007 5868 1127 5920; x_wconf 84' lang='lat' dir='ltr'><strong>dicis</strong></span> <span class='ocrx_word' id='word_1_533' title='bbox 1150 5862 1380 5918; x_wconf 78' lang='lat' dir='ltr'><strong>corruisse</strong></span> <span class='ocrx_word' id='word_1_534' title='bbox 1395 5861 1544 5912; x_wconf 86' lang='lat' dir='ltr'><strong>illum.</strong></span> 
     </span>
    </p>
   </div>
   <div class='ocr_carea' id='block_1_62' title="bbox 3455 415 3559 467">
    <p class='ocr_par' dir='ltr' id='par_1_62' title="bbox 3455 415 3559 467">
     <span class='ocr_line' id='line_1_62' title="bbox 3455 415 3559 467; baseline 0 0"><span class='ocrx_word' id='word_1_535' title='bbox 3455 415 3559 467; x_wconf 67' lang='lat'><strong>582</strong></span> 
     </span>
    </p>
   </div>
   <div class='ocr_carea' id='block_1_63' title="bbox 2001 516 3560 580">
    <p class='ocr_par' dir='ltr' id='par_1_63' title="bbox 2001 516 3560 580">
     <span class='ocr_line' id='line_1_63' title="bbox 2001 516 3560 580; baseline 0.007 -13"><span class='ocrx_word' id='word_1_536' title='bbox 2001 518 2132 570; x_wconf 85' lang='lat' dir='ltr'><strong>forte</strong></span> <span class='ocrx_word' id='word_1_537' title='bbox 2153 516 2284 570; x_wconf 87' lang='lat' dir='ltr'><strong>bene</strong></span> <span class='ocrx_word' id='word_1_538' title='bbox 2304 517 2510 572; x_wconf 89' lang='lat' dir='ltr'><strong>docenti</strong></span> <span class='ocrx_word' id='word_1_539' title='bbox 2535 531 2588 574; x_wconf 87' lang='lat' dir='ltr'><strong>et</strong></span> <span class='ocrx_word' id='word_1_540' title='bbox 2618 520 2749 574; x_wconf 87' lang='lat' dir='ltr'><strong>bene</strong></span> <span class='ocrx_word' id='word_1_541' title='bbox 2773 523 3056 576; x_wconf 67' lang='lat' dir='ltr'><strong>ambulanti</strong></span> <span class='ocrx_word' id='word_1_542' title='bbox 3083 540 3093 575; x_wconf 90' lang='lat'>:</span> <span class='ocrx_word' id='word_1_543' title='bbox 3119 535 3200 577; x_wconf 82' lang='lat' dir='ltr'><strong>est</strong></span> <span class='ocrx_word' id='word_1_544' title='bbox 3224 535 3396 580; x_wconf 86' lang='lat' dir='ltr'><strong>autem</strong></span> <span class='ocrx_word' id='word_1_545' title='bbox 3426 529 3560 579; x_wconf 85' lang='lat' dir='ltr'><strong>alius</strong></span> 
     </span>
    </p>
   </div>
   <div class='ocr_carea' id='block_1_64' title="bbox 2000 607 3559 681">
    <p class='ocr_par' dir='ltr' id='par_1_64' title="bbox 2000 607 3559 681">
     <span class='ocr_line' id='line_1_64' title="bbox 2000 607 3559 681; baseline 0.008 -23"><span class='ocrx_word' id='word_1_546' title='bbox 2000 607 2262 672; x_wconf 83' lang='lat' dir='ltr'><strong>infirmus;</strong></span> <span class='ocrx_word' id='word_1_547' title='bbox 2285 609 2537 664; x_wconf 89' lang='lat' dir='ltr'><strong>adversus</strong></span> <span class='ocrx_word' id='word_1_548' title='bbox 2561 611 2704 665; x_wconf 92' lang='lat' dir='ltr'><strong>illum</strong></span> <span class='ocrx_word' id='word_1_549' title='bbox 2733 613 2876 681; x_wconf 87' lang='lat' dir='ltr'><strong>punit</strong></span> <span class='ocrx_word' id='word_1_550' title='bbox 2899 614 3200 668; x_wconf 87' lang='lat' dir='ltr'><strong>scandalum</strong></span> <span class='ocrx_word' id='word_1_551' title='bbox 3235 616 3355 670; x_wconf 83' lang='lat' dir='ltr'><strong>huic</strong></span> <span class='ocrx_word' id='word_1_552' title='bbox 3380 617 3559 671; x_wconf 89' lang='lat' dir='ltr'><strong>detra-</strong></span> 
     </span>
    </p>
   </div>
   <div class='ocr_carea' id='block_1_65' title="bbox 1999 697 3604 777">
    <p class='ocr_par' dir='ltr' id='par_1_65' title="bbox 1999 697 3604 777">
     <span class='ocr_line' id='line_1_65' title="bbox 1999 697 3604 777; baseline 0.009 -28"><span class='ocrx_word' id='word_1_553' title='bbox 1999 697 2190 752; x_wconf 88' lang='lat' dir='ltr'><strong>hendo.</strong></span> <span class='ocrx_word' id='word_1_554' title='bbox 2210 701 2414 756; x_wconf 87' lang='lat' dir='ltr'><strong>Etenim</strong></span> <span class='ocrx_word' id='word_1_555' title='bbox 2440 718 2558 756; x_wconf 92' lang='lat' dir='ltr'><strong>cum</strong></span> <span class='ocrx_word' id='word_1_556' title='bbox 2573 703 2865 759; x_wconf 89' lang='lat' dir='ltr'><strong>detrahitur</strong></span> <span class='ocrx_word' id='word_1_557' title='bbox 2886 701 3038 760; x_wconf 84' lang='lat' dir='ltr'><strong>bonis</strong></span> <span class='ocrx_word' id='word_1_558' title='bbox 3066 709 3133 762; x_wconf 89' lang='lat' dir='ltr'><strong>ab</strong></span> <span class='ocrx_word' id='word_1_559' title='bbox 3159 707 3239 762; x_wconf 91' lang='lat' dir='ltr'><strong>his</strong></span> <span class='ocrx_word' id='word_1_560' title='bbox 3265 711 3352 777; x_wconf 86' lang='lat' dir='ltr'><strong>qui</strong></span> <span class='ocrx_word' id='word_1_561' title='bbox 3371 709 3558 764; x_wconf 86' lang='lat' dir='ltr'><strong>viden-</strong></span> <span class='ocrx_word' id='word_1_562' title='bbox 3601 743 3604 746; x_wconf 81' lang='lat'><strong><em>~</em></strong></span> 
     </span>
    </p>
   </div>
   <div class='ocr_carea' id='block_1_66' title="bbox 1999 791 3556 862">
    <p class='ocr_par' dir='ltr' id='par_1_66' title="bbox 1999 791 3556 862">
     <span class='ocr_line' id='line_1_66' title="bbox 1999 791 3556 862; baseline 0.008 -19"><span class='ocrx_word' id='word_1_563' title='bbox 1999 799 2083 844; x_wconf 91' lang='lat' dir='ltr'><strong>tur</strong></span> <span class='ocrx_word' id='word_1_564' title='bbox 2107 791 2326 862; x_wconf 88' lang='lat' dir='ltr'><strong>alicujus</strong></span> <span class='ocrx_word' id='word_1_565' title='bbox 2353 796 2603 849; x_wconf 89' lang='lat' dir='ltr'><strong>momenti</strong></span> <span class='ocrx_word' id='word_1_566' title='bbox 2629 811 2746 853; x_wconf 85' lang='lat' dir='ltr'><strong>esse</strong></span> <span class='ocrx_word' id='word_1_567' title='bbox 2770 807 2822 851; x_wconf 90' lang='lat' dir='ltr'><strong>et</strong></span> <span class='ocrx_word' id='word_1_568' title='bbox 2847 798 2986 852; x_wconf 87' lang='lat' dir='ltr'><strong>docti</strong></span> <span class='ocrx_word' id='word_1_569' title='bbox 3012 814 3151 858; x_wconf 88' lang='lat' dir='ltr'><strong>esse.</strong></span> <span class='ocrx_word' id='word_1_570' title='bbox 3181 801 3231 854; x_wconf 90' lang='lat' dir='ltr'><strong>in</strong></span> <span class='ocrx_word' id='word_1_571' title='bbox 3255 802 3556 856; x_wconf 88' lang='lat' dir='ltr'><strong>scandalum</strong></span> 
     </span>
    </p>
   </div>
   <div class='ocr_carea' id='block_1_67' title="bbox 1997 883 3595 959">
    <p class='ocr_par' dir='ltr' id='par_1_67' title="bbox 1997 883 3595 959">
     <span class='ocr_line' id='line_1_67' title="bbox 1997 883 3595 959; baseline 0.006 -24"><span class='ocrx_word' id='word_1_572' title='bbox 1997 883 2190 937; x_wconf 88' lang='lat' dir='ltr'><strong>cadunt</strong></span> <span class='ocrx_word' id='word_1_573' title='bbox 2217 885 2406 939; x_wconf 88' lang='lat' dir='ltr'><strong>inlirmi</strong></span> <span class='ocrx_word' id='word_1_574' title='bbox 2450 886 2539 956; x_wconf 94' lang='lat' dir='ltr'><strong>qui</strong></span> <span class='ocrx_word' id='word_1_575' title='bbox 2564 886 2735 942; x_wconf 88' lang='lat' dir='ltr'><strong>adhuc</strong></span> <span class='ocrx_word' id='word_1_576' title='bbox 2779 889 3288 959; x_wconf 84' lang='lat' dir='ltr'><strong>nesciuntjndicare.</strong></span> <span class='ocrx_word' id='word_1_577' title='bbox 3319 890 3442 945; x_wconf 87' lang='lat' dir='ltr'><strong>Ideo</strong></span> <span class='ocrx_word' id='word_1_578' title='bbox 3469 893 3552 945; x_wconf 91' lang='lat' dir='ltr'><strong>in-</strong></span> <span class='ocrx_word' id='word_1_579' title='bbox 3594 953 3595 956; x_wconf 25' lang='grc' dir='ltr'><strong>η</strong></span> 
     </span>
    </p>
   </div>
   <div class='ocr_carea' id='block_1_68' title="bbox 1998 964 3595 1057">
    <p class='ocr_par' dir='ltr' id='par_1_68' title="bbox 1998 964 3595 1057">
     <span class='ocr_line' id='line_1_68' title="bbox 1998 964 3595 1057; baseline 0.008 -32"><span class='ocrx_word' id='word_1_580' title='bbox 1998 971 2178 1027; x_wconf 85' lang='lat' dir='ltr'><strong>firtnus</strong></span> <span class='ocrx_word' id='word_1_581' title='bbox 2209 975 2293 1029; x_wconf 91' lang='lat' dir='ltr'><strong>ille</strong></span> <span class='ocrx_word' id='word_1_582' title='bbox 2318 977 2453 1044; x_wconf 82' lang='lat' dir='ltr'><strong>filius</strong></span> <span class='ocrx_word' id='word_1_583' title='bbox 2479 979 2651 1031; x_wconf 83' lang='lat' dir='ltr'><strong>matris</strong></span> <span class='ocrx_word' id='word_1_584' title='bbox 2675 979 2845 1033; x_wconf 89' lang='lat' dir='ltr'><strong>dictus</strong></span> <span class='ocrx_word' id='word_1_585' title='bbox 2867 990 2966 1044; x_wconf 86' lang='lat' dir='ltr'><strong>est,</strong></span> <span class='ocrx_word' id='word_1_586' title='bbox 2991 981 3222 1034; x_wconf 89' lang='lat' dir='ltr'><strong>nondum</strong></span> <span class='ocrx_word' id='word_1_587' title='bbox 3251 983 3432 1050; x_wconf 87' lang='lat' dir='ltr'><strong>patris,</strong></span> <span class='ocrx_word' id='word_1_588' title='bbox 3458 983 3555 1037; x_wconf 83' lang='lat' dir='ltr'><strong>ad-</strong></span> <span class='ocrx_word' id='word_1_589' title='bbox 3581 964 3595 1057; x_wconf 60' lang='grc' dir='ltr'><strong><em>ί</em></strong></span> 
     </span>
    </p>
   </div>
   <div class='ocr_carea' id='block_1_69' title="bbox 1997 1062 3554 1136">
    <p class='ocr_par' dir='ltr' id='par_1_69' title="bbox 1997 1062 3554 1136">
     <span class='ocr_line' id='line_1_69' title="bbox 1997 1062 3554 1136; baseline 0.006 -20"><span class='ocrx_word' id='word_1_590' title='bbox 1997 1062 2101 1118; x_wconf 88' lang='lat' dir='ltr'><strong>huc</strong></span> <span class='ocrx_word' id='word_1_591' title='bbox 2127 1065 2259 1120; x_wconf 89' lang='lat' dir='ltr'><strong>lacte</strong></span> <span class='ocrx_word' id='word_1_592' title='bbox 2278 1066 2514 1136; x_wconf 86' lang='lat' dir='ltr'><strong>indigens</strong></span> <span class='ocrx_word' id='word_1_593' title='bbox 2533 1079 2589 1123; x_wconf 91' lang='lat' dir='ltr'><strong>et</strong></span> <span class='ocrx_word' id='word_1_594' title='bbox 2615 1069 2859 1124; x_wconf 89' lang='lat' dir='ltr'><strong>uberibus</strong></span> <span class='ocrx_word' id='word_1_595' title='bbox 2883 1073 3178 1127; x_wconf 70' lang='lat' dir='ltr'><strong>adhaerens.</strong></span> <span class='ocrx_word' id='word_1_596' title='bbox 3201 1073 3442 1127; x_wconf 68' lang='lat' dir='ltr'><strong>Portntur</strong></span> <span class='ocrx_word' id='word_1_597' title='bbox 3463 1074 3554 1126; x_wconf 84' lang='lat' dir='ltr'><strong>ad-</strong></span> 
     </span>
    </p>
   </div>
   <div class='ocr_carea' id='block_1_70' title="bbox 1996 1154 3555 1225">
    <p class='ocr_par' dir='ltr' id='par_1_70' title="bbox 1996 1154 3555 1225">
     <span class='ocr_line' id='line_1_70' title="bbox 1996 1154 3555 1225; baseline 0.008 -19"><span class='ocrx_word' id='word_1_598' title='bbox 1996 1154 2099 1210; x_wconf 88' lang='lat' dir='ltr'><strong>huc</strong></span> <span class='ocrx_word' id='word_1_599' title='bbox 2125 1158 2240 1210; x_wconf 93' lang='lat' dir='ltr'><strong>sinu</strong></span> <span class='ocrx_word' id='word_1_600' title='bbox 2268 1161 2447 1214; x_wconf 89' lang='lat' dir='ltr'><strong>matris</strong></span> <span class='ocrx_word' id='word_1_601' title='bbox 2476 1160 2724 1216; x_wconf 72' lang='lat' dir='ltr'><strong>Ecclesiae</strong></span> <span class='ocrx_word' id='word_1_602' title='bbox 2745 1203 2758 1225; x_wconf 92' lang='lat'><strong>,</strong></span> <span class='ocrx_word' id='word_1_603' title='bbox 2796 1177 2898 1216; x_wconf 92' lang='lat' dir='ltr'><strong>non</strong></span> <span class='ocrx_word' id='word_1_604' title='bbox 2927 1164 3067 1216; x_wconf 86' lang='lat' dir='ltr'><strong>valet</strong></span> <span class='ocrx_word' id='word_1_605' title='bbox 3093 1165 3345 1220; x_wconf 87' lang='lat' dir='ltr'><strong>accedere</strong></span> <span class='ocrx_word' id='word_1_606' title='bbox 3374 1167 3438 1219; x_wconf 88' lang='lat' dir='ltr'><strong>ad</strong></span> <span class='ocrx_word' id='word_1_607' title='bbox 3467 1181 3555 1218; x_wconf 86' lang='lat' dir='ltr'><strong>so-</strong></span> 
     </span>
    </p>
   </div>
   <div class='ocr_carea' id='block_1_71' title="bbox 1996 1245 3559 1320">
    <p class='ocr_par' dir='ltr' id='par_1_71' title="bbox 1996 1245 3559 1320">
     <span class='ocr_line' id='line_1_71' title="bbox 1996 1245 3559 1320; baseline 0.008 -22"><span class='ocrx_word' id='word_1_608' title='bbox 1996 1245 2156 1300; x_wconf 89' lang='lat' dir='ltr'><strong>lidum</strong></span> <span class='ocrx_word' id='word_1_609' title='bbox 2187 1249 2358 1302; x_wconf 87' lang='lat' dir='ltr'><strong>cibum</strong></span> <span class='ocrx_word' id='word_1_610' title='bbox 2389 1265 2586 1304; x_wconf 67' lang='lat' dir='ltr'><strong>mensae</strong></span> <span class='ocrx_word' id='word_1_611' title='bbox 2629 1253 2790 1320; x_wconf 88' lang='lat' dir='ltr'><strong>patris</strong></span> <span class='ocrx_word' id='word_1_612' title='bbox 2815 1253 2892 1306; x_wconf 90' lang='lat' dir='ltr'><strong>sui</strong></span> <span class='ocrx_word' id='word_1_613' title='bbox 2914 1295 2928 1315; x_wconf 92' lang='lat'><strong>,</strong></span> <span class='ocrx_word' id='word_1_614' title='bbox 2956 1254 3047 1307; x_wconf 86' lang='lat' dir='ltr'><strong>sed</strong></span> <span class='ocrx_word' id='word_1_615' title='bbox 3075 1255 3140 1308; x_wconf 90' lang='lat' dir='ltr'><strong>de</strong></span> <span class='ocrx_word' id='word_1_616' title='bbox 3171 1257 3330 1311; x_wconf 84' lang='lat' dir='ltr'><strong>ubere</strong></span> <span class='ocrx_word' id='word_1_617' title='bbox 3375 1259 3559 1311; x_wconf 87' lang='lat' dir='ltr'><strong>matris</strong></span> 
     </span>
    </p>
   </div>
   <div class='ocr_carea' id='block_1_72' title="bbox 1996 1338 3556 1414">
    <p class='ocr_par' dir='ltr' id='par_1_72' title="bbox 1996 1338 3556 1414">
     <span class='ocr_line' id='line_1_72' title="bbox 1996 1338 3556 1414; baseline 0.008 -24"><span class='ocrx_word' id='word_1_618' title='bbox 1996 1338 2187 1392; x_wconf 90' lang='lat' dir='ltr'><strong>victum</strong></span> <span class='ocrx_word' id='word_1_619' title='bbox 2217 1341 2392 1404; x_wconf 90' lang='lat' dir='ltr'><strong>trahit,</strong></span> <span class='ocrx_word' id='word_1_620' title='bbox 2421 1341 2631 1410; x_wconf 77' lang='lat' dir='ltr'><strong>ignarus</strong></span> <span class='ocrx_word' id='word_1_621' title='bbox 2657 1342 2945 1409; x_wconf 78' lang='lat' dir='ltr'><strong>jndicandi,</strong></span> <span class='ocrx_word' id='word_1_622' title='bbox 2969 1346 3214 1414; x_wconf 69' lang='lat' dir='ltr'><strong>quioniam</strong></span> <span class='ocrx_word' id='word_1_623' title='bbox 3233 1347 3410 1402; x_wconf 81' lang='lat' dir='ltr'><strong>adhuc</strong></span> <span class='ocrx_word' id='word_1_624' title='bbox 3437 1351 3556 1402; x_wconf 84' lang='lat' dir='ltr'><strong>ani-</strong></span> 
     </span>
    </p>
   </div>
   <div class='ocr_carea' id='block_1_73' title="bbox 1997 1430 3555 1510">
    <p class='ocr_par' dir='ltr' id='par_1_73' title="bbox 1997 1430 3555 1510">
     <span class='ocr_line' id='line_1_73' title="bbox 1997 1430 3555 1510; baseline 0.008 -30"><span class='ocrx_word' id='word_1_625' title='bbox 1997 1430 2146 1483; x_wconf 84' lang='lat' dir='ltr'><strong>malis</strong></span> <span class='ocrx_word' id='word_1_626' title='bbox 2183 1441 2339 1500; x_wconf 85' lang='lat' dir='ltr'><strong>alque</strong></span> <span class='ocrx_word' id='word_1_627' title='bbox 2375 1434 2600 1486; x_wconf 88' lang='lat' dir='ltr'><strong>carnalis</strong></span> <span class='ocrx_word' id='word_1_628' title='bbox 2630 1446 2729 1486; x_wconf 89' lang='lat' dir='ltr'><strong>est.</strong></span> <span class='ocrx_word' id='word_1_629' title='bbox 2761 1435 3051 1500; x_wconf 83' lang='lat' dir='ltr'><strong>Spiritualis</strong></span> <span class='ocrx_word' id='word_1_630' title='bbox 3072 1439 3200 1489; x_wconf 87' lang='lat' dir='ltr'><strong>enim</strong></span> <span class='ocrx_word' id='word_1_631' title='bbox 3227 1440 3393 1491; x_wconf 87' lang='lat' dir='ltr'><strong>omnia</strong></span> <span class='ocrx_word' id='word_1_632' title='bbox 3419 1441 3555 1510; x_wconf 84' lang='lat' dir='ltr'><strong>diju-</strong></span> 
     </span>
    </p>
   </div>
   <div class='ocr_carea' id='block_1_74' title="bbox 1995 1521 3556 1599">
    <p class='ocr_par' dir='ltr' id='par_1_74' title="bbox 1995 1521 3556 1599">
     <span class='ocr_line' id='line_1_74' title="bbox 1995 1521 3556 1599; baseline 0.01 -28"><span class='ocrx_word' id='word_1_633' title='bbox 1995 1521 2165 1586; x_wconf 82' lang='lat' dir='ltr'><strong>dicat;</strong></span> <span class='ocrx_word' id='word_1_634' title='bbox 2194 1522 2426 1577; x_wconf 82' lang='lat' dir='ltr'><strong>animalis</strong></span> <span class='ocrx_word' id='word_1_635' title='bbox 2454 1536 2617 1578; x_wconf 88' lang='lat' dir='ltr'><strong>atttem</strong></span> <span class='ocrx_word' id='word_1_636' title='bbox 2648 1527 2795 1579; x_wconf 85' lang='lat' dir='ltr'><strong>homo</strong></span> <span class='ocrx_word' id='word_1_637' title='bbox 2833 1544 2931 1580; x_wconf 87' lang='lat' dir='ltr'><strong>non</strong></span> <span class='ocrx_word' id='word_1_638' title='bbox 2977 1531 3112 1597; x_wconf 79' lang='lat' dir='ltr'><strong>perri</strong></span> <span class='ocrx_word' id='word_1_639' title='bbox 3117 1532 3185 1597; x_wconf 77' lang='lat' dir='ltr'><strong>pit</strong></span> <span class='ocrx_word' id='word_1_640' title='bbox 3212 1549 3267 1584; x_wconf 89' lang='lat' dir='ltr'><strong>ea</strong></span> <span class='ocrx_word' id='word_1_641' title='bbox 3296 1549 3406 1599; x_wconf 81' lang='lat' dir='ltr'><strong>qua:</strong></span> <span class='ocrx_word' id='word_1_642' title='bbox 3443 1544 3556 1586; x_wconf 78' lang='lat' dir='ltr'><strong>sunt</strong></span> 
     </span>
    </p>
   </div>
   <div class='ocr_carea' id='block_1_75' title="bbox 1997 1614 3554 1696">
    <p class='ocr_par' dir='ltr' id='par_1_75' title="bbox 1997 1614 3554 1696">
     <span class='ocr_line' id='line_1_75' title="bbox 1997 1614 3554 1696; baseline 0.007 -29"><span class='ocrx_word' id='word_1_643' title='bbox 1997 1614 2218 1681; x_wconf 82' lang='lat' dir='ltr'><strong>Spiritus</strong></span> <span class='ocrx_word' id='word_1_644' title='bbox 2243 1614 2355 1679; x_wconf 86' lang='lat' dir='ltr'><strong>Dei,</strong></span> <span class='ocrx_word' id='word_1_645' title='bbox 2375 1619 2608 1683; x_wconf 86' lang='lat' dir='ltr'><strong>quoniam</strong></span> <span class='ocrx_word' id='word_1_646' title='bbox 2629 1619 2838 1671; x_wconf 83' lang='lat' dir='ltr'><strong>stultitia</strong></span> <span class='ocrx_word' id='word_1_647' title='bbox 2862 1633 2931 1674; x_wconf 87' lang='lat' dir='ltr'><strong>est</strong></span> <span class='ocrx_word' id='word_1_648' title='bbox 2955 1623 3030 1674; x_wconf 86' lang='lat' dir='ltr'><strong>illi</strong></span> <span class='ocrx_word' id='word_1_649' title='bbox 3056 1623 3095 1694; x_wconf 93' lang='lat' dir='ltr'><strong>(l</strong></span> <span class='ocrx_word' id='word_1_650' title='bbox 3125 1623 3238 1676; x_wconf 85' lang='lat' dir='ltr'><strong>Cor.</strong></span> <span class='ocrx_word' id='word_1_651' title='bbox 3259 1640 3314 1688; x_wconf 87' lang='grc' dir='ltr'><strong>ιι,</strong></span> <span class='ocrx_word' id='word_1_652' title='bbox 3338 1626 3420 1691; x_wconf 77' lang='grc'><strong>15,</strong></span> <span class='ocrx_word' id='word_1_653' title='bbox 3445 1628 3554 1696; x_wconf 70' lang='grc' dir='ltr'>Μ).</span> 
     </span>
    </p>
   </div>
   <div class='ocr_carea' id='block_1_76' title="bbox 1997 1705 3559 1788">
    <p class='ocr_par' dir='ltr' id='par_1_76' title="bbox 1997 1705 3559 1788">
     <span class='ocr_line' id='line_1_76' title="bbox 1997 1705 3559 1788; baseline 0.009 -30"><span class='ocrx_word' id='word_1_654' title='bbox 1997 1705 2208 1759; x_wconf 87' lang='lat' dir='ltr'><strong>Talibus</strong></span> <span class='ocrx_word' id='word_1_655' title='bbox 2237 1707 2360 1762; x_wconf 87' lang='lat' dir='ltr'><strong>dicit</strong></span> <span class='ocrx_word' id='word_1_656' title='bbox 2392 1709 2672 1776; x_wconf 78' lang='lat' dir='ltr'><strong>Apostolus</strong></span> <span class='ocrx_word' id='word_1_657' title='bbox 2705 1729 2717 1761; x_wconf 95' lang='lat'>:</span> <span class='ocrx_word' id='word_1_658' title='bbox 2756 1711 2872 1766; x_wconf 84' lang='lat' dir='ltr'><strong>Non</strong></span> <span class='ocrx_word' id='word_1_659' title='bbox 2914 1717 3052 1783; x_wconf 83' lang='lat' dir='ltr'><strong>potui</strong></span> <span class='ocrx_word' id='word_1_660' title='bbox 3091 1717 3228 1785; x_wconf 84' lang='lat' dir='ltr'><strong>loqui</strong></span> <span class='ocrx_word' id='word_1_661' title='bbox 3257 1719 3389 1770; x_wconf 86' lang='lat' dir='ltr'><strong>vobis</strong></span> <span class='ocrx_word' id='word_1_662' title='bbox 3415 1721 3559 1788; x_wconf 70' lang='lat' dir='ltr'><strong>quasi</strong></span> 
     </span>
    </p>
   </div>
   <div class='ocr_carea' id='block_1_77' title="bbox 1993 1796 3557 1874">
    <p class='ocr_par' dir='ltr' id='par_1_77' title="bbox 1993 1796 3557 1874">
     <span class='ocr_line' id='line_1_77' title="bbox 1993 1796 3557 1874; baseline 0.009 -26"><span class='ocrx_word' id='word_1_663' title='bbox 1993 1796 2334 1864; x_wconf 86' lang='lat' dir='ltr'><strong>spirituulibus</strong></span> <span class='ocrx_word' id='word_1_664' title='bbox 2355 1840 2367 1862; x_wconf 95' lang='lat'><strong>,</strong></span> <span class='ocrx_word' id='word_1_665' title='bbox 2411 1802 2498 1852; x_wconf 85' lang='lat' dir='ltr'><strong>scd</strong></span> <span class='ocrx_word' id='word_1_666' title='bbox 2527 1802 2670 1866; x_wconf 87' lang='lat' dir='ltr'><strong>quasi</strong></span> <span class='ocrx_word' id='word_1_667' title='bbox 2710 1804 2993 1857; x_wconf 83' lang='lat' dir='ltr'><strong>carnalibus</strong></span> <span class='ocrx_word' id='word_1_668' title='bbox 3022 1822 3039 1858; x_wconf 93' lang='lat'><strong><em>:</em></strong></span> <span class='ocrx_word' id='word_1_669' title='bbox 3073 1816 3307 1874; x_wconf 83' lang='lat' dir='ltr'><strong>tanquam</strong></span> <span class='ocrx_word' id='word_1_670' title='bbox 3338 1811 3557 1872; x_wconf 85' lang='lat' dir='ltr'><strong>parvulis</strong></span> 
     </span>
    </p>
   </div>
   <div class='ocr_carea' id='block_1_78' title="bbox 1995 1885 3557 1963">
    <p class='ocr_par' dir='ltr' id='par_1_78' title="bbox 1995 1885 3557 1963">
     <span class='ocr_line' id='line_1_78' title="bbox 1995 1885 3557 1963; baseline 0.008 -26"><span class='ocrx_word' id='word_1_671' title='bbox 1995 1887 2046 1938; x_wconf 89' lang='lat' dir='ltr'><strong>in</strong></span> <span class='ocrx_word' id='word_1_672' title='bbox 2068 1885 2263 1940; x_wconf 81' lang='lat' dir='ltr'><strong>Christo</strong></span> <span class='ocrx_word' id='word_1_673' title='bbox 2294 1887 2372 1940; x_wconf 85' lang='lat' dir='ltr'><strong>lac</strong></span> <span class='ocrx_word' id='word_1_674' title='bbox 2401 1890 2534 1942; x_wconf 86' lang='lat' dir='ltr'><strong>vobis</strong></span> <span class='ocrx_word' id='word_1_675' title='bbox 2561 1900 2730 1959; x_wconf 78' lang='lat' dir='ltr'><strong>polum</strong></span> <span class='ocrx_word' id='word_1_676' title='bbox 2756 1893 2888 1956; x_wconf 84' lang='lat' dir='ltr'><strong>dedi,</strong></span> <span class='ocrx_word' id='word_1_677' title='bbox 2910 1911 3006 1947; x_wconf 88' lang='lat' dir='ltr'><strong>non</strong></span> <span class='ocrx_word' id='word_1_678' title='bbox 3035 1912 3193 1947; x_wconf 83' lang='lat' dir='ltr'><strong>escam</strong></span> <span class='ocrx_word' id='word_1_679' title='bbox 3211 1913 3228 1957; x_wconf 87' lang='lat'><strong><em>;</em></strong></span> <span class='ocrx_word' id='word_1_680' title='bbox 3249 1914 3406 1963; x_wconf 84' lang='lat' dir='ltr'><strong>neque</strong></span> <span class='ocrx_word' id='word_1_681' title='bbox 3426 1899 3557 1950; x_wconf 85' lang='lat' dir='ltr'><strong>enim</strong></span> 
     </span>
    </p>
   </div>
   <div class='ocr_carea' id='block_1_79' title="bbox 1953 1979 3556 2059">
    <p class='ocr_par' dir='ltr' id='par_1_79' title="bbox 1953 1979 3556 2059">
     <span class='ocr_line' id='line_1_79' title="bbox 1953 1979 3556 2059; baseline 0.007 -28"><span class='ocrx_word' id='word_1_682' title='bbox 1953 2012 1964 2031; x_wconf 69' lang='grc' dir='ltr'><strong>ι</strong></span> <span class='ocrx_word' id='word_1_683' title='bbox 1995 1979 2250 2046; x_wconf 81' lang='lat' dir='ltr'><strong>poteratis,</strong></span> <span class='ocrx_word' id='word_1_684' title='bbox 2279 1979 2366 2032; x_wconf 84' lang='lat' dir='ltr'><strong>sed</strong></span> <span class='ocrx_word' id='word_1_685' title='bbox 2393 1996 2480 2033; x_wconf 89' lang='lat' dir='ltr'><strong>nec</strong></span> <span class='ocrx_word' id='word_1_686' title='bbox 2505 1983 2670 2034; x_wconf 87' lang='lat' dir='ltr'><strong>adlmc</strong></span> <span class='ocrx_word' id='word_1_687' title='bbox 2692 1985 2888 2052; x_wconf 86' lang='lat' dir='ltr'><strong>quidem</strong></span> <span class='ocrx_word' id='word_1_688' title='bbox 2919 1988 3116 2052; x_wconf 84' lang='lat' dir='ltr'><strong>potestis</strong></span> <span class='ocrx_word' id='word_1_689' title='bbox 3148 1986 3252 2058; x_wconf 91' lang='lat' dir='ltr'><strong>(ld.</strong></span> <span class='ocrx_word' id='word_1_690' title='bbox 3286 2004 3361 2051; x_wconf 88' lang='lat' dir='ltr'><strong>In,</strong></span> <span class='ocrx_word' id='word_1_691' title='bbox 3396 1991 3447 2054; x_wconf 82' lang='grc'><strong>1,</strong></span> <span class='ocrx_word' id='word_1_692' title='bbox 3476 1989 3556 2059; x_wconf 69' lang='lat'><strong>9.).</strong></span> 
     </span>
    </p>
   </div>
   <div class='ocr_carea' id='block_1_80' title="bbox 1995 2069 3560 2143">
    <p class='ocr_par' dir='ltr' id='par_1_80' title="bbox 1995 2069 3560 2143">
     <span class='ocr_line' id='line_1_80' title="bbox 1995 2069 3560 2143; baseline 0.008 -21"><span class='ocrx_word' id='word_1_693' title='bbox 1995 2069 2160 2123; x_wconf 84' lang='lat' dir='ltr'><strong>Mater</strong></span> <span class='ocrx_word' id='word_1_694' title='bbox 2186 2071 2332 2124; x_wconf 84' lang='lat' dir='ltr'><strong>vobis</strong></span> <span class='ocrx_word' id='word_1_695' title='bbox 2363 2072 2430 2125; x_wconf 91' lang='lat' dir='ltr'><strong>fui</strong></span> <span class='ocrx_word' id='word_1_696' title='bbox 2466 2090 2478 2123; x_wconf 86' lang='lat'><strong><em>:</em></strong></span> <span class='ocrx_word' id='word_1_697' title='bbox 2511 2075 2774 2141; x_wconf 86' lang='lat' dir='ltr'><strong>quomodo</strong></span> <span class='ocrx_word' id='word_1_698' title='bbox 2801 2077 2988 2129; x_wconf 82' lang='lat' dir='ltr'><strong>dlClllll‘</strong></span> <span class='ocrx_word' id='word_1_699' title='bbox 3027 2079 3130 2130; x_wconf 88' lang='lat' dir='ltr'><strong>alio</strong></span> <span class='ocrx_word' id='word_1_700' title='bbox 3173 2080 3321 2143; x_wconf 88' lang='lat' dir='ltr'><strong>loco,</strong></span> <span class='ocrx_word' id='word_1_701' title='bbox 3373 2079 3560 2134; x_wconf 81' lang='lat' dir='ltr'><strong>Factus</strong></span> 
     </span>
    </p>
   </div>
   <div class='ocr_carea' id='block_1_81' title="bbox 1994 2163 3560 2239">
    <p class='ocr_par' dir='ltr' id='par_1_81' title="bbox 1994 2163 3560 2239">
     <span class='ocr_line' id='line_1_81' title="bbox 1994 2163 3560 2239; baseline 0.006 -26"><span class='ocrx_word' id='word_1_702' title='bbox 1994 2177 2105 2213; x_wconf 84' lang='lat' dir='ltr'><strong>sum</strong></span> <span class='ocrx_word' id='word_1_703' title='bbox 2131 2164 2365 2228; x_wconf 78' lang='lat' dir='ltr'><strong>parvulus</strong></span> <span class='ocrx_word' id='word_1_704' title='bbox 2389 2163 2439 2214; x_wconf 87' lang='lat' dir='ltr'><strong>in</strong></span> <span class='ocrx_word' id='word_1_705' title='bbox 2471 2164 2632 2217; x_wconf 86' lang='lat' dir='ltr'><strong>medio</strong></span> <span class='ocrx_word' id='word_1_706' title='bbox 2657 2175 2869 2226; x_wconf 71' lang='lat' dir='ltr'><strong>vestrum</strong></span> <span class='ocrx_word' id='word_1_707' title='bbox 2889 2208 2902 2231; x_wconf 92' lang='lat'><strong>,</strong></span> <span class='ocrx_word' id='word_1_708' title='bbox 2933 2177 3166 2236; x_wconf 85' lang='lat' dir='ltr'><strong>tanquam</strong></span> <span class='ocrx_word' id='word_1_709' title='bbox 3191 2172 3364 2224; x_wconf 76' lang='lat' dir='ltr'><strong>nutrix</strong></span> <span class='ocrx_word' id='word_1_710' title='bbox 3392 2171 3560 2239; x_wconf 73' lang='lat' dir='ltr'><strong>fore-ns</strong></span> 
     </span>
    </p>
   </div>
   <div class='ocr_carea' id='block_1_82' title="bbox 1996 2255 3560 2327">
    <p class='ocr_par' dir='ltr' id='par_1_82' title="bbox 1996 2255 3560 2327">
     <span class='ocr_line' id='line_1_82' title="bbox 1996 2255 3560 2327; baseline 0.006 -19"><span class='ocrx_word' id='word_1_711' title='bbox 1996 2255 2126 2322; x_wconf 81' lang='lat' dir='ltr'><strong>ﬁlios</strong></span> <span class='ocrx_word' id='word_1_712' title='bbox 2154 2272 2269 2308; x_wconf 90' lang='lat' dir='ltr'><strong>suos</strong></span> <span class='ocrx_word' id='word_1_713' title='bbox 2298 2257 2335 2325; x_wconf 91' lang='lat' dir='ltr'><strong>(l</strong></span> <span class='ocrx_word' id='word_1_714' title='bbox 2368 2255 2544 2309; x_wconf 85' lang='lat' dir='ltr'><strong>Thess.</strong></span> <span class='ocrx_word' id='word_1_715' title='bbox 2592 2272 2629 2310; x_wconf 89' lang='grc' dir='ltr'><strong>ιι</strong></span> <span class='ocrx_word' id='word_1_716' title='bbox 2652 2298 2664 2319; x_wconf 85' lang='grc'><em>,</em></span> <span class='ocrx_word' id='word_1_717' title='bbox 2696 2255 2769 2327; x_wconf 83' lang='lat'><strong>7).</strong></span> <span class='ocrx_word' id='word_1_718' title='bbox 2803 2259 2912 2312; x_wconf 79' lang='lat' dir='ltr'><strong>Non</strong></span> <span class='ocrx_word' id='word_1_719' title='bbox 2945 2261 3116 2313; x_wconf 73' lang='lat' dir='ltr'><strong>nutrix</strong></span> <span class='ocrx_word' id='word_1_720' title='bbox 3162 2262 3398 2315; x_wconf 89' lang='lat' dir='ltr'><strong>nutriens</strong></span> <span class='ocrx_word' id='word_1_721' title='bbox 3427 2265 3560 2317; x_wconf 85' lang='lat' dir='ltr'><strong>filios</strong></span> 
     </span>
    </p>
   </div>
   <div class='ocr_carea' id='block_1_83' title="bbox 1995 2347 3558 2410">
    <p class='ocr_par' dir='ltr' id='par_1_83' title="bbox 1995 2347 3558 2410">
     <span class='ocr_line' id='line_1_83' title="bbox 1995 2347 3558 2410; baseline 0.005 -11"><span class='ocrx_word' id='word_1_722' title='bbox 1995 2347 2196 2400; x_wconf 85' lang='lat' dir='ltr'><strong>alienos</strong></span> <span class='ocrx_word' id='word_1_723' title='bbox 2215 2389 2228 2410; x_wconf 95' lang='lat'><strong>,</strong></span> <span class='ocrx_word' id='word_1_724' title='bbox 2257 2348 2348 2400; x_wconf 89' lang='lat' dir='ltr'><strong>sed</strong></span> <span class='ocrx_word' id='word_1_725' title='bbox 2377 2348 2551 2400; x_wconf 79' lang='lat' dir='ltr'><strong>initrix</strong></span> <span class='ocrx_word' id='word_1_726' title='bbox 2584 2348 2762 2402; x_wconf 89' lang='lat' dir='ltr'><strong>fovens</strong></span> <span class='ocrx_word' id='word_1_727' title='bbox 2790 2351 2924 2403; x_wconf 81' lang='lat' dir='ltr'><strong>filios</strong></span> <span class='ocrx_word' id='word_1_728' title='bbox 2948 2366 3091 2405; x_wconf 90' lang='lat' dir='ltr'><strong>suos.</strong></span> <span class='ocrx_word' id='word_1_729' title='bbox 3122 2353 3255 2406; x_wconf 82' lang='lat' dir='ltr'><strong>Sunt</strong></span> <span class='ocrx_word' id='word_1_730' title='bbox 3279 2354 3417 2406; x_wconf 91' lang='lat' dir='ltr'><strong>enim</strong></span> <span class='ocrx_word' id='word_1_731' title='bbox 3446 2371 3558 2408; x_wconf 79' lang='lat' dir='ltr'><strong>ina-</strong></span> 
     </span>
    </p>
   </div>
   <div class='ocr_carea' id='block_1_84' title="bbox 1999 2440 3561 2514">
    <p class='ocr_par' dir='ltr' id='par_1_84' title="bbox 1999 2440 3561 2514">
     <span class='ocr_line' id='line_1_84' title="bbox 1999 2440 3561 2514; baseline 0.006 -24"><span class='ocrx_word' id='word_1_732' title='bbox 1999 2444 2105 2490; x_wconf 89' lang='lat' dir='ltr'><strong>tres</strong></span> <span class='ocrx_word' id='word_1_733' title='bbox 2131 2452 2248 2506; x_wconf 75' lang='lat' dir='ltr'><strong>qtae</strong></span> <span class='ocrx_word' id='word_1_734' title='bbox 2273 2453 2390 2490; x_wconf 87' lang='lat' dir='ltr'><strong>cum</strong></span> <span class='ocrx_word' id='word_1_735' title='bbox 2424 2441 2752 2506; x_wconf 70' lang='lat' dir='ltr'><strong>peperci-int,</strong></span> <span class='ocrx_word' id='word_1_736' title='bbox 2801 2440 2925 2493; x_wconf 89' lang='lat' dir='ltr'><strong>dant</strong></span> <span class='ocrx_word' id='word_1_737' title='bbox 2949 2442 3240 2496; x_wconf 84' lang='lat' dir='ltr'><strong>nutricibus</strong></span> <span class='ocrx_word' id='word_1_738' title='bbox 3272 2461 3284 2494; x_wconf 88' lang='lat'><strong>:</strong></span> <span class='ocrx_word' id='word_1_739' title='bbox 3319 2445 3420 2498; x_wconf 69' lang='lat' dir='ltr'><strong>illa:</strong></span> <span class='ocrx_word' id='word_1_740' title='bbox 3445 2462 3561 2514; x_wconf 70' lang='lat' dir='ltr'><strong>qua:</strong></span> 
     </span>
    </p>
   </div>
   <div class='ocr_carea' id='block_1_85' title="bbox 1997 2530 3562 2602">
    <p class='ocr_par' dir='ltr' id='par_1_85' title="bbox 1997 2530 3562 2602">
     <span class='ocr_line' id='line_1_85' title="bbox 1997 2530 3562 2602; baseline 0.01 -26"><span class='ocrx_word' id='word_1_741' title='bbox 1997 2541 2348 2597; x_wconf 84' lang='lat' dir='ltr'><strong>pepererunt,</strong></span> <span class='ocrx_word' id='word_1_742' title='bbox 2383 2547 2484 2584; x_wconf 90' lang='lat' dir='ltr'><strong>non</strong></span> <span class='ocrx_word' id='word_1_743' title='bbox 2531 2530 2710 2586; x_wconf 74' lang='lat' dir='ltr'><strong>fov&#39;cnt</strong></span> <span class='ocrx_word' id='word_1_744' title='bbox 2748 2533 2884 2588; x_wconf 79' lang='lat' dir='ltr'><strong>filios</strong></span> <span class='ocrx_word' id='word_1_745' title='bbox 2913 2550 3071 2599; x_wconf 90' lang='lat' dir='ltr'><strong>suos,</strong></span> <span class='ocrx_word' id='word_1_746' title='bbox 3103 2536 3223 2602; x_wconf 89' lang='lat' dir='ltr'><strong>quia</strong></span> <span class='ocrx_word' id='word_1_747' title='bbox 3257 2539 3562 2594; x_wconf 84' lang='lat' dir='ltr'><strong>nutriendus</strong></span> 
     </span>
    </p>
   </div>
   <div class='ocr_carea' id='block_1_86' title="bbox 1995 2621 3559 2692">
    <p class='ocr_par' dir='ltr' id='par_1_86' title="bbox 1995 2621 3559 2692">
     <span class='ocr_line' id='line_1_86' title="bbox 1995 2621 3559 2692; baseline 0.005 -17"><span class='ocrx_word' id='word_1_748' title='bbox 1995 2621 2282 2687; x_wconf 84' lang='lat' dir='ltr'><strong>dederunt;</strong></span> <span class='ocrx_word' id='word_1_749' title='bbox 2310 2624 2409 2676; x_wconf 72' lang='lat' dir='ltr'><strong>illa:</strong></span> <span class='ocrx_word' id='word_1_750' title='bbox 2430 2633 2603 2677; x_wconf 88' lang='lat' dir='ltr'><strong>autem</strong></span> <span class='ocrx_word' id='word_1_751' title='bbox 2622 2640 2740 2692; x_wconf 70' lang='lat' dir='ltr'><strong>qum</strong></span> <span class='ocrx_word' id='word_1_752' title='bbox 2769 2626 2964 2689; x_wconf 68' lang='lat' dir='ltr'><strong>fovent,</strong></span> <span class='ocrx_word' id='word_1_753' title='bbox 2983 2643 3082 2679; x_wconf 83' lang='lat' dir='ltr'><strong>non</strong></span> <span class='ocrx_word' id='word_1_754' title='bbox 3113 2643 3237 2681; x_wconf 82' lang='lat' dir='ltr'><strong>suos</strong></span> <span class='ocrx_word' id='word_1_755' title='bbox 3259 2630 3450 2688; x_wconf 80' lang='lat' dir='ltr'><strong>fovent.</strong></span> <span class='ocrx_word' id='word_1_756' title='bbox 3469 2631 3559 2684; x_wconf 86' lang='lat' dir='ltr'><strong>sed</strong></span> 
     </span>
    </p>
   </div>
   <div class='ocr_carea' id='block_1_87' title="bbox 1996 2714 3560 2786">
    <p class='ocr_par' dir='ltr' id='par_1_87' title="bbox 1996 2714 3560 2786">
     <span class='ocr_line' id='line_1_87' title="bbox 1996 2714 3560 2786; baseline 0.004 -18"><span class='ocrx_word' id='word_1_757' title='bbox 1996 2715 2221 2768; x_wconf 86' lang='lat' dir='ltr'><strong>alienos:</strong></span> <span class='ocrx_word' id='word_1_758' title='bbox 2240 2714 2334 2769; x_wconf 89' lang='lat' dir='ltr'><strong>iste</strong></span> <span class='ocrx_word' id='word_1_759' title='bbox 2352 2715 2474 2768; x_wconf 80' lang='lat' dir='ltr'><strong>vero</strong></span> <span class='ocrx_word' id='word_1_760' title='bbox 2493 2717 2603 2784; x_wconf 88' lang='lat' dir='ltr'><strong>ipse</strong></span> <span class='ocrx_word' id='word_1_761' title='bbox 2624 2728 2915 2786; x_wconf 84' lang='lat' dir='ltr'><strong>pepererat,</strong></span> <span class='ocrx_word' id='word_1_762' title='bbox 2939 2719 3046 2786; x_wconf 87' lang='lat' dir='ltr'><strong>ipse</strong></span> <span class='ocrx_word' id='word_1_763' title='bbox 3065 2719 3291 2784; x_wconf 84' lang='lat' dir='ltr'><strong>fovebat,</strong></span> <span class='ocrx_word' id='word_1_764' title='bbox 3315 2723 3438 2775; x_wconf 90' lang='lat' dir='ltr'><strong>nulli</strong></span> <span class='ocrx_word' id='word_1_765' title='bbox 3462 2739 3560 2775; x_wconf 89' lang='lat' dir='ltr'><strong>nu—</strong></span> 
     </span>
    </p>
   </div>
   <div class='ocr_carea' id='block_1_88' title="bbox 1998 2808 3561 2882">
    <p class='ocr_par' dir='ltr' id='par_1_88' title="bbox 1998 2808 3561 2882">
     <span class='ocr_line' id='line_1_88' title="bbox 1998 2808 3561 2882; baseline 0.004 -20"><span class='ocrx_word' id='word_1_766' title='bbox 1998 2808 2110 2862; x_wconf 89' lang='lat' dir='ltr'><strong>trici</strong></span> <span class='ocrx_word' id='word_1_767' title='bbox 2127 2824 2280 2878; x_wconf 89' lang='lat' dir='ltr'><strong>quem</strong></span> <span class='ocrx_word' id='word_1_768' title='bbox 2303 2821 2576 2876; x_wconf 78' lang='lat' dir='ltr'><strong>pepererat</strong></span> <span class='ocrx_word' id='word_1_769' title='bbox 2595 2811 2947 2864; x_wconf 89' lang='lat' dir='ltr'><strong>committebat</strong></span> <span class='ocrx_word' id='word_1_770' title='bbox 2969 2828 2982 2874; x_wconf 87' lang='lat'><strong>;</strong></span> <span class='ocrx_word' id='word_1_771' title='bbox 3004 2811 3209 2866; x_wconf 78' lang='lat' dir='ltr'><strong>dixerat</strong></span> <span class='ocrx_word' id='word_1_772' title='bbox 3235 2815 3396 2880; x_wconf 87' lang='lat' dir='ltr'><strong>enim,</strong></span> <span class='ocrx_word' id='word_1_773' title='bbox 3424 2819 3561 2882; x_wconf 78' lang='lat' dir='ltr'><strong>Quos</strong></span> 
     </span>
    </p>
   </div>
   <div class='ocr_carea' id='block_1_89' title="bbox 2000 2902 3559 2979">
    <p class='ocr_par' dir='ltr' id='par_1_89' title="bbox 2000 2902 3559 2979">
     <span class='ocr_line' id='line_1_89' title="bbox 2000 2902 3559 2979; baseline 0.004 -26"><span class='ocrx_word' id='word_1_774' title='bbox 2000 2902 2174 2953; x_wconf 88' lang='lat' dir='ltr'><strong>iterum</strong></span> <span class='ocrx_word' id='word_1_775' title='bbox 2204 2902 2450 2970; x_wconf 87' lang='lat' dir='ltr'><strong>parturio,</strong></span> <span class='ocrx_word' id='word_1_776' title='bbox 2479 2902 2635 2955; x_wconf 88' lang='lat' dir='ltr'><strong>donec</strong></span> <span class='ocrx_word' id='word_1_777' title='bbox 2665 2902 2892 2957; x_wconf 83' lang='lat' dir='ltr'><strong>Christus</strong></span> <span class='ocrx_word' id='word_1_778' title='bbox 2914 2905 3158 2972; x_wconf 73' lang='lat' dir='ltr'><strong>formetur:</strong></span> <span class='ocrx_word' id='word_1_779' title='bbox 3180 2906 3230 2958; x_wconf 87' lang='lat' dir='ltr'><strong>in</strong></span> <span class='ocrx_word' id='word_1_780' title='bbox 3257 2907 3388 2960; x_wconf 85' lang='lat' dir='ltr'><strong>vobis</strong></span> <span class='ocrx_word' id='word_1_781' title='bbox 3417 2909 3559 2979; x_wconf 72' lang='lat' dir='ltr'><strong>(Gul.</strong></span> 
     </span>
    </p>
   </div>
   <div class='ocr_carea' id='block_1_90' title="bbox 1998 2993 3562 3068">
    <p class='ocr_par' dir='ltr' id='par_1_90' title="bbox 1998 2993 3562 3068">
     <span class='ocr_line' id='line_1_90' title="bbox 1998 2993 3562 3068; baseline 0.003 -21"><span class='ocrx_word' id='word_1_782' title='bbox 1998 3010 2068 3054; x_wconf 86' lang='lat' dir='ltr'><strong>tv,</strong></span> <span class='ocrx_word' id='word_1_783' title='bbox 2102 2993 2208 3062; x_wconf 75' lang='grc'>19).</span> <span class='ocrx_word' id='word_1_784' title='bbox 2239 2993 2470 3048; x_wconf 88' lang='lat' dir='ltr'><strong>Fovebat</strong></span> <span class='ocrx_word' id='word_1_785' title='bbox 2492 3009 2641 3064; x_wconf 78' lang='lat' dir='ltr'><strong>ergo,</strong></span> <span class='ocrx_word' id='word_1_786' title='bbox 2664 3005 2717 3048; x_wconf 94' lang='lat' dir='ltr'><strong>et</strong></span> <span class='ocrx_word' id='word_1_787' title='bbox 2742 2995 2985 3048; x_wconf 85' lang='lat' dir='ltr'><strong>iactabat.</strong></span> <span class='ocrx_word' id='word_1_788' title='bbox 3034 2997 3195 3050; x_wconf 82' lang='lat' dir='ltr'><strong>Erant</strong></span> <span class='ocrx_word' id='word_1_789' title='bbox 3235 3009 3408 3052; x_wconf 89' lang='lat' dir='ltr'><strong>autem</strong></span> <span class='ocrx_word' id='word_1_790' title='bbox 3443 3006 3562 3068; x_wconf 86' lang='lat' dir='ltr'><strong>qni-</strong></span> 
     </span>
    </p>
   </div>
   <div class='ocr_carea' id='block_1_91' title="bbox 1995 3083 3560 3154">
    <p class='ocr_par' dir='ltr' id='par_1_91' title="bbox 1995 3083 3560 3154">
     <span class='ocr_line' id='line_1_91' title="bbox 1995 3083 3560 3154; baseline 0.003 -17"><span class='ocrx_word' id='word_1_791' title='bbox 1995 3084 2116 3137; x_wconf 87' lang='lat' dir='ltr'><strong>dam</strong></span> <span class='ocrx_word' id='word_1_792' title='bbox 2144 3085 2290 3152; x_wconf 89' lang='lat' dir='ltr'><strong>quasi</strong></span> <span class='ocrx_word' id='word_1_793' title='bbox 2321 3083 2461 3137; x_wconf 88' lang='lat' dir='ltr'><strong>docti</strong></span> <span class='ocrx_word' id='word_1_794' title='bbox 2491 3092 2544 3138; x_wconf 92' lang='lat' dir='ltr'><strong>et</strong></span> <span class='ocrx_word' id='word_1_795' title='bbox 2572 3085 2868 3152; x_wconf 85' lang='lat' dir='ltr'><strong>spirituales</strong></span> <span class='ocrx_word' id='word_1_796' title='bbox 2891 3085 2977 3154; x_wconf 88' lang='lat' dir='ltr'><strong>qui</strong></span> <span class='ocrx_word' id='word_1_797' title='bbox 3013 3085 3172 3139; x_wconf 87' lang='lat' dir='ltr'><strong>Paulo</strong></span> <span class='ocrx_word' id='word_1_798' title='bbox 3198 3086 3560 3143; x_wconf 84' lang='lat' dir='ltr'><strong>detraherent.</strong></span> 
     </span>
    </p>
   </div>
   <div class='ocr_carea' id='block_1_92' title="bbox 1964 3175 3562 3249">
    <p class='ocr_par' dir='ltr' id='par_1_92' title="bbox 1964 3175 3562 3249">
     <span class='ocr_line' id='line_1_92' title="bbox 1964 3175 3562 3249; baseline 0.004 -20"><span class='ocrx_word' id='word_1_799' title='bbox 1964 3229 1969 3237; x_wconf 89' lang='lat'><strong><em>_</em></strong></span> <span class='ocrx_word' id='word_1_800' title='bbox 1997 3175 2239 3245; x_wconf 57' lang='lat' dir='ltr'><strong>Epistolas</strong></span> <span class='ocrx_word' id='word_1_801' title='bbox 2259 3177 2471 3247; x_wconf 83' lang='lat' dir='ltr'><strong>quidem,</strong></span> <span class='ocrx_word' id='word_1_802' title='bbox 2511 3177 2670 3240; x_wconf 87' lang='lat' dir='ltr'><strong>aiunt,</strong></span> <span class='ocrx_word' id='word_1_803' title='bbox 2695 3193 2868 3247; x_wconf 83' lang='lat' dir='ltr'><strong>graves</strong></span> <span class='ocrx_word' id='word_1_804' title='bbox 2887 3187 2933 3230; x_wconf 90' lang='lat' dir='ltr'><strong>et</strong></span> <span class='ocrx_word' id='word_1_805' title='bbox 2959 3183 3108 3246; x_wconf 76' lang='lat' dir='ltr'><strong>fortes</strong></span> <span class='ocrx_word' id='word_1_806' title='bbox 3131 3190 3264 3234; x_wconf 89' lang='lat' dir='ltr'><strong>sunt.</strong></span> <span class='ocrx_word' id='word_1_807' title='bbox 3298 3184 3562 3249; x_wconf 83' lang='lat' dir='ltr'><strong>prteseutia</strong></span> 
     </span>
    </p>
   </div>
   <div class='ocr_carea' id='block_1_93' title="bbox 1995 3268 3561 3343">
    <p class='ocr_par' dir='ltr' id='par_1_93' title="bbox 1995 3268 3561 3343">
     <span class='ocr_line' id='line_1_93' title="bbox 1995 3268 3561 3343; baseline 0.003 -22"><span class='ocrx_word' id='word_1_808' title='bbox 1995 3278 2159 3321; x_wconf 85' lang='lat' dir='ltr'><strong>autem</strong></span> <span class='ocrx_word' id='word_1_809' title='bbox 2177 3269 2400 3336; x_wconf 87' lang='lat' dir='ltr'><strong>corporis</strong></span> <span class='ocrx_word' id='word_1_810' title='bbox 2418 3268 2638 3335; x_wconf 80' lang='lat' dir='ltr'><strong>infirma,</strong></span> <span class='ocrx_word' id='word_1_811' title='bbox 2658 3277 2700 3320; x_wconf 87' lang='lat' dir='ltr'><strong>et</strong></span> <span class='ocrx_word' id='word_1_812' title='bbox 2714 3284 2874 3321; x_wconf 87' lang='lat' dir='ltr'><strong>sermo</strong></span> <span class='ocrx_word' id='word_1_813' title='bbox 2895 3269 3354 3343; x_wconf 77' lang='lat' dir='ltr'><strong>contemptibilis&#39;(ll</strong></span> <span class='ocrx_word' id='word_1_814' title='bbox 3371 3269 3488 3324; x_wconf 89' lang='lat' dir='ltr'><strong>Cor.</strong></span> <span class='ocrx_word' id='word_1_815' title='bbox 3510 3289 3561 3337; x_wconf 81' lang='lat' dir='ltr'><strong>x,</strong></span> 
     </span>
    </p>
   </div>
   <div class='ocr_carea' id='block_1_94' title="bbox 1999 3359 3564 3431">
    <p class='ocr_par' dir='ltr' id='par_1_94' title="bbox 1999 3359 3564 3431">
     <span class='ocr_line' id='line_1_94' title="bbox 1999 3359 3564 3431; baseline 0.002 -17"><span class='ocrx_word' id='word_1_816' title='bbox 1999 3360 2103 3431; x_wconf 73' lang='lat'><strong>10):</strong></span> <span class='ocrx_word' id='word_1_817' title='bbox 2121 3360 2248 3414; x_wconf 90' lang='lat' dir='ltr'><strong>dicit</strong></span> <span class='ocrx_word' id='word_1_818' title='bbox 2268 3361 2378 3428; x_wconf 90' lang='lat' dir='ltr'><strong>ipse</strong></span> <span class='ocrx_word' id='word_1_819' title='bbox 2396 3361 2444 3414; x_wconf 94' lang='lat' dir='ltr'><strong>in</strong></span> <span class='ocrx_word' id='word_1_820' title='bbox 2468 3359 2699 3430; x_wconf 87' lang='lat' dir='ltr'><strong>Epistola</strong></span> <span class='ocrx_word' id='word_1_821' title='bbox 2718 3375 2806 3413; x_wconf 88' lang='lat' dir='ltr'><strong>sua</strong></span> <span class='ocrx_word' id='word_1_822' title='bbox 2827 3359 3078 3429; x_wconf 88' lang='lat' dir='ltr'><strong>quosdam</strong></span> <span class='ocrx_word' id='word_1_823' title='bbox 3101 3361 3423 3415; x_wconf 87' lang='lat' dir='ltr'><strong>detractores</strong></span> <span class='ocrx_word' id='word_1_824' title='bbox 3439 3379 3564 3417; x_wconf 86' lang='lat' dir='ltr'><strong>suos</strong></span> 
     </span>
    </p>
   </div>
   <div class='ocr_carea' id='block_1_95' title="bbox 1996 3450 3562 3514">
    <p class='ocr_par' dir='ltr' id='par_1_95' title="bbox 1996 3450 3562 3514">
     <span class='ocr_line' id='line_1_95' title="bbox 1996 3450 3562 3514; baseline 0.001 -10"><span class='ocrx_word' id='word_1_825' title='bbox 1996 3451 2093 3505; x_wconf 91' lang='lat' dir='ltr'><strong>ista</strong></span> <span class='ocrx_word' id='word_1_826' title='bbox 2119 3452 2332 3504; x_wconf 77' lang='lat' dir='ltr'><strong>dixisse.</strong></span> <span class='ocrx_word' id='word_1_827' title='bbox 2361 3450 2648 3514; x_wconf 87' lang='lat' dir='ltr'><strong>Sedebant,</strong></span> <span class='ocrx_word' id='word_1_828' title='bbox 2679 3461 2729 3504; x_wconf 86' lang='lat' dir='ltr'><strong>et</strong></span> <span class='ocrx_word' id='word_1_829' title='bbox 2755 3451 3006 3504; x_wconf 72' lang='lat' dir='ltr'><strong>adversus</strong></span> <span class='ocrx_word' id='word_1_830' title='bbox 3037 3450 3250 3504; x_wconf 85' lang='lat' dir='ltr'><strong>fratrem</strong></span> <span class='ocrx_word' id='word_1_831' title='bbox 3283 3467 3435 3506; x_wconf 90' lang='lat' dir='ltr'><strong>suum</strong></span> <span class='ocrx_word' id='word_1_832' title='bbox 3469 3455 3562 3507; x_wconf 85' lang='lat' dir='ltr'><strong>de-</strong></span> 
     </span>
    </p>
   </div>
   <div class='ocr_carea' id='block_1_96' title="bbox 1999 3541 3563 3603">
    <p class='ocr_par' dir='ltr' id='par_1_96' title="bbox 1999 3541 3563 3603">
     <span class='ocr_line' id='line_1_96' title="bbox 1999 3541 3563 3603; baseline 0 -8"><span class='ocrx_word' id='word_1_833' title='bbox 1999 3542 2290 3602; x_wconf 90' lang='lat' dir='ltr'><strong>trahebant,</strong></span> <span class='ocrx_word' id='word_1_834' title='bbox 2322 3551 2376 3595; x_wconf 89' lang='lat' dir='ltr'><strong>ct</strong></span> <span class='ocrx_word' id='word_1_835' title='bbox 2399 3541 2652 3603; x_wconf 87' lang='lat' dir='ltr'><strong>adversus</strong></span> <span class='ocrx_word' id='word_1_836' title='bbox 2683 3541 2980 3594; x_wconf 90' lang='lat' dir='ltr'><strong>lactandum</strong></span> <span class='ocrx_word' id='word_1_837' title='bbox 3011 3542 3154 3594; x_wconf 89' lang='lat' dir='ltr'><strong>illum</strong></span> <span class='ocrx_word' id='word_1_838' title='bbox 3189 3542 3351 3595; x_wconf 86' lang='lat' dir='ltr'><strong>lilium</strong></span> <span class='ocrx_word' id='word_1_839' title='bbox 3382 3545 3563 3596; x_wconf 85' lang='lat' dir='ltr'><strong>matris</strong></span> 
     </span>
    </p>
   </div>
   <div class='ocr_carea' id='block_1_97' title="bbox 1996 3631 3562 3702">
    <p class='ocr_par' dir='ltr' id='par_1_97' title="bbox 1996 3631 3562 3702">
     <span class='ocr_line' id='line_1_97' title="bbox 1996 3631 3562 3702; baseline 0.002 -18"><span class='ocrx_word' id='word_1_840' title='bbox 1996 3648 2105 3685; x_wconf 70' lang='lat' dir='ltr'><strong>sua:</strong></span> <span class='ocrx_word' id='word_1_841' title='bbox 2130 3634 2392 3700; x_wconf 82' lang='lat' dir='ltr'><strong>ponebant</strong></span> <span class='ocrx_word' id='word_1_842' title='bbox 2412 3632 2738 3686; x_wconf 86' lang='lat' dir='ltr'><strong>scandalum.</strong></span> <span class='ocrx_word' id='word_1_843' title='bbox 2767 3632 2952 3684; x_wconf 87' lang='lat' dir='ltr'><strong>Merito</strong></span> <span class='ocrx_word' id='word_1_844' title='bbox 2982 3631 3221 3686; x_wconf 82' lang='lat' dir='ltr'><strong>fecerunt</strong></span> <span class='ocrx_word' id='word_1_845' title='bbox 3271 3634 3368 3702; x_wconf 90' lang='lat' dir='ltr'><strong>ipsi</strong></span> <span class='ocrx_word' id='word_1_846' title='bbox 3409 3636 3562 3688; x_wconf 79' lang='lat' dir='ltr'><strong>inatri</strong></span> 
     </span>
    </p>
   </div>
   <div class='ocr_carea' id='block_1_98' title="bbox 1997 3721 3564 3794">
    <p class='ocr_par' dir='ltr' id='par_1_98' title="bbox 1997 3721 3564 3794">
     <span class='ocr_line' id='line_1_98' title="bbox 1997 3721 3564 3794; baseline 0.002 -20"><span class='ocrx_word' id='word_1_847' title='bbox 1997 3733 2052 3774; x_wconf 92' lang='lat' dir='ltr'><strong>ut</strong></span> <span class='ocrx_word' id='word_1_848' title='bbox 2077 3723 2262 3776; x_wconf 88' lang='lat' dir='ltr'><strong>iterum</strong></span> <span class='ocrx_word' id='word_1_849' title='bbox 2293 3725 2590 3790; x_wconf 87' lang='lat' dir='ltr'><strong>parturiret.</strong></span> <span class='ocrx_word' id='word_1_850' title='bbox 2619 3721 2683 3774; x_wconf 80' lang='lat' dir='ltr'><strong>Et</strong></span> <span class='ocrx_word' id='word_1_851' title='bbox 2702 3722 2937 3774; x_wconf 74' lang='lat' dir='ltr'><strong>adversus</strong></span> <span class='ocrx_word' id='word_1_852' title='bbox 2959 3723 3119 3788; x_wconf 87' lang='lat' dir='ltr'><strong>filium</strong></span> <span class='ocrx_word' id='word_1_853' title='bbox 3149 3725 3323 3776; x_wconf 87' lang='lat' dir='ltr'><strong>matris</strong></span> <span class='ocrx_word' id='word_1_854' title='bbox 3347 3734 3445 3776; x_wconf 77' lang='lat' dir='ltr'><strong>tua:</strong></span> <span class='ocrx_word' id='word_1_855' title='bbox 3473 3744 3564 3794; x_wconf 69' lang='lat' dir='ltr'><strong>pa-</strong></span> 
     </span>
    </p>
   </div>
   <div class='ocr_carea' id='block_1_99' title="bbox 1996 3813 2486 3866">
    <p class='ocr_par' dir='ltr' id='par_1_99' title="bbox 1996 3813 2486 3866">
     <span class='ocr_line' id='line_1_99' title="bbox 1996 3813 2486 3866; baseline -0.004 0"><span class='ocrx_word' id='word_1_856' title='bbox 1996 3815 2146 3866; x_wconf 81' lang='lat' dir='ltr'><strong>nebas</strong></span> <span class='ocrx_word' id='word_1_857' title='bbox 2168 3813 2486 3866; x_wconf 85' lang='lat' dir='ltr'><strong>scandalum.</strong></span> 
     </span>
    </p>
   </div>
   <div class='ocr_carea' id='block_1_100' title="bbox 2065 3903 3564 3978">
    <p class='ocr_par' dir='ltr' id='par_1_100' title="bbox 2065 3903 3564 3978">
     <span class='ocr_line' id='line_1_100' title="bbox 2065 3903 3564 3978; baseline 0.003 -20"><span class='ocrx_word' id='word_1_858' title='bbox 2065 3905 2154 3959; x_wconf 70' lang='lat'><strong>28.</strong></span> <span class='ocrx_word' id='word_1_859' title='bbox 2197 3904 2345 3978; x_wconf 88' lang='lat' dir='ltr'><strong>[vers.</strong></span> <span class='ocrx_word' id='word_1_860' title='bbox 2367 3903 2481 3976; x_wconf 70' lang='lat'><strong>21.]</strong></span> <span class='ocrx_word' id='word_1_861' title='bbox 2513 3904 2633 3958; x_wconf 74' lang='lat' dir='ltr'><strong>llarc</strong></span> <span class='ocrx_word' id='word_1_862' title='bbox 2657 3904 2836 3974; x_wconf 89' lang='lat' dir='ltr'><strong>fecisti,</strong></span> <span class='ocrx_word' id='word_1_863' title='bbox 2868 3914 2913 3958; x_wconf 89' lang='lat' dir='ltr'><strong>et</strong></span> <span class='ocrx_word' id='word_1_864' title='bbox 2932 3905 3084 3957; x_wconf 85' lang='lat' dir='ltr'><strong>tacui.</strong></span> <span class='ocrx_word' id='word_1_865' title='bbox 3116 3905 3238 3960; x_wconf 87' lang='lat' dir='ltr'><strong>ideo</strong></span> <span class='ocrx_word' id='word_1_866' title='bbox 3263 3907 3436 3962; x_wconf 88' lang='lat' dir='ltr'><strong>veniet</strong></span> <span class='ocrx_word' id='word_1_867' title='bbox 3462 3907 3564 3962; x_wconf 87' lang='lat' dir='ltr'><strong>D0-</strong></span> 
     </span>
    </p>
   </div>
   <div class='ocr_carea' id='block_1_101' title="bbox 1997 3996 3560 4069">
    <p class='ocr_par' dir='ltr' id='par_1_101' title="bbox 1997 3996 3560 4069">
     <span class='ocr_line' id='line_1_101' title="bbox 1997 3996 3560 4069; baseline 0.001 -17"><span class='ocrx_word' id='word_1_868' title='bbox 1997 4000 2168 4052; x_wconf 91' lang='lat' dir='ltr'><strong>minus</strong></span> <span class='ocrx_word' id='word_1_869' title='bbox 2197 4000 2333 4052; x_wconf 90' lang='lat' dir='ltr'><strong>Deus</strong></span> <span class='ocrx_word' id='word_1_870' title='bbox 2362 4009 2560 4057; x_wconf 87' lang='lat' dir='ltr'><strong>noster.</strong></span> <span class='ocrx_word' id='word_1_871' title='bbox 2593 4007 2644 4051; x_wconf 93' lang='lat' dir='ltr'><strong>et</strong></span> <span class='ocrx_word' id='word_1_872' title='bbox 2671 4011 2775 4050; x_wconf 91' lang='lat' dir='ltr'><strong>non</strong></span> <span class='ocrx_word' id='word_1_873' title='bbox 2801 3996 2995 4050; x_wconf 90' lang='lat' dir='ltr'><strong>silebit.</strong></span> <span class='ocrx_word' id='word_1_874' title='bbox 3021 3997 3194 4061; x_wconf 77' lang='lat' dir='ltr'><strong>Modo,</strong></span> <span class='ocrx_word' id='word_1_875' title='bbox 3216 3997 3349 4052; x_wconf 78' lang='lat' dir='ltr'><strong>&#39;Iltec</strong></span> <span class='ocrx_word' id='word_1_876' title='bbox 3369 3999 3560 4069; x_wconf 84' lang='lat' dir='ltr'><strong>fecisti,</strong></span> 
     </span>
    </p>
   </div>
   <div class='ocr_carea' id='block_1_102' title="bbox 1995 4087 3561 4161">
    <p class='ocr_par' dir='ltr' id='par_1_102' title="bbox 1995 4087 3561 4161">
     <span class='ocr_line' id='line_1_102' title="bbox 1995 4087 3561 4161; baseline -0.001 -14"><span class='ocrx_word' id='word_1_877' title='bbox 1995 4105 2040 4148; x_wconf 91' lang='lat' dir='ltr'><strong>et</strong></span> <span class='ocrx_word' id='word_1_878' title='bbox 2063 4094 2216 4147; x_wconf 87' lang='lat' dir='ltr'><strong>tacui.</strong></span> <span class='ocrx_word' id='word_1_879' title='bbox 2246 4092 2380 4160; x_wconf 85' lang='lat' dir='ltr'><strong>Quid</strong></span> <span class='ocrx_word' id='word_1_880' title='bbox 2405 4101 2502 4154; x_wconf 83' lang='lat' dir='ltr'><strong>est,</strong></span> <span class='ocrx_word' id='word_1_881' title='bbox 2528 4091 2661 4143; x_wconf 87' lang='lat' dir='ltr'><strong>tacui</strong></span> <span class='ocrx_word' id='word_1_882' title='bbox 2681 4091 2763 4144; x_wconf 86' lang='lat' dir='ltr'><strong>?A</strong></span> <span class='ocrx_word' id='word_1_883' title='bbox 2795 4087 3020 4144; x_wconf 85' lang='lat' dir='ltr'><strong>vindicta</strong></span> <span class='ocrx_word' id='word_1_884' title='bbox 3069 4092 3343 4161; x_wconf 87' lang='lat' dir='ltr'><strong>supersedi</strong></span> <span class='ocrx_word' id='word_1_885' title='bbox 3366 4135 3380 4157; x_wconf 92' lang='lat'><strong>,</strong></span> <span class='ocrx_word' id='word_1_886' title='bbox 3410 4109 3561 4147; x_wconf 89' lang='lat' dir='ltr'><strong>seve-</strong></span> 
     </span>
    </p>
   </div>
   <div class='ocr_carea' id='block_1_103' title="bbox 1994 4184 3560 4256">
    <p class='ocr_par' dir='ltr' id='par_1_103' title="bbox 1994 4184 3560 4256">
     <span class='ocr_line' id='line_1_103' title="bbox 1994 4184 3560 4256; baseline -0.003 -13"><span class='ocrx_word' id='word_1_887' title='bbox 1994 4190 2201 4243; x_wconf 87' lang='lat' dir='ltr'><strong>ritatem</strong></span> <span class='ocrx_word' id='word_1_888' title='bbox 2250 4202 2420 4241; x_wconf 87' lang='lat' dir='ltr'><strong>meam</strong></span> <span class='ocrx_word' id='word_1_889' title='bbox 2451 4184 2672 4249; x_wconf 84' lang='lat' dir='ltr'><strong>distuli,</strong></span> <span class='ocrx_word' id='word_1_890' title='bbox 2718 4184 3018 4253; x_wconf 89' lang='lat' dir='ltr'><strong>patientiam</strong></span> <span class='ocrx_word' id='word_1_891' title='bbox 3071 4185 3158 4239; x_wconf 87' lang='lat' dir='ltr'><strong>tibi</strong></span> <span class='ocrx_word' id='word_1_892' title='bbox 3213 4187 3514 4256; x_wconf 82' lang='lat' dir='ltr'><strong>prolongavi</strong></span> <span class='ocrx_word' id='word_1_893' title='bbox 3545 4228 3560 4252; x_wconf 95' lang='lat'><strong>,</strong></span> 
     </span>
    </p>
   </div>
   <div class='ocr_carea' id='block_1_104' title="bbox 1998 4274 3559 4348">
    <p class='ocr_par' dir='ltr' id='par_1_104' title="bbox 1998 4274 3559 4348">
     <span class='ocr_line' id='line_1_104' title="bbox 1998 4274 3559 4348; baseline -0.001 -15"><span class='ocrx_word' id='word_1_894' title='bbox 1998 4278 2352 4348; x_wconf 63' lang='lat' dir='ltr'><strong>paenitentiam</strong></span> <span class='ocrx_word' id='word_1_895' title='bbox 2376 4285 2515 4330; x_wconf 90' lang='lat' dir='ltr'><strong>tuam</strong></span> <span class='ocrx_word' id='word_1_896' title='bbox 2542 4274 2630 4329; x_wconf 89' lang='lat' dir='ltr'><strong>diu</strong></span> <span class='ocrx_word' id='word_1_897' title='bbox 2652 4277 2971 4344; x_wconf 79' lang='lat' dir='ltr'><strong>exspectavi.</strong></span> <span class='ocrx_word' id='word_1_898' title='bbox 2995 4275 3116 4330; x_wconf 76' lang='lat' dir='ltr'><strong>Htec</strong></span> <span class='ocrx_word' id='word_1_899' title='bbox 3137 4279 3317 4347; x_wconf 82' lang='lat' dir='ltr'><strong>fecisti,</strong></span> <span class='ocrx_word' id='word_1_900' title='bbox 3342 4288 3386 4330; x_wconf 88' lang='lat' dir='ltr'><strong>et</strong></span> <span class='ocrx_word' id='word_1_901' title='bbox 3407 4280 3559 4332; x_wconf 84' lang='lat' dir='ltr'><strong>tacui.</strong></span> 
     </span>
    </p>
   </div>
   <div class='ocr_carea' id='block_1_105' title="bbox 1997 4354 3558 4439">
    <p class='ocr_par' dir='ltr' id='par_1_105' title="bbox 1997 4354 3558 4439">
     <span class='ocr_line' id='line_1_105' title="bbox 1997 4354 3558 4439; baseline -0.004 -15"><span class='ocrx_word' id='word_1_902' title='bbox 1997 4371 2104 4439; x_wconf 77' lang='lat' dir='ltr'><strong>Ego</strong></span> <span class='ocrx_word' id='word_1_903' title='bbox 2128 4380 2303 4424; x_wconf 90' lang='lat' dir='ltr'><strong>autem</strong></span> <span class='ocrx_word' id='word_1_904' title='bbox 2333 4381 2452 4421; x_wconf 91' lang='lat' dir='ltr'><strong>cum</strong></span> <span class='ocrx_word' id='word_1_905' title='bbox 2473 4366 2537 4420; x_wconf 91' lang='lat' dir='ltr'><strong>ad</strong></span> <span class='ocrx_word' id='word_1_906' title='bbox 2565 4366 2665 4420; x_wconf 88' lang='lat' dir='ltr'><strong>hoc</strong></span> <span class='ocrx_word' id='word_1_907' title='bbox 2693 4380 3052 4436; x_wconf 80' lang='lat' dir='ltr'><strong>exspectarem</strong></span> <span class='ocrx_word' id='word_1_908' title='bbox 3085 4354 3139 4422; x_wconf 88' lang='lat' dir='ltr'><strong>ut</strong></span> <span class='ocrx_word' id='word_1_909' title='bbox 3184 4378 3232 4423; x_wconf 90' lang='lat' dir='ltr'><strong>te</strong></span> <span class='ocrx_word' id='word_1_910' title='bbox 3263 4371 3558 4437; x_wconf 72' lang='lat' dir='ltr'><strong>pmniteret,</strong></span> 
     </span>
    </p>
   </div>
   <div class='ocr_carea' id='block_1_106' title="bbox 1995 4459 3560 4528">
    <p class='ocr_par' dir='ltr' id='par_1_106' title="bbox 1995 4459 3560 4528">
     <span class='ocr_line' id='line_1_106' title="bbox 1995 4459 3560 4528; baseline -0.003 -13"><span class='ocrx_word' id='word_1_911' title='bbox 1995 4460 2280 4516; x_wconf 87' lang='lat' dir='ltr'><strong>secundum</strong></span> <span class='ocrx_word' id='word_1_912' title='bbox 2328 4459 2639 4528; x_wconf 87' lang='lat' dir='ltr'><strong>Apostolum</strong></span> <span class='ocrx_word' id='word_1_913' title='bbox 2665 4459 2955 4521; x_wconf 88' lang='lat' dir='ltr'><strong>dicentem,</strong></span> <span class='ocrx_word' id='word_1_914' title='bbox 2991 4459 3066 4511; x_wconf 82' lang='lat' dir='ltr'><strong>Tu</strong></span> <span class='ocrx_word' id='word_1_915' title='bbox 3105 4469 3268 4512; x_wconf 87' lang='lat' dir='ltr'><strong>autent</strong></span> <span class='ocrx_word' id='word_1_916' title='bbox 3288 4460 3560 4512; x_wconf 89' lang='lat' dir='ltr'><strong>secundum</strong></span> 
     </span>
    </p>
   </div>
   <div class='ocr_carea' id='block_1_107' title="bbox 1995 4551 3561 4621">
    <p class='ocr_par' dir='ltr' id='par_1_107' title="bbox 1995 4551 3561 4621">
     <span class='ocr_line' id='line_1_107' title="bbox 1995 4551 3561 4621; baseline -0.001 -15"><span class='ocrx_word' id='word_1_917' title='bbox 1995 4554 2231 4606; x_wconf 88' lang='lat' dir='ltr'><strong>duritiam</strong></span> <span class='ocrx_word' id='word_1_918' title='bbox 2255 4551 2420 4605; x_wconf 89' lang='lat' dir='ltr'><strong>cordis</strong></span> <span class='ocrx_word' id='word_1_919' title='bbox 2454 4552 2546 4617; x_wconf 89' lang='lat' dir='ltr'><strong>tui,</strong></span> <span class='ocrx_word' id='word_1_920' title='bbox 2578 4559 2622 4604; x_wconf 85' lang='lat' dir='ltr'><strong>et</strong></span> <span class='ocrx_word' id='word_1_921' title='bbox 2651 4568 2737 4604; x_wconf 90' lang='lat' dir='ltr'><strong>cor</strong></span> <span class='ocrx_word' id='word_1_922' title='bbox 2758 4552 3098 4621; x_wconf 70' lang='lat' dir='ltr'><strong>impwnitens,</strong></span> <span class='ocrx_word' id='word_1_923' title='bbox 3138 4552 3442 4605; x_wconf 77' lang='lat' dir='ltr'><strong>thesaurizas</strong></span> <span class='ocrx_word' id='word_1_924' title='bbox 3477 4554 3561 4604; x_wconf 89' lang='lat' dir='ltr'><strong>tibi</strong></span> 
     </span>
    </p>
   </div>
   <div class='ocr_carea' id='block_1_108' title="bbox 1991 4641 3554 4714">
    <p class='ocr_par' dir='ltr' id='par_1_108' title="bbox 1991 4641 3554 4714">
     <span class='ocr_line' id='line_1_108' title="bbox 1991 4641 3554 4714; baseline -0.006 -13"><span class='ocrx_word' id='word_1_925' title='bbox 1991 4648 2119 4701; x_wconf 88' lang='lat' dir='ltr'><strong>iram</strong></span> <span class='ocrx_word' id='word_1_926' title='bbox 2148 4647 2200 4699; x_wconf 88' lang='lat' dir='ltr'><strong>in</strong></span> <span class='ocrx_word' id='word_1_927' title='bbox 2228 4646 2308 4699; x_wconf 87' lang='lat' dir='ltr'><strong>die</strong></span> <span class='ocrx_word' id='word_1_928' title='bbox 2337 4645 2426 4698; x_wconf 69' lang='lat' dir='ltr'><strong>ira:</strong></span> <span class='ocrx_word' id='word_1_929' title='bbox 2451 4656 2497 4699; x_wconf 87' lang='lat' dir='ltr'><strong>et</strong></span> <span class='ocrx_word' id='word_1_930' title='bbox 2537 4643 2849 4698; x_wconf 77' lang='lat' dir='ltr'><strong>reuelationis</strong></span> <span class='ocrx_word' id='word_1_931' title='bbox 2895 4643 3015 4711; x_wconf 76' lang='lat' dir='ltr'><strong>justi</strong></span> <span class='ocrx_word' id='word_1_932' title='bbox 3033 4643 3216 4714; x_wconf 88' lang='lat' dir='ltr'><strong>judicii</strong></span> <span class='ocrx_word' id='word_1_933' title='bbox 3247 4641 3340 4696; x_wconf 87' lang='lat' dir='ltr'><strong>Dei</strong></span> <span class='ocrx_word' id='word_1_934' title='bbox 3373 4641 3554 4713; x_wconf 81' lang='lat' dir='ltr'><strong>(Rom.</strong></span> 
     </span>
    </p>
   </div>
   <div class='ocr_carea' id='block_1_109' title="bbox 1994 4735 3556 4813">
    <p class='ocr_par' dir='ltr' id='par_1_109' title="bbox 1994 4735 3556 4813">
     <span class='ocr_line' id='line_1_109' title="bbox 1994 4735 3556 4813; baseline -0.002 -18"><span class='ocrx_word' id='word_1_935' title='bbox 1994 4758 2027 4795; x_wconf 91' lang='lat' dir='ltr'><strong>tt</strong></span> <span class='ocrx_word' id='word_1_936' title='bbox 2048 4781 2062 4799; x_wconf 93' lang='lat'><strong>.</strong></span> <span class='ocrx_word' id='word_1_937' title='bbox 2095 4738 2186 4813; x_wconf 85' lang='lat'><strong>5</strong></span> <span class='ocrx_word' id='word_1_938' title='bbox 2222 4739 2518 4809; x_wconf 76' lang='lat' dir='ltr'><strong>Suspicatus</strong></span> <span class='ocrx_word' id='word_1_939' title='bbox 2538 4756 2588 4791; x_wconf 89' lang='lat' dir='ltr'><strong>es</strong></span> <span class='ocrx_word' id='word_1_940' title='bbox 2615 4739 2948 4806; x_wconf 86' lang='lat' dir='ltr'><strong>iniquitatem,</strong></span> <span class='ocrx_word' id='word_1_941' title='bbox 2990 4735 3125 4802; x_wconf 89' lang='lat' dir='ltr'><strong>quod</strong></span> <span class='ocrx_word' id='word_1_942' title='bbox 3145 4752 3228 4789; x_wconf 87' lang='lat' dir='ltr'><strong>ero</strong></span> <span class='ocrx_word' id='word_1_943' title='bbox 3249 4737 3334 4790; x_wconf 85' lang='lat' dir='ltr'><strong>tibi</strong></span> <span class='ocrx_word' id='word_1_944' title='bbox 3360 4737 3556 4792; x_wconf 84' lang='lat' dir='ltr'><strong>similis.</strong></span> 
     </span>
    </p>
   </div>
   <div class='ocr_carea' id='block_1_110' title="bbox 1992 4821 3593 4901">
    <p class='ocr_par' dir='ltr' id='par_1_110' title="bbox 1992 4821 3593 4901">
     <span class='ocr_line' id='line_1_110' title="bbox 1992 4821 3593 4901; baseline -0.003 -15"><span class='ocrx_word' id='word_1_945' title='bbox 1992 4831 2184 4887; x_wconf 90' lang='lat' dir='ltr'><strong>Parum</strong></span> <span class='ocrx_word' id='word_1_946' title='bbox 2231 4841 2313 4885; x_wconf 87' lang='lat' dir='ltr'><strong>est</strong></span> <span class='ocrx_word' id='word_1_947' title='bbox 2360 4831 2480 4898; x_wconf 88' lang='lat' dir='ltr'><strong>quia</strong></span> <span class='ocrx_word' id='word_1_948' title='bbox 2512 4829 2644 4882; x_wconf 90' lang='lat' dir='ltr'><strong>mala</strong></span> <span class='ocrx_word' id='word_1_949' title='bbox 2678 4828 2812 4881; x_wconf 90' lang='lat' dir='ltr'><strong>facta</strong></span> <span class='ocrx_word' id='word_1_950' title='bbox 2845 4821 2932 4881; x_wconf 82' lang='lat' dir='ltr'><strong>tua</strong></span> <span class='ocrx_word' id='word_1_951' title='bbox 2961 4831 3166 4895; x_wconf 74' lang='lat' dir='ltr'><strong>placent</strong></span> <span class='ocrx_word' id='word_1_952' title='bbox 3194 4826 3320 4892; x_wconf 91' lang='lat' dir='ltr'><strong>tibi,</strong></span> <span class='ocrx_word' id='word_1_953' title='bbox 3353 4829 3559 4897; x_wconf 83' lang='lat' dir='ltr'><strong>placere</strong></span> <span class='ocrx_word' id='word_1_954' title='bbox 3590 4897 3593 4901; x_wconf 27' lang='grc' dir='ltr'>ι</span> 
     </span>
    </p>
   </div>
   <div class='ocr_carea' id='block_1_111' title="bbox 1995 4917 3560 4992">
    <p class='ocr_par' dir='ltr' id='par_1_111' title="bbox 1995 4917 3560 4992">
     <span class='ocr_line' id='line_1_111' title="bbox 1995 4917 3560 4992; baseline -0.002 -16"><span class='ocrx_word' id='word_1_955' title='bbox 1995 4932 2144 4992; x_wconf 90' lang='lat' dir='ltr'><strong>putas</strong></span> <span class='ocrx_word' id='word_1_956' title='bbox 2170 4931 2224 4976; x_wconf 90' lang='lat' dir='ltr'><strong>et</strong></span> <span class='ocrx_word' id='word_1_957' title='bbox 2249 4922 2396 4975; x_wconf 90' lang='lat' dir='ltr'><strong>mihi.</strong></span> <span class='ocrx_word' id='word_1_958' title='bbox 2425 4922 2586 4975; x_wconf 90' lang='lat' dir='ltr'><strong>Deum</strong></span> <span class='ocrx_word' id='word_1_959' title='bbox 2615 4919 2734 4988; x_wconf 85' lang='lat' dir='ltr'><strong>quia</strong></span> <span class='ocrx_word' id='word_1_960' title='bbox 2759 4935 2861 4973; x_wconf 89' lang='lat' dir='ltr'><strong>non</strong></span> <span class='ocrx_word' id='word_1_961' title='bbox 2890 4917 3079 4987; x_wconf 91' lang='lat' dir='ltr'><strong>pateris</strong></span> <span class='ocrx_word' id='word_1_962' title='bbox 3109 4918 3348 4981; x_wconf 88' lang='lat' dir='ltr'><strong>ultorem,</strong></span> <span class='ocrx_word' id='word_1_963' title='bbox 3377 4919 3454 4972; x_wconf 91' lang='lat' dir='ltr'><strong>vis</strong></span> <span class='ocrx_word' id='word_1_964' title='bbox 3485 4929 3560 4974; x_wconf 88' lang='lat' dir='ltr'><strong>te-</strong></span> 
     </span>
    </p>
   </div>
   <div class='ocr_carea' id='block_1_112' title="bbox 1993 5009 3558 5084">
    <p class='ocr_par' dir='ltr' id='par_1_112' title="bbox 1993 5009 3558 5084">
     <span class='ocr_line' id='line_1_112' title="bbox 1993 5009 3558 5084; baseline -0.003 -14"><span class='ocrx_word' id='word_1_965' title='bbox 1993 5032 2121 5072; x_wconf 88' lang='lat' dir='ltr'><strong>nere</strong></span> <span class='ocrx_word' id='word_1_966' title='bbox 2139 5016 2464 5084; x_wconf 89' lang='lat' dir='ltr'><strong>participem,</strong></span> <span class='ocrx_word' id='word_1_967' title='bbox 2477 5020 2531 5066; x_wconf 92' lang='lat' dir='ltr'><strong>et</strong></span> <span class='ocrx_word' id='word_1_968' title='bbox 2547 5022 2791 5080; x_wconf 89' lang='lat' dir='ltr'><strong>tanquam</strong></span> <span class='ocrx_word' id='word_1_969' title='bbox 2807 5018 3108 5079; x_wconf 90' lang='lat' dir='ltr'><strong>corruptum</strong></span> <span class='ocrx_word' id='word_1_970' title='bbox 3122 5009 3348 5078; x_wconf 76' lang='lat' dir='ltr'><strong>judicent</strong></span> <span class='ocrx_word' id='word_1_971' title='bbox 3366 5011 3558 5080; x_wconf 73' lang='lat' dir='ltr'><strong>prmdce</strong></span> 
     </span>
    </p>
   </div>
   <div class='ocr_carea' id='block_1_113' title="bbox 1992 5101 3556 5171">
    <p class='ocr_par' dir='ltr' id='par_1_113' title="bbox 1992 5101 3556 5171">
     <span class='ocr_line' id='line_1_113' title="bbox 1992 5101 3556 5171; baseline -0.004 -9"><span class='ocrx_word' id='word_1_972' title='bbox 1992 5110 2192 5168; x_wconf 85' lang='lat' dir='ltr'><strong>socium</strong></span> <span class='ocrx_word' id='word_1_973' title='bbox 2220 5107 2298 5161; x_wconf 89' lang='lat' dir='ltr'><strong>vis</strong></span> <span class='ocrx_word' id='word_1_974' title='bbox 2321 5106 2535 5159; x_wconf 85' lang='lat' dir='ltr'><strong>habere.</strong></span> <span class='ocrx_word' id='word_1_975' title='bbox 2569 5101 2865 5170; x_wconf 87' lang='lat' dir='ltr'><strong>Suspicatus</strong></span> <span class='ocrx_word' id='word_1_976' title='bbox 2893 5118 2944 5155; x_wconf 87' lang='lat' dir='ltr'><strong>es</strong></span> <span class='ocrx_word' id='word_1_977' title='bbox 2969 5101 3295 5168; x_wconf 86' lang='lat' dir='ltr'><strong>iniquitatem,</strong></span> <span class='ocrx_word' id='word_1_978' title='bbox 3323 5101 3457 5171; x_wconf 88' lang='lat' dir='ltr'><strong>quod</strong></span> <span class='ocrx_word' id='word_1_979' title='bbox 3477 5120 3556 5155; x_wconf 88' lang='lat' dir='ltr'><strong>ero</strong></span> 
     </span>
    </p>
   </div>
   <div class='ocr_carea' id='block_1_114' title="bbox 1994 5177 3600 5255">
    <p class='ocr_par' dir='ltr' id='par_1_114' title="bbox 1994 5177 3600 5255">
     <span class='ocr_line' id='line_1_114' title="bbox 1994 5177 3600 5255; baseline -0.006 0"><span class='ocrx_word' id='word_1_980' title='bbox 1994 5203 2082 5255; x_wconf 88' lang='lat' dir='ltr'><strong>tibi</strong></span> <span class='ocrx_word' id='word_1_981' title='bbox 2107 5198 2285 5254; x_wconf 86' lang='lat' dir='ltr'><strong>similis</strong></span> <span class='ocrx_word' id='word_1_982' title='bbox 2315 5213 2333 5250; x_wconf 92' lang='lat'><em>:</em></span> <span class='ocrx_word' id='word_1_983' title='bbox 2353 5197 2476 5250; x_wconf 91' lang='lat' dir='ltr'><strong>dum</strong></span> <span class='ocrx_word' id='word_1_984' title='bbox 2508 5211 2612 5248; x_wconf 88' lang='lat' dir='ltr'><strong>non</strong></span> <span class='ocrx_word' id='word_1_985' title='bbox 2655 5195 2736 5248; x_wconf 87' lang='lat' dir='ltr'><strong>vis</strong></span> <span class='ocrx_word' id='word_1_986' title='bbox 2771 5202 2820 5246; x_wconf 92' lang='lat' dir='ltr'><strong>tu</strong></span> <span class='ocrx_word' id='word_1_987' title='bbox 2847 5192 2974 5247; x_wconf 87' lang='lat' dir='ltr'><strong>mihi</strong></span> <span class='ocrx_word' id='word_1_988' title='bbox 3001 5207 3118 5247; x_wconf 88' lang='lat' dir='ltr'><strong>esse</strong></span> <span class='ocrx_word' id='word_1_989' title='bbox 3143 5193 3347 5246; x_wconf 85' lang='lat' dir='ltr'><strong>similis.</strong></span> <span class='ocrx_word' id='word_1_990' title='bbox 3383 5191 3566 5247; x_wconf 82' lang='lat' dir='ltr'><strong>Estote</strong></span> <span class='ocrx_word' id='word_1_991' title='bbox 3597 5177 3600 5180; x_wconf 41' lang='grc'><strong>”</strong></span> 
     </span>
    </p>
   </div>
   <div class='ocr_carea' id='block_1_115' title="bbox 1992 5279 3553 5359">
    <p class='ocr_par' dir='ltr' id='par_1_115' title="bbox 1992 5279 3553 5359">
     <span class='ocr_line' id='line_1_115' title="bbox 1992 5279 3553 5359; baseline -0.006 -14"><span class='ocrx_word' id='word_1_992' title='bbox 1992 5293 2142 5353; x_wconf 89' lang='lat' dir='ltr'><strong>enim,</strong></span> <span class='ocrx_word' id='word_1_993' title='bbox 2165 5289 2353 5359; x_wconf 80' lang='lat' dir='ltr'><strong>inquit,</strong></span> <span class='ocrx_word' id='word_1_994' title='bbox 2369 5285 2594 5358; x_wconf 88' lang='lat' dir='ltr'><strong>perfecti,</strong></span> <span class='ocrx_word' id='word_1_995' title='bbox 2603 5285 2728 5338; x_wconf 89' lang='lat' dir='ltr'><strong>sicut</strong></span> <span class='ocrx_word' id='word_1_996' title='bbox 2739 5293 2784 5338; x_wconf 83' lang='lat' dir='ltr'><strong>et</strong></span> <span class='ocrx_word' id='word_1_997' title='bbox 2800 5281 2949 5336; x_wconf 89' lang='lat' dir='ltr'><strong>Pater</strong></span> <span class='ocrx_word' id='word_1_998' title='bbox 2969 5293 3122 5336; x_wconf 83' lang='lat' dir='ltr'><strong>vester</strong></span> <span class='ocrx_word' id='word_1_999' title='bbox 3135 5283 3218 5351; x_wconf 87' lang='lat' dir='ltr'><strong>qui</strong></span> <span class='ocrx_word' id='word_1_1000' title='bbox 3236 5283 3287 5334; x_wconf 90' lang='lat' dir='ltr'><strong>in</strong></span> <span class='ocrx_word' id='word_1_1001' title='bbox 3307 5279 3443 5334; x_wconf 75' lang='lat' dir='ltr'><strong>caelis</strong></span> <span class='ocrx_word' id='word_1_1002' title='bbox 3463 5294 3553 5336; x_wconf 86' lang='lat' dir='ltr'><strong>est.</strong></span> 
     </span>
    </p>
   </div>
   <div class='ocr_carea' id='block_1_116' title="bbox 1991 5372 3551 5454">
    <p class='ocr_par' dir='ltr' id='par_1_116' title="bbox 1991 5372 3551 5454">
     <span class='ocr_line' id='line_1_116' title="bbox 1991 5372 3551 5454; baseline -0.009 -17"><span class='ocrx_word' id='word_1_1003' title='bbox 1991 5384 2074 5454; x_wconf 86' lang='lat' dir='ltr'><strong>qui</strong></span> <span class='ocrx_word' id='word_1_1004' title='bbox 2102 5383 2223 5453; x_wconf 89' lang='lat' dir='ltr'><strong>facit</strong></span> <span class='ocrx_word' id='word_1_1005' title='bbox 2246 5381 2399 5434; x_wconf 87' lang='lat' dir='ltr'><strong>solem</strong></span> <span class='ocrx_word' id='word_1_1006' title='bbox 2425 5395 2569 5432; x_wconf 87' lang='lat' dir='ltr'><strong>suum</strong></span> <span class='ocrx_word' id='word_1_1007' title='bbox 2597 5378 2719 5431; x_wconf 87' lang='lat' dir='ltr'><strong>oriri</strong></span> <span class='ocrx_word' id='word_1_1008' title='bbox 2741 5378 2892 5444; x_wconf 85' lang='lat' dir='ltr'><strong>super</strong></span> <span class='ocrx_word' id='word_1_1009' title='bbox 2915 5377 3066 5428; x_wconf 89' lang='lat' dir='ltr'><strong>bonos</strong></span> <span class='ocrx_word' id='word_1_1010' title='bbox 3094 5384 3137 5428; x_wconf 88' lang='lat' dir='ltr'><strong>et</strong></span> <span class='ocrx_word' id='word_1_1011' title='bbox 3164 5374 3322 5428; x_wconf 89' lang='lat' dir='ltr'><strong>malos</strong></span> <span class='ocrx_word' id='word_1_1012' title='bbox 3346 5372 3551 5446; x_wconf 86' lang='lat' dir='ltr'><strong>(Matth.</strong></span> 
     </span>
    </p>
   </div>
   <div class='ocr_carea' id='block_1_117' title="bbox 1992 5462 3549 5540">
    <p class='ocr_par' dir='ltr' id='par_1_117' title="bbox 1992 5462 3549 5540">
     <span class='ocr_line' id='line_1_117' title="bbox 1992 5462 3549 5540; baseline -0.007 -14"><span class='ocrx_word' id='word_1_1013' title='bbox 1992 5487 2048 5536; x_wconf 72' lang='grc' dir='ltr'><strong>ν,</strong></span> <span class='ocrx_word' id='word_1_1014' title='bbox 2077 5473 2166 5536; x_wconf 76' lang='grc'><strong>48,</strong></span> <span class='ocrx_word' id='word_1_1015' title='bbox 2198 5470 2267 5526; x_wconf 70' lang='grc'><strong>45</strong></span> <span class='ocrx_word' id='word_1_1016' title='bbox 2290 5472 2329 5540; x_wconf 94' lang='grc'><strong>).</strong></span> <span class='ocrx_word' id='word_1_1017' title='bbox 2361 5468 2511 5524; x_wconf 86' lang='lat' dir='ltr'><strong>Hunc</strong></span> <span class='ocrx_word' id='word_1_1018' title='bbox 2537 5477 2592 5522; x_wconf 93' lang='lat' dir='ltr'><strong>tu</strong></span> <span class='ocrx_word' id='word_1_1019' title='bbox 2621 5466 2810 5520; x_wconf 91' lang='lat' dir='ltr'><strong>imitari</strong></span> <span class='ocrx_word' id='word_1_1020' title='bbox 2839 5465 3074 5531; x_wconf 88' lang='lat' dir='ltr'><strong>noluisti,</strong></span> <span class='ocrx_word' id='word_1_1021' title='bbox 3100 5465 3186 5533; x_wconf 90' lang='lat' dir='ltr'><strong>qui</strong></span> <span class='ocrx_word' id='word_1_1022' title='bbox 3217 5463 3377 5516; x_wconf 83' lang='lat' dir='ltr'><strong>donat</strong></span> <span class='ocrx_word' id='word_1_1023' title='bbox 3416 5462 3549 5515; x_wconf 71' lang='lat' dir='ltr'><strong>bima</strong></span> 
     </span>
    </p>
   </div>
   <div class='ocr_carea' id='block_1_118' title="bbox 1991 5554 3556 5628">
    <p class='ocr_par' dir='ltr' id='par_1_118' title="bbox 1991 5554 3556 5628">
     <span class='ocr_line' id='line_1_118' title="bbox 1991 5554 3556 5628; baseline -0.01 -9"><span class='ocrx_word' id='word_1_1024' title='bbox 1991 5575 2045 5620; x_wconf 91' lang='lat' dir='ltr'><strong>et</strong></span> <span class='ocrx_word' id='word_1_1025' title='bbox 2071 5564 2256 5628; x_wconf 89' lang='lat' dir='ltr'><strong>malis;</strong></span> <span class='ocrx_word' id='word_1_1026' title='bbox 2297 5572 2355 5616; x_wconf 91' lang='lat' dir='ltr'><strong>ut</strong></span> <span class='ocrx_word' id='word_1_1027' title='bbox 2396 5561 2588 5615; x_wconf 87' lang='lat' dir='ltr'><strong>sedens</strong></span> <span class='ocrx_word' id='word_1_1028' title='bbox 2625 5557 2871 5613; x_wconf 90' lang='lat' dir='ltr'><strong>detrahas</strong></span> <span class='ocrx_word' id='word_1_1029' title='bbox 2894 5567 2947 5612; x_wconf 90' lang='lat' dir='ltr'><strong>et</strong></span> <span class='ocrx_word' id='word_1_1030' title='bbox 2974 5556 3145 5610; x_wconf 87' lang='lat' dir='ltr'><strong>bonis.</strong></span> <span class='ocrx_word' id='word_1_1031' title='bbox 3185 5554 3476 5620; x_wconf 86' lang='lat' dir='ltr'><strong>Suspicatus</strong></span> <span class='ocrx_word' id='word_1_1032' title='bbox 3504 5570 3556 5605; x_wconf 89' lang='lat' dir='ltr'><strong>es</strong></span> 
     </span>
    </p>
   </div>
   <div class='ocr_carea' id='block_1_119' title="bbox 1990 5641 3556 5725">
    <p class='ocr_par' dir='ltr' id='par_1_119' title="bbox 1990 5641 3556 5725">
     <span class='ocr_line' id='line_1_119' title="bbox 1990 5641 3556 5725; baseline -0.008 -17"><span class='ocrx_word' id='word_1_1033' title='bbox 1990 5655 2296 5725; x_wconf 86' lang='lat' dir='ltr'><strong>iniquitatem</strong></span> <span class='ocrx_word' id='word_1_1034' title='bbox 2317 5693 2333 5720; x_wconf 88' lang='lat'><strong>,</strong></span> <span class='ocrx_word' id='word_1_1035' title='bbox 2360 5653 2491 5722; x_wconf 89' lang='lat' dir='ltr'><strong>quod</strong></span> <span class='ocrx_word' id='word_1_1036' title='bbox 2515 5668 2599 5705; x_wconf 88' lang='lat' dir='ltr'><strong>ero</strong></span> <span class='ocrx_word' id='word_1_1037' title='bbox 2626 5650 2710 5703; x_wconf 88' lang='lat' dir='ltr'><strong>tibi</strong></span> <span class='ocrx_word' id='word_1_1038' title='bbox 2752 5648 2948 5702; x_wconf 88' lang='lat' dir='ltr'><strong>similis.</strong></span> <span class='ocrx_word' id='word_1_1039' title='bbox 2989 5647 3205 5714; x_wconf 81' lang='lat' dir='ltr'><strong>Argumn</strong></span> <span class='ocrx_word' id='word_1_1040' title='bbox 3244 5652 3307 5694; x_wconf 85' lang='lat' dir='ltr'><strong>te.</strong></span> <span class='ocrx_word' id='word_1_1041' title='bbox 3338 5641 3556 5708; x_wconf 83' lang='lat' dir='ltr'><strong>Quando</strong></span> 
     </span>
    </p>
   </div>
   <div class='ocr_carea' id='block_1_120' title="bbox 1991 5730 3554 5812">
    <p class='ocr_par' dir='ltr' id='par_1_120' title="bbox 1991 5730 3554 5812">
     <span class='ocr_line' id='line_1_120' title="bbox 1991 5730 3554 5812; baseline -0.015 -12"><span class='ocrx_word' id='word_1_1042' title='bbox 1991 5745 2130 5800; x_wconf 84' lang='lat' dir='ltr'><strong>Deus</strong></span> <span class='ocrx_word' id='word_1_1043' title='bbox 2146 5744 2436 5812; x_wconf 85' lang='lat' dir='ltr'><strong>manifestus</strong></span> <span class='ocrx_word' id='word_1_1044' title='bbox 2454 5743 2610 5796; x_wconf 82' lang='lat' dir='ltr'><strong>veniet</strong></span> <span class='ocrx_word' id='word_1_1045' title='bbox 2630 5782 2644 5804; x_wconf 95' lang='lat'><strong>,</strong></span> <span class='ocrx_word' id='word_1_1046' title='bbox 2671 5739 2808 5793; x_wconf 87' lang='lat' dir='ltr'><strong>Deus</strong></span> <span class='ocrx_word' id='word_1_1047' title='bbox 2830 5748 3014 5798; x_wconf 84' lang='lat' dir='ltr'><strong>noster,</strong></span> <span class='ocrx_word' id='word_1_1048' title='bbox 3038 5744 3085 5786; x_wconf 90' lang='lat' dir='ltr'><strong>et</strong></span> <span class='ocrx_word' id='word_1_1049' title='bbox 3127 5748 3225 5785; x_wconf 90' lang='lat' dir='ltr'><strong>non</strong></span> <span class='ocrx_word' id='word_1_1050' title='bbox 3248 5730 3424 5788; x_wconf 84' lang='lat' dir='ltr'><strong>silebit,</strong></span> <span class='ocrx_word' id='word_1_1051' title='bbox 3459 5737 3554 5783; x_wconf 68' lang='lat' dir='ltr'><strong>Ar-</strong></span> 
     </span>
    </p>
   </div>
   <div class='ocr_carea' id='block_1_121' title="bbox 1996 5820 3559 5913">
    <p class='ocr_par' dir='ltr' id='par_1_121' title="bbox 1996 5820 3559 5913">
     <span class='ocr_line' id='line_1_121' title="bbox 1996 5820 3559 5913; baseline -0.016 -16"><span class='ocrx_word' id='word_1_1052' title='bbox 1996 5859 2144 5913; x_wconf 78' lang='lat' dir='ltr'><strong>guam</strong></span> <span class='ocrx_word' id='word_1_1053' title='bbox 2171 5850 2234 5894; x_wconf 86' lang='lat' dir='ltr'><strong>te.</strong></span> <span class='ocrx_word' id='word_1_1054' title='bbox 2270 5837 2333 5893; x_wconf 78' lang='lat' dir='ltr'><strong>Et</strong></span> <span class='ocrx_word' id='word_1_1055' title='bbox 2371 5835 2494 5905; x_wconf 78' lang='lat' dir='ltr'><strong>quid</strong></span> <span class='ocrx_word' id='word_1_1056' title='bbox 2539 5835 2630 5890; x_wconf 89' lang='lat' dir='ltr'><strong>tibi</strong></span> <span class='ocrx_word' id='word_1_1057' title='bbox 2662 5833 2846 5888; x_wconf 83' lang='lat' dir='ltr'><strong>faciam</strong></span> <span class='ocrx_word' id='word_1_1058' title='bbox 2877 5825 3144 5897; x_wconf 74' lang='lat' dir='ltr'><strong>arguendo</strong></span> <span class='ocrx_word' id='word_1_1059' title='bbox 3192 5823 3279 5907; x_wconf 73' lang='lat' dir='ltr'><strong>lci</strong></span> <span class='ocrx_word' id='word_1_1060' title='bbox 3313 5823 3435 5893; x_wconf 88' lang='lat' dir='ltr'><strong>quid</strong></span> <span class='ocrx_word' id='word_1_1061' title='bbox 3467 5820 3559 5875; x_wconf 77' lang='lat' dir='ltr'><strong>tibi</strong></span> 
     </span>
    </p>
   </div>
  </div>
