4004 6200
485 400 585 463 583.

492 522 714 578 faciam?
734 518 886 575 Modo
910 530 958 574 te
987 533 1089 572 non
1112 518 1292 579 vides;
1318 518 1452 573 facio
1473 528 1528 573 ut
1549 519 1728 575 videas
1755 529 1824 573 te.
1852 514 1983 585 Quia
2013 517 2058 571 si

489 616 695 670 videres
715 610 785 671 te.
803 621 856 666 et
876 610 1187 680 displiceres
1207 610 1317 671 tibi,
1344 611 1581 679 placeres
1607 611 1734 665 mihi
1759 630 1771 665 :
1792 611 1911 680 quia
1934 624 2061 665 vero

487 722 589 760 nou
619 713 670 758 te
694 702 879 758 videns
903 702 1143 771 placuisti
1170 700 1281 765 tibi,
1300 701 1603 771 displicebis
1623 712 1675 755 et
1704 701 1830 754 mihi
1854 709 1908 754 et
1926 700 2057 764 tibi;

487 796 614 851 mihi
635 812 754 851 cum
767 795 1119 863 judicaberis;
1145 795 1256 859 tibi,
1272 812 1391 849 cum
1409 795 1641 851 ardebis.
1656 795 1789 863 Quid
1811 795 1950 849 enim
1970 794 2060 849 tibi

486 887 704 950 iaciam,
738 885 940 955 inquit"
968 882 1277 940 Constituam
1304 894 1349 937 te
1385 898 1501 938 ante
1526 887 1706 957 facient
1738 896 1894 938 tuum.
1924 884 2059 953 Quid

486 981 625 1032 enim
649 982 727 1031 vis
756 980 919 1031 latere
947 978 1210 1045 teipsum?
1235 976 1289 1031 In
1333 977 1493 1032 dorso
1521 987 1610 1030 tuo
1642 977 1730 1031 tibi
1753 992 1809 1030 es
1830 1019 1844 1037 ,
1878 992 1995 1029 non
2013 987 2062 1029 le

486 1070 670 1125 vides:
704 1069 837 1123 facio
859 1078 916 1122 ut
948 1080 997 1121 te
1018 1068 1230 1128 videas;
1262 1068 1399 1135 quod
1431 1077 1547 1134 post
1575 1068 1790 1121 dorsum
1818 1067 2059 1138 posuisti,

484 1174 610 1217 ante
643 1162 822 1217 faciem
853 1176 1082 1231 ponam;
1109 1160 1312 1213 videbis
1342 1159 1630 1214 fmditatem
1662 1168 1804 1211 tuam
1824 1200 1840 1221 ,
1871 1172 1974 1211 non
2006 1165 2065 1212 ut

486 1256 741 1324 corrigas,
762 1253 855 1308 sed
877 1261 934 1305 ut
962 1252 1266 1307 erubescas.
1287 1250 1400 1305 Jam
1422 1251 1543 1319 quia
1563 1250 1690 1303 dicit
1709 1250 1826 1309 ista,
1850 1247 2061 1314 fratres,

485 1345 847 1415 tlesperaodus
872 1352 956 1399 est
981 1343 1069 1397 ille
1092 1344 1173 1396 cui
1203 1342 1434 1396 dicitur?
1463 1342 1648 1396 Nonne
1678 1341 1763 1394 illa
1786 1341 1971 1395 civitas
1996 1339 2064 1394 de

487 1456 587 1507 qua
609 1439 805 1493 dictmn
831 1448 934 1500 est,
957 1434 1220 1497 Triduum,
1246 1443 1289 1488 et
1315 1434 1496 1488 Ninire
1517 1444 1776 1499 erertetur,
1801 1434 1933 1485 intra
1965 1432 2063 1485 tri-

492 1532 649 1585 duum
682 1530 869 1583 idonea
901 1528 996 1582 fuit
1020 1527 1279 1592 converti,
1309 1542 1483 1587 orare,
1519 1526 1785 1596 plangere,
1819 1526 1887 1580 de
1908 1540 2063 1593 pteua

494 1623 784 1676 imminenti
813 1619 1226 1674 misericordiam
1246 1619 1537 1688 promereri
1561 1619 1577 1687 (
1593 1619 1839 1679 Jonwtn,
1869 1617 2016 1688 4-10)
2040 1617 2064 1671 ?

494 1714 721 1769 Audiant
767 1728 893 1783 ergo
922 1714 1009 1782 qui
1039 1698 1320 1766 tales'snnt
1342 1754 1356 1773 ,
1389 1712 1511 1764 dum
1542 1712 1663 1766 licet
1698 1711 1882 1765 audire
1905 1720 1960 1765 et
1988 1719 2066 1765 ta-

490 1816 718 1864 centem.
747 1804 937 1859 Veniet
956 1805 1115 1864 enim,
1140 1814 1193 1857 et
1214 1819 1317 1857 non
1338 1803 1528 1866 silebit,
1556 1815 1607 1881 et
1627 1812 1833 1871 arguet,
1857 1802 2065 1872 quando

491 1896 803 1950 eorrectioni
834 1896 981 1950 locus
1012 1894 1188 1949 nullus
1215 1896 1334 1949 erit.
1365 1893 1598 1947 Statuam
1637 1904 1703 1958 te,
1737 1894 1924 1963 inquit,
1952 1902 2068 1947 ante

492 1992 669 2060 faciem
697 2000 855 2043 mam.
875 1989 1032 2043 Modo
1051 2004 1178 2058 ergo
1205 1998 1257 2041 ttt
1282 1988 1383 2052 fac,
1408 1986 1646 2057 quisquis
1676 1987 1794 2041 talis
1819 2001 1898 2051 es,
1924 1986 2066 2055 quod

492 2084 585 2134 tibi
615 2083 846 2134 minatur
875 2082 1048 2134 facere
1078 2080 1235 2133 Deus.
1262 2076 1412 2132 Tolle
1443 2087 1492 2131 te
1520 2092 1546 2128 a
1581 2086 1729 2147 tergo
1759 2087 1868 2143 ttto,
1902 2076 1989 2131 ubi
2015 2086 2067 2132 te

493 2174 677 2227 videre
709 2188 813 2226 non
842 2171 942 2233 vis,
970 2171 1307 2223 iliSsittntlans
1332 2168 1537 2222 a-l'aetis
1576 2169 1699 2233 tuis,
1728 2179 1782 2223 et
1807 2168 2067 2224 constitue

492 2274 545 2317 te
572 2272 694 2317 ante
721 2272 792 2318 te.
820 2261 1065 2316 Asceude
1089 2259 1315 2314 tribunal
1343 2260 1535 2314 utentis
1567 2270 1668 2313 tum
1686 2301 1700 2325 ,
1723 2271 1839 2314 esto
1864 2260 1955 2314 tibi
1977 2260 2067 2329 ju-

490 2358 615 2420 dex,
646 2364 886 2424 torqueat
913 2363 963 2408 te
985 2354 1160 2419 timor,
1190 2362 1430 2422 erumpat
1456 2368 1485 2406 a
1516 2362 1567 2407 te
1592 2352 1878 2417 confessio,
1910 2364 1963 2407 et
1982 2353 2068 2408 dic

494 2448 603 2502 lleo
634 2456 725 2501 tuo
753 2452 767 2498 ἑ
795 2445 1047 2513 Quoniam
1086 2445 1393 2514 iniquitatem
1421 2460 1581 2496 nteant
1610 2459 1699 2514 ego
1726 2446 1990 2513 cognosco,
2020 2452 2067 2495 et

494 2540 726 2593 delictum
752 2553 917 2590 meum
945 2546 1061 2590 ante
1085 2552 1161 2589 me
1182 2544 1256 2589 est
1274 2535 1507 2605 semper(
1543 2532 1686 2588 Psal.
1718 2549 1766 2594 ι..
1796 2534 1889 2602 5).
1917 2532 2066 2599 Quod

494 2640 609 2686 erat
658 2639 776 2700 post
803 2639 851 2683 te
877 2670 892 2691 ,
941 2627 1030 2682 fiat
1054 2636 1178 2682 autc
1208 2635 1260 2681 te
1291 2646 1304 2680 :
1336 2642 1403 2681 ne
1433 2634 1485 2679 tu
1519 2626 1630 2695 ipse
1662 2633 1844 2693 postea
1881 2641 1909 2677 a
1960 2624 2068 2678 Deo

487 2726 663 2795 judice
692 2724 787 2778 fias
816 2731 936 2775 ante
964 2732 1034 2781 te,
1064 2730 1117 2774 et
1147 2737 1250 2774 non
1277 2720 1468 2789 sitquo
1496 2717 1665 2788 fugias
1696 2734 1723 2770 a
1755 2727 1826 2770 te.

560 2815 650 2869 29.
694 2812 860 2885 [vers.
887 2809 1003 2882 22.]
1029 2810 1306 2880 lntelligite
1354 2816 1530 2862 autmn
1558 2808 1664 2861 lucc
1691 2808 1775 2875 qui
1815 2806 2066 2859 oblivisci-

492 2908 616 2961 miui
641 2906 823 2959 Deum.
855 2905 1039 2959 Videte
1077 2904 1196 2973 quia
1241 2903 1437 2957 clamat
1463 2942 1478 2967 ,
1508 2911 1559 2954 et
1591 2917 1692 2955 non
1725 2910 1880 2965 tacet,
1914 2901 2065 2961 non"

494 2998 678 3068 parcit.
711 2996 916 3075 Oblitus
945 3010 1062 3047 eras
1092 2994 1369 3047 Dominum
1395 3034 1410 3058 ,
1445 3010 1547 3045 non
1575 2992 1843 3062 cogitabas
1868 2991 1935 3046 de
1962 2992 2066 3046 vita

495 3100 581 3141 tua
632 3086 789 3141 mala.
820 3086 1053 3152 lntellige
1099 3085 1220 3153 quia
1267 3084 1461 3138 oblitus
1514 3099 1571 3136 es
1632 3083 1927 3136 Dominum.
1960 3081 2064 3137 Ne-

492 3181 691 3249 quando
714 3166 878 3247 rapiat
907 3179 1033 3230 sicut
1063 3177 1159 3241 leo,
1191 3184 1239 3229 et
1277 3191 1376 3229 non
1402 3177 1466 3228 sit
1491 3176 1575 3243 qui
1601 3184 1762 3228 eruat.
1792 3175 1929 3242 Quid
1953 3185 2063 3240 est,

492 3264 621 3324 sicut
640 3270 717 3322 leo
738 3270 762 3322 γ
781 3267 920 3323 Sicut
949 3266 1119 3330 fortis,
1143 3268 1279 3327 sicut
1300 3270 1507 3334 potens.
1535 3266 1667 3319 sicut
1690 3266 1776 3320 ille
1803 3265 1888 3319 cui
1910 3281 2068 3321 nemo

494 3363 743 3414 resistere
771 3367 963 3427 potest.
993 3356 1073 3410 Ad
1119 3356 1219 3410 hoc
1259 3356 1471 3421 retulit,
1503 3366 1558 3408 ιιι
1595 3355 1939 3429 tlirwt‘et‘leo.
1966 3357 2067 3410 Po-

494 3457 637 3508 nitur
656 3453 796 3507 enim
826 3452 875 3505 in
904 3448 1090 3512 laude,
1123 3450 1332 3517 ponitur
1367 3457 1419 3503 et
1450 3448 1498 3501 in
1539 3447 1939 3516 vituperatiooc.
1982 3448 2068 3501 Di-

492 3557 608 3601 ctus
644 3554 726 3598 est
774 3545 856 3597 leo
897 3542 1137 3595 diabolus
1170 3558 1183 3594 :
1214 3540 1546 3594 Adversarius
1574 3550 1764 3605 vester,
1796 3541 1869 3594 ait
1896 3581 1910 3601 ,
1950 3549 2063 3592 tan-

489 3653 638 3705 quam
661 3635 736 3688 lco
758 3636 956 3704 rugiens
980 3633 1206 3686 circumit
1225 3648 1451 3702 quaerens
1465 3632 1609 3701 quem
1633 3632 1829 3685 devoret
1852 3632 1904 3701 (Ἰ
1925 3630 2062 3685 Petr.

492 3745 549 3791 v,
578 3728 657 3796 8).
681 3725 941 3795 Numquid
964 3724 1082 3793 quia
1108 3724 1199 3778 ille
1225 3725 1308 3778 leo
1337 3724 1506 3776 dictus
1539 3733 1620 3777 est
1647 3732 1861 3792 propter
1882 3724 2067 3778 innua-

493 3839 611 3877 nem
636 3821 912 3881 sanitiam,
939 3819 1179 3872 Christus
1199 3832 1302 3870 non
1324 3816 1519 3870 dicitur
1543 3816 1625 3870 leo
1653 3818 2066 3887 proptcringen-

491 3924 598 3968 tem
627 3913 982 3967 fortitudinem
1003 3910 1114 3963 ?.Et
1151 3909 1237 3963 ubi
1268 3919 1350 3964 est
1389 3908 1515 3962 illud
1548 3949 1562 3973 ,
1600 3907 1726 3961 Vicit
1753 3910 1828 3962 leo
1853 3909 1914 3961 de
1932 3910 2066 3961 tribu

490 4006 627 4058 .fmla
661 4004 854 4071 (Apoc.
894 4019 945 4063 v,
969 4001 1081 4072 5)?
1108 3999 1349 4055 lntendat
1394 4000 1659 4073 paululum
1690 3999 1931 4054 Charitas
1955 3998 2063 4054 Ve-

491 4108 598 4151 stra
616 4096 788 4149 adhuc
808 4095 1068 4149 modicum
1089 4095 1229 4163 quod
1258 4102 1454 4147 restat:
1476 4092 1698 4164 obsecro
1720 4107 1811 4146 vos
1833 4102 1889 4145 ut
1906 4106 2066 4145 excu-

494 4189 634 4241 tiatis
659 4186 1044 4256 fatigationem;
1069 4186 1236 4240 aderit
1264 4185 1354 4240 ille
1375 4186 1461 4255 qui
1485 4184 1633 4238 vobis
1655 4184 1900 4253 usquead
1928 4183 2065 4238 hanc

494 4280 678 4335 horam
708 4280 847 4332 vires
871 4277 1037 4331 dedit.
1069 4278 1229 4331 Paulo
1260 4288 1381 4330 ante.
1407 4278 1651 4342 dixerat,
1701 4285 1948 4346 tanquam
1981 4277 2063 4329 in-

490 4373 674 4427 dicens
722 4369 874 4422 nobis
900 4408 916 4431 ,
950 4376 1005 4421 ut
1031 4368 1251 4421 audistis
1279 4410 1295 4434 ,
1323 4369 1545 4438 vectigal
1582 4368 1858 4439 ‘quoddani
1894 4365 2063 4421 laudis

491 4480 601 4519 sua:
627 4482 640 4517 :
665 4462 882 4517 Immola
900 4460 1006 4515 Deo
1029 4461 1331 4529 sacri/icium
1351 4462 1534 4520 laudis.
1565 4473 1611 4514 et
1636 4463 1786 4515 redde
1808 4462 2063 4515 Altissimo

493 4572 659 4625 preces
687 4566 818 4609 tuas.
845 4554 1028 4608 Postea
1060 4563 1234 4606 autem
1261 4569 1273 4606 :
1300 4553 1882 4607 Peccatoriautemdixit
1907 4552 2059 4618 Deus,

492 4647 684 4718 thuid
708 4656 759 4700 tu
786 4662 989 4700 enarrus
1003 4644 1229 4714 justitias
1258 4628 1392 4696 meas
1417 4685 1430 4705 ,
1461 4651 1507 4696 ct
1535 4645 1748 4697 assumis
1774 4640 2064 4698 Testamen-

492 4750 595 4791 tum
627 4756 788 4792 nterim
818 4755 905 4809 per
933 4755 989 4792 as
1034 4737 1212 4790 tuum?
1251 4735 1522 4806 Tanquam
1576 4734 1778 4790 diceret
1805 4737 1895 4814 ei,
1924 4735 2060 4789 Nihil

494 4833 585 4884 tibi
608 4833 818 4901 prodest
837 4830 976 4902 quod
1000 4830 1181 4885 laudas
1206 4848 1220 4884 :
1242 4844 1341 4900 ego
1366 4828 1530 4882 indixi
1556 4828 1722 4880 laudis
1748 4830 2060 4883 sacrificium

494 4918 598 4975 illis
625 4925 710 4993 qui
740 4925 872 4978 bene
893 4924 1106 4988 vivunt;
1129 4924 1208 4978 eis
1229 4923 1369 4978 enim
1399 4919 1613 4991 prodest
1637 4920 1778 4990 quod
1809 4920 2059 4975 laudant:

494 5024 548 5068 tu
603 5023 775 5069 autem
822 5015 867 5068 si
911 5015 1092 5071 laudas
1120 5056 1136 5081 ,
1184 5014 1311 5069 nihil
1354 5013 1447 5067 tibi
1490 5012 1735 5083 prodest;
1767 5012 1947 5082 utquid
1978 5027 2063 5066 me

499 5106 719 5159 laudas?
744 5105 855 5159 Non
881 5116 962 5160 est
991 5108 1227 5176 speciosa
1259 5109 1373 5160 laus
1399 5106 1450 5160 in
1483 5121 1573 5159 ore
1601 5101 1935 5176 pecoatoris(
1967 5103 2064 5157 Ec-

492 5198 575 5250 cli.
606 5194 809 5273 xv,‘9).
844 5194 1029 5250 P05tea
1056 5196 1322 5251 concludit
1361 5197 1510 5267 quasi
1555 5196 1620 5250 ad
1670 5206 1982 5264 utrumque,
2008 5205 2063 5250 et

491 5300 720 5357 arguens
770 5285 936 5338 malos
962 5287 1051 5354 qui
1090 5286 1468 5339 obliviscuntur
1502 5286 1662 5339 Deum
1707 5286 1782 5339 ait
1811 5302 1826 5338 :
1853 5284 2061 5340 Intelli-

490 5382 586 5442 {n‘te
617 5379 723 5433 haec
751 5377 833 5444 qui
859 5375 1199 5430 obliviscimiui
1227 5375 1411 5441 Deum,
1450 5376 1714 5448 nequando
1741 5377 1906 5446 rapiat
1935 5376 2062 5431 sicut

489 5468 587 5527 leo.
615 5479 665 5522 et
686 5485 786 5522 nou
812 5468 874 5520 sit
904 5466 988 5534 qui
1016 5480 1176 5519 (ruat.

560 5563 647 5617 50.
689 5563 855 5635 {rem
882 5556 1014 5630 εῖν]
1055 5553 1375 5637 Sacriﬁcium
1403 5557 1569 5620 laudis
1615 5557 1914 5629 glori/icabit
1958 5556 2055 5612 me.

494 5652 767 5719 Quomodo
787 5650 1093 5719 sacri/icium
1114 5650 1280 5703 laudis
1298 5649 1595 5720 glariﬁcabit
1616 5666 1693 5701 me
1710 5650 1735 5702 ?
1755 5649 1909 5704 Certe
1929 5649 2057 5706 nihil

486 5745 705 5817 prodest
733 5744 886 5799 malis
911 5741 1224 5798 sacrificium
1251 5740 1418 5797 laudis
1447 5780 1462 5805 ,
1490 5739 1612 5811 quia
1654 5750 1928 5795 assumunt
1951 5740 2059 5797 Te-

554 5857 572 5888 ι
609 5860 793 5924 Atiquot
817 5864 940 5941 tam.
968 5868 1093 5910 eam.

1683 398 1742 456 Si
1783 396 2147 457 AUGUSTINI
2190 398 2490 460 EPISCUPl

3637 415 3744 474 584

2166 530 2484 574 stamentutu
2514 532 2656 575 tuum
2705 538 2796 591 per
2823 538 2885 578 os
2907 539 3061 578 suum
3092 565 3107 583 .
3136 533 3191 578 et
3216 524 3410 579 faciunt
3444 525 3748 581 damnanda

2165 627 2283 680 qua‘
2308 612 2589 680 displicmt
2610 614 2777 669 oculis
2804 616 2926 670 tuis.
2956 616 3196 678 Prorsus,
3226 615 3412 687 inquit,
3441 628 3495 672 et
3514 617 3618 673 illis
3644 618 3751 674 hoc

2164 704 2285 757 dico
2310 746 2324 764 .
2343 704 2676 773 Sacri/icium
2724 706 2892 761 laudis
2916 707 3220 780 gloriﬁcabit
3249 724 3346 761 me.
3375 707 3493 764 Jam
3524 710 3751 777 putabas

2166 795 2257 849 tibi
2302 796 2509 851 laudem
2562 813 2669 852 non
2711 798 2967 870 prodesse
2998 800 3201 871 :_lauda
3230 844 3244 863 ,
3278 800 3513 871 proderit
3543 802 3657 857 tibi.
3688 802 3748 856 Si

2166 885 2307 939 enim
2346 886 2483 940 male
2511 887 2643 941 vivis
2662 897 2712 942 et
2742 890 2873 942 bona
2904 889 3039 943 dicis
3062 931 3079 955 ,
3114 890 3349 945 nondum
3392 891 3573 944 laudas
3605 912 3617 943 :
3650 893 3750 946 sed

2166 994 2349 1033 rursus
2377 981 2418 1032 si
2449 996 2569 1034 cum
2606 980 2835 1051 ceperis
2865 982 3000 1036 bene
3041 982 3221 1037 vivere
3243 1023 3259 1046 ,
3294 983 3493 1036 meritis
3524 983 3626 1036 tuis
3656 984 3753 1036 tti-

2168 1070 2296 1125 buas
2343 1070 2481 1135 quod
2531 1072 2666 1126 bene
2691 1072 2825 1125 vivis
2844 1112 2860 1134 ,
2882 1071 3127 1140 nondum
3158 1072 3359 1126 laudas.
3387 1072 3519 1125 Nolo
3548 1082 3598 1126 te
3627 1088 3754 1127 esse

2169 1161 2425 1215 latronem
2455 1162 2795 1217 insultantem
2832 1164 2971 1218 cruci
3004 1164 3212 1219 Domini
3242 1163 3391 1237 (Luc.
3419 1180 3568 1229 nm,
3590 1165 3660 1220 39
3691 1168 3750 1232 ):

2167 1254 2259 1308 sed
2282 1269 2380 1308 nec
2404 1264 2456 1309 te
2482 1254 2627 1309 illum
2656 1255 2775 1308 volo
2801 1269 2921 1310 esse
2948 1257 2998 1310 in
3027 1257 3227 1327 templo
3245 1258 3530 1322 jactautem
3559 1258 3750 1310 merita

2168 1358 2263 1397 sua
2293 1386 2307 1405 ,
2340 1354 2392 1399 et
2417 1346 2773 1400 occultantem
2803 1347 3017 1401 vulnera
3047 1364 3138 1400 sua
3166 1345 3185 1417 (
3215 1346 3298 1399 Id.
3326 1363 3455 1401 xvm
3475 1387 3491 1413 ,
3525 1348 3582 1400 ll
3620 1350 3637 1417 )
3690 1348 3750 1401 Si

2168 1435 2330 1489 fueris
2371 1436 2580 1505 iniquus
2607 1447 2659 1491 et
2691 1452 3038 1506 perseverans
3080 1438 3134 1492 in
3160 1437 3248 1491 illa
3279 1437 3551 1506 iniquitate
3576 1478 3590 1499 ,
3642 1453 3748 1489 non

2167 1526 2285 1581 dico
2316 1527 2407 1581 tibi
2432 1570 2447 1594 ,
2480 1512 2594 1582 Non
2624 1530 2859 1598 proderit
2900 1529 3046 1594 laus;
3091 1528 3183 1583 sed
3207 1570 3222 1594 ,
3262 1528 3379 1583 Non
3410 1544 3494 1582 me
3522 1528 3709 1583 laudas
3730 1569 3751 1595 ,

2170 1619 2376 1673 Laudent
2406 1620 2557 1673 istam
2584 1634 2703 1675 esse
2734 1635 2838 1673 non
2865 1620 3106 1688 deputo:
3138 1634 3322 1674 rursus
3346 1619 3389 1672 si
3418 1618 3578 1672 fueris
3597 1620 3751 1688 quasi

2163 1709 2340 1779 justus
2369 1711 2512 1782 (nam
2540 1727 2697 1767 nemo
2721 1713 2894 1782 justus
2922 1712 3021 1766 nisi
3050 1712 3262 1765 humilis
3298 1718 3354 1766 et
3380 1712 3515 1781 pius)
3545 1754 3559 1769 .
3590 1722 3643 1767 et
3679 1711 3754 1767 de

2163 1802 2363 1870 justitia
2398 1812 2482 1856 tua
2528 1802 2741 1859 inﬂatus
2772 1805 3088 1870 incesseris,
3116 1816 3171 1859 et
3208 1803 3341 1858 alios
3386 1806 3436 1858 in
3481 1812 3568 1859 tua
3595 1819 3753 1858 coui-

2169 1893 2442 1962 paratione
2463 1896 2869 1964 contempseris,
2891 1903 2955 1961 et
2971 1894 3388 1973 superextuleris
3419 1906 3469 1950 te
3499 1903 3753 1965 utinquam

2169 1985 2399 2054 glorians
2422 1985 2490 2041 de
2527 1988 2729 2041 meritis
2751 1988 2874 2050 tuis,
2908 2002 3012 2039 non
3041 2002 3126 2040 me
3165 1985 3368 2041 laudas.
3395 1986 3504 2041 Nec
3530 1985 3617 2041 ille
3660 2001 3755 2042 me

2169 2078 2350 2132 laudat
2376 2080 2463 2148 qui
2495 2081 2632 2135 male
2656 2081 2817 2144 vivit;
2849 2095 2946 2134 nec
2972 2079 3060 2134 ille
3091 2095 3175 2134 me
3197 2079 3376 2133 laudat
3390 2080 3481 2150 qui
3510 2080 3656 2149 quasi
3677 2078 3754 2133 de

2168 2183 2267 2223 suo
2298 2169 2429 2224 bene
2459 2170 2603 2224 vivit.
2628 2170 2730 2226 Sed
2763 2170 3017 2240 numquid
3042 2170 3133 2224 ille
3158 2170 3473 2235 Pbarisaeus,
3502 2171 3649 2240 quasi
3678 2170 3755 2225 de

2171 2275 2270 2314 suo
2297 2261 2416 2314 talis
2439 2270 2572 2325 erat,
2607 2278 2728 2315 cum
2754 2261 2975 2325 diceret,
3006 2259 3207 2314 Gratias
3235 2262 3324 2314 tibi
3355 2277 3473 2331 ago,
3499 2262 3618 2329 quia
3646 2278 3752 2314 non

2170 2367 2279 2403 sum
2312 2352 2440 2404 sicut
2481 2350 2661 2406 elateri"
2691 2352 2956 2405 homines?
2982 2350 3187 2407 Gratias
3233 2351 3340 2405 Deo
3377 2350 3563 2421 agebat
3590 2366 3658 2404 ex
3681 2366 3754 2403 eo

2170 2441 2311 2512 quod
2338 2442 2532 2496 bonum
2560 2443 2609 2495 itt
2634 2458 2693 2498 se
2722 2442 2966 2497 habebat.
2999 2443 3254 2509 Quamvis
3279 2458 3405 2512 ergo
3427 2443 3624 2511 aliquid
3650 2441 3752 2495 bo-

2171 2551 2294 2590 num
2322 2536 2374 2589 in
2402 2544 2451 2590 te
2475 2536 2563 2601 sit,
2591 2536 2835 2606 quamvis
2880 2536 2988 2605 jam
3020 2536 3283 2607 intelligas
3312 2551 3416 2589 non
3443 2550 3505 2587 ex
3549 2544 3600 2589 te
3626 2549 3753 2588 esse

2169 2626 2310 2697 quod
2332 2626 2529 2681 bonum
2554 2638 2655 2693 est,
2683 2626 2778 2683 sed
2799 2644 2827 2680 a
2859 2627 2967 2682 Deo
2998 2635 3047 2681 te
3071 2627 3367 2696 accepisse;
3394 2635 3566 2679 tamen
3597 2626 3649 2679 in
3678 2640 3753 2679 eo

2171 2719 2306 2788 ipso,
2330 2719 2373 2773 si
2403 2728 2453 2774 te
2476 2719 2728 2774 extuleris
2748 2734 2909 2788 super
2934 2719 3095 2774 alium
3135 2734 3238 2773 non
3273 2719 3572 2784 habentem,
3607 2719 3751 2771 invi-

2169 2809 2270 2865 dus
2297 2812 2511 2873 teneris,
2546 2811 2776 2865 nondum
2809 2810 3050 2866 laudator
3086 2826 3237 2865 meus
3263 2810 3388 2865 eris.
3420 2810 3597 2864 Primo
3619 2828 3753 2881 ergo

2169 2903 2439 2975 corrigere
2467 2920 2496 2956 ιι
2527 2904 2609 2956 via
2639 2904 2887 2972 pessima,
2912 2903 3086 2971 incipe
3107 2904 3286 2957 vivere
3313 2903 3446 2956 bene
3468 2920 3482 2954 :
3508 2904 3754 2970 intelage

2170 2995 2291 3063 quis
2315 3010 2417 3049 non
2436 2994 2715 3065 corrigeris
2730 2995 2829 3049 nisi
2850 2994 2991 3049 dono
3006 2995 3098 3051 Dei
3116 3010 3131 3057 ;
3150 3010 3177 3047 a
3200 2994 3420 3048 Domino
3437 2996 3576 3049 enim
3601 3011 3754 3062 gres-

2170 3103 2261 3143 sus
2278 3089 2504 3142 hominis
2525 3087 2821 3157 diriguntur
2841 3087 3008 3160 (I’sal.
3034 3103 3213 3150 xxxvi,
3238 3086 3353 3157 25).
3386 3087 3494 3141 lloc
3516 3103 3634 3140 cum
3667 3089 3754 3140 in-

2172 3179 2454 3242 tellexeris,
2483 3180 2597 3232 fave
2617 3189 2668 3233 et
2690 3179 2826 3244 aliis,
2854 3188 2913 3233 ιιι
2937 3179 3043 3233 sint
3067 3178 3206 3249 quod
3233 3189 3286 3233 et
3307 3188 3360 3232 tu
3383 3194 3477 3235 es:
3503 3181 3621 3250 quia
3642 3178 3753 3234 hoc

2169 3282 2291 3323 eras
2314 3279 2368 3323 et
2395 3278 2469 3327 tu.
2492 3268 2630 3338 quod
2655 3268 2728 3322 illi
2755 3279 2900 3322 sunt.
2924 3267 3064 3323 Fave
3088 3279 3340 3338 quantum
3367 3278 3535 3337 potes,
3559 3279 3613 3323 et
3634 3271 3751 3324 uoli

2169 3360 2484 3429 desperare;
2519 3376 2620 3413 non
2666 3361 2806 3414 enim
2861 3375 3027 3430 usque
3081 3360 3147 3414 ad
3192 3370 3242 3416 te
3291 3360 3440 3414 dives
3472 3371 3552 3414 est
3584 3362 3748 3415 Deus.

2167 3451 2283 3506 Non
2305 3467 2430 3521 ergo
2459 3453 2651 3517 laudat,
2682 3456 2767 3523 qui
2789 3454 2925 3508 male
2947 3453 3169 3508 vivendo
3194 3453 3411 3507 offendit
3440 3455 3747 3518 Dominum;

2170 3558 2273 3596 non
2307 3542 2503 3609 laudat,
2535 3544 2622 3612 qui
2650 3559 2769 3598 cum
2792 3544 2901 3613 jam
2928 3546 3151 3612 coeperit
3171 3546 3303 3599 bene
3324 3546 3521 3610 vivere,
3547 3546 3615 3600 de
3638 3563 3751 3599 suo

2169 3645 2317 3705 putat
2342 3652 2463 3691 esse
2487 3635 2626 3706 quod
2657 3637 2792 3691 bene
2817 3637 2964 3703 vivit,
2997 3653 3100 3691 non
3131 3647 3401 3706 aceeptmn
3430 3654 3457 3690 τι
3479 3638 3582 3691 Deo
3606 3657 3619 3689 :
3643 3654 3753 3694 nec

2170 3728 2258 3781 ille
2307 3728 2522 3789 laudat,
2551 3727 2640 3798 qui
2687 3742 2805 3782 cum
2832 3729 2963 3781 sciat
3009 3743 3067 3783 se
3112 3729 3251 3798 quod
3281 3728 3416 3783 bene
3434 3726 3560 3782 vivit
3591 3744 3753 3783 acce-

2169 3819 2310 3888 pisse
2355 3834 2385 3873 a
2433 3819 2575 3884 Deo,
2610 3829 2785 3874 tamen
2833 3836 2999 3889 usque
3036 3819 3101 3872 ad
3146 3834 3205 3874 se
3243 3820 3353 3873 vult
3377 3836 3497 3874 esse
3523 3821 3748 3873 divitem

2170 3910 2354 3962 lleum.
2383 3908 2474 3964 Ille
2502 3911 2676 3979 itaque
2703 3910 2790 3979 qui
2817 3909 3046 3975 dicebat,
3080 3908 3282 3964 Gratias
3306 3910 3394 3963 tibi
3417 3926 3513 3980 ago
3535 3952 3548 3975 ,
3582 3909 3744 3973 Deus,

2167 4000 2301 4070 quod
2326 4017 2424 4054 non
2452 4017 2562 4053 sum
2586 4001 2712 4053 sicut
2739 4001 2905 4054 cwteri
2934 4000 3175 4065 homines,
3208 4000 3420 4073 injusti,
3470 4010 3699 4072 raptores
3727 4044 3743 4066 ,

2166 4090 2419 4154 adulteri,
2451 4092 2580 4145 sicut
2628 4102 2676 4145 et
2725 4090 3035 4146 Publicanus
3062 4092 3189 4157 iste;
3213 4108 3389 4148 nonne
3416 4094 3482 4147 ibi
3513 4094 3745 4149 habebat

2170 4177 2308 4239 imde
2335 4183 2538 4238 diceret
2565 4202 2577 4237 :
2614 4185 2755 4264 Dona
2781 4194 2835 4240 et
2860 4184 3149 4240 Publicano
3174 4184 3296 4240 huic
3322 4187 3461 4255 quod
3485 4188 3615 4240 mihi
3640 4189 3746 4242 do-

2168 4275 2304 4330 nasti
2330 4318 2344 4342 ,
2377 4277 2563 4345 supple
2585 4285 2639 4331 et
2662 4276 2788 4330 mihi
2816 4294 2933 4347 qua:
2960 4277 3192 4333 nondum
3233 4278 3472 4333 dedisti?
3499 4280 3606 4334 Sed
3631 4280 3745 4349 jam

2166 4368 2314 4437 qttasi
2367 4374 2631 4421 saturatus
2672 4369 2913 4423 ructabat
2953 4385 3102 4424 :non
3147 4369 3395 4436 dicebat,
3427 4371 3537 4441 Ego
3563 4384 3749 4425 autem

2167 4474 2366 4527 egenus
2392 4467 2447 4513 et
2478 4474 2678 4529 pauper
2706 4462 2725 4533 (
2756 4459 2901 4514 Psal.
2931 4476 3076 4527 thx,
3102 4462 3205 4534 6);
3232 4462 3371 4533 quod
3400 4462 3610 4517 dicebat
3640 4463 3745 4516 Pn-

2167 4552 2401 4606 blicanus
2426 4552 2550 4618 ille,
2586 4551 2797 4606 Domine
2824 4594 2838 4613 .
2869 4554 3118 4623 prapitius
3157 4564 3262 4608 esto
3308 4554 3431 4608 mihi
3467 4556 3741 4625 percntari.

2169 4641 2290 4695 Ideo
2316 4642 2591 4697 descendit
2625 4642 2942 4713 justificatus
2985 4642 3334 4707 Publicanus,
3364 4647 3531 4717 magis
3579 4661 3743 4714 quam

2120 4774 2125 4779 ι
2166 4734 2255 4788 ille
2281 4734 2579 4788 Pharisrcus
2627 4733 2793 4806 (Luc.
2816 4750 2964 4799 xvnt,
3000 4734 3225 4803 ll-M).
3260 4734 3401 4806 Ergo
3428 4737 3608 4791 audite
3650 4738 3742 4804 qui

2167 4827 2300 4880 bene
2330 4825 2523 4891 vivitis,
2547 4824 2723 4879 audite
2751 4826 2839 4894 qui
2872 4826 3008 4881 male
3036 4826 3209 4880 vivitis
3237 4845 3252 4881 :
3281 4825 3604 4897 Sacriﬁdgm
3628 4826 3747 4881 Ιιηι-

2166 4918 2245 4972 dis
2271 4918 2569 4989 gloriﬁcabit
2610 4934 2706 4971 me.
2751 4916 2918 4972 Nemo
2944 4915 3071 4972 inihi
3115 4917 3269 4973 oll'ert
3299 4919 3401 4974 hoc
3425 4919 3744 4975 sacriﬁcium

2168 5014 2354 5077 laudis,
2386 5025 2439 5068 et
2463 5013 2633 5066 malus
2661 5022 2764 5068 est.
2792 5010 2908 5067 Non
2924 5010 3080 5077 d'eo,
3106 5011 3222 5067 Non
3257 5013 3358 5067 hoc
3401 5012 3527 5066 mihi
3552 5012 3746 5069 oll‘erat

2164 5106 2371 5171 malus;
2413 5104 2504 5159 sed
2529 5146 2542 5166 ,
2567 5104 2734 5158 Nemo
2764 5103 2889 5157 mibi
2922 5103 3022 5158 hoc
3064 5102 3220 5158 oll'crt
3250 5103 3440 5158 malus.
3468 5103 3568 5172 Qui
3596 5105 3745 5161 enim

2167 5196 2378 5262 laudat-,
2412 5197 2580 5251 bonus
2623 5205 2706 5250 est
2729 5212 2742 5247 :
2769 5196 2889 5265 quia
2921 5194 2965 5248 si
2994 5196 3189 5261 laudat,
3217 5196 3376 5250 etiam
3404 5195 3541 5251 bene
3566 5198 3697 5250 vivit
3724 5215 3743 5263 ;

2164 5290 2285 5359 quia
2312 5289 2355 5341 si
2382 5287 2594 5353 laudat,
2626 5303 2729 5341 non
2758 5288 2925 5341 solum
2954 5287 3128 5358 lingua
3157 5285 3334 5342 laudat
3359 5329 3375 5355 ,
3406 5287 3500 5343 sed
3536 5297 3597 5344 et.
3633 5290 3739 5344 vita

2164 5398 2282 5437 cum
2315 5382 2490 5451 lingua
2513 5380 2796 5435 consentit.

2234 5473 2322 5530 5i.
2364 5472 2682 5541 Sacriﬁcium
2706 5472 2870 5527 laudis
2893 5472 3187 5543 gloriﬁcabit
3215 5489 3294 5526 me
3319 5488 3340 5528 :
3363 5481 3409 5528 et
3431 5472 3500 5527 ibi
3532 5473 3616 5527 via
3645 5484 3741 5539 cst,

2163 5585 2261 5638 qua
2289 5564 2547 5620 ostendam
2587 5565 2663 5618 illi
2688 5567 2907 5619 salutare
2935 5565 3048 5619 Dei.
3098 5565 3151 5619 ln
3182 5565 3440 5621 sacriﬁcio
3467 5566 3640 5620 laudis
3659 5568 3744 5621 oio

2164 5671 2255 5721 est,
2286 5675 2385 5727 qua
2409 5657 2482 5711 illi
2519 5656 2777 5711 ostendam
2824 5657 3046 5711 salutare
3084 5656 3195 5711 Dei.
3232 5656 3381 5723 Quod
3410 5665 3493 5711 est
3515 5656 3743 5713 salutare

2171 5750 2309 5807 Dei?
2333 5749 2573 5804 Christus
2600 5747 2773 5803 Jesus.
2808 5747 2876 5802 Et
2906 5748 3179 5817 quomodo
3206 5748 3256 5802 in
3280 5748 3540 5804 sacrificio
3565 5748 3741 5804 laudis

2168 5843 2318 5900 nobis
2362 5841 2653 5899 ostenditur
2679 5840 2947 5909 Christus}
2989 5841 3120 5909 Quia
3145 5839 3382 5896 Christus
3411 5856 3530 5896 cum
3567 5842 3738 5911 gratia
