4004 6200
257 289 361 347 585
455 335 459 338 .

259 403 404 460 venit
419 398 486 455 ad
507 412 624 454 nos.
647 396 770 452 Haec
789 381 916 449 dicit
936 389 1217 463 Apostolus
1238 407 1250 442 :
1276 386 1396 441 Vivo
1418 397 1580 440 autem
1597 385 1706 454 jam
1727 396 1828 435 non

261 513 370 567 ego,
394 492 511 548 vivit
531 507 645 545 vero
664 490 716 543 in
739 504 818 542 me
832 485 1058 542 Christus
1079 499 1098 537 :
1121 480 1252 552 quod
1271 489 1436 533 autem
1455 479 1508 530 in
1527 492 1677 530 carne
1701 475 1828 538 vico,

263 589 314 640 in
333 585 432 653 fide
447 583 556 636 uiuo
577 579 701 635 Filii
716 579 832 644 Dei,
846 577 1023 650 quinte
1041 573 1212 627 dilexit
1227 582 1273 625 et
1287 570 1493 625 tradidit
1517 567 1832 636 semetipsum

265 694 356 748 pro
384 693 461 729 me
491 673 632 748 (Gal.
657 689 714 738 tt,
737 671 858 740 20)..
880 672 1180 739 Agnoscant
1205 680 1330 733 ergo
1361 674 1684 733 peccatores,
1713 659 1834 729 quia

267 783 370 823 non
392 780 525 835 opus
545 772 687 820 esset
706 761 960 824 medicus,
987 760 1029 813 si
1055 758 1166 812 sani
1193 763 1371 810 essent
1391 754 1600 834 (Matth.
1626 767 1699 817 ιχ,
1727 749 1834 817 12).

267 831 476 914 Etenim
503 854 744 910 Christus
773 867 871 922 pro
892 849 1064 919 impiis
1084 855 1322 902 mortuus
1347 853 1426 899 est
1447 844 1464 907 ί
1486 831 1635 896 Rom.
1662 857 1714 905 ν,
1745 840 1836 909 6).

266 947 401 1003 Cum
427 959 556 1014 ergo
598 949 889 1012 agnoscunt
918 939 1212 1009 impietates
1237 951 1360 990 suas
1388 976 1403 1001 ,
1444 944 1496 988 et
1527 933 1694 1002 primo
1725 931 1842 983 imi-

271 1045 453 1092 tantur
481 1034 821 1089 Publicanum
849 1031 995 1084 illum
1023 1028 1307 1090 dicentem,
1340 1025 1569 1092 Domine,
1596 1023 1842 1093 prapitius

269 1137 376 1182 esto
402 1125 526 1179 mihi
553 1122 800 1195 peccaturi
822 1119 1143 1175 :ostendunt
1165 1119 1403 1181 vulnera,
1432 1116 1711 1184 implorant
1734 1127 1846 1166 me-

273 1218 450 1273 dicum
479 1232 494 1282 ;
522 1224 575 1270 et
601 1215 718 1282 quia
752 1229 855 1266 non
886 1227 942 1266 se
972 1211 1203 1271 laudant.
1236 1210 1326 1263 sed
1357 1205 1744 1276 reprehendunt
1764 1218 1842 1266 se,

279 1320 338 1364 ut
365 1309 453 1379 qui
482 1307 760 1378 gloriatur,
790 1321 892 1358 non
924 1305 974 1356 in
1002 1317 1058 1355 se
1086 1345 1100 1365 ,
1134 1301 1226 1355 sed
1270 1301 1322 1354 in
1346 1298 1570 1352 Domino
1595 1296 1848 1365 glorietur

277 1401 340 1470 (1
366 1399 486 1456 Cor.
509 1414 547 1462 ι,
578 1399 640 1454 51
665 1394 720 1469 ),⁸
754 1405 1042 1465 agnoscunt
1067 1409 1278 1446 causam
1326 1391 1581 1444 adventus
1609 1388 1800 1443 Christi
1832 1427 1845 1444 .

276 1491 401 1562 quia
449 1490 569 1543 ideo
596 1488 739 1542 venit
783 1496 838 1539 ιιι
885 1495 1187 1554 peccatores
1235 1483 1409 1537 salvos
1449 1481 1684 1536 faceret:
1719 1479 1850 1546 Quia

278 1584 432 1638 Iesus
462 1581 686 1635 Christus
715 1579 842 1633 venit
866 1619 879 1642 ,
903 1578 1070 1648 inquit
1089 1619 1102 1639 ,
1133 1577 1183 1628 in
1210 1577 1340 1628 hunc
1365 1573 1607 1627 mundum
1628 1581 1854 1640 peccato-

282 1692 364 1728 res
389 1673 552 1728 salrcs
583 1672 765 1739 facere,
790 1685 1002 1738 quorum
1033 1668 1223 1738 primus
1261 1681 1349 1735 ego
1378 1680 1489 1716 sum
1538 1664 1557 1730 (
1585 1661 1603 1716 1
1633 1661 1763 1714 Tim.
1796 1677 1851 1722 ι.

286 1767 354 1820 15
377 1765 415 1833 ).
446 1761 671 1816 Proinde
699 1761 815 1815 illos
853 1759 1063 1813 Jud:eos
1081 1798 1096 1823 ,
1129 1757 1194 1811 de
1220 1771 1379 1823 opere
1409 1769 1504 1809 Sno
1529 1751 1816 1823 gloriantes
1837 1793 1852 1816 ,

284 1856 366 1908 sic
390 1853 560 1923 arguit
588 1851 725 1906 idem
755 1849 1043 1917 Apostolus
1065 1889 1081 1913 ,
1117 1857 1172 1900 ιιι
1214 1861 1304 1899 eos
1331 1846 1528 1899 diceret
1548 1843 1610 1895 ad
1635 1841 1854 1912 gratiam

289 1963 395 2000 non
419 1946 702 2016 pertinere.
731 1943 818 2012 qui
849 1940 1051 1994 meritis
1080 1950 1132 1992 et
1157 1938 1405 2006 operibus
1426 1936 1533 1990 suis
1559 1933 1856 1988 mercedem

285 2037 470 2093 deberi
500 2033 890 2089 arbitrabantur
915 2030 1054 2100 (Gal.
1083 2047 1134 2093 v,
1161 2029 1238 2099 4).
1272 2028 1367 2095 Qui
1394 2043 1521 2095 ergo
1551 2025 1614 2080 ad
1640 2025 1858 2096 gratiam

290 2144 350 2182 se
376 2127 475 2181 scit
491 2126 772 2195 pertinere.
792 2122 929 2192 quod
950 2130 1032 2175 est
1050 2117 1528 2186 Christus,-etquod
1551 2126 1628 2170 est
1645 2114 1858 2179 Christi,

289 2219 437 2272 novit
463 2217 581 2286 quia
609 2215 806 2284 indiget
835 2212 1020 2281 gratia.
1049 2211 1101 2265 Si
1127 2209 1291 2279 gratia
1324 2217 1555 2268 vocatur,
1586 2205 1746 2274 gratis
1770 2204 1864 2256 da-

288 2318 413 2374 tur;
442 2308 484 2362 si
506 2305 670 2376 gratis
693 2305 869 2366 datur,
895 2303 1035 2355 nulla
1069 2301 1252 2354 merita
1284 2307 1368 2352 tua
1399 2305 1779 2367 praecesserunt
1809 2305 1864 2348 ut

292 2399 464 2452 detur.
497 2395 625 2450 Nam
670 2393 713 2446 si
743 2400 1128 2462 praecesserunt
1155 2388 1342 2442 merita
1367 2395 1450 2440 tua
1479 2428 1494 2450 ,
1529 2400 1732 2439 merces
1759 2400 1862 2438 non

293 2491 584 2557 imputatur
603 2483 891 2539 secundum
921 2481 1176 2551 gratiam,
1205 2478 1297 2532 sed
1323 2477 1606 2532 secundum
1634 2475 1864 2530 debitum

292 2580 488 2650 (Rom.
517 2595 590 2641 tv,
616 2577 650 2630 4
670 2575 713 2648 ).
740 2576 794 2630 Si
828 2589 953 2644 ergo
993 2572 1124 2626 dicis
1169 2570 1506 2640 prteeessisse
1534 2569 1718 2622 merita
1747 2575 1863 2631 tua,

291 2681 349 2726 te
378 2671 456 2724 vis
483 2668 718 2732 laudari,
765 2682 866 2719 non
917 2666 1079 2720 Deum
1115 2681 1128 2717 :
1158 2663 1276 2717 ideo
1307 2679 1409 2716 non
1449 2661 1693 2730 agnoscis
1717 2658 1870 2713 Citri-

297 2773 460 2826 stum,
487 2763 576 2832 qui
607 2761 749 2814 venit
775 2774 892 2813 cum
921 2757 1088 2828 gratia
1119 2756 1231 2810 Dei.
1277 2755 1538 2809 Converte
1567 2769 1693 2822 ergo
1722 2761 1773 2806 te
1801 2751 1869 2805 ad

299 2858 487 2912 merita
512 2865 618 2918 tua,
641 2853 759 2906 vide
786 2851 869 2905 illa
899 2849 1031 2904 mala
1054 2847 1237 2913 fuisse,
1262 2856 1318 2900 ut
1343 2863 1448 2899 non
1472 2845 1561 2899 tibi
1590 2843 1871 2898 deberetur

296 2947 400 3000 nisi
429 2944 762 3015 supplicium.
797 2957 901 2996 non
931 2939 1224 3010 prmmium.
1257 2938 1321 2990 Et
1362 2951 1481 2990 cum
1512 2933 1705 2988 videris
1745 2931 1871 3004 quid

296 3037 395 3090 tibi
421 3051 519 3106 per
550 3033 789 3088 meritum
821 3031 1094 3091 debeatur,
1114 3027 1357 3097 agnoscis
1379 3025 1499 3094 quitl
1531 3040 1626 3094 per
1648 3024 1870 3094 gratiam

297 3131 556 3190 donetur;
589 3135 642 3179 et
666 3123 924 3178 sacriﬁcio
969 3120 1138 3174 laudis
1171 3118 1433 3188 gloriﬁcas
1475 3116 1659 3170 Deum.
1690 3113 1766 3169 lbi
1791 3121 1874 3168 est

293 3219 443 3274 enim
468 3217 572 3282 via,
600 3217 650 3269 in
674 3231 771 3284 qua
802 3211 1012 3266 noveris
1042 3211 1310 3264 Christum
1341 3208 1570 3261 salutare
1598 3205 1710 3260 Dei.

779 3420 858 3480 IN
901 3415 1275 3479 PSALMUM
1318 3414 1366 3474 L

857 3551 862 3555 ’
889 3536 1300 3593 ΕΝΑιιιιΑΤιο.

808 3649 813 3655 ’
938 3663 1106 3704 senae
1149 3646 1220 3718 (η)
1233 3686 1246 3698 .

383 3769 436 3822 1.
477 3763 821 3822 Multitudinis
863 3761 1056 3831 lmjus,
1107 3775 1206 3815 nec
1249 3757 1545 3828 frequentia
1588 3753 1876 3812 fraudanda

298 3869 399 3917 est
421 3901 436 3924 ,
464 3874 561 3915 nec
598 3858 875 3913 infirmitas
913 3853 1206 3910 oneranda.
1250 3852 1525 3906 Silentium
1565 3852 1790 3921 petimus
1825 3861 1880 3907 et

301 3951 544 4022 quietem
567 3991 583 4016 ,
617 3957 673 4002 ut
692 3963 790 4001 vox
817 3954 995 4001 nostra
1021 3952 1138 4013 post
1163 3941 1470 3997 hesternum
1499 3941 1731 3995 laborem
1761 3955 1882 4010 pos-

306 4045 388 4097 sit
414 4040 690 4110 aliquantis
715 4037 917 4092 viribus
946 4033 1251 4105 perdurare.
1279 4030 1610 4086 Credendum
1641 4039 1722 4084 est
1746 4031 1886 4085 Cha-

307 4134 525 4188 ritatem
559 4129 792 4184 Vestram
823 4142 928 4180 non
955 4125 1024 4179 ob
1051 4123 1191 4176 aliud
1222 4121 1477 4176 hodierno
1506 4121 1590 4174 die
1619 4120 1883 4189 cepiosius

307 4221 631 4278 convenisse
655 4259 669 4282 ,
702 4218 802 4272 nisi
828 4225 886 4270 ut
913 4215 1076 4270 oretis
1105 4228 1196 4282 pro
1225 4213 1303 4266 eis
1327 4226 1458 4281 quos
1487 4199 1732 4265 absentes
1763 4209 1886 4264 facit

311 4315 523 4368 alienus
542 4320 594 4366 et
615 4324 890 4382 perversos
911 4306 1146 4368 affectus.
1173 4303 1353 4371 Neque
1374 4304 1513 4357 enim
1536 4302 1800 4372 loquimur
1819 4302 1885 4356 de

309 4404 546 4473 Paganis
572 4443 586 4468 ,
612 4417 780 4472 neque
807 4400 871 4453 de
890 4383 1086 4454 Judzeis
1109 4438 1124 4463 ,
1145 4397 1237 4450 sed
1259 4396 1324 4450 de
1345 4395 1689 4460 Christianis;
1716 4409 1888 4463 neque

313 4496 389 4550 de
421 4495 499 4547 his
527 4493 698 4546 adhuc
725 4489 1119 4546 catechumenis
1142 4530 1156 4552 ,
1189 4486 1278 4541 sed
1307 4486 1373 4540 de
1401 4486 1580 4540 multis
1607 4484 1763 4539 etiam
1791 4485 1887 4538 ba-

312 4584 534 4656 ptizatis
558 4589 585 4645 ,"
614 4597 641 4634 a
684 4595 905 4650 quormn
938 4579 1150 4632 lavacro
1191 4577 1316 4630 nihil
1356 4575 1560 4629 tlistatis
1583 4614 1598 4635 ,
1629 4584 1681 4627 et
1707 4589 1888 4627 eormn

315 4687 500 4730 tamen
527 4672 673 4728 cordi
694 4671 976 4725 dissimiles
996 4671 1142 4724 estis.
1166 4667 1330 4735 Quam
1359 4665 1550 4718 multos
1570 4664 1706 4718 enim
1733 4663 1891 4717 hodie

315 4768 516 4820 fratres
541 4775 750 4818 nostros
770 4763 1059 4830 cogitamus
1083 4768 1135 4812 et
1155 4757 1445 4828 plangimus
1466 4755 1542 4808 ire
1562 4755 1612 4808 in
1634 4753 1892 4808 vanitates

311 4867 379 4911 et
410 4856 635 4909 insanias
653 4855 930 4908 mendaces
954 4895 968 4916 ,
998 4852 1258 4920 negligere
1285 4864 1389 4918 quo
1413 4847 1579 4901 vocati
1606 4855 1728 4900 sunt
1751 4848 1765 4901 Ξ
1791 4846 1890 4914 Qui

314 4950 367 5002 si
404 4946 534 5000 forte
560 4947 612 4999 in
637 4946 752 5014 ipso
786 4944 927 4998 circo
971 4943 1142 5012 aliqua
1189 4957 1250 4994 ex
1298 4955 1454 4995 causa
1496 4949 1850 5006 expavescunt
1875 4979 1888 5002 ,

313 5039 581 5093 cantiqu
609 5052 666 5090 se
695 5044 902 5105 signant
927 5076 939 5094 .
973 5046 1025 5087 et
1051 5041 1190 5087 stant
1224 5033 1331 5085 illic
1373 5039 1640 5099 portantes
1671 5031 1720 5083 in
1749 5029 1892 5084 fron-

319 5142 379 5182 te
408 5167 422 5190 ,
453 5127 592 5179 unde
619 5126 962 5180 abscederent
987 5126 1033 5176 si
1067 5123 1164 5176 hoc
1192 5123 1242 5174 in
1272 5121 1430 5174 corde
1461 5131 1748 5189 portarent.
1793 5123 1892 5175 De-

317 5215 591 5284 precanda
619 5223 702 5268 est
728 5213 1082 5268 misericordia
1117 5213 1244 5275 Dei,
1277 5221 1332 5263 ut
1369 5211 1528 5264 donet
1568 5205 1890 5266 intellectum

319 5305 395 5360 ad
430 5307 525 5358 ista
553 5304 846 5358 damnanda
872 5345 885 5366 ,
915 5313 968 5356 et
993 5301 1234 5355 affectum
1260 5301 1322 5353 ad
1353 5297 1593 5370 fugienda
1618 5344 1631 5364 ,
1661 5311 1712 5356 et
1739 5303 1894 5356 misc-

317 5395 612 5450 ricordiam
641 5395 706 5448 ad
733 5392 1068 5464 ignoscenda.
1109 5391 1410 5460 Opportune
1448 5406 1575 5462 ergo
1615 5391 1681 5447 dc
1724 5394 1893 5462 paeni-

321 5488 493 5541 tentia
525 5486 766 5540 Psalmus
793 5484 947 5539 hodie
975 5491 1213 5536 cantatus
1240 5491 1341 5535 est.
1372 5481 1668 5550 Loquamur
1696 5495 1748 5536 et
1773 5499 1891 5538 cum

316 5577 638 5632 absentibus
667 5595 682 5631 :
711 5579 811 5642 erit
839 5576 902 5630 ad
942 5590 1034 5630 eos
1071 5589 1169 5628 vox
1211 5581 1384 5628 nostra
1417 5575 1667 5629 memoria
1698 5585 1892 5630 vestra.

397 5707 472 5771 (ιι)
501 5707 576 5759 Ad
589 5709 812 5772 populum
834 5708 1269 5770 Carthaginensem.
1292 5705 1388 5758 \‘id.
1416 5705 1555 5768 infra,
1575 5719 1623 5756 n.
1655 5707 1720 5757 11.

599 5804 864 5861 Parnm.
908 5795 1202 5860 XXXVI.

1422 267 1817 328 ENARRATIO
1857 265 1920 321 ut
1961 264 2280 323 PSALMUM
2325 269 2382 322 ιλ.
3391 270 3494 326 586

1934 379 2012 436 Ne
2035 382 2241 436 saucios
2268 393 2320 436 et
2351 378 2620 450 languidos
2649 381 2922 452 negligatis
2948 425 2962 448 ,
2991 383 3080 437 sed
3107 393 3160 436 ut
3189 382 3386 437 facilius
3411 399 3496 437 sa-

1935 475 2070 529 netis
2094 515 2109 538 ,
2142 475 2254 526 sani
2287 489 2596 542 permanere
2619 473 2842 530 debetis.
2881 475 3137 546 Corrigite
3165 480 3432 546 arguendo
3480 520 3493 537 .

1934 563 2277 617 consolamini
2325 560 2679 631 alloquendo,
2729 565 3027 635 exemplum
3079 567 3312 636 prmbete
3367 571 3500 628 bene

1937 655 2160 709 vivendo
2186 695 2201 718 ,
2231 655 2401 709 aderit
2438 655 2515 709 eis
2553 656 2642 725 qui
2682 655 2849 710 adfuit
2890 665 2943 710 et
2979 658 3149 712 vobis.
3180 659 3292 713 Non
3318 662 3457 713 enim
3484 703 3499 720 .

1936 746 2086 800 vobis
2110 745 2219 813 jam
2250 746 2346 800 ista
2371 746 2594 812 pericula
2618 748 3002 816 praetergressis
3027 791 3040 813 ,
3071 748 3187 802 fons
3209 751 3506 804 misericor-

1939 837 2042 890 diae
2079 837 2168 890 Dei
2211 835 2458 905 praecisus
2505 846 2602 890 est.
2657 837 2766 904 Qua
2814 839 3069 905 venistis,
3123 841 3373 904 venient;
3405 857 3506 911 qua

1943 929 2204 984 transistis
2228 971 2242 992 ,
2292 929 2606 982 transibunt.
2648 929 2922 984 Molestum
2964 931 3324 1001 estquidem,
3354 943 3406 987 et
3431 935 3509 986 ni-

1943 1024 2104 1078 mium
2133 1022 2486 1092 periculosum
2513 1063 2527 1084 ,
2557 1022 2664 1075 imo
2693 1023 3045 1091 perniciosum
3069 1066 3086 1090 ,
3137 1035 3190 1079 et
3228 1041 3324 1094 pro
3361 1037 3509 1082 certo

1943 1113 2209 1169 exitiabile
2233 1153 2248 1177 ,
2279 1112 2415 1182 quod
2444 1113 2672 1167 scientes
2700 1124 2935 1182 peccant.
2965 1115 3134 1169 Aliter
3157 1116 3295 1170 enim
3323 1117 3387 1171 ad
3416 1117 3512 1170 has

1944 1205 2200 1258 vanitates
2228 1204 2395 1258 Currit
2420 1202 2509 1272 qni
2541 1219 2722 1257 vocem
2753 1203 2947 1257 Christi
2991 1208 3278 1259 contemnit
3304 1248 3317 1267 .
3361 1210 3514 1263 aliter

1947 1296 2034 1350 ille
2062 1295 2147 1365 qui
2179 1295 2323 1347 novit
2346 1295 2470 1364 quid
2499 1296 2676 1364 fugiat.
2701 1297 2801 1349 Sed
2826 1313 2920 1350 nec
2945 1298 3011 1350 de
3036 1300 3222 1352 talibus
3243 1299 3517 1372 chpcrari

1947 1386 2142 1440 debere
2167 1428 2180 1447 ,
2215 1386 2311 1439 iste
2340 1384 2571 1454 psalmus
2597 1387 2847 1438 ostendit.

1978 1478 2074 1532 "2.
2116 1478 2284 1551 [vers.
2333 1479 2403 1542 1,
2449 1476 2549 1550 2.]
2590 1477 2898 1533 lnscribitur
2943 1481 3086 1534 enim
3133 1482 3314 1536 titulus
3366 1484 3518 1553 ejus,

1956 1567 2189 1622 Paetums
2214 1568 2314 1637 ipsi
2341 1567 2503 1620 David
2524 1611 2538 1634 ,
2570 1585 2684 1622 cum
2727 1569 2856 1622 venit
2896 1571 2962 1622 ad
3004 1589 3120 1625 eum
3162 1573 3370 1628 Nat/um
3401 1594 3521 1646 pro-

1954 1661 2103 1730 pheta
2125 1701 2140 1724 ,
2167 1658 2368 1728 quando
2396 1659 2595 1712 intrauit
2618 1659 2685 1712 ad
2711 1658 2968 1714 Bersabee.
2999 1663 3258 1718 Bersabee
3278 1676 3393 1720 erat
3412 1683 3527 1720 mu-

1957 1750 2053 1814 lier
2081 1765 2214 1804 uxor
2236 1749 2426 1803 aliena.
2458 1748 2590 1804 Cutn
2617 1749 2801 1803 dolore
2827 1751 3036 1819 quidem
3067 1753 3288 1808 dicimus
3327 1766 3380 1810 et
3420 1766 3527 1810 tre-

1959 1856 2105 1894 more
2129 1881 2143 1906 ,
2173 1839 2267 1894 sed
2299 1849 2473 1893 tamen
2505 1840 2641 1893 Deus
2667 1840 2833 1893 noluit
2866 1842 3020 1895 laceri
3044 1844 3181 1912 quod
3208 1846 3371 1898 voluit
3394 1847 3528 1900 scri-

1960 1933 2032 1985 bi.
2066 1933 2241 1986 Dicam
2285 1945 2412 2000 ergo
2461 1946 2564 1984 non
2611 1931 2749 2000 quod
2801 1933 2956 1998 volo,
3001 1935 3096 1989 sed
3139 1937 3280 2004 quod
3327 1952 3524 2005 cogor;

1961 2025 2130 2077 dicam
2163 2038 2264 2076 non
2297 2022 2584 2077 exhortans
2618 2022 2684 2076 ad
2717 2023 3058 2079 imitationem
3083 2067 3100 2092 ,
3140 2027 3232 2080 sed
3267 2028 3530 2086 instruens

1961 2115 2026 2167 ad
2058 2114 2319 2168 timorem.
2355 2112 2521 2181 llujus
2549 2113 2785 2168 mulieris
2811 2116 2988 2169 uxoris
3021 2116 3207 2170 aliena:
3239 2119 3528 2186 pulchritu-

1963 2207 2084 2260 dine
2111 2214 2294 2275 captus
2325 2222 2413 2260 rex
2445 2218 2496 2260 et
2523 2207 2779 2276 prepheta
2808 2208 2969 2262 David
2994 2248 3008 2273 ,
3059 2225 3122 2263 ex
3151 2210 3301 2280 cujus
3329 2212 3530 2267 semine

1964 2299 2253 2353 secundum
2284 2312 2497 2352 carnem
2529 2298 2778 2352 Dominus
2819 2311 3072 2354 venturus
3108 2311 3220 2356 erat
3247 2303 3266 2371 (
3292 2302 3443 2358 Rom.
3473 2321 3526 2368 ι.

1964 2394 2000 2448 3
2027 2394 2068 2461 ),
2099 2391 2415 2446 adulteravit
2442 2407 2578 2444 eam.
2609 2390 2720 2445 lloc
2751 2392 2800 2445 in
2833 2392 2935 2446 isto
2959 2395 3159 2462 psalmo
3187 2410 3289 2449 non
3319 2396 3527 2466 legitur,

1965 2484 2058 2539 sed
2089 2483 2139 2537 itt
2172 2482 2324 2537 titulo
2351 2484 2466 2550 ejus
2494 2491 2748 2552 apparet;
2778 2483 2830 2536 in
2864 2484 2997 2536 libro
3023 2494 3199 2538 autem
3233 2487 3530 2556 Regnorum

1968 2575 2176 2646 plenius
2204 2575 2412 2644 legitur.
2440 2573 2669 2642 Utraque
2693 2573 2960 2642 Scriptura
2987 2575 3236 2630 canonica
3263 2590 3338 2631 ρει
3364 2620 3380 2644 ,
3408 2580 3538 2634 utri-

1969 2682 2075 2737 que
2093 2667 2208 2720 sine
2227 2666 2334 2719 ulla
2353 2665 2676 2720 dubitatione
2698 2682 2726 2718 a
2747 2665 3062 2721 Christianis
3085 2668 3214 2722 ﬁdos
3236 2670 3532 2727 adhibenda

1969 2765 2070 2812 est.
2098 2755 2446 2811 Commissum
2477 2764 2633 2824 atque
2661 2757 3014 2826 conscriptum
3043 2767 3143 2812 est.
3187 2759 3352 2831 Hujus
3378 2763 3536 2818 etiam

1970 2845 2218 2901 maritum
2271 2847 2324 2900 in
2370 2845 2508 2900 bello
2559 2845 2903 2901 occidendum
2950 2849 3150 2903 curavit
3195 2868 3208 2904 :
3257 2851 3537 2907 homicidio

1970 2939 2115 2994 auxit
2142 2938 2462 2992 adulterium
2492 2955 2505 2991 :
2535 2948 2589 2992 et
2613 2948 2731 3007 post
2761 2937 2863 2992 hoc
2906 2940 3096 2994 factum
3145 2943 3336 2998 missus
3364 2955 3445 3000 est
3471 2945 3538 3002 ad

1972 3047 2096 3089 eum
2123 3031 2328 3086 Nathan
2358 3029 2614 3102 propheta
2637 3073 2654 3096 ,
2700 3032 2892 3087 missus
2935 3048 2966 3086 a
3019 3033 3238 3089 Domino
3261 3076 3274 3099 ,
3302 3037 3389 3106 qui
3417 3053 3540 3095 eum

1972 3131 2216 3210 argueret
2236 3122 2303 3178 de
2325 3131 2470 3177 tanto
2489 3122 2772 3178 commisso
2797 3123 2868 3193 (ll
2899 3123 3022 3204 Reg.
3054 3142 3102 3178 ιιι
3123 3167 3139 3192 ,
3162 3138 3205 3180 et
3228 3143 3298 3182 xu
3326 3169 3342 3195 ,
3362 3130 3539 3201 l-H).

2045 3215 2098 3270 3.
2138 3214 2271 3282 Quid
2301 3223 2523 3268 caveant
2549 3213 2790 3268 homines
2813 3256 2826 3277 ,
2859 3215 3126 3279 diximus;
3167 3218 3292 3288 quid
3335 3235 3461 3274 vero
3497 3222 3542 3277 si

1974 3307 2108 3378 lapsi
2140 3306 2333 3362 fuerint
2361 3306 2670 3371 imitentur,
2701 3306 2992 3361 audiamus.
3023 3308 3167 3363 Multi
3189 3311 3329 3366 enim
3352 3311 3545 3368 cadere

1903 3451 1910 3458 _
1976 3390 2161 3453 volunt
2205 3413 2326 3452 cum
2378 3397 2579 3462 David,
2623 3405 2678 3452 et
2715 3397 2900 3453 nolunt
2937 3413 3314 3476 surgerecum
3359 3401 3544 3457 David.

1975 3489 2089 3545 Non
2113 3503 2241 3558 ergo
2265 3487 2814 3557 eadendicxemplum
2852 3490 3175 3558 propositum
3216 3501 3336 3556 est,
3378 3493 3470 3547 sed
3497 3495 3544 3548 si

1976 3579 2270 3644 cecideris,
2311 3576 2642 3646 resurgendi.
2685 3578 2953 3643 Attende,
2999 3593 3067 3632 ne
3106 3579 3285 3633 cadas.
3330 3580 3443 3635 Non
3479 3585 3550 3637 sit

1977 3669 2256 3725 delectatio
2295 3668 2557 3722 minorum
2599 3668 2776 3737 lapsus
2810 3668 3065 3736 majorum
3090 3709 3106 3734 ,
3151 3669 3242 3723 sed
3281 3670 3350 3724 sit
3393 3686 3550 3727 casus

1953 3759 2239 3829 ‘majornm
2269 3767 2468 3813 tremor
2493 3757 2778 3812 minorum.
2819 3759 2898 3812 Ad
2940 3758 3041 3813 hoc
3071 3762 3398 3829 propositum
3425 3774 3546 3830 est,

1979 3853 2045 3907 ad
2073 3852 2173 3906 hoc
2201 3851 2454 3920 scriptum
2480 3857 2562 3904 est
2581 3890 2598 3915 ,
2631 3848 2696 3903 ad
2726 3849 2825 3908 hoc
2855 3849 2906 3902 in
2937 3850 3165 3914 ecclesia,
3184 3866 3328 3920 saepe
3355 3849 3546 3908 lectmn

1980 3952 2140 4014 atque
2164 3950 2432 3996 cantatum
2468 3959 2483 3996 :
2510 3941 2727 3994 audiant
2748 3940 2834 4009 qui
2859 3935 2967 3994 non
2994 3942 3333 4010 ceciderunt,
3367 3963 3432 4000 ne
3456 3963 3550 4001 ca-

1982 4033 2111 4088 dant
2137 4074 2152 4096 ,
2183 4031 2402 4085 audiant
2429 4031 2518 4101 qui
2548 4031 2890 4097 ceciderunt,
2924 4039 2979 4085 ut
3007 4043 3237 4104 surgant.
3271 4035 3422 4090 Tanti
3453 4039 3551 4094 viri

1985 4134 2256 4195 peccatum
2298 4139 2400 4177 non
2441 4131 2680 4187 tacetur,
2718 4122 3032 4191 praedicatur
3074 4124 3124 4178 in
3167 4127 3406 4182 ecclesia.
3436 4131 3552 4183 Au-

1986 4217 2134 4272 diuut
2161 4216 2300 4270 male
2345 4217 2620 4270 audientes
2647 4215 2687 4280 ¹,
2732 4225 2786 4270 et.
2830 4226 3072 4284 qumruut
3114 4218 3219 4272 sibi
3261 4221 3553 4288 patrocinia

1988 4306 2239 4376 peccandi
2263 4322 2278 4366 ;
2302 4305 2579 4364 attendunt
2600 4303 2738 4358 unde
2759 4304 3041 4358 defendant.
3062 4308 3199 4374 quod
3221 4311 3556 4365 committere

1923 4448 1932 4458 ,
1989 4405 2342 4466 paraverunt,
2371 4411 2472 4448 non
2514 4394 2651 4447 unde
2687 4405 2907 4448 caveant
2941 4396 3078 4464 quod
3125 4412 3226 4449 non
3268 4399 3556 4452 commise-

1991 4496 2111 4540 runt
2132 4527 2147 4551 ,
2177 4495 2228 4540 et
2252 4484 2433 4538 dicunt
2456 4484 2556 4538 sibi
2584 4503 2597 4539 :
2622 4485 2675 4539 Si
2706 4486 2864 4539 David
2890 4528 2905 4552 ,
2934 4503 3028 4540 cur
3054 4503 3156 4540 non
3184 4498 3234 4541 et
3264 4491 3406 4558 ego?
3434 4489 3559 4546 lude

1990 4580 2163 4632 anima
2194 4577 2419 4646 iniquior
2441 4618 2456 4642 ,
2487 4592 2604 4646 qua:
2633 4591 2751 4630 cum
2782 4586 3059 4646 propterea
3094 4576 3278 4631 fecerit
3305 4580 3422 4648 quia
3455 4581 3557 4634 Da-

1990 4669 2077 4723 vid
2107 4668 2226 4722 fecit
2251 4707 2267 4730 ,
2307 4667 2424 4721 ideo
2467 4668 2613 4736 pejus
2653 4684 2808 4738 quam
2855 4668 3015 4720 David
3059 4667 3200 4721 fecit.
3251 4670 3428 4726 Dicam
3458 4672 3559 4728 hoc

1993 4762 2162 4831 ipsum
2189 4802 2203 4824 ,
2232 4759 2275 4813 si
2305 4771 2488 4829 potero
2515 4801 2528 4824 ,
2557 4760 2782 4828 planius.
2815 4759 2981 4813 David
3015 4760 3212 4814 nullum
3245 4763 3342 4816 sibi
3384 4763 3451 4817 ita
3489 4765 3555 4820 ad

1993 4853 2288 4922 exemplum
2316 4861 2664 4922 proposuerat
2692 4891 2704 4912 ,
2735 4859 2792 4903 ut
2819 4861 2871 4902 tu
2903 4868 2914 4900 :
2947 4851 3207 4905 ceciderat
3238 4853 3385 4921 lapsu
3415 4859 3560 4925 cupio

1993 4944 2172 4998 ditatis
2198 4985 2213 5010 ,
2245 4959 2347 5006 non
2376 4943 2667 5012 patrocinio
2696 4942 2987 4994 sanctitatis
3017 4959 3030 4994 :
3077 4955 3128 4994 ιιι
3176 4943 3267 4996 tibi
3311 4955 3556 5016 tanquam

1995 5044 2231 5090 sanctum
2263 5035 2512 5104 proponis
2544 5042 2599 5086 ut
2629 5047 2847 5102 pecces;
2897 5049 2998 5086 non
3047 5034 3268 5088 imitaris
3297 5036 3411 5103 ejus
3441 5054 3560 5090 san-

1995 5126 2228 5180 ctitatem
2255 5167 2270 5190 ,
2302 5123 2393 5177 sed
2428 5123 2648 5175 imitaris
2679 5123 2901 5175 ruinam.
2940 5122 3048 5176 Hoc
3081 5139 3226 5177 amas
3270 5127 3322 5179 in
3358 5125 3516 5180 David
3543 5167 3561 5194 ,

1996 5216 2136 5283 quod
2168 5216 2218 5267 in
2247 5230 2306 5268 se
2335 5211 2448 5266 odit
2470 5212 2630 5266 David
2653 5214 2672 5243 ¹
2700 5230 2711 5264 :
2740 5227 3004 5280 praeparas
3030 5225 3079 5266 te
3105 5213 3169 5266 ad
3200 5215 3518 5283 pccrandum
3543 5256 3560 5280 ,

1996 5306 2233 5375 disponis
2286 5317 2544 5372 peccare:
2592 5301 2782 5356 librum
2835 5303 2927 5356 Dei
2976 5311 3031 5356 ut
3075 5318 3261 5371 pecces
3310 5306 3560 5375 inspicis;

2063 5462 2081 5494 ί
2114 5460 2248 5516 £dd.,
2270 5459 2394 5509 male
2431 5458 2647 5509 tabentes.
2674 5466 2728 5510 At
2761 5466 2864 5507 Mss.
2905 5470 3080 5519 magno
3108 5462 3346 5507 consensu
3381 5458 3558 5513 ferunt.

1999 5520 2125 5573 male
2147 5523 2406 5582 audientes.
2433 5521 2651 5582 tntellige
2670 5559 2682 5579 ,
2711 5521 2789 5569 vel
2831 5522 2914 5582 qui
2948 5521 3110 5582 verbis
3140 5521 3447 5581 castigantur,
3487 5521 3561 5574 vel

2000 5587 2081 5648 qui
2104 5584 2159 5648 id_
2177 5581 2387 5645 exempli
2414 5596 2505 5630 nou
2525 5581 2782 5648 salubriter
2805 5581 2978 5648 audire
2992 5581 3167 5648 solent.

2005 5639 2336 5758 gﬁgleriqué
2359 5651 2483 5693 Mssa
2507 5652 2602 5695 Hoc
2623 5658 2730 5693 ama
2749 5644 2798 5693 in
2829 5641 3004 5699 uarid,
3025 5642 3150 5701 quod
3181 5653 3274 5690 non
3307 5641 3356 5690 in
3393 5655 3442 5692 sc
3465 5639 3561 5691 edit

2951 5752 3372 5861 {Uir-ueni.)
