4004 6200
423 329 523 383 ἴΞέιἹ
755 369 765 392 κ

423 442 723 509 Scriptttras
753 431 841 485 Dei
871 428 935 481 ad
962 427 1063 479 hoc
1091 419 1242 475 audis
1271 459 1282 482 ,
1311 425 1368 470 ut
1396 414 1556 468 facias
1581 410 1717 480 quod
1749 407 1991 478 diSplicet

426 500 576 592 Dem:
609 533 710 585 hoc
735 541 836 580 non
866 520 989 577 fecit
1011 515 1173 572 David
1198 531 1212 576 ;
1237 517 1512 578 correptus
1543 515 1618 560 cst
1649 519 1740 573 per
1775 500 1995 592 prophe-

429 591 530 680 tam
556 666 569 687 ,
605 636 706 674 non
737 617 914 684 lapsos
940 618 1022 664 est
1050 607 1100 660 in
1131 602 1405 674 prepheta.
1440 598 1540 650 Alii
1567 609 1695 648 vero
1721 591 1996 645 audientes

427 683 743 772 salubriter,
793 683 844 759 iu
893 717 1018 755 casu
1065 697 1215 750 fortis
1243 695 1258 724 ¹
1309 688 1596 745 metiuntur
1639 683 1996 738 inﬁrmitatem

359 825 363 827 λ
429 825 572 862 suam
601 822 614 868 ;
643 812 696 854 ιιι
721 798 861 868 quod
892 796 1106 846 datnnat
1139 791 1275 842 Deus
1315 785 1550 838 devitarc
1592 777 1862 846 cupientes
1886 815 1900 838 ,
1933 771 2000 822 ab

431 908 645 967 aspectu
679 906 866 946 securo
893 886 1157 941 abstini-ut
1186 880 1366 933 oculos
1396 894 1407 927 :
1442 887 1660 928 noneos
1690 869 1921 935 deligunt.
1947 863 1998 915 in

431 954 822 1062 puiclu'ittuliue
850 976 1240 1033 carnis'alicnm
1269 1013 1281 1033 ,
1315 982 1411 1021 ucc
1454 965 1656 1031 scipsos
1703 958 1900 1011 faciunt
1937 954 2003 1054 de

434 1050 677 1153 perversa
706 1071 1037 1139 simplicitate
1068 1078 1280 1118 securus
1307 1103 1320 1126 ,
1349 1074 1452 1111 non
1481 1055 1686 1111 dicunt;
1724 1050 1871 1102 Bono
1890 1050 2004 1097 ani-

441 1134 527 1228 ino
551 1167 747 1226 attendi
773 1209 787 1228 ,
812 1164 1034 1230 benigne
1057 1153 1256 1209 attendi
1285 1193 1298 1217 ,
1327 1150 1392 1204 de
1413 1147 1669 1201 eharitate
1689 1141 1777 1195 diu
1800 1134 2000 1206 aspexi.

441 1268 745 1333 Proponunt
773 1256 913 1311 enim
943 1228 1040 1304 sibi
1071 1261 1250 1301 casum
1284 1240 1441 1296 David
1467 1279 1482 1300 ,
1514 1247 1568 1291 et
1605 1234 1669 1287 ad
1714 1232 1812 1333 hoc
1858 1228 2005 1281 illum

438 1322 684 1426 mag-num
714 1349 893 1402 vident
919 1341 1174 1397 cecidisse
1199 1379 1210 1397 ,
1247 1346 1300 1386 ut
1333 1330 1476 1402 parvi
1505 1327 1672 1381 nolim
1699 1322 1882 1375 videre
1907 1331 2006 1426 ttu-

526 1409 734 1517 iiossint
759 1439 966 1493 cadere.
996 1431 1312 1500 Reprimunt
1341 1422 1480 1475 euim
1513 1418 1695 1470 oculos
1722 1428 1752 1466 a
1780 1409 2011 1517 petul‘au-

443 1541 510 1594 tia
535 1499 555 1603 Ι,
589 1551 693 1590 non
719 1547 778 1586 se
806 1528 956 1582 facile
985 1523 1277 1588 adjungunt
1306 1558 1319 1578 ,
1354 1528 1456 1566 non
1488 1510 1711 1564 miscent
1742 1519 1800 1558 se
1827 1499 2013 1554 mulic—
2039 1500 2042 1503 ’

441 1593 588 1687 ribtis
628 1625 850 1680 alienis,
903 1634 1004 1671 non
1055 1614 1231 1667 levant
1277 1606 1458 1660 oculos
1505 1600 1684 1654 faciles
1734 1595 1798 1648 ad
1844 1593 2012 1645 aliena

445 1721 701 1778 matniana
727 1757 741 1779 ,
787 1713 850 1766 ad
890 1710 1057 1762 aliena
1128 1700 1340 1755 solaria.
1387 1697 1460 1747 De
1503 1691 1658 1757 longe
1706 1685 1846 1740 enim
1889 1679 2016 1779 vid-it

641 1770 781 1862 illaiu
809 1845 823 1868 ,
858 1803 906 1853 in
935 1814 1033 1867 qua
1061 1803 1244 1861 captus
1271 1797 1370 1842 est.
1418 1783 1602 1837 Mulier
1631 1781 1784 1844 longe
1811 1815 1828 1840 ,
1857 1770 2018 1868 libido

448 1866 630 1976 prope.
665 1866 1106 1958 Alibieratrquod
1139 1884 1376 1942 videret,
1411 1879 1460 1931 in
1496 1875 1584 1928 illo
1611 1870 1749 1974 unde
1781 1866 2015 1976 caderet.

448 1956 778 2054 intendenda
800 1998 877 2041 est
901 1997 1025 2050 ergo
1055 1980 1168 2032 haec
1194 1971 1472 2028 inﬁrmitas
1494 1965 1669 2019 carnis
1692 2002 1707 2026 ,
1734 1956 2018 2013 recordan-

550 2050 672 2141 sunt
695 2081 852 2135 verba
885 2070 1122 2144 Apostoli
1150 2111 1164 2132 ,
1197 2065 1316 2119 Non
1346 2077 1461 2131 ergo
1491 2065 1658 2128 regnet
1691 2061 1942 2123 peccatum
1971 2050 2022 2100 in

451 2191 607 2236 vestro
631 2173 828 2230 mortali
853 2182 1059 2236 corpore
1086 2163 1102 2231 (
1132 2161 1280 2215 Rom.
1305 2172 1354 2208 Vl
1381 2197 1394 2220 ,
1425 2152 1491 2207 t9!
1517 2151 1554 2221 ).
1579 2147 1697 2202 Non
1723 2144 1850 2199 dixit
1876 2183 1889 2204 ,
1919 2156 2022 2194 non

450 2234 521 2331 sit
547 2291 562 2335 ',
594 2269 685 2324 sed
715 2308 728 2333 ,
761 2279 866 2318 non
895 2234 1096 2328 regnet.
1125 2237 1268 2306 Inest
1297 2255 1568 2318 peccatum
1597 2284 1611 2304 ,
1647 2253 1765 2293 cum
1785 2234 2026 2335 Idelecta-

453 2366 526 2419 ris
591 2328 776 2429 regnat
799 2395 812 2418 ,
845 2343 1271 2406 siv-consenseris.
1294 2335 1530 2393 Carnalis
1553 2328 1835 2429 delectatio
1853 2367 1868 2391 ,
1896 2337 2028 2429 prm-

456 2414 835 2518 se‘rlimuusque
861 2441 924 2496 ad
967 2438 1145 2494 illicita
1193 2442 1245 2487 et
1295 2430 1463 2483 aliena
1508 2420 1850 2518 progrediens
1877 2456 1892 2482 ,
1926 2414 2030 2468 fre-

457 2546 625 2603 nanda
655 2509 773 2602 est:
817 2551 924 2591 non
966 2525 1256 2585 relaxanda
1282 2539 1297 2586 ;
1341 2517 1563 2587 imperio
1591 2509 1851 2567 domanda
1877 2549 1891 2571 ,
1922 2519 2028 2560 non

457 2642 508 2694 in
539 2597 1111 2705 imperio'collocauda.
1137 2613 1365 2672 Attende
1385 2621 1605 2665 securus
1628 2603 1709 2705 :si
1739 2615 1842 2655 non
1870 2597 2033 2652 habes

459 2688 930 2787 undelmovcaris.
988 2713 1096 2768 Sed
1155 2704 1446 2776 respondes
1497 2717 1510 2754 :
1570 2688 1799 2753 Fdrtiter
1854 2701 2028 2747 teneo.

459 2815 718 2890 Numquid
748 2826 801 2868 tu
832 2809 1019 2866 fortior
1045 2818 1200 2875 quam
1234 2794 1450 2890 David?

530 2916 583 2969 Il.
616 2887 886 2965 iAdmouet
909 2901 1066 2955 etiam
1095 2893 1182 2947 tali
1205 2887 1450 2956 exemplo
1476 2926 1489 2948 ,
1513 2897 1615 2936 non
1641 2895 1698 2933 se
1718 2889 2034 2969 quemquam

462 2967 657 3060 debere
686 2995 948 3053 extollere
990 2990 1041 3042 in
1092 2980 1356 3053 prosperis
1395 2973 1575 3028 rebus.
1607 2969 1749 3024 Multi
1780 2967 1920 3030 enim
1953 2977 2038 3018 res

463 3098 710 3151 adversus
740 3090 924 3140 timcnl
951 3121 966 3145 ,
997 3093 1085 3133 res
1115 3084 1398 3144 prosperas
1441 3080 1544 3118 non
1588 3063 1794 3115 timent.
1827 3057 2040 3111 Pericu-

465 3185 624 3241 losior
648 3189 728 3234 est
754 3193 838 3231 res
867 3182 1118 3242 prospera
1148 3164 1352 3223 animo,
1379 3171 1532 3226 quam
1559 3153 1778 3205 adversa
1804 3163 2035 3217 corpori.

468 3239 619 3332 l‘rius
646 3239 938 3332 corrumpit
966 3270 1216 3329 prospera
1246 3294 1260 3317 ,
1292 3260 1350 3304 ut
1388 3246 1618 3300 inveniat
1659 3241 1800 3311 quod
1837 3239 2042 3306 frangat

467 3331 708 3424 adversa.
741 3331 955 3412 Fratres
979 3349 1082 3405 mei
1109 3389 1122 3411 ,
1151 3344 1404 3400 adversus
1432 3335 1730 3391 felicitatem
1757 3331 1933 3385 acrius
1961 3331 2038 3382 vt-

468 3458 737 3532 gilaudum
763 3461 864 3507 est.
900 3446 1195 3512 Propterea
1241 3435 1416 3488 videte
1459 3425 1901 3499 quemadmodum
1928 3423 2041 3476 elo-

468 3515 648 3635 quium
682 3552 772 3610 Dei
799 3547 851 3605 in
883 3553 1061 3601 nosu'a
1103 3524 1372 3592 felicitate.
1397 3525 1544 3579 tollat
1590 3520 1741 3574 nobis
1781 3515 2042 3635 seeur'ita-s

1163 3629 1188 3635 -
1292 3627 1301 3635 ι
1414 3618 1426 3632 -
1743 3621 1780 3635 _.
1809 3623 1918 3635 mu
1951 3614 2042 3635 ,ηη

470 3607 846 3712 iiiiiinznsrervite
871 3685 884 3707 ,
913 3635 1080 3705 inquit
1106 3673 1119 3695 ,
1153 3627 1370 3682 Domino
1410 3618 1460 3674 in
1495 3617 1669 3672 timore
1691 3657 1705 3680 ,
1735 3621 1780 3668 et
1802 3607 2046 3665 exsultate

471 3706 650 3802 cicuta
684 3706 893 3794 tremore
934 3731 952 3798 (
984 3724 1121 3780 Psal.
1154 3737 1231 3784 ιι,
1278 3716 1336 3770 Η
1373 3714 1414 3783 ).
1461 3712 1517 3765 ln
1562 3706 1908 3762 exsultatione
1933 3742 1948 3764 ,
1990 3711 2043 3753 ιιι

473 3841 666 3912 gratias
694 3841 944 3903 agamus;
975 3824 1025 3875 in
1057 3823 1285 3872 tremore
1310 3852 1323 3873 ,
1357 3823 1422 3862 ne
1464 3804 1734 3860 cudamus.
1775 3799 2046 3912 “gguine-

406 3947 408 3952 '
692 3889 797 3978 nim
837 3917 959 3972 fecit
995 3907 1154 3965 David
1179 3925 1214 3969 ,'
1239 3917 1358 3957 cum
1401 3902 1793 3967 persecutorem
1834 3889 2046 3944 Saulem

479 3982 765 4098 giretur.
794 4006 1016 4079 Quando
1060 3997 1222 4056 David
1265 4000 1478 4048 sanctus
1516 3986 1729 4076 Saidem
1779 3982 2046 4098 inimicum

975 4078 1015 4098 ‘_
1085 4091 1156 4098 -.-.
1386 4097 1391 4098 ,
1415 4076 1705 4098 A__.f___!L-.-
1734 4073 1866 4098 ,ιηῖοιι
1891 4080 2027 4098 uuln-'-

425 4089 432 4097 .
482 4071 774 4187 ῧξίξέιξαιιιτ
803 4071 840 4166 ἶ
845 4078 1055 4169 quando
1085 4091 1223 4145 illius
1250 4071 1708 4154 persecutiouibus
1734 4071 2046 4187 agitabatur,

482 4159 692 4278 ζῐιξηάο
723 4159 815 4265 per
840 4159 1047 4244 diversa
1077 4176 1306 4249 fugiebat
1333 4188 1400 4226 ne
1423 4171 1475 4222 in
1501 4181 1687 4220 manus
1712 4163 1827 4231 ejus
1854 4159 2048 4213 incide—

1054 4274 1082 4278 _-
1205 4277 1209 4278 ,
1460 4259 1492 4278 η
1522 4257 1537 4278 \
1607 4271 1707 4278 ΛΑ...
1757 4251 2048 4278 -..ηηηηευζι

485 4252 656 4364 :et
690 4252 814 4356 R'eg.
864 4291 1009 4341 xxiv,
1053 4274 1122 4334 ὅ,
1165 4277 1211 4323 et
1254 4279 1379 4320 xm
1406 4304 1420 4328 ,
1460 4257 1563 4329 9),
1607 4271 1709 4310 non
1754 4252 2055 4320 concupivit

535 4345 542 4351 ‘
1511 4350 1598 4364 ον,
1665 4347 1676 4359 .
1766 4361 1792 4364 Ἰ
1848 4343 1968 4364 ﬁt».
2003 4344 2051 4364 L-

487 4343 710 4444 itii‘cittim
736 4343 882 4445 ,Vnon
911 4367 1201 4424 adulterata
1224 4371 1385 4412 uxore
1414 4350 1606 4407 occidit
1629 4347 1818 4400 virum.
1848 4343 1974 4397 Erat
2003 4344 2053 4396 in

490 4440 794 4538 itiiil‘llliinic
823 4457 1172 4522 tribulationis
1199 4468 1305 4506 suae
1338 4457 1483 4503 tanto
1508 4446 1562 4499 in
1595 4445 1756 4497 Deum
1785 4440 2053 4538 intentior,

712 4557 956 4618 miserior
979 4547 1275 4604 videbatur.
1297 4538 1438 4594 Utile
1461 4534 1708 4644 quiddam
1736 4529 2059 4644 estptribula-

494 4625 568 4720 tio
593 4686 607 4728 -,
639 4659 768 4715 utile
796 4647 983 4707 medici
1013 4644 1389 4698 ferramentum
1416 4673 1429 4695 ,
1459 4644 1614 4699 quam
1650 4625 1842 4680 diaboli
1887 4632 2058 4677 tenta-

496 4718 725 4809 ineutum
753 4749 794 4798 ².
821 4744 1008 4797 Factus
1028 4743 1108 4788 est
1133 4742 1349 4786 securus
1369 4721 1588 4777 devictis
1609 4718 1883 4809 hostibus,
1913 4729 2061 4783 pres-

383 4887 389 4900 ,
453 4835 463 4847 ”’
498 4861 619 4902 sura
649 4839 816 4896 caruit
841 4876 856 4900 ,
889 4844 1063 4885 tumor
1092 4819 1342 4879 excrevit.
1373 4813 1526 4867 Valet
1568 4825 1694 4878 ergo
1731 4809 1831 4860 hoc
1858 4801 2062 4859 'exem-

502 4898 640 5008 plum
672 4931 736 4984 ad
768 4927 818 4980 id
893 4931 949 4976 ιιι
976 4922 1252 4973 timeamus
1281 4907 1600 4964 felicitatem.
1631 4898 2022 4952 Tribulntionem
2047 4938 2061 4958 ,

503 4985 669 5095 inquit
696 5061 710 5082 ,
739 5027 783 5071 et
813 5014 1034 5067 dolorem
1068 5003 1262 5066 inveni,
1303 5008 1348 5053 et
1389 5009 1569 5050 nomen
1609 4988 1808 5042 Domini
1846 4985 2066 5040 invocavi

503 5121 521 5187 (
555 5112 699 5170 Psal.
728 5121 869 5170 cxw,
895 5105 950 5166 5,
981 5102 1014 5154 4
1034 5100 1074 5169 ).

576 5209 628 5262 5.
668 5199 774 5258 Sc‘d
801 5200 994 5250 factum
1023 5197 1105 5244 est
1133 5204 1146 5239 :
1179 5183 1405 5239 dixerim
1433 5179 1548 5232 hsce
1576 5175 1654 5230 eis
1680 5174 1766 5243 qui
1798 5187 1900 5224 non
1927 5185 2070 5223 com-

508 5300 764 5357 miserunt
838 5295 894 5341 ut
918 5282 1136 5352 vigilent
1183 5273 1448 5329 custodire
1489 5267 1840 5337 integritatem
1879 5277 2069 5323 suam,

508 5356 562 5446 ct
589 5401 707 5444 eum
736 5375 1014 5435 attendunt
1039 5381 1283 5437 magnum
1309 5362 1565 5418 cecidisse
1586 5401 1600 5421 ,
1650 5357 1791 5426 parvi
1833 5356 2070 5409 timeant.

591 5491 717 5534 vero
743 5466 928 5538 aliquis
950 5463 1058 5533 jam
1091 5460 1269 5525 lapsus
1298 5453 1412 5506 hare
1453 5449 1635 5514 audit,
1685 5457 1737 5502 et
1761 5444 1977 5514 aliquid
1999 5486 2003 5490 .
2024 5444 2076 5497 in

580 5633 599 5663 τ
627 5633 696 5680 είς
722 5617 1204 5690 ινινιεδωηιίοτθε.“τεὲ·
1231 5597 1820 5690 {£99.1szSﬂﬁifﬂ’ilff;

579 5658 601 5729 ί
723 5658 1300 5743 ,'_;tanquam
1333 5658 1498 5743 contra
1521 5658 1696 5710 diaboli
1727 5662 2075 5708 tetumncntmn.
2150 5670 2153 5673 ·

514 5733 882 5819 ιονξὶξιιιὶιιιαηι
900 5735 1074 5792 diaboli
1097 5733 1446 5784 tentanwnttnn.

1652 302 1708 355 S'.
1753 293 2108 352 AUGUSTINI
2152 289 2450 346 EPISCOPI

3573 279 3684 336 538

2099 404 2418 458 conscientia
2436 402 2556 456 mali
2581 413 2763 455 tenens
2788 418 2800 465 ;
2826 398 2985 453 verba
3013 398 3199 468 psalmi
3223 397 3378 468 hujus
3397 397 3640 452 advertat
3662 383 3704 452 τ’

2099 495 2335 549 attendat
2383 493 2591 563 quidem
2635 491 2868 545 vulneris
2915 489 3367 559 magnitudinem,
3417 489 3509 541 sed
3564 497 3674 542 non

2101 589 2348 656 desperet
2375 586 2561 640 medici
2588 585 2938 653 majestatem.
2969 584 3247 637 Peccatum
3277 596 3396 634 eum
3426 581 3680 649 despera-

2103 681 2244 733 tione
2269 720 2283 744 ,
2313 689 2453 732 certa
2483 692 2643 730 mors.
2676 675 2840 731 Nemo
2863 691 2991 745 ergo
3017 675 3196 739 dicat,
3236 673 3289 728 Si
3330 673 3438 742 jam
3475 674 3672 742 aliquid

2105 771 2225 823 mali
2255 770 2350 824 feci
2379 811 2392 832 ,
2418 770 2525 836 jam
2549 767 2879 820 damnandus
2906 782 3020 819 sum
3055 783 3068 820 :
3112 765 3252 818 Deus
3297 765 3447 817 malis
3489 765 3682 816 talibus

2106 882 2208 918 non
2235 866 2495 934 ignoscit,
2530 879 2624 917 cur
2656 877 2758 916 non
2789 861 2927 914 addo
2955 870 3166 930 peccata
3197 860 3461 928 peccatis?
3514 856 3682 911 Fruar

2109 957 2207 1009 hoc
2233 956 2426 1010 sa'culo
2463 956 2512 1007 in
2556 954 2826 1022 voluptate
2850 994 2863 1014 ,
2911 953 2962 1005 in
3005 951 3213 1006 lascivia
3239 992 3253 1015 ,
3304 952 3354 1004 in
3394 951 3689 1018 cupiditate

2111 1047 2304 1100 nefaria
2339 1047 2482 1114 :jam
2512 1045 2712 1114 perdita
2742 1060 2836 1113 Spe
2877 1043 3224 1111 reparationis
3248 1084 3263 1106 ,
3305 1041 3386 1095 vel
3433 1042 3535 1094 hoc
3583 1040 3684 1092 ha-

2109 1141 2261 1194 beam
2283 1139 2418 1208 quod
2444 1138 2594 1190 video
2617 1179 2630 1202 ,
2661 1138 2703 1190 si
2735 1151 2837 1188 non
2873 1150 3080 1203 possunt
3109 1133 3306 1188 habere
3334 1131 3472 1202 quod
3499 1132 3680 1186 credo.

2110 1230 2214 1285 Iste
2244 1246 2368 1300 ergo
2401 1230 2632 1297 psalmus
2661 1270 2674 1290 ,
2705 1229 2838 1281 sicut
2861 1236 3044 1279 cautos
3075 1225 3199 1278 facit
3222 1239 3314 1279 eos
3341 1225 3428 1293 qui
3458 1239 3563 1276 non
3591 1238 3683 1275 ce-

2111 1322 2352 1374 ciderunt
2379 1362 2392 1383 ,
2441 1320 2518 1373 sic
2559 1320 2869 1386 desperatos
2909 1332 3026 1371 esse
3059 1331 3162 1370 non
3202 1315 3312 1368 vult
3349 1315 3434 1384 qui
3477 1314 3689 1368 cecide-

2115 1423 2238 1467 runt
2265 1414 2302 1465 ¹.
2330 1410 2578 1480 Quisquis
2605 1410 2831 1478 peccasti
2857 1449 2871 1473 ,
2899 1417 2953 1462 et
2986 1407 3194 1462 dubitas
3232 1423 3387 1477 agere
3424 1406 3689 1474 paeniten-

2115 1503 2240 1557 tiam
2295 1517 2392 1572 pro
2448 1509 2664 1571 peccato
2715 1510 2805 1554 tuo
2849 1498 3176 1568 desperando
3227 1499 3447 1551 salutem
3500 1505 3684 1558 tuam,

2116 1597 2237 1650 audi
2270 1596 2430 1650 David
2459 1604 2774 1663 gementem.
2818 1593 2897 1647 Ad
2946 1603 2998 1647 te
3041 1592 3242 1646 Nathau
3282 1591 3540 1661 propheta
3584 1605 3690 1642 nou

2120 1697 2200 1740 est
2231 1688 2423 1740 missus
2449 1729 2462 1749 ,
2495 1686 2606 1754 ipse
2634 1683 2796 1738 David
2838 1682 2905 1736 ad
2949 1684 3000 1737 te
3046 1683 3238 1736 missus
3271 1689 3370 1735 est.
3403 1680 3540 1734 Audi
3567 1695 3692 1734 eum

2120 1781 2434 1834 clamantem
2465 1821 2480 1844 ,
2529 1787 2583 1831 et
2627 1778 2780 1831 simul
2832 1777 3041 1838 clama;
3089 1773 3209 1828 audi
3257 1782 3595 1850 gementem,
3640 1783 3699 1825 et

2123 1873 2494 1940 congemisce;
2527 1869 2647 1922 audi
2675 1868 2885 1921 [lentem
2911 1909 2925 1933 ,
2965 1875 3019 1921 et
3058 1867 3316 1935 lacrymas
3350 1864 3544 1934 juuge;
3573 1865 3697 1917 audi

2125 1974 2424 2018 eorrertum
2451 2005 2465 2027 ,
2497 1971 2549 2015 et
2577 1961 2962 2015 condelectare.
2990 1959 3044 2013 Si
3075 1957 3165 2011 tibi
3197 1972 3297 2010 non
3335 1957 3504 2027 potuit
3531 1957 3699 2009 inter-

2126 2058 2262 2110 cludi
2288 2066 2558 2125 peccatum
2585 2097 2599 2120 ,
2632 2070 2754 2123 spes
2773 2055 2940 2108 venue
2955 2068 3062 2106 non
3081 2049 3478 2105 intercludatur.
3510 2049 3706 2102 Missus

2127 2159 2208 2201 est
2233 2147 2296 2200 ad
2331 2149 2484 2200 istum
2513 2146 2681 2199 virum
2723 2145 2933 2200 Nathan
2973 2143 3226 2211 propheta
3259 2161 3271 2194 :
3315 2140 3529 2194 attende
3562 2142 3703 2207 regis

2131 2240 2480 2293 humilitatem
2508 2240 2549 2290 ³.
2577 2237 2690 2292 Non
2721 2238 2922 2306 respuit
2962 2237 3123 2291 verba
3165 2234 3516 2304 przecipientis
3539 2276 3553 2296 ,
3597 2250 3703 2287 nou

2131 2331 2264 2383 dixit
2287 2372 2302 2395 ,
2331 2330 2507 2384 Audes
2533 2330 2659 2382 mihi
2690 2329 2832 2397 loqui
2859 2328 3014 2398 regi?
3060 2328 3171 2381 Rex
3203 2326 3442 2380 sublimis
3476 2325 3708 2394 prophe-

2135 2433 2237 2477 L-nu
2266 2424 2496 2486 audivit;
2530 2422 2680 2492 plebs
2705 2421 2821 2488 ejus
2856 2420 3070 2474 humilis
3097 2419 3364 2473 Christum
3397 2415 3596 2469 audiat.

2203 2517 2254 2572 6.
2298 2514 2317 2588 [
2338 2533 2464 2569 vers.
2493 2513 2592 2585 5.]
2635 2513 2770 2567 Audi
2819 2527 2944 2582 ergo
2990 2511 3143 2576 lucc,
3189 2519 3243 2564 et
3278 2509 3365 2562 dic
3404 2524 3526 2562 cum
3571 2507 3707 2561 illo:

2139 2599 2373 2661 Miserere
2401 2607 2528 2671 mei,
2557 2605 2723 2669 Deus,
2751 2603 3025 2657 secundum
3052 2619 3287 2672 magnam
3316 2601 3712 2655 misericordiam

2138 2710 2292 2752 tuam.
2320 2699 2418 2766 Qui
2449 2713 2688 2767 magnam
2729 2694 3144 2749 misericordiam
3190 2694 3542 2760 deprecatur,
3591 2706 3716 2744 ma-

2137 2809 2293 2860 gnam
2327 2792 2590 2844 miseriam
2629 2789 2928 2843 coutiletur.
2950 2787 3216 2853 Quaerant
3245 2801 3458 2853 parvam
3499 2783 3715 2838 miseri-

2139 2883 2371 2936 eordiam
2399 2891 2538 2934 tuam
2562 2921 2575 2943 ,
2605 2880 2692 2948 qui
2723 2877 3005 2936 nesciendo
3030 2888 3411 2946 peccaverunt:
3441 2877 3676 2929 Miserere
3696 2916 3722 2938 .

2141 2973 2342 3041 inquit,
2374 2973 2506 3035 mei,
2544 2971 2814 3024 secundum
2852 2985 3087 3039 magnam
3131 2969 3517 3022 misericordiam
3550 2979 3720 3023 tuam.

2141 3065 2366 3118 Subveni
2396 3064 2538 3133 gravi
2568 3062 2768 3115 vulneri
2805 3059 3095 3114 secundum
3123 3075 3365 3130 magnam
3393 3059 3727 3115 medicinam-

2144 3169 2306 3209 tuam.
2355 3155 2526 3210 Grave
2567 3162 2648 3207 est
2686 3151 2826 3222 quod
2867 3152 3076 3218 habeo,
3120 3151 3215 3206 sed
3257 3151 3324 3204 ad
3368 3151 3722 3219 Omnipoten-

2145 3259 2249 3303 tem
2276 3247 2542 3316 confugio.
2579 3247 2652 3298 De
2697 3260 2818 3299 meo
2867 3253 2973 3298 tam
3022 3244 3204 3299 lethali
3256 3245 3472 3298 vulnere
3522 3243 3725 3312 despe-

2144 3356 2356 3401 rarem,
2405 3338 2508 3392 nisi
2557 3346 2756 3390 tantum
2806 3335 3068 3391 medicum
3123 3335 3431 3405 reperirem.
3479 3333 3725 3387 Miserere

2144 3433 2278 3498 mei,
2311 3429 2448 3484 Deus
2472 3472 2486 3495 ,
2513 3429 2787 3483 secundum
2834 3445 3066 3500 magnam
3103 3429 3498 3480 misericordiam
3533 3438 3669 3479 tuam
3705 3444 3728 3480 :

2145 3535 2191 3577 et
2255 3522 2526 3578 secundum
2602 3521 2970 3575 multitudinem
3030 3517 3408 3573 miseratiomtm
3472 3531 3724 3582 tuarum,

2147 3617 2255 3674 delc
2301 3618 2611 3689 iniquitatem
2655 3631 2833 3667 meam.
2886 3612 3035 3680 Quod
3084 3613 3200 3676 ait,
3253 3613 3362 3664 dele
3411 3613 3727 3679 iniquitatem

2148 3730 2345 3776 meum,
2377 3713 2477 3766 hoc
2502 3720 2582 3765 est
2607 3753 2621 3774 ,
2662 3712 2888 3763 miserere
2928 3705 3063 3770 mei,
3113 3702 3265 3759 Deus.
3313 3703 3375 3756 Et
3415 3701 3552 3775 quod
3605 3704 3679 3757 ait
3709 3745 3724 3764 .

2149 3805 2419 3859 secundant
2482 3803 2848 3855 multitudinea:
2902 3799 3277 3851 miserationum
3323 3809 3564 3861 tuarum,
3621 3797 3734 3852 hoc

2150 3907 2269 3963 est,
2336 3896 2605 3950 secundant
2656 3909 2886 3963 magnam
2936 3891 3327 3945 misericordiam
3381 3901 3538 3943 tamn.
3591 3891 3730 3958 Quia

2155 4004 2338 4057 magna
2378 3996 2457 4039 est
2495 3983 2848 4038 misericordia
2876 4023 2890 4046 ,
2931 3983 3109 4035 ιιιιιιιιυ
3143 3990 3265 4034 sunt
3302 3982 3674 4035 misericordia:
3708 3998 3728 4044 ;

2154 4089 2206 4133 et
2247 4081 2312 4133 de
2361 4067 2545 4145 magna
2593 4073 2952 4128 tt'tiset'icordia
2996 4082 3115 4134 tua,
3173 4075 3349 4125 nudta:
3395 4082 3519 4126 sunt
3567 4073 3733 4126 mise-

2155 4173 2385 4224 rationes
2441 4177 2561 4221 tu:e.
2613 4165 2854 4219 Attendis
2899 4173 3293 4232 contemptores
3343 4172 3401 4215 ut
3451 4163 3736 4232 corrigas,

2157 4262 2384 4317 attendis
2430 4260 2722 4313 nescientes
2770 4268 2825 4310 ιιι
2883 4256 3116 4318 doceas,
3182 4255 3408 4308 attendis
3467 4257 3735 4309 coolitcu-

2161 4367 2238 4408 tes
2285 4365 2338 4406 ut
2376 4353 2634 4421 ignoscas.
2659 4350 2829 4416 ⁸Ιῗριξὶι
2871 4349 2972 4402 hoc
3009 4325 3292 4401 nesciens?
3331 4348 3553 4412 Quidam
3594 4348 3742 4401 fece-

2161 4458 2242 4501 rat
2270 4447 2440 4513 aliqua
2461 4486 2476 4509 ,
2505 4453 2557 4496 (-t
2582 4443 2740 4496 multa
2770 4442 2902 4494 mala
2936 4441 3165 4500 fecerat;
3193 4440 3590 4493 Misericordia»:
3610 4481 3624 4500 ,
3653 4441 3739 4492 in-

2161 4543 2311 4610 quit,
2338 4547 2626 4592 consecutus
2657 4553 2805 4600 sum,
2846 4535 2962 4603 quia
2987 4535 3222 4601 ignorans
3250 4534 3342 4602 feci
3371 4534 3423 4584 in
3457 4533 3745 4585 increduli-

2165 4633 2341 4712 tate“
2372 4630 2500 4683 Tim.
2533 4646 2581 4690 I,
2631 4629 2696 4681 15
2723 4627 2759 4695 ).
2808 4627 2908 4680 Iste
2953 4625 3112 4678 David
3153 4640 3254 4677 nou
3298 4633 3477 4692 posset
3511 4623 3692 4677 dicere
3717 4666 3741 4687 ,

2165 4724 2414 4795 Ignorans
2445 4721 2558 4790 feci.
2595 4719 2705 4772 Non
2733 4717 2872 4770 enim
2902 4715 3173 4784 ignorabat
3209 4723 3461 4783 quantum
3495 4714 3620 4767 ntali
3645 4730 3740 4767 es-
3797 4735 3806 4769 :-

2147 4825 2246 4879 _set
2273 4813 2618 4869 contreetatio
2643 4807 2879 4875 conjugis
2904 4807 3088 4858 alienae
3110 4845 3126 4868 ,
3158 4813 3211 4859 et
3247 4817 3502 4874 quantum
3537 4806 3746 4859 malum

2168 4917 2306 4961 esset
2331 4902 2625 4957 interfectio
2652 4898 2825 4952 mariti
2854 4896 3137 4951 nescientis
3156 4937 3170 4961 ,
3199 4905 3252 4949 et
3282 4911 3378 4948 nec
3401 4897 3589 4970 saltem
3633 4897 3744 4949 ira-

2169 4995 2387 5052 scentis.
2433 4992 2840 5060 Consequuntur
2885 5001 3013 5055 ergo
3064 4985 3472 5040 misericordiam
3529 4986 3744 5041 Domini

2171 5089 2257 5157 qui
2284 5089 2582 5156 ignorantes
2615 5083 2886 5142 fecerunt;
2915 5086 2970 5131 et
2996 5077 3085 5146 qui
3115 5077 3344 5130 scientes
3366 5116 3382 5140 ,
3404 5087 3746 5145 consequun—

2175 5189 2258 5233 tur
2286 5189 2387 5230 non
2439 5171 2782 5243 qualeutlibet
2831 5165 3286 5232 misericordiam,
3337 5165 3432 5221 sed
3496 5183 3750 5237 magnam

2176 5266 2607 5325 miscricordiam.

2248 5364 2298 5415 7.
2329 5360 2476 5432 [vers.
2509 5355 2586 5429 4.]
2631 5353 2798 5424 Magis
2822 5355 3076 5422 magisque
3116 5351 3229 5405 lana
3284 5366 3360 5403 me
3392 5351 3456 5403 ab
3495 5350 3754 5421 injustitia

2178 5471 2304 5508 mea.
2330 5450 2464 5517 Quid
2491 5457 2591 5508 cst,
2622 5445 2788 5515 Magis
2816 5444 3070 5514 magisque
3098 5442 3256 5496 lava?
3309 5441 3527 5495 Multum
3567 5442 3751 5512 inqui-

2245 5591 2260 5620 ¹
2297 5595 2470 5636 Decem
2489 5591 2614 5640 Mss,
2636 5580 2703 5631 ita
2725 5578 2866 5642 ertgil
2883 5591 2961 5628 eos
2981 5577 3064 5642 qui
3083 5573 3375 5642 ceciderunt.

2245 5652 2262 5681 ⁸
2297 5634 2516 5757 tuerique
2551 5634 2672 5692 Iussa
2696 5634 2890 5691 Attende
2917 5634 3054 5704 η’άηὶ
3085 5634 3369 5703 superbiam.
3391 5642 3492 5686 Dm
3511 5649 3525 5686 :
3547 5639 3753 5686 Attende

2260 5723 2401 5757 διίυθν
2421 5724 2518 5756 τως.

2185 5725 2243 5763 ne
2260 5723 2518 5774 superantis.
