4004 6200
339 307 443 363 589

338 433 539 477 natum.
589 418 750 488 Magis
803 417 1070 487 magisque
1117 415 1229 467 lava
1275 420 1487 482 peccata
1534 409 1771 468 scientis,
1815 408 1899 483 qui

337 513 546 568 abluisti
597 513 809 580 peccata
840 507 1146 578 ignorantis.
1173 505 1280 560 Nec
1314 504 1390 557 sic
1417 502 1813 570 desperandum
1841 500 1908 551 de

340 602 700 658 misericordia
746 612 849 654 tua.
912 599 975 653 Et
1008 615 1037 650 a
1084 597 1264 650 delicto
1302 611 1408 648 meo
1448 593 1636 649 munda
1675 607 1769 643 me.
1798 589 1913 656 Quo

341 693 814 750 merito?-Medicus
834 701 934 752 est,
965 689 1098 744 oli’er
1115 687 1412 741 mercedem
1445 703 1456 736 :
1490 685 1628 737 [)eus
1647 693 1748 747 est,
1778 681 1910 733 utter

340 787 674 844 sacrilicium.
725 783 860 852 Quid
906 782 1056 835 dabis
1109 790 1164 834 ut
1213 777 1520 833 munderis?
1588 774 1718 828 Vide
1770 773 1913 826 enim

341 894 496 946 quem
521 879 766 940 invocas;
806 875 1007 943 justum
1040 873 1254 926 invocas
1284 888 1297 923 :
1327 869 1434 922 odit
1468 875 1706 936 peccata,
1737 864 1780 917 si
1822 862 1912 931 ju-

336 983 450 1023 stus
476 978 588 1032 est;
618 967 849 1022 vindicat
878 967 928 1018 in
962 975 1194 1033 peccata,
1237 961 1283 1014 si
1303 961 1478 1030 justus
1510 966 1629 1022 est;
1671 970 1773 1007 non
1816 969 1912 1022 po-
1971 1011 1981 1019 ,

341 1063 468 1118 teris
503 1060 714 1115 auferre
741 1075 770 1112 a
805 1059 1028 1112 Domino
1073 1057 1180 1109 Deo
1215 1055 1470 1122 justitiam
1510 1051 1644 1118 ejus.
1688 1047 1915 1115 lmplora

342 1151 784 1216 misericordiam,
827 1149 919 1202 sed
963 1145 1179 1205 attende
1218 1144 1474 1211 justitiam
1508 1158 1521 1192 :
1553 1136 1914 1196 misericordia

339 1253 421 1299 est
447 1253 502 1297 ut
524 1243 760 1312 ignoscat
797 1239 1052 1310 peccanti.
1092 1236 1294 1305 justitia
1316 1242 1397 1286 est
1425 1241 1480 1284 ut
1508 1231 1688 1299 puniat
1726 1241 1914 1296 pecca-

339 1348 473 1392 tum.
524 1333 659 1402 Quid
687 1333 854 1402 ergo?
900 1329 1104 1398 Queris
1152 1324 1589 1386 misericordiam,
1637 1328 1912 1390 peccatum

340 1426 655 1495 impunitum
700 1422 1025 1478 remanebit?
1056 1417 1406 1488 “CSptttldcrit
1445 1413 1625 1476 David,
1696 1426 1916 1477 respou-

340 1515 518 1570 derint
542 1515 697 1584 lapsi,
757 1510 1127 1581 responderint
1173 1523 1290 1562 cum
1340 1505 1538 1568 David,
1591 1513 1648 1564 ut
1692 1501 1909 1554 miseri-

338 1607 574 1661 cordiam
626 1613 928 1660 mereantur
982 1603 1120 1656 sicut
1179 1598 1360 1658 David,
1413 1607 1466 1652 et
1538 1595 1746 1658 dicant,
1802 1590 1914 1652 Non

340 1700 586 1764 Domine,
633 1712 738 1750 non
765 1697 866 1751 erit
893 1694 1207 1763 impunitum
1247 1697 1516 1758 peccatum
1551 1700 1724 1744 meum
1753 1702 1764 1734 :
1799 1683 1916 1736 novi

334 1794 593 1861 justitiam
619 1793 733 1859 ejus
752 1831 766 1854 ,
797 1788 948 1857 cujus
968 1800 1148 1856 quer
1174 1779 1590 1846 misericordiam
1620 1795 1632 1830 :
1667 1792 1773 1830 nun
1820 1776 1919 1828 im-

335 1885 582 1954 .punitttm
613 1883 732 1945 erit,
779 1879 870 1934 sed
899 1879 1016 1943 ideo
1050 1877 1173 1930 nolo
1223 1884 1279 1927 ut
1315 1883 1366 1926 tu
1409 1887 1493 1924 tne
1542 1870 1748 1936 punias,
1793 1869 1916 1937 quia

340 1991 442 2045 ego
473 1984 744 2044 peccatum
776 1986 952 2025 meum
986 1969 1179 2038 punio;
1230 1965 1349 2018 ideo
1397 1974 1518 2032 peto
1559 1970 1615 2013 ut
1653 1961 1914 2029 ignoscas,

340 2068 460 2136 quia
488 2081 589 2135 ego
613 2077 862 2133 agnosco.

414 2158 466 2210 8.
497 2155 664 2230 [vers.
688 2153 766 2226 5.]
814 2137 1063 2220 Quoniam
1085 2150 1393 2220 iniquitatem
1435 2162 1595 2198 meum
1630 2161 1719 2213 ego
1762 2159 1920 2213 agno-

342 2265 446 2312 sco,
479 2257 526 2301 et
555 2248 790 2301 delictum
819 2261 980 2297 meum
1005 2259 1175 2295 coram
1212 2256 1290 2292 me
1328 2249 1397 2292 est
1431 2252 1648 2304 semper.
1685 2232 1802 2287 Non
1828 2247 1920 2301 pu—

344 2339 427 2392 sui
461 2349 578 2406 post
602 2339 818 2392 dorSum
849 2349 1023 2390 meum
1049 2331 1190 2404 quod
1232 2329 1354 2394 feci,
1403 2341 1508 2381 non
1547 2326 1759 2379 intueor
1788 2323 1920 2376 alios

343 2430 542 2483 oblitus
559 2428 682 2491 mei,
713 2441 814 2478 non
842 2425 1031 2478 allecto
1052 2421 1296 2491 stipulam
1319 2419 1514 2487 ejicere
1540 2416 1606 2473 dc
1633 2414 1787 2469 oculo
1811 2413 1920 2466 fra-

346 2521 440 2571 tris
466 2519 589 2583 mei,
618 2532 735 2570 cum
767 2517 834 2572 sit
857 2511 1032 2568 trabes
1068 2513 1117 2566 in
1146 2512 1300 2563 oculo
1329 2525 1446 2563 meo
1471 2506 1679 2579 (Matth.
1702 2521 1795 2568 vn,
1821 2503 1874 2575 5)
1905 2522 1917 2555 :

344 2616 619 2678 peccatum
651 2622 826 2660 meum
853 2615 1073 2657 anteme
1097 2613 1197 2664 est,
1221 2618 1323 2654 non
1351 2609 1467 2668 post
1493 2614 1595 2650 me.
1632 2591 1752 2650 Fuit
1779 2596 1918 2649 enim

347 2710 464 2767 post
506 2715 589 2753 me
620 2697 828 2768 quando
857 2695 921 2748 ad
955 2709 1039 2748 me
1068 2694 1259 2746 missus
1290 2702 1371 2743 est
1422 2688 1712 2757 PrOpheta,
1754 2697 1810 2739 et
1855 2685 1923 2739 de

339 2808 442 2847 ove
478 2790 723 2861 pauperis
749 2786 1144 2854 similitudinem
1175 2782 1303 2836 mihi
1341 2780 1632 2849 proposuit.
1667 2777 1757 2834 Ait
1780 2775 1922 2829 enim

340 2884 548 2938 Nathan
574 2881 828 2952 propheta
859 2878 922 2934 ad
951 2877 1113 2931 David
1148 2893 1160 2928 :
1195 2874 1320 2928 Erat
1344 2872 1476 2924 dives
1499 2869 1705 2941 quidam
1736 2866 1923 2922 habens

340 2978 589 3048 plurimas
609 2990 718 3028 oves
741 2991 758 3038 ;
790 2989 979 3042 pauper
999 2979 1164 3022 autem
1190 2967 1379 3019 vicinus
1400 2965 1512 3034 ejus
1534 2962 1744 3016 habebat
1771 2977 1925 3014 unam

340 3068 611 3132 aniculam,
644 3082 795 3135 quam
816 3066 866 3118 in
896 3064 1009 3117 sinu
1047 3079 1138 3115 suo
1174 3072 1218 3114 et
1261 3060 1322 3112 de
1345 3075 1437 3112 suo
1474 3057 1582 3110 cibo
1627 3055 1924 3111 nutriebat:

342 3162 473 3216 venit
502 3163 681 3228 hospes
721 3157 860 3211 diviti
884 3173 901 3218 ;
936 3155 1062 3210 nihil
1093 3154 1155 3208 de
1190 3168 1340 3226 grege
1376 3167 1466 3205 suo
1497 3150 1722 3213 abstulit,
1753 3151 1923 3203 ovicu-

341 3253 445 3304 lam
467 3251 614 3303 ricini
636 3249 867 3320 pauperis
901 3245 1202 3313 concupivit,
1229 3245 1394 3312 ipsum
1423 3257 1515 3296 suo
1555 3240 1740 3310 hospiti
1785 3241 1919 3294 occi-

342 3346 417 3397 dit
446 3360 464 3397 :
493 3343 614 3410 quid
632 3342 810 3412 dignus
834 3339 940 3394 est?
959 3339 1024 3391 At
1046 3337 1134 3390 ille
1159 3333 1356 3404 profert
1383 3333 1551 3388 iratus
1571 3331 1885 3386 sententiain
1907 3349 1918 3383 :

343 3439 500 3506 platte
542 3444 670 3487 tunc
707 3448 798 3486 rex
830 3430 1074 3484 nesciens
1103 3428 1186 3482 ubi
1209 3435 1394 3495 captus
1419 3433 1562 3478 esset
1583 3426 1626 3488 ί,
1647 3432 1819 3477 morte
1839 3422 1920 3474 di-

339 3546 506 3599 gnum
537 3527 755 3580 divitem
786 3525 943 3587 dixit,
985 3531 1039 3576 et
1065 3536 1220 3574 ovem
1250 3517 1575 3599 reddendam
1608 3517 1660 3571 in
1688 3514 1924 3584 quadru—

339 3594 494 3692 plum
518 3621 583 3691 (il
611 3619 739 3688 Reg.
772 3633 866 3679 xu,
887 3613 1032 3682 ς2-6).
1062 3612 1414 3668 Severissimc
1433 3594 1589 3677 atque
1608 3606 1920 3674 justissima.

340 3715 446 3769 Sed
483 3693 754 3782 peccatum
777 3709 890 3778 ejus
922 3706 1152 3768 nonduin
1184 3714 1299 3759 erat
1324 3719 1501 3756 coram
1531 3716 1616 3763 eo,
1656 3710 1771 3772 post
1793 3698 1922 3751 dor-

342 3822 464 3859 sth
504 3815 620 3858 erat
662 3801 802 3872 quod
855 3799 1055 3854 fecerat
1081 3816 1092 3850 :
1118 3813 1268 3850 suam
1311 3793 1640 3861 iniquitatem
1686 3788 1920 3847 nondum

340 3895 689 3965 agnoscebat,
721 3900 777 3952 et
807 3890 926 3944 ideo
949 3890 1134 3942 aliena:
1162 3901 1268 3939 non
1299 3883 1624 3954 ignoscebat.
1654 3879 1756 3934 Sed
1789 3880 1921 3933 Pro-

342 3988 506 4057 pheta
537 3983 601 4038 ad
640 3984 740 4037 hoc
776 3982 989 4039 missus,
1018 3977 1236 4030 abstulit
1265 3992 1292 4027 ιι
1322 3974 1482 4026 dorso
1527 3980 1823 4039 peccatum,
1872 3979 1926 4024 et

340 4091 472 4138 ante
502 4077 685 4132 oculos
710 4075 904 4146 posuit,
953 4081 1008 4124 ut
1031 4070 1235 4124 videret
1271 4067 1413 4120 illam
1451 4063 1766 4118 sententiam
1821 4071 1924 4115 tam

339 4153 589 4229 severam
619 4171 668 4222 in
697 4184 754 4222 se
779 4182 897 4221 esse
918 4164 1199 4238 prolatam.
1237 4160 1313 4214 Ad
1343 4157 1628 4213 secandum
1653 4165 1706 4209 et
1733 4170 1925 4209 sanan-

340 4268 476 4322 dum
499 4265 687 4318 vulnus
708 4259 884 4316 cordis
910 4258 1047 4326 ejus,
1098 4254 1476 4308 ferramentum
1509 4248 1631 4302 fecit
1657 4246 1722 4301 de
1750 4247 1924 4314 lingua

339 4360 485 4424 ejus.
512 4357 624 4410 lloc
645 4354 770 4408 fecit
791 4350 1045 4405 Dominus
1065 4346 1283 4407 Jndaus,
1308 4343 1517 4413 qu;me
1539 4341 1602 4394 ad
1630 4355 1749 4394 etnn
1773 4338 1926 4392 adul-

345 4461 520 4505 I-ram
563 4448 834 4502 mulierem
875 4442 1234 4499 adduxerunt,
1282 4441 1640 4506 praponentes
1685 4431 1926 4498 laqueum

343 4537 683 4601 tentalionis,
712 4543 766 4589 et
795 4536 844 4587 in
867 4533 916 4586 id
941 4531 1080 4600 quod
1108 4535 1492 4599 preposuerant
1518 4521 1834 4576 incidentes.
1864 4519 1929 4573 In

338 4631 622 4695 adulterio,
656 4627 917 4695 inquiunt,
952 4625 1058 4678 lucc
1086 4622 1262 4673 mulier
1288 4618 1596 4686 deprehensa
1636 4625 1705 4666 est
1734 4630 1751 4665 :
1779 4612 1928 4683 Moy-

338 4741 428 4778 se:
459 4717 749 4790 hujusmodi
772 4715 986 4785 lapidari
1017 4714 1202 4779 iussit;
1235 4721 1285 4764 tu
1334 4710 1394 4760 de
1420 4706 1512 4760 illa
1555 4705 1678 4776 quid
1722 4703 1932 4757 censes?

338 4788 604 4882 [aliquam
635 4788 832 4878 bici‘piti
861 4804 1146 4872 muscipula
1191 4808 1453 4855 tentantes
1482 4812 1672 4864 capere
1699 4794 1927 4864 Sapien-

339 4912 481 4964 tiam
508 4906 624 4967 Dei,
666 4913 724 4957 ut
751 4903 794 4955 si
816 4901 1024 4970 juberet
1056 4894 1247 4957 occidi,
1281 4891 1526 4962 perderet
1563 4887 1927 4942 mansuetudi-

335 5006 436 5060 nis
469 4999 661 5053 famam
689 5013 702 5060 ;
735 4997 776 5049 si
794 5003 968 5047 autem
988 4989 1200 5060 juberct
1221 4984 1436 5047 dimitti,
1462 4983 1780 5045 incurreret,
1808 4990 1929 5033 tan-

333 5109 512 5165 quam
572 5088 923 5159 reprehensor
966 5081 1115 5152 legis,
1171 5075 1556 5132 calumniam’.
1615 5072 1750 5138 Quid
1804 5087 1931 5140 ergo

333 5163 671 5252 respondit?
695 5177 807 5232 Non
836 5177 928 5240 ait,
954 5171 1189 5228 Occidite
1210 5186 1224 5232 ;
1247 5183 1350 5221 non
1381 5167 1473 5227 ait,
1505 5164 1760 5230 Dimiuite
1792 5181 1802 5214 :
1831 5163 1928 5216 sed

328 5278 443 5336 ait,
485 5272 586 5340 Qui
608 5288 660 5324 se
683 5271 774 5324 scit
801 5268 906 5323 sine
940 5271 1138 5333 peccato
1167 5276 1292 5324 esse,
1323 5259 1513 5327 primus
1541 5256 1590 5308 in
1614 5255 1756 5307 illam
1798 5254 1933 5320 lapi-

331 5364 663 5435 demj..ciat.
692 5360 838 5414 Justa
873 5357 985 5414 lex,
1031 5369 1147 5422 qua:
1180 5351 1332 5420 jubet
1382 5347 1675 5402 adulteram
1719 5344 1926 5398 occidi:

331 5455 446 5512 sed
474 5450 853 5518 ltieclexjusta
901 5445 1176 5496 ministros
1215 5441 1402 5493 habeat
1448 5441 1774 5492 innocentes.
1831 5438 1928 5489 Αι-

331 5545 572 5604 tenditis
595 5557 751 5611 quam
792 5535 1072 5598 adducitis,
1122 5532 1380 5587 attendite
1427 5541 1478 5582 et
1517 5531 1604 5598 qui
1637 5529 1784 5582 estis.
1838 5524 1930 5578 Illi

413 5659 434 5689 ι
475 5655 638 5705 Plures
656 5663 780 5709 uss...
798 5647 1006 5714 captivus
1023 5651 1160 5714 esset.
1193 5645 1384 5714 Quidam
1402 5681 1415 5704 ,
1441 5642 1651 5714 captiuus
1674 5643 1926 5714 teneretur.

409 5722 436 5750 ⁸
471 5720 543 5768 Sic
709 5705 956 5762 Eddvero
976 5749 988 5768 ,
1030 5706 1296 5757 incurreret
1328 5705 1663 5767 blaspftentimn
1706 5710 1930 5750 mmmam

337 5779 668 5844 reprehensor
691 5777 806 5840 legis
830 5769 1206 5823 raltrnmimtdns.

1503 292 1892 351 ENARR-ATIO
1935 293 1996 347 IN
2034 292 2355 348 PSALMUM
2396 286 2454 347 ἰ..

3481 301 3582 354 5.90

2022 409 2112 459 hoc
2142 410 2332 471 audito,
2373 426 2498 462 unus
2538 419 2647 478 post
2682 410 2895 464 alterum
2941 413 3288 472 discas-erunt.
3337 418 3592 473 lientans'tt

2020 500 2247 552 adultera
2276 509 2322 551 et
2353 497 2621 567 Dominus,
2652 503 2906 556 remansit
2937 506 3208 559 vulnerata
3235 518 3288 560 et
3326 511 3583 575 tttedicus,

2023 591 2275 642 remansit
2302 605 2486 658 magna
2515 591 2724 644 miseria
2761 602 2816 646 et
2846 609 3031 662 magna
3065 597 3443 654 ntiserieortlia.
3490 607 3597 655 An-

2021 678 2273 732 ducentes
2292 680 2637 747 crubueruut,
2665 698 2761 736 nec
2780 685 2985 738 veniam
3018 689 3345 754 petiverunt;
3373 693 3595 748 adducta

2022 771 2236 823 confusa
2283 784 2394 833 cst,
2451 782 2506 832 et
2552 785 2755 828 sanata.
2810 775 2896 828 Ait
2936 778 3013 830 illi
3065 778 3315 834 Dominus
3343 799 3361 835 .'
3386 783 3588 840 Mulier.

2022 878 2166 914 nemo
2212 870 2257 913 te
2291 863 2683 918 condemnavit?
2723 865 2787 918 Et
2823 866 2915 920 illa
2957 885 2974 920 :
3013 868 3198 932 Neirio,
3247 871 3476 927 Domine.
3532 878 3597 928 lit

2022 951 2108 1003 ille
2137 967 2152 1002 :
2184 950 2294 1004 Nec
2323 970 2413 1022 ego
2443 964 2487 1007 te
2516 955 2894 1021 condemnabo;
2924 959 3068 1024 vade,
3101 962 3333 1032 deinceps
3350 968 3464 1034 jam
3492 971 3595 1020 noli

2025 1058 2228 1109 peccare
2271 1041 2449 1112 (Joan.
2493 1061 2605 1110 vm,
2654 1049 2837 1117 li-il).
2877 1049 3143 1120 Numquid
3189 1055 3429 1109 Christus
3475 1057 3598 1113 fecit

2024 1145 2205 1188 eontra
2235 1136 2402 1205 legent
2427 1140 2621 1191 suam?
2645 1138 2827 1209 Neque
2853 1143 2991 1195 enim
3025 1145 3177 1198 l’ater
3206 1147 3319 1214 ejus
3348 1150 3463 1203 sine
3505 1151 3596 1204 Fi-

2025 1227 2094 1281 lio
2123 1227 2341 1281 dederat
2364 1231 2552 1299 legem.
2599 1231 2652 1285 Si
2683 1234 2875 1286 cmlum
2909 1243 2964 1287 et
2999 1242 3136 1292 terra
3165 1247 3216 1291 et
3259 1241 3434 1292 omnia
3479 1258 3599 1311 quae

2027 1320 2076 1372 in
2099 1320 2177 1371 eis
2203 1330 2324 1374 sunt
2352 1336 2447 1388 per
2475 1323 2646 1390 ipsum
2679 1322 2813 1377 facta
2851 1336 2993 1391 sunt,
3025 1327 3107 1381 lex
3137 1329 3252 1384 sine
3297 1331 3472 1386 Verbo
3504 1334 3598 1388 Dei

2023 1413 2289 1479 quomodo
2333 1416 2632 1482 conscripta
2667 1420 2780 1470 est?
2829 1419 2942 1472 Non
2974 1437 3100 1490 ergo
3129 1422 3268 1476 Deus
3295 1435 3478 1479 contra
3522 1427 3600 1481 le-

2023 1521 2140 1573 gent
2171 1522 2341 1570 suam,
2371 1508 2489 1575 quia
2525 1525 2620 1562 nec
2653 1510 2937 1578 impia-ator
2970 1524 3150 1568 etmtra
3197 1516 3337 1583 leges
3375 1534 3498 1574 suas
3526 1523 3600 1574 la-

2024 1597 2114 1662 cit,
2145 1595 2354 1666 quando
2383 1597 2641 1652 confessis
2682 1600 2770 1654 dat
2807 1601 3203 1670 imlnlgi-mtiam.
3249 1608 3456 1679 Moyses
3500 1613 3600 1664 tui-

2025 1687 2190 1740 ιιζειιτιν
2231 1687 2404 1756 Legis,
2459 1686 2702 1743 Christus
2753 1695 3112 1761 promulgatur
3164 1697 3318 1766 Legis
3350 1717 3361 1750 :
3393 1701 3602 1771 Moyses

2028 1777 2222 1846 lapidat
2251 1787 2308 1831 ut
2331 1780 2514 1845 judex,
2545 1779 2788 1836 Christus
2829 1784 3064 1854 indulget
3103 1799 3158 1840 ut
3188 1805 3300 1843 rex.
3347 1791 3600 1848 Miserius

2025 1877 2107 1921 est
2137 1885 2262 1939 ergo
2292 1871 2404 1939 ejus
2429 1871 2566 1924 Deus
2595 1874 2883 1928 secundum
2915 1893 3154 1946 magnam
3183 1882 3598 1940 misericordiam

2025 1976 2198 2027 suam,
2233 1963 2365 2016 sicut
2397 1964 2481 2018 hic
2508 1977 2678 2034 rogat,
2713 1968 2848 2021 sicut
2875 1969 2958 2023 hic
2987 1973 3130 2037 petit,
3179 1975 3313 2028 sicut
3342 1978 3602 2033 excierunt

2027 2061 2080 2105 et
2106 2052 2251 2106 dolet
2281 2071 2292 2104 :
2326 2055 2465 2123 quod
2495 2056 2568 2108 illi
2599 2056 2891 2112 adulteram
2919 2061 3202 2116 offerentes
3227 2065 3400 2120 facere
3421 2071 3600 2122 nolue-

2027 2159 2191 2210 rttnt;
2232 2145 2449 2206 vulnera
2483 2162 2575 2200 sua
2617 2149 2930 2204 ostendente
2973 2154 3175 2206 medico
3219 2170 3600 2225 cognoverunt,

2029 2237 2341 2290 medicinam
2370 2255 2398 2291 a
2431 2239 2637 2292 medico
2664 2256 2766 2294 non
2797 2245 3138 2311 quaesierunt.
3194 2248 3265 2301 Ita
3301 2260 3423 2305 sunt
3454 2255 3601 2307 multi

2029 2344 2163 2395 quos
2195 2345 2417 2399 peccare
2453 2347 2554 2385 non
2603 2333 2783 2401 pudet,
2831 2352 2988 2405 agerc
3031 2342 3392 2407 pmuitentizun
3421 2347 3599 2413 pudet.

2027 2420 2073 2474 Ο
2100 2421 2424 2476 incredibilis
2457 2423 2692 2484 insania!
2740 2426 2812 2480 De
2843 2428 3058 2494 vulnere
3089 2432 3200 2497 ipso
3232 2449 3334 2486 non
3382 2438 3602 2489 erubes-

2030 2511 2126 2576 cis,
2155 2512 2219 2567 de
2268 2513 2484 2582 ligatum
2529 2515 2763 2570 vulneris
2808 2520 3122 2574 erubescis?
3169 2523 3354 2578 Nonne
3404 2528 3598 2580 nudmu

2031 2603 2219 2658 foedius
2244 2615 2298 2658 et
2329 2606 2558 2673 putidius
2605 2608 2731 2669 est?
2765 2607 3000 2679 Coniuge
3037 2627 3162 2681 ergo
3208 2614 3271 2667 ad
3302 2617 3598 2680 medicum,

2030 2713 2124 2767 age
2154 2698 2535 2766 pmnitentizun,
2565 2699 2650 2756 dic
2675 2718 2685 2752 :
2707 2699 3032 2773 Iniquitatem
3055 2722 3213 2758 meam
3244 2724 3332 2777 ego
3361 2725 3600 2780 agnosco,

2029 2796 2075 2838 et
2105 2797 2360 2855 peccatum
2390 2805 2555 2842 meum
2581 2800 2697 2844 ante
2723 2808 2801 2844 me
2829 2804 2899 2845 est
2928 2810 3140 2864 semper.

2100 2878 2152 2933 9.
2187 2877 2333 2950 [vers.
2357 2877 2433 2950 6.]
2469 2878 2577 2932 Tibi
2601 2882 2696 2934 soli
2741 2884 2957 2952 peccavi,
3003 2899 3046 2936 et
3111 2888 3390 2958 malignum
3429 2908 3598 2946 coram

2028 2977 2076 3024 te
2101 2968 2216 3038 feci.
2257 2969 2391 3036 Quid
2420 2979 2502 3025 est
2545 2970 2687 3024 hoc?
2729 2972 2919 3027 Coram
2961 2973 3262 3030 hominibus
3309 2981 3449 3034 enim
3497 2999 3601 3038 non

2029 3069 2143 3118 erat
2185 3060 2477 3116 adulterata
2541 3078 2674 3118 uxor
2721 3063 2929 3128 aliena,
2989 3076 3043 3118 et
3084 3071 3302 3121 nim-itus
3349 3073 3602 3127 occisus?

2029 3152 2215 3207 Nonne
2236 3168 2423 3208 omnes
2442 3166 2699 3208 noverant
2725 3159 2864 3224 quod
2893 3159 3050 3211 itavid
3081 3159 3315 3214 fecerat?
3337 3165 3471 3230 Quid
3499 3179 3602 3233 est,
3684 3137 3686 3140 θ

2033 3245 2143 3300 Tibi
2169 3246 2266 3300 soli
2290 3246 2508 3316 peccavi,
2549 3258 2592 3300 et
2617 3249 2893 3318 malignum
2922 3267 3091 3304 rorant
3119 3263 3164 3306 te
3203 3257 3344 3325 feci?
3386 3258 3517 3324 Quia
3553 3270 3603 3314 tu

2029 3339 2173 3391 solus
2203 3337 2317 3392 sine
2345 3349 2578 3406 peccato.
2617 3340 2704 3392 ille
2729 3340 2904 3408 justus
2961 3345 3192 3411 punitor,
3242 3348 3330 3415 qtti
3361 3364 3464 3402 non
3509 3351 3606 3403 ha-

2031 3428 2119 3482 bet
2153 3427 2291 3498 quod
2333 3429 2382 3481 iu
2432 3429 2519 3483 illo
2563 3431 2962 3496 puniatuhille
3003 3433 3180 3502 justus
3228 3439 3602 3506 reprehensor,

2030 3521 2116 3587 qui
2145 3535 2248 3572 non
2274 3520 2430 3574 habet
2459 3521 2595 3588 quod
2636 3523 2686 3573 in
2728 3522 2816 3574 illo
2843 3523 3285 3591 reprehendatur.
3336 3527 3444 3580 Tibi
3486 3530 3604 3596 solt,

2031 3610 2220 3678 inquit,
2260 3611 2478 3680 peccari,
2509 3621 2555 3663 et
2582 3612 2858 3679 malignum
2895 3630 3064 3667 coram
3095 3626 3141 3668 te
3177 3618 3273 3685 feci
3299 3632 3318 3670 :
3341 3629 3395 3672 ut
3415 3620 3609 3687 justi/i-

2031 3703 2155 3756 ceris
2182 3703 2233 3755 iu
2256 3706 2565 3757 sermonibus
2588 3706 2705 3769 tuis,
2745 3715 2789 3757 et
2829 3708 2998 3758 vincas
3044 3725 3156 3760 cum
3193 3709 3469 3778 judicaris.
3508 3712 3606 3768 Cui

2031 3793 2192 3856 dicat,
2227 3793 2537 3858 fratres,cni
2586 3793 2725 3846 dicat
2765 3796 2978 3858 difficile
3026 3805 3109 3850 est
3145 3799 3446 3855 advertere.
3499 3803 3607 3858 Deo

2034 3884 2211 3951 utique
2250 3884 2496 3952 loquitur,
2542 3895 2596 3938 et
2639 3885 2973 3938 manifestum
3026 3897 3107 3940 est
3147 3891 3415 3956 quomodo
3471 3892 3608 3948 Deus

2035 3974 2189 4028 l‘ater
2218 3989 2321 4026 non
2349 3985 2427 4028 cst
2455 3974 2740 4042 judicotus.
2774 3975 2908 4040 Qttid
2939 3986 3041 4041 est,
3093 3977 3205 4031 Tibi
3247 3980 3343 4033 soli
3384 3987 3605 4052 peccavi,

2033 4078 2078 4120 et
2110 4067 2384 4137 malignum
2407 4084 2575 4120 coram
2593 4082 2639 4120 te
2661 4068 2755 4136 feci
2782 4084 2800 4121 :
2826 4079 2878 4121 ut
2891 4069 3185 4139 justi/iceris
3208 4072 3262 4124 in
3301 4075 3610 4130 sermonibus

2034 4160 2151 4224 tuis,
2185 4172 2229 4214 et
2256 4160 2421 4212 vincas
2443 4176 2553 4212 cum
2581 4161 2874 4228 judicaris?
2922 4161 3076 4217 Videt
3105 4165 3336 4219 futurum
3375 4167 3610 4236 judicent

2031 4252 2392 4321 judieandum,
2435 4252 2779 4321 judicaudum
2821 4270 2850 4307 a
2882 4258 3506 4326 peccatoribusjustum,
3557 4272 3612 4315 et

2037 4347 2088 4398 in
2116 4361 2180 4398 eo
2211 4344 2544 4405 vincentem,
2593 4344 2713 4412 quia
2743 4345 2884 4414 quod
2917 4349 2966 4398 in
3017 4347 3107 4400 illo
3131 4348 3459 4415 judicaretur
3507 4368 3611 4404 non

2036 4446 2170 4490 erat.
2198 4436 2354 4490 Solus
2383 4436 2523 4491 enim
2557 4437 2606 4488 in
2647 4435 2950 4492 hominibus
2994 4455 3176 4494 verum
3224 4441 3405 4495 dicere
3448 4444 3611 4510 potuit

2039 4529 2195 4579 immo
2229 4528 2365 4580 Deus
2396 4528 2411 4557 ¹
2445 4545 2456 4578 :
2485 4526 2540 4581 Si
2593 4527 2867 4584 invenistis
2905 4530 2956 4582 in
3001 4544 3089 4586 me
3135 4533 3610 4600 peccatum,dicite

2038 4620 2216 4688 (.loan.
2244 4637 2354 4681 vtu,
2385 4620 2499 4690 46).
2541 4621 2647 4677 Sed
2691 4621 2826 4680 forte
2869 4633 2984 4677 erat
3011 4606 3154 4691 quod
3195 4621 3439 4682 homines
3475 4625 3611 4681 late-

2038 4713 2146 4776 bat,
2179 4723 2359 4766 etnon
2397 4713 2735 4766 inveniebant
2781 4714 2854 4766 illi
2886 4712 3026 4782 quod
3079 4723 3195 4767 erat
3237 4715 3473 4784 quidem,
3517 4719 3610 4772 sed

2040 4805 2374 4860 manifestum
2402 4820 2504 4858 non
2537 4805 2684 4857 erat?
2714 4805 2834 4860 Alio
2860 4806 2978 4859 loco
3007 4806 3098 4867 ait,
3147 4806 3281 4861 Ecce
3306 4810 3436 4862 venit
3472 4812 3611 4876 prin—

2039 4917 2153 4968 ceps
2180 4899 2374 4962 mundi,
2413 4908 2598 4962 acutus
2639 4898 2906 4959 inspector
2954 4897 3188 4952 omnium
3232 4911 3606 4968 peccaturum:

2039 5006 2167 5056 ecre,
2196 4990 2381 5059 inquit,
2413 4990 2542 5040 venit
2565 4987 2796 5057 princeps
2827 4988 2998 5039 mindi
3036 4989 3208 5056 Imjns,
3255 5003 3427 5045 mone
3473 4993 3611 5044 arm.

2038 5100 2166 5152 gens
2191 5091 2496 5148 peccatores
2520 5093 2580 5147 pr
2597 5077 2832 5145 epositus
2862 5080 3085 5144 nmrtis;
3118 5081 3311 5134 invidia
3329 5082 3468 5138 enim
3496 5083 3608 5134 dia-

2039 5174 2144 5226 buli
2175 5185 2318 5225 mors
2354 5171 2566 5223 intravit
2607 5171 2656 5220 in
2689 5169 2786 5222 orb
2807 5187 2870 5220 un
2915 5179 3171 5224 terrarum
3221 5171 3376 5243 (Sap.
3408 5189 3463 5236 ιι,
3492 5173 3604 5232 ⁸24).

2042 5266 2196 5325 Eure,
2231 5263 2390 5332 inquit
2415 5305 2430 5326 ,
2482 5263 2607 5314 venit
2640 5262 2868 5330 princeps
2899 5264 3083 5316 mundi.
3115 5265 3265 5335 hujus
3312 5265 3466 5335 (dixit
3498 5266 3609 5318 ltwc

2040 5358 2309 5427 prosimus
2334 5354 2609 5423 passioui),
2645 5363 2691 5405 et
2721 5353 2772 5405 in
2799 5370 2875 5406 me
2905 5354 3034 5408 nihil
3063 5355 3295 5420 inveniet,
3325 5355 3455 5409 nihil
3481 5369 3608 5422 pec-

2103 5514 2116 5542 ί
2147 5520 2244 5575 Am.
2273 5516 2323 5558 et
2344 5514 2398 5555 Ει·
2435 5523 2446 5555 ;
2471 5504 2629 5575 ridete
2665 5507 2877 5575 futurum
2893 5506 3130 5575 judicent,
3145 5505 3474 5575 judicatum‘n
3497 5518 3610 5574 pec-

2037 5572 2278 5621 catoribus
2289 5578 2488 5628 justum,
2517 5575 2560 5618 et
2585 5567 2631 5616 in
2656 5566 2711 5618 eo
2733 5568 3010 5625 vincentem,
3036 5566 3157 5628 quid
3187 5567 3313 5630 quod
3335 5568 3386 5618 in
3409 5566 3505 5616 illo
3527 5567 3610 5626 jn-

2041 5637 2286 5684 dicaretur
2314 5646 2405 5680 non
2429 5631 2606 5684 habuit,
2632 5638 2675 5680 et
2696 5631 2776 5693 qui
2797 5644 2904 5680 eum
2929 5630 3123 5693 miserat
3149 5629 3307 5693 Pater.
3343 5635 3452 5693 titul
3486 5629 3610 5677 enim

2037 5697 2162 5767 solus
2185 5707 2339 5767 verus.
2369 5700 2418 5743 Et
2441 5693 2548 5742 ideo
2571 5690 2722 5742 solum
2757 5705 2920 5742 rerum
2957 5691 3008 5743 in
3046 5690 3310 5740 hominibus
3336 5690 3493 5740 dicere
3525 5703 3608 5754 po-

2039 5763 2125 5808 luit
2141 5792 2154 5817 ,
2191 5763 2286 5806 etc.
