4004 6200
410 316 505 371 591

409 434 532 497 cati,
573 432 698 486 nihil
732 440 900 486 morte
932 429 1169 500 dignum,
1213 427 1344 482 nihil
1370 426 1707 482 damnatione
1731 425 1970 495 dignum.

413 525 472 579 Et
504 534 745 593 tanquam
770 521 819 576 ei
854 520 1138 586 diceretur,
1192 520 1313 575 Cur.
1337 533 1465 590 ergo
1494 517 1767 574 morieris?
1788 516 1975 587 Sequi-

412 626 513 680 tur,
551 622 604 668 et
649 612 776 664 dicit
808 628 821 663 :
853 610 958 666 Sed
997 620 1049 663 ut
1091 611 1252 664 sciant
1302 626 1473 663 omnes
1512 609 1630 677 quia
1670 609 1976 661 uoluntatem

413 704 579 759 Patris
606 705 702 757 mei
732 703 885 771 facio.
925 704 1135 774 surgite,
1183 718 1354 756 eamus
1380 703 1495 756 hinc
1521 699 1695 772 (Joan.
1725 716 1834 765 xiv,
1881 700 1971 767 50,

406 797 517 870 3|).
549 797 746 861 Patior,
774 796 960 864 inquit,
992 795 1233 865 indiguus
1253 811 1346 863 pro
1371 794 1562 865 dignis,
1591 803 1649 846 ut
1668 809 1762 848 eos
1787 792 1974 862 dignos

406 888 592 944 faciam
622 888 723 941 vita
748 904 885 951 mea,
917 903 1013 957 pro
1041 888 1230 957 quibus
1272 887 1485 956 indigne
1529 886 1700 956 patior
1746 895 1969 940 mortem

405 981 637 1033 illormn.
697 979 828 1032 Huic
856 979 1032 1047 itaque
1063 978 1261 1031 nullum
1292 976 1504 1030 habenti
1535 986 1806 1045 peccatum
1846 975 1975 1029 dicit

364 1050 452 1123 ’in
500 1069 778 1138 praesentia
822 1068 1076 1137 propheta
1118 1066 1280 1122 David
1314 1085 1327 1120 :
1362 1066 1470 1119 Tibi
1513 1066 1609 1120 soli
1642 1057 1873 1135 peccaui,
1925 1076 1972 1119 et

400 1161 678 1229 malignum
719 1176 892 1213 coram
935 1168 1003 1212 tea
1021 1159 1118 1230 feci
1143 1174 1160 1212 :
1185 1168 1238 1212 ut
1248 1158 1547 1229 justiﬁceris
1577 1158 1629 1210 in
1667 1140 1972 1210 sermonibus

401 1256 520 1318 tuis,
566 1264 611 1307 et
640 1254 810 1307 vincas
848 1270 962 1305 cum
1012 1252 1281 1322 iudicaris.
1326 1251 1557 1320 Superas
1602 1251 1740 1303 enim
1785 1264 1971 1302 omnes

401 1345 662 1404 homines.
695 1344 1127 1413 omnesjudices,
1170 1352 1223 1395 et
1250 1343 1337 1413 qui
1364 1357 1423 1397 se
1457 1349 1601 1411 putat
1620 1342 1842 1411 justum,
1875 1356 1968 1395 co-

397 1451 511 1491 ram
538 1447 588 1491 te
630 1436 856 1505 injustus
896 1447 979 1489 est
1010 1454 1022 1487 :
1055 1445 1109 1489 ιιι
1139 1435 1283 1489 solus
1320 1434 1464 1500 juste
1502 1433 1729 1503 judicas,
1778 1433 1969 1503 injuste

395 1530 695 1598 judicatus,
744 1529 831 1598 qui
877 1534 1191 1597 potestatem
1249 1525 1412 1582 habes
1462 1525 1691 1596 ponendi
1737 1527 1965 1579 animam

399 1633 563 1687 tuam,
595 1631 649 1675 et
676 1629 989 1691 potestatein
1020 1620 1183 1675 habes
1206 1620 1394 1675 iterum
1421 1619 1663 1674 sumendi
1697 1634 1813 1674 eam
1854 1618 1963 1689 (Id.

399 1713 589 1783 3,18).
619 1712 798 1766 Vincis
836 1726 964 1780 ergo
1005 1727 1124 1766 cum
1164 1710 1435 1780 judicaris.
1481 1708 1680 1765 Omnes
1724 1709 1965 1765 homines

395 1820 633 1873 superas,
662 1804 782 1871 quia
816 1804 932 1873 plus
970 1817 1028 1857 cs
1054 1817 1209 1872 quam
1248 1802 1509 1866 homines,
1556 1811 1610 1855 et
1638 1814 1735 1870 per
1759 1809 1811 1856 te
1839 1799 1963 1855 facti

393 1906 525 1949 sunt,
544 1896 813 1950 homines.
1484 1955 1489 1959 ,

464 1985 550 2040 10.
584 1985 602 2056 [
628 2001 756 2038 vers.
787 1983 864 2057 7.]
903 1984 1018 2038 Tibi
1042 1984 1136 2037 soli
1165 1984 1383 2055 peccavi,
1416 1992 1464 2036 et
1495 1983 1771 2055 malignum
1795 1999 1963 2037 coram

390 2087 438 2130 te
475 2079 572 2147 feci
608 2092 627 2130 :
674 2088 725 2129 ut
760 2077 1055 2147 justificeris
1093 2076 1145 2129 in
1183 2075 1492 2130 sermonibus
1522 2076 1656 2140 tuis,
1707 2087 1753 2128 et
1793 2075 1962 2130 uincas

389 2183 503 2219 cum
535 2166 807 2236 judicuris.
861 2165 989 2219 Ecce
1039 2166 1170 2219 enim
1219 2165 1272 2219 in
1315 2166 1654 2236 iniquitatibus
1694 2176 1962 2236 conceptus

386 2275 522 2312 sum.
555 2259 825 2330 Tanquam
852 2259 1139 2325 diceretur,
1173 2258 1469 2313 Vincuntur
1497 2258 1572 2312 illi
1594 2259 1682 2329 qui
1724 2257 1961 2314 fecerunt

387 2348 527 2417 quod
580 2357 633 2403 et
679 2359 733 2403 tu
776 2349 946 2404 David
980 2366 992 2402 :
1023 2364 1128 2403 non
1172 2349 1314 2404 enim
1363 2349 1463 2403 hoc
1496 2365 1713 2419 parvum
1761 2350 1957 2403 tnalum

387 2455 715 2510 parvumque
763 2448 1059 2509 peccatum,
1102 2439 1424 2493 adulterium
1465 2450 1520 2493 et
1564 2439 1906 2494 homicidium
1940 2457 1954 2493 :

386 2530 511 2598 quid
534 2530 614 2585 illi
645 2530 735 2601 qui
762 2546 827 2584 ex
855 2545 960 2600 quo
987 2526 1095 2585 nali
1124 2538 1247 2585 sunt
1273 2530 1339 2586 de
1363 2538 1551 2586 ventre
1590 2531 1776 2585 matris
1821 2530 1953 2599 sua},

385 2620 513 2674 nihil
542 2622 642 2675 tale
669 2619 957 2676 fecerunt?
996 2621 1156 2675 etiam
1186 2621 1314 2690 ipsis
1362 2621 1589 2691 imputas
1629 2621 1802 2693 aliqua
1833 2637 1956 2691 pec-

382 2722 599 2779 cata,ut
623 2714 712 2768 ille
740 2729 925 2769 omnes
943 2715 1117 2768 vincat
1140 2730 1260 2768 cum
1295 2714 1760 2783 cmperitjudicari
1782 2716 1806 2768 ?
1828 2715 1955 2770 Sus-

383 2807 524 2875 cepit
565 2823 847 2877 personam
889 2808 1101 2880 generis
1157 2806 1375 2861 humani
1422 2807 1606 2872 David,
1637 2818 1690 2863 et
1731 2808 1956 2863 attendit

381 2887 619 2952 omnium
668 2898 894 2962 vincula,
942 2898 1288 2968 propaginem
1338 2899 1525 2954 mortis
1563 2899 1951 2964 consideravit,

381 2988 637 3057 originem
696 2988 984 3057 iniquitatis
1027 2988 1272 3054 advertit,
1312 2998 1367 3043 et
1411 2990 1519 3043 ait:
1551 2989 1684 3045 Ecce
1732 2992 1864 3044 enim
1900 2991 1953 3045 in

380 3079 722 3148 iniquitatibus
742 3089 1013 3145 conceptus
1036 3093 1169 3132 sum.
1211 3078 1475 3149 Numquid
1507 3080 1673 3135 David
1701 3080 1769 3135 de
1796 3081 1950 3136 adul-

383 3171 515 3226 terio
563 3177 717 3223 natus
750 3179 903 3245 erat,
957 3169 1212 3225 delesse
1259 3171 1372 3225 viro
1432 3172 1577 3241 justo
1624 3182 1679 3226 et
1729 3172 1952 3244 conjuge

380 3263 631 3338 ipsius(l
662 3265 790 3336 Reg.
841 3280 967 3326 xvt,
1019 3262 1167 3336 18)?
1230 3264 1365 3333 Quid
1395 3274 1478 3319 est
1522 3265 1662 3335 quod
1716 3282 1775 3322 se
1824 3268 1952 3322 dicit

381 3356 431 3409 in
473 3354 748 3425 iniquitate
787 3365 1134 3424 conceptum,
1189 3354 1288 3407 nisi
1325 3353 1447 3423 quia
1476 3355 1701 3409 trahitur
1753 3356 1949 3427 iniqui-

379 3457 459 3500 tas
500 3461 565 3502 ex
614 3443 1018 3500 Adam?Etiam
1045 3445 1061 3476 ⁸
1090 3445 1261 3513 ipsum
1310 3445 1576 3499 vinculum
1630 3446 1948 3502 mortiscum

377 3538 490 3609 ipsa
519 3536 793 3608 iniquitate
843 3545 1148 3591 concretum
1190 3544 1291 3591 est.
1336 3535 1504 3591 Nemo
1560 3538 1796 3591 nascitur
1843 3539 1944 3593 nisi

378 3634 596 3690 trahens
623 3646 833 3700 pansam
856 3672 872 3694 ,
906 3629 1121 3685 trahens
1149 3629 1396 3684 meritum
1427 3644 1614 3699 preme.
1656 3630 1790 3686 Dicit
1821 3632 1946 3685 etin

374 3725 479 3779 alio
508 3726 625 3779 loco
659 3722 921 3793 propheta
953 3740 967 3775 :
1000 3721 1165 3776 Nemo
1202 3724 1420 3775 mundus
1461 3722 1512 3776 in
1549 3733 1813 3792 conspectu
1840 3733 1944 3789 tuo,

376 3833 465 3871 nec
488 3817 658 3888 infans
698 3815 842 3885 cujus
872 3821 941 3868 est
969 3815 1119 3867 unius
1143 3812 1243 3866 diei
1284 3813 1384 3867 vita
1410 3829 1562 3883 super
1590 3823 1772 3867 terram
1816 3814 1946 3886 (Job

375 3923 484 3970 xiv,
515 3909 571 3973 4,
598 3923 697 3960 sec.
722 3905 889 3975 LXX)
910 3906 933 3957 ἵ
958 3904 1209 3959 Novimus
1228 3903 1368 3959 enim
1390 3914 1444 3959 et
1464 3903 1734 3973 Baptismo
1753 3903 1946 3960 Christi

373 3998 504 4050 solvi
532 4006 767 4064 peccata,
807 4004 861 4049 et
884 3994 1211 4064 Baptismum
1233 3991 1432 4048 Christi
1463 3993 1641 4047 valere
1666 3994 1731 4048 ad
1760 3998 1950 4049 remis-

373 4087 578 4141 sionem
607 4095 960 4155 peccatorum.
986 4086 1039 4140 Si
1058 4084 1284 4139 infantes
1299 4084 1443 4139 omni
1466 4084 1625 4139 modo
1641 4085 1949 4141 innocentes

374 4188 527 4242 stitit,
550 4192 646 4232 cur
674 4184 870 4230 matres
886 4175 952 4229 ad
979 4176 1270 4230 Ecclesiam
1292 4190 1412 4230 eum
1438 4175 1809 4245 languentibus
1836 4192 1950 4232 eur-

374 4281 495 4325 runt
516 4271 540 4323 ?
563 4267 699 4335 Quid
725 4267 817 4321 illo
842 4267 1111 4335 Baptismo
1131 4307 1145 4331 ,
1177 4267 1300 4336 quid
1330 4267 1414 4321 illa
1442 4269 1753 4323 remissione
1782 4269 1950 4323 dimit-

376 4362 548 4418 titur?
574 4361 914 4418 lnnocentem
941 4359 1107 4427 magis
1128 4359 1281 4412 video
1298 4358 1507 4413 flentem
1532 4375 1688 4430 quam
1710 4360 1947 4414 irascen-

375 4465 502 4511 tem.
546 4454 682 4524 Quid
723 4453 851 4508 eluit
896 4451 1231 4521 Baptismus?
1261 4452 1386 4522 quid
1430 4454 1586 4508 solvit
1614 4454 1700 4508 illa
1744 4455 1948 4524 gratia?

388 4551 612 4607 Solvitur
652 4564 884 4621 propago
904 4546 1126 4619 peccati.
1156 4545 1289 4613 Quia
1306 4546 1349 4599 si
1369 4546 1511 4615 loqui
1541 4547 1632 4601 tibi
1664 4547 1949 4617 possetille

376 4643 817 4710 inlans,dieeret;
844 4641 965 4696 etsi
1005 4640 1113 4709 jam
1164 4638 1486 4693 intellectum
1532 4638 1770 4705 haberet,
1788 4656 1945 4710 quem

377 4734 602 4803 habebat
633 4733 793 4789 David
816 4774 830 4797 ,
859 4729 1208 4800 responderet
1259 4729 1349 4782 tibi
1385 4746 1396 4779 :
1433 4728 1571 4795 Quid
1613 4745 1691 4781 me
1733 4730 1947 4783 attendis

376 4825 666 4887 infantem?
691 4824 804 4879 Non
830 4822 1042 4894 quidem
1074 4820 1220 4876 vides
1249 4818 1478 4874 facinora
1511 4834 1626 4872 mea
1661 4836 1674 4872 :
1717 4820 1808 4873 sed
1849 4838 1948 4889 ego

377 4919 428 4972 in
456 4916 731 4986 iniquitate
758 4900 1045 4985 conceptus
1073 4930 1212 4980 sum,
1248 4902 1312 4968 Et
1331 4913 1385 4966 in
1412 4913 1625 4983 peccatis
1655 4923 1811 4967 mater
1840 4931 1949 4968 mea

324 5005 340 5036 ἀ
378 5027 458 5064 me
480 5011 532 5063 in
563 5018 703 5062 utero
731 5010 874 5062 aluit.
910 5008 1107 5063 Practer
1126 5007 1234 5066 hoc
1271 5004 1536 5061 vinculum
1564 5006 1947 5075 concupiscen-

378 5103 463 5155 tia:
486 5100 715 5155 carnalis
742 5100 763 5131 ³
789 5108 944 5153 natus
969 5108 1050 5153 est
1078 5098 1319 5154 Christus
1338 5098 1452 5153 sine
1475 5098 1729 5161 masculo,
1760 5116 1823 5152 ex
1846 5100 1950 5152 vir-

376 5193 499 5258 giae
541 5189 876 5257 cotieipiente
904 5189 971 5243 de
998 5191 1196 5259 Spiritu
1225 5199 1430 5243 sancto.
1475 5189 1590 5244 Non
1636 5200 1805 5257 potest
1850 5194 1948 5246 iste

376 5285 480 5338 dici
509 5285 562 5335 in
599 5281 874 5350 iniquitate
897 5290 1216 5348 conceptus;
1246 5296 1349 5333 non
1378 5291 1550 5348 potest
1587 5281 1711 5346 dici,
1743 5280 1794 5334 lu
1824 5297 1949 5351 pec-

377 5375 509 5430 catis
537 5380 708 5427 mater
726 5369 841 5440 ejus
866 5370 918 5424 in
960 5379 1109 5424 utero
1131 5385 1252 5424 eum
1275 5371 1439 5438 aluit,
1470 5372 1553 5426 cui
1598 5372 1793 5426 dictum
1832 5384 1945 5429 est:

380 5468 605 5539 Spiritus
638 5474 842 5520 sanctus
881 5462 1191 5534 superveniet
1233 5462 1286 5515 iu
1334 5471 1398 5526 te,
1436 5474 1486 5516 et
1526 5464 1681 5518 virtus
1709 5463 1950 5520 Altissinu'

377 5560 687 5639 obumbrabit
717 5559 805 5613 tibi
830 5557 983 5630 (Luc.
1012 5572 1050 5625 ι,
1072 5557 1183 5628 55).
1213 5555 1330 5612 Non
1369 5572 1495 5627 ergo
1525 5557 1642 5611 ideo
1668 5559 1716 5612 in
1758 5560 1948 5630 iniqui-

441 5696 456 5718 ⁶
500 5670 680 5755 Aliquot
701 5699 826 5746 Mss.
853 5709 917 5745 err.
947 5695 1104 5745 utam.
1128 5708 1159 5742 η
1180 5705 1271 5741 ouo
1291 5692 1447 5755 ipsum
1467 5691 1722 5753 tinculum,
1747 5704 1843 5746 etc.

447 5757 467 5786 ³
504 5758 687 5808 Omnes
705 5767 857 5819 prope
883 5759 1017 5819 Mss,
1040 5765 1271 5817 mortalis.

1635 315 1691 369 S.
1733 306 2093 367 AUGUSTINI
2134 307 2432 366 EPISCOPI

3547 311 3654 365 ξίςιε

2083 428 2188 477 tate
2210 424 2577 494 concipiuntur
2618 426 2894 493 homines,
2927 436 2980 481 et
3009 427 3060 481 in
3090 426 3316 495 peccatis
3352 426 3402 479 in
3438 434 3588 479 utero
3616 416 3649 479 a

2081 516 2336 571 matribus
2357 517 2588 583 aluntur,
2616 520 2735 588 quia
2758 529 3032 591 peccatum
3055 529 3136 574 est
3168 520 3377 575 misceri
3411 520 3650 589 conjugi-

2080 606 2212 673 bus;
2239 608 2333 663 sed
2365 611 2483 680 quia
2516 611 2639 664 illud
2667 612 2805 681 quod
2830 594 2918 677 lit,
2966 613 3147 683 utique
3174 613 3231 665 lit
3254 611 3322 666 de
3353 627 3513 667 carne
3535 627 3652 680 pte.

2080 700 2205 754 nali.
2235 701 2395 756 Pinna
2418 703 2555 756 enim
2580 705 2756 758 carnis
2778 720 2921 759 mors
2940 714 3042 771 est,
3075 713 3131 759 et
3154 704 3335 774 utique
3374 703 3510 757 inest
3534 704 3647 773 ipsa

2078 792 2388 845 mortalitas.
2440 792 2586 848 Unde
2618 795 2895 862 Apostolus
2939 810 3042 849 non
3087 795 3401 849 moriturum
3454 808 3650 863 corpus

2077 882 2229 947 dixit,
2253 885 2345 938 sed
2373 895 2635 939 mortuum
2664 904 2676 939 :
2706 886 2897 955 Corpus
2917 887 3115 955 quidem
3143 896 3396 939 mortuum
3423 895 3524 948 est,
3558 886 3645 938 in-

2077 974 2209 1040 quit,
2241 984 2444 1044 propter
2469 985 2721 1044 peccatum
2743 993 2763 1042 ,'
2788 976 2996 1047 spiritus
3014 988 3178 1031 autent
3214 978 3313 1030 vita
3342 985 3413 1029 est
3443 986 3647 1047 propter

2065 1063 2317 1131 justitiam
2358 1066 2527 1133 (Rom.
2563 1082 2674 1130 VIII,
2700 1067 2812 1134 10).
2839 1068 3115 1135 Quomodo
3143 1083 3270 1139 ergo
3296 1069 3411 1123 sine
3438 1067 3649 1122 vinculo

2077 1155 2274 1220 peccati
2326 1157 2579 1220 nascitur,
2627 1157 2767 1227 quod
2808 1158 3104 1228 concipitur
3127 1160 3143 1191 ¹
3168 1167 3223 1213 et
3261 1159 3553 1213 seminatur
3575 1156 3648 1213 de

2074 1258 2297 1312 Cut‘ptlt‘e
2326 1258 2536 1299 mortuo
2565 1257 2780 1317 propter
2809 1258 3075 1317 peccatum
3095 1249 3120 1303 ?
3139 1248 3283 1318 Opus
3311 1249 3412 1303 hoc
3434 1256 3643 1303 castum

2076 1320 2123 1386 in
2146 1337 2370 1406 conjuge
2397 1353 2499 1390 non
2531 1338 2687 1393 habet
2714 1340 2921 1410 culpam
2947 1382 2963 1405 ,
2995 1340 3088 1395 sed
3126 1341 3275 1410 origo
3310 1341 3509 1409 peccati
3533 1349 3647 1394 tra-

2075 1423 2151 1478 hit
2174 1441 2354 1481 secum
2384 1428 2614 1484 debitam
2648 1447 2876 1501 puanam.
2904 1432 3019 1487 Non
3048 1433 3190 1488 enim
3219 1433 3440 1488 maritus
3464 1474 3477 1497 ,
3517 1432 3644 1503 quia

2073 1518 2293 1573 maritus
2333 1529 2436 1586 est,
2466 1524 2710 1578 mortalis
2745 1541 2847 1578 non
2878 1535 2994 1591 est,
3023 1535 3112 1579 aut
3144 1523 3355 1579 aliunde
3382 1525 3479 1579 nisi
3515 1540 3644 1593 pec-

2071 1618 2190 1662 cato
2218 1612 2457 1667 mortalis
2504 1624 2605 1670 est.
2649 1615 2778 1670 Erat
2807 1608 2946 1670 enim
2978 1627 3032 1671 et
3077 1616 3330 1671 Dominus
3377 1617 3641 1680 mortalis,

2069 1699 2162 1754 sed
2207 1716 2314 1756 non
2339 1701 2406 1757 de
2449 1713 2707 1773 peccato:
2738 1708 2969 1777 suscepit
3010 1722 3216 1775 limnam
3263 1717 3534 1769 nostram,
3584 1717 3642 1760 et

2068 1791 2189 1846 ideo
2234 1792 2393 1847 solvit
2432 1796 2641 1865 culpam
2680 1809 2935 1853 nostram.
2972 1798 3161 1852 Merito
3191 1813 3319 1867 ergo
3366 1799 3416 1858 in
3468 1796 3640 1851 Adam

2066 1886 2601 1954 omnesmttriuntur,
2642 1889 2692 1944 in
2738 1888 2951 1945 Christo
2980 1900 3155 1944 autem
3189 1905 3375 1945 omnes
3408 1890 3643 1943 vivifica-

2065 1972 2265 2031 buntur
2294 1975 2339 2046 (l
2368 1976 2486 2032 Cor.
2516 1993 2613 2044 xv,
2640 1978 2757 2050 22).
2792 1980 2892 2056 Per
2919 1998 3077 2033 unum
3099 1981 3348 2035 hominem
3371 1980 3533 2046 enim,
3561 1980 3641 2034 ait

2064 2064 2376 2145 Apostolus,
2408 2081 2662 2140 peccatum
2688 2072 2739 2125 in
2765 2073 2896 2126 hunc
2924 2074 3169 2126 mundum
3196 2073 3397 2126 intrarit
3418 2112 3433 2137 ,
3464 2083 3512 2125 et
3541 2088 3633 2149 per

2064 2170 2499 2238 peccatummors,
2529 2173 2575 2217 et
2615 2165 2686 2217 ita
2714 2165 2765 2218 in
2794 2181 2962 2219 omnes
2993 2165 3217 2218 homines
3248 2165 3557 2232 pertransiit,
3582 2164 3637 2217 in

2063 2265 2160 2317 quo
2184 2267 2356 2306 omnes
2377 2265 2704 2320 peccauerunt
2735 2253 2906 2324 (liam.
2934 2271 2988 2320 v,
3020 2256 3130 2325 12).
3159 2255 3380 2309 Definita
3405 2263 3486 2309 est
3511 2270 3636 2309 sen-

2065 2342 2225 2398 tentia
2252 2362 2264 2397 :
2296 2345 2350 2399 In
2389 2346 2579 2411 Adam,
2609 2348 2817 2416 inquit,
2865 2364 3052 2403 omnes
3080 2359 3451 2419 peccaverunt.
3479 2349 3637 2403 Solus

2061 2451 2180 2492 esse
2209 2437 2463 2494 innocens
2508 2438 2679 2495 infans
2727 2445 2936 2511 potuit,
2990 2443 3078 2512 qui
3110 2443 3177 2497 de
3226 2459 3388 2512 opere
3415 2447 3435 2475 ⁸
3462 2444 3633 2497 Adam

2061 2544 2167 2583 non
2196 2540 2350 2586 natus
2374 2540 2475 2587 est.

2131 2622 2216 2677 Η.
2248 2622 2397 2696 [vers.
2443 2624 2520 2698 8.]
2548 2624 2678 2680 Ecce
2722 2627 2850 2681 enim
2876 2628 3126 2682 veritatem
3151 2630 3371 2684 dilexisti
3396 2631 3631 2686 :incerta

2059 2721 2105 2767 et
2124 2716 2318 2769 occulta
2336 2716 2593 2787 sapientia:
2618 2728 2717 2772 tua:
2744 2702 3078 2790 manifestasti
3101 2724 3242 2776 mihi.
3269 2722 3530 2778 Veritatem
3551 2727 3633 2797 di-

2059 2806 2225 2860 lexisti
2253 2822 2273 2861 :
2298 2808 2348 2862 id
2369 2817 2484 2877 est,
2516 2808 2769 2881 impunita
2798 2821 3008 2882 peccata
3045 2812 3204 2867 etiam
3226 2830 3409 2869 eorum
3440 2817 3632 2886 quibus

2059 2896 2307 2967 ignoscis,
2362 2915 2466 2955 non
2511 2902 2788 2972 reliquisti.
2823 2901 3095 2958 Veritatem
3124 2902 3398 2962 dilexisti:
3423 2907 3500 2962 sic
3528 2902 3632 2962 mi-
3678 2944 3683 2947 -

2057 2988 2401 3045 sericordiam
2449 2993 2788 3062 prterogasti,
2838 3003 2897 3048 ut
2939 3008 3184 3050 servares
3223 3005 3278 3051 et
3327 2998 3627 3053 veritatem.

2058 3068 2291 3148 Ignoscis
2315 3082 2610 3146 confitenti,
2654 3083 2883 3154 ignoscis
2902 3125 2918 3149 ,
2968 3085 3060 3140 sed
3087 3086 3318 3156 seipsum
3349 3089 3586 3156 punienti
3611 3107 3625 3143 :

2055 3168 2127 3224 ita
2169 3181 2415 3226 servatur
2451 3172 2811 3228 misericordia
2851 3183 2905 3230 et
2949 3176 3176 3243 veritas;
3226 3177 3584 3237 misericordia
3608 3221 3623 3246 ,

2055 3262 2175 3331 quia
2208 3263 2367 3318 homo
2397 3264 2667 3331 liberatur;
2695 3265 2916 3333 veritas,
2940 3268 3061 3338 quia
3090 3278 3363 3338 peccatum
3392 3272 3625 3341 punitur.

2055 3353 2190 3409 Ecce
2217 3357 2349 3409 enim
2377 3357 2635 3411 veritatem
2678 3359 2899 3414 dilexisti
2929 3376 2948 3414 :
2977 3361 3167 3415 incerta
3204 3372 3252 3415 et
3292 3366 3489 3417 occulta
3536 3381 3624 3418 sa-

2056 3444 2257 3513 pientia:
2303 3457 2402 3500 tua:
2438 3448 2772 3517 tnanifestasti
2811 3450 2954 3505 mihi.
2982 3451 3111 3517 Qua:
3139 3452 3370 3506 occulta?
3397 3469 3519 3523 qua:
3543 3454 3627 3507 in-

2053 3538 2229 3592 certa?
2252 3537 2384 3604 Quia
2414 3538 2551 3595 Deus
2578 3541 2803 3611 ignoscit
2829 3550 2883 3596 et
2909 3541 3119 3597 talibus.
3146 3542 3285 3597 Nihil
3308 3552 3413 3597 tam
3442 3546 3628 3600 occul-

2054 3636 2186 3693 tum,
2211 3628 2341 3682 nihil
2369 3639 2474 3684 tam
2503 3630 2782 3686 incertum.
2825 3632 2904 3685 Ad
2950 3631 3049 3688 hoc
3084 3633 3343 3689 incertum
3381 3634 3627 3690 Ninivita:

2054 3719 2418 3788 pmnitentiam
2463 3729 2704 3791 egerunt.
2738 3704 2994 3777 Dixerunt
3033 3724 3172 3779 enim
3193 3765 3208 3787 ,
3239 3727 3483 3794 quamvis
3509 3737 3630 3795 post

2054 3812 2223 3866 minas
2253 3812 2524 3882 prophet:e
2543 3855 2558 3878 ,
2589 3815 2829 3885 quamvis
2854 3826 2973 3885 post
3000 3816 3140 3870 illam
3164 3833 3345 3872 vocem
3365 3860 3381 3884 ,
3411 3818 3626 3887 Triduo,

2053 3913 2100 3956 et
2127 3903 2314 3958 Ninive
2361 3904 2669 3985 subvertetur
2696 3921 2715 3961 :
2743 3905 2988 3962 dixerunt
3031 3909 3169 3978 apud
3214 3925 3305 3977 se,
3344 3913 3627 3980 petendam

2052 4012 2172 4053 esse
2197 3998 2612 4055 misericordiam
2646 4000 2938 4055 :dixerunt
2964 4004 3033 4055 ita
3069 4002 3206 4072 apud
3237 4019 3296 4058 se
3325 4004 3629 4074 disceptan-

2055 4100 2160 4157 tes,
2195 4093 2319 4159 Quis
2360 4094 2523 4158 novit,
2569 4094 2615 4147 si
2654 4091 2798 4147 Deus
2834 4094 3005 4163 flectat
3032 4095 3084 4149 in
3114 4096 3289 4149 melius
3327 4100 3626 4152 sententiam

2052 4202 2216 4249 suam,
2247 4197 2295 4240 et
2336 4187 2596 4240 miseretur
2615 4187 2641 4240 7
2666 4186 2925 4241 incertum
2958 4196 3092 4253 erat,
3118 4204 3237 4242 eum
3260 4188 3472 4251 dicitur,
3499 4191 3634 4255 Quis

2053 4278 2207 4331 novit.
2239 4279 2312 4331 De
2352 4278 2553 4333 incerto
2577 4276 2941 4346 ptenitentiam
2971 4287 3212 4349 egerunt,
3238 4289 3440 4334 certam
3468 4282 3626 4336 mise-

2054 4368 2334 4423 ricordiam
2366 4379 2677 4423 meruerunt
2707 4387 2720 4421 :
2748 4378 3147 4438 prostraverunt
3166 4384 3225 4424 se
3251 4370 3303 4425 in
3333 4370 3584 4443 lacrymis
3607 4413 3623 4434 .

2052 4461 2104 4515 in
2146 4458 2362 4530 jejuniis
2384 4500 2400 4526 ,
2433 4460 2483 4513 in
2523 4459 2701 4514 cilicio
2729 4468 2783 4515 et
2815 4458 2868 4514 in
2899 4461 3079 4515 cinere
3104 4442 3505 4529 prostraverunt
3528 4477 3588 4517 se
3609 4505 3625 4525 ,

2052 4560 2386 4622 gemuerunt,
2416 4549 2673 4605 fleverunt
2696 4590 2710 4615 ,
2741 4551 2977 4621 pepercit
3006 4551 3142 4606 Deus
3172 4550 3316 4624 (Ion.
3345 4570 3425 4620 ιιι,
3448 4554 3627 4626 ι-ιο).

2055 4643 2212 4699 Stetit
2256 4642 2462 4707 Ninive,
2512 4658 2578 4696 an
2608 4656 2791 4695 eversa
2818 4652 2902 4696 est
2941 4641 3171 4697 Ninive?
3200 4642 3371 4698 Aliter
3413 4644 3627 4714 quidem

2054 4734 2261 4787 videtur
2301 4732 2601 4787 hominibus
2627 4774 2640 4798 ,
2695 4744 2749 4787 et
2789 4732 2942 4787 aliter
2972 4734 3140 4788 visum
3185 4745 3264 4789 est
3306 4736 3416 4790 Deo
3442 4737 3482 4790 ⁸.
3516 4737 3629 4806 Ego

2054 4837 2227 4880 autem
2255 4809 2688 4892 puto'itnpletum
2722 4823 2883 4879 fuisse
2912 4810 3333 4895 quodpropbeta
3364 4827 3629 4897 praedixe-

2056 4930 2153 4973 rat.
2186 4918 2538 4986 liespieequre
2566 4916 2664 4971 fuit
2690 4917 2898 4983 Ninive,
2923 4927 2975 4972 et
3003 4918 3122 4973 vide
3150 4920 3272 4988 quia
3294 4936 3478 4975 eversa
3509 4932 3587 4975 est
3613 4964 3627 4987 ,

2055 5026 2236 5065 eversa
2270 5010 2321 5063 in
2351 5009 2510 5072 malo,
2538 5008 2795 5063 aedificata
2814 5009 2864 5063 in
2895 5010 3032 5063 bono
3057 5027 3069 5062 :
3098 5010 3474 5066 sicuteversus
3495 5011 3632 5067 Sau-

2056 5104 2137 5158 lus
2181 5113 2505 5172 persccutor,
2545 5101 2835 5156 a'dilieatus
2883 5101 3078 5156 Paulus
3132 5103 3448 5172 prmdicator
3493 5106 3628 5178 (Act.

2056 5214 2130 5263 ix,
2155 5195 2233 5266 4).
2255 5196 2386 5261 Quis
2412 5211 2512 5247 non
2549 5195 2741 5249 diceret
2761 5194 3026 5249 civitatem
3059 5196 3231 5261 istam,
3263 5195 3315 5248 in
3355 5212 3456 5263 qua
3490 5212 3633 5250 nunc

2056 5303 2256 5351 smnus,
2295 5286 2517 5340 feliciter
2538 5300 2799 5351 eversam,
2828 5286 2874 5339 si
2903 5301 3089 5340 omnes
3120 5285 3193 5339 illi
3231 5286 3435 5351 insani,
3476 5290 3631 5356 nugis

2055 5382 2165 5436 suis
2191 5380 2436 5444 desertis,
2480 5377 2545 5432 ad
2571 5379 2845 5434 ecclesiam
2872 5389 3188 5448 compuncto
3214 5379 3374 5433 corde
3402 5393 3630 5434 concur-

2055 5483 2253 5540 recent,
2270 5473 2360 5527 Dei
2388 5471 2801 5526 misericordiam
2832 5472 2898 5527 de
2920 5474 3030 5525 suis
3062 5471 3211 5526 factis
3241 5472 3520 5540 prazteritis
3552 5472 3630 5527 in-

2118 5631 2136 5663 ⁸
2169 5629 2335 5697 Plures
2354 5626 2585 5697 assumi
2604 5626 2917 5697 concernitnr.
2942 5626 3040 5697 alii,
3065 5627 3149 5686 qui
3165 5627 3440 5678 emacrescit.

2112 5697 2142 5726 ⁸
2173 5692 2300 5748 ωδ..
2324 5702 2464 5754 opere
2484 5690 2535 5739 in
2558 5691 2727 5738 xdarn.
2754 5691 2912 5748 Abest,
2936 5690 3000 5748 in,
3028 5701 3055 5738 a
3073 5700 3173 5739 MSS.

2123 5758 2144 5789 ³
2174 5766 2286 5806 Vos.
2314 5763 2421 5805 Deo.
2445 5754 2582 5799 abest
2603 5764 2630 5798 ιι
2656 5760 2758 5799 Mss.
