4004 6200
373 391 480 448 595

376 505 666 559 vocarent?
695 505 881 560 Nonne
909 505 1204 558 diceremus
1231 520 1243 555 :
1272 499 1369 556 Ubi
1401 507 1498 553 est.
1527 497 1610 550 illa
1637 494 1898 562 Carthago
1923 493 1946 546 ?

373 595 506 661 Quia
538 612 642 648 non
669 606 750 650 est
779 595 917 665 quod
945 604 1058 648 erat
1078 635 1090 656 ,
1119 608 1301 647 eversa
1328 601 1410 645 est
1442 607 1453 641 :
1482 588 1572 642 sed
1601 587 1644 641 si
1675 595 1774 651 est,
1805 582 1944 654 quod

377 703 481 738 non
501 697 634 750 erat,
661 687 913 740 :rdilicata
935 697 1033 738 est.
1063 686 1132 737 lla
1149 680 1602 736 diciturJeremize
1630 695 1642 730 :
1669 677 1799 730 Ecce
1818 676 1947 728 dabo

378 776 464 829 tibi
493 777 766 840 eradicare,
797 775 1067 842 su/fodere,
1098 785 1331 838 evertere,
1357 771 1662 841 disperdere,
1699 777 1744 822 et
1773 784 1947 822 rursus

375 871 651 936 wdiﬁrare,
686 879 733 920 et
761 870 989 936 plantare
1017 867 1228 936 (Jerem.
1260 882 1297 929 ι,
1328 865 1437 930 10).
1466 862 1589 916 Inde
1619 869 1702 915 est
1728 875 1826 912 vox
1859 858 1946 910 illa

377 963 587 1017 Domini
621 982 633 1014 :
667 961 778 1032 Ego
807 964 1100 1033 percutiam,
1128 971 1172 1014 et
1193 976 1281 1030 ego
1316 956 1502 1012 sonabo
1539 953 1721 1027 (Deut.
1751 967 1902 1005 χχχιι
1931 991 1947 1015 ,

375 1055 492 1121 59).
547 1055 778 1108 Perculit
830 1053 1158 1122 putredinem
1201 1049 1480 1114 facinoris,
1515 1057 1664 1100 sanat
1707 1044 1946 1097 dolorem

377 1145 626 1199 vulneris.
663 1143 882 1198 Faciunt
914 1142 1100 1198 medici
1126 1158 1245 1196 cum
1291 1149 1474 1194 secant
1497 1180 1510 1201 ,
1558 1135 1858 1207 percutiunt
1896 1141 1950 1186 et

377 1246 606 1298 sanant;
637 1245 846 1288 armant
874 1249 932 1287 se
961 1242 1019 1287 ut
1055 1232 1283 1295 feriant,
1319 1233 1521 1284 l'errum‘
1542 1239 1747 1300 gestant
1776 1235 1829 1280 et
1856 1240 1948 1280 cu-

379 1342 496 1379 rare
530 1325 766 1379 veniunt.
797 1322 900 1379 Sed
932 1324 1052 1393 quia
1093 1331 1305 1391 peccata
1332 1335 1518 1389 magna
1561 1327 1712 1374 erant
1743 1316 1946 1370 Ninivi-

378 1428 571 1478 tarum,
605 1413 872 1468 dixerunt.
907 1413 1031 1480 Quis
1052 1413 1183 1466 novit
1205 1413 1229 1465 ?
1255 1411 1366 1465 Hoc
1396 1411 1654 1464 incertum
1685 1407 1948 1478 patefece-

378 1516 460 1560 rat
487 1507 625 1559 Deus
650 1519 804 1559 servo
831 1518 927 1557 suo
950 1503 1132 1557 David.
1165 1500 1297 1556 Cum
1325 1501 1464 1555 enim
1495 1500 1739 1560 dixisset,
1775 1507 1948 1551 stante

377 1605 432 1648 et
457 1604 709 1664 urguente
746 1610 804 1648 se
854 1593 1136 1664 Propheta,
1192 1591 1402 1646 Peccavi
1437 1608 1455 1644 :
1499 1591 1672 1644 statim
1697 1581 1947 1642 audivita

378 1685 665 1752 Propheta,
697 1683 748 1737 id
775 1691 856 1738 est
881 1698 911 1736 a
937 1681 1134 1752 Spiritu
1163 1683 1257 1736 Dei
1295 1681 1382 1750 qui
1413 1689 1528 1734 erat
1559 1681 1610 1732 in
1645 1677 1901 1748 Propheta
1930 1717 1945 1742 ,

384 1774 660 1828 Dimissum
684 1784 756 1828 est
791 1774 879 1827 tibi
904 1782 1158 1844 peccatum
1193 1782 1335 1825 tuum
1362 1772 1425 1840 (ll
1457 1771 1580 1842 Reg.
1602 1787 1701 1831 xu,
1735 1770 1842 1839 1'5).
1875 1767 1949 1820 lu-

379 1877 523 1921 certa
549 1875 604 1918 et
629 1864 833 1919 occulta
857 1853 1137 1933 sapientiae
1154 1877 1264 1917 sua:
1294 1861 1648 1916 manifestavit
1667 1860 1732 1914 ei.

449 1959 533 2012 19..
562 1955 713 2030 [vers.
744 1956 824 2029 9.]
859 1957 1104 2028 Asperges
1125 1973 1220 2019 me,
1252 1956 1442 2025 inquit,
1475 1955 1713 2024 hyssopo,
1735 1963 1777 2006 et
1806 1969 1949 2005 mun-

376 2051 553 2104 dabor.
609 2050 907 2120 llyssopum
939 2049 1157 2102 herbam
1215 2049 1457 2102 novimus
1513 2047 1807 2109 humilem,
1855 2045 1947 2099 sed

378 2143 744 2197 medicinalem
781 2161 793 2195 :
822 2157 951 2196 saxo
976 2142 1177 2196 haerere
1199 2141 1464 2194 radicibus
1483 2140 1694 2194 dicitur.
1727 2139 1851 2194 lude
1897 2140 1948 2192 in

378 2237 634 2306 mysterio
663 2235 948 2289 mundandi
987 2233 1162 2288 Cordis
1210 2234 1498 2288 similitudo
1542 2242 1812 2302 assumpta
1844 2243 1943 2287 est.

380 2325 729 2395 Apprelteude
771 2336 824 2379 et
855 2334 908 2379 tu
931 2325 1159 2379 radicem
1185 2324 1482 2378 dilectionis
1524 2337 1725 2392 petram
1764 2335 1902 2377 tuam
1931 2344 1944 2378 :
1977 2319 1989 2332 ’

377 2431 492 2472 esto
509 2419 723 2472 humilis
750 2418 803 2471 in
836 2417 1021 2471 humili
1045 2418 1153 2471 Deo
1179 2425 1285 2482 tuo,
1318 2426 1372 2470 ut
1393 2419 1466 2471 sis
1492 2419 1738 2472 excelsus
1766 2418 1816 2471 in
1833 2418 1950 2487 glo-

379 2510 582 2562 rilicato
606 2509 710 2561 Deo
743 2517 849 2561 tuo.
884 2508 1192 2577 Aspergeris
1214 2507 1464 2578 hyssopo,
1493 2507 1763 2562 humilitas
1787 2508 1948 2563 Chri-

377 2602 443 2652 sti
473 2609 522 2653 te
564 2598 853 2652 tnuudabit.
886 2597 1002 2651 Noli
1027 2598 1242 2652 herbam
1269 2610 1611 2653 contemnere
1640 2641 1655 2663 ,
1690 2598 1798 2652 vim
1829 2615 1946 2654 meo

377 2691 656 2744 dicamcnt'i
689 2689 920 2744 attende.
951 2689 1158 2758 Aliquid
1195 2691 1352 2743 etiam
1383 2691 1554 2743 dit-am
1597 2690 1737 2760 quod
1774 2706 1804 2743 a
1833 2706 1947 2745 me-

375 2783 508 2835 dicis
544 2783 777 2839 solemus
820 2780 1037 2847 audire,
1069 2781 1148 2835 vel
1197 2781 1422 2850 experiri
1456 2783 1504 2834 in
1549 2783 1776 2852 :egrotis;
1812 2781 1950 2853 Hys-

373 2888 561 2940 Sopum
592 2871 774 2948 dicunt
803 2871 1086 2940 purgandis
1129 2871 1463 2939 pulmonibus
1499 2863 1678 2942 aptum
1705 2889 1839 2928 esse.
1889 2872 1946 2927 ln

373 2965 623 3030 pulmone
666 2963 802 3016 snlet
832 2962 1001 3015 notari
1031 2961 1274 3030 superbia
1309 2979 1322 3015 :
1369 2963 1472 3015 illic
1525 2964 1665 3016 enitn
1699 2963 1946 3032 inflatio,

372 3053 483 3106 illic
538 3052 822 3105 anhelitus.
891 3051 1170 3106 Dicebatur
1235 3051 1302 3107 de
1357 3051 1516 3108 Saula
1564 3065 1943 3121 persecutore,

373 3152 622 3212 tanquam
674 3143 739 3196 de
780 3142 941 3197 Saulo
971 3142 1231 3211 superbo,
1278 3142 1417 3212 quod
1461 3143 1568 3197 ibat
1618 3144 1681 3197 ad
1710 3144 1944 3199 vincien-

376 3235 472 3288 dos
524 3235 851 3293 Christianos
897 3234 1106 3302 spirans
1151 3234 1347 3289 caedem
1397 3224 1532 3300 (Act.
1559 3252 1631 3300 tx,
1659 3237 1746 3304 1):
1778 3236 1947 3291 anhe-

377 3324 520 3376 labat
564 3324 776 3387 ca'des,
831 3323 1111 3378 anhelabat
1165 3325 1496 3394 sanguinem,
1543 3327 1778 3380 nondum
1831 3345 1946 3394 pur-

369 3427 493 3486 gato
521 3417 784 3485 pulmone.
818 3415 952 3468 Audi
980 3424 1033 3469 et
1057 3415 1140 3468 hic
1167 3415 1528 3480 humiliatum,
1557 3418 1679 3486 quia
1713 3418 1944 3489 hySsOpo

372 3518 650 3577 purgatum
683 3524 694 3560 :
723 3508 968 3578 Asperges
996 3524 1074 3560 me
1101 3507 1338 3577 hyssopo,
1385 3519 1430 3560 et
1457 3508 1773 3572 mundabor;
1808 3510 1945 3562 lava-

377 3600 454 3652 bis
481 3615 576 3659 me,
611 3598 660 3651 id
690 3605 792 3662 est,
824 3597 1100 3652 tttundabis
1139 3613 1224 3652 me
1251 3607 1332 3652 :et
1368 3615 1520 3667 super
1546 3599 1706 3652 nivem
1732 3601 1938 3652 dealba-

371 3693 482 3744 bor.
518 3688 628 3743 Etsi
669 3691 889 3761 fuerint,
938 3689 1140 3758 inquit,
1181 3700 1385 3758 peccata
1409 3699 1570 3742 vestra
1599 3691 1726 3742 sicut
1746 3690 1943 3756 phonti-

370 3783 528 3846 cium,
557 3794 792 3848 tanquam
816 3783 976 3833 nivem
1005 3780 1243 3833 dealbabo
1273 3779 1421 3852 (Isai.
1451 3797 1487 3844 ι,
1522 3779 1629 3850 18).
1658 3781 1729 3834 De
1752 3781 1946 3833 talibus

371 3875 474 3928 sibi
514 3875 725 3929 exhibe‘
780 3873 1021 3926 Christus
1068 3881 1269 3925 vestem
1321 3873 1435 3925 sine
1478 3873 1682 3925 macula
1713 3880 1767 3924 et
1813 3888 1942 3940 ruga

373 3963 590 4034 (Ephes.
619 3981 671 4027 ν,
700 3964 809 4034 9.7).
863 3962 1091 4016 Proinde
1134 3963 1297 4016 vestis
1323 3963 1438 4028 ejus
1468 3962 1519 4015 in
1567 3973 1745 4015 monte
1767 4003 1780 4024 ,
1828 3977 1945 4031 qua:

375 4065 625 4125 tauquam
650 4055 737 4107 nix
769 4054 1010 4108 dealbata
1055 4052 1250 4106 effulsit
1277 4052 1485 4124 (Matth.
1513 4069 1643 4115 xvu,
1673 4053 1754 4122 2),
1787 4053 1948 4123 signi-

377 4149 551 4202 liCavit
583 4147 872 4200 Ecclcs‘iam
905 4146 1045 4198 omni
1079 4145 1282 4198 macula
1315 4144 1514 4214 peccati
1546 4144 1871 4199 mandatam.

450 4239 533 4291 15.
562 4236 708 4308 [vers.
743 4235 854 4308 10.]
883 4236 985 4290 Sed
1009 4237 1092 4289 ubi
1124 4236 1389 4288 humilitas
1414 4252 1475 4288 ex
1509 4235 1742 4306 hyssopo
1763 4235 1786 4288 ?
1809 4237 1944 4290 Audi

376 4328 652 4396 sequentia
680 4347 693 4383 :
718 4328 920 4379 Auditui
941 4344 1047 4379 meo
1072 4328 1213 4380 dabis
1239 4327 1615 4380 exsultationem
1634 4337 1680 4379 et
1699 4325 1942 4391 lwtitiam,

374 4430 422 4472 et
446 4419 740 4472 exultabant
761 4435 873 4470 ossa
899 4418 1177 4471 Immiliata.
1201 4417 1406 4470 Auditui
1428 4435 1555 4481 meo,
1588 4418 1774 4485 inquit,
1804 4419 1946 4472 dabis

374 4485 760 4563 exsultationem
793 4517 836 4559 et
866 4507 1132 4559 ltetitiam:
1161 4507 1400 4576 gaudebo
1437 4507 1700 4561 audiendo
1733 4518 1801 4572 te,
1841 4525 1946 4562 non

377 4600 642 4670 loquendo
672 4609 850 4652 contra
879 4608 947 4652 te.
993 4600 1221 4653 Peccasti
1241 4640 1257 4663 ,
1288 4599 1409 4667 quid
1437 4599 1674 4652 defendis
1713 4598 1805 4653 te?
1854 4600 1949 4653 Lo-

375 4697 463 4763 qui
491 4694 572 4747 vis
605 4712 616 4746 :
652 4700 856 4762 patere,
882 4691 1002 4744 audi
1031 4733 1045 4754 ,
1085 4691 1213 4745 cede
1238 4690 1429 4744 divinis
1457 4690 1702 4752 vocibus,
1737 4706 1802 4744 ne
1831 4708 1949 4760 per—

380 4785 609 4840 turberis
638 4794 692 4838 et
720 4784 945 4853 amplius
971 4784 1266 4838 vulnereris
1299 4801 1310 4835 :
1341 4781 1685 4836 commissum
1716 4792 1816 4848 est,
1844 4799 1945 4836 non

375 4877 710 4935 defendatur:
741 4877 792 4929 iu
819 4875 1217 4929 confessionem
1235 4875 1411 4928 veniat
1436 4915 1449 4937 ,
1483 4890 1584 4926 non
1605 4874 1655 4926 in
1682 4873 1948 4928 defensio-

377 4987 519 5024 nem.
553 4968 787 5022 Adhibes
814 4978 866 5021 te
914 4965 1247 5020 defensorem
1297 4964 1498 5033 peccati
1527 4963 1598 5015 tui
1626 5005 1639 5025 ,
1682 4965 1944 5019 vinceris:

380 5078 481 5121 non
514 5061 850 5113 innocentem
891 5066 1168 5127 patronum
1217 5054 1537 5119 adhibuisti,
1571 5071 1674 5108 non
1725 5066 1805 5109 est
1857 5056 1946 5110 tibi

380 5153 522 5206 utilis
551 5149 794 5204 defensio
823 5157 930 5202 tua.
963 5147 1092 5213 Quis
1139 5161 1197 5198 es
1245 5147 1384 5200 enim
1416 5146 1502 5214 qui
1557 5155 1606 5198 te
1655 5145 1948 5201 defendas?

383 5245 607 5298 ldoneus
633 5259 691 5296 es
721 5251 775 5294 tu
796 5240 862 5294 ad
884 5239 1237 5294 accusandmn
1269 5248 1338 5292 te.
1362 5237 1482 5292 Noli
1509 5231 1705 5301 dicere,
1737 5252 1844 5305 aut,
1868 5240 1950 5294 Ni-

381 5338 450 5390 hil
478 5337 611 5398 feci;
660 5343 780 5396 aut,
811 5332 944 5399 Quid
988 5346 1232 5402 magnum
1267 5329 1401 5393 feci;
1433 5341 1522 5383 aut
1547 5371 1560 5391 ,
1607 5331 1867 5384 Fecerunt
1897 5342 1950 5386 et

379 5430 487 5482 alii.
519 5429 575 5483 Si
603 5425 841 5480 faciendo
865 5431 1135 5490 peccatum
1161 5422 1287 5474 nihil
1327 5431 1376 5475 te
1403 5422 1535 5474 dicis
1558 5421 1750 5475 fecisse
1771 5463 1786 5486 ,
1820 5421 1950 5475 nihil

380 5524 506 5584 eris,
551 5521 681 5575 nihil
708 5520 965 5587 accipies;
998 5529 1206 5585 paratus
1234 5527 1316 5572 cst
1345 5518 1484 5570 Deus
1513 5516 1643 5570 dare
1674 5515 1950 5585 indulgen-

386 5613 532 5675 tiam,
553 5611 756 5664 claudis
781 5619 962 5662 contra
988 5616 1072 5671 te;
1104 5607 1192 5661 ille
1214 5618 1425 5677 paratus
1447 5617 1527 5663 est
1549 5607 1697 5672 dare,
1721 5607 1828 5659 noli
1858 5622 1954 5676 op-

385 5717 582 5771 ponere
610 5704 816 5756 obicem
848 5700 1176 5754 defeusiouis
1200 5742 1215 5765 ,
1248 5700 1341 5756 sed
1372 5701 1514 5769 aperi
1541 5701 1714 5754 sinum
1739 5698 1951 5753 confes-

388 5794 575 5848 siouis.
608 5793 815 5846 Auditur"
866 5797 974 5846 meo
1026 5791 1169 5846 dabis
1197 5792 1576 5846 exsultationem
1605 5798 1652 5845 ct
1700 5791 1944 5846 lwtittam.

1533 376 1922 438 manuario
1961 375 2025 429 IN
2065 337 2380 432 Pssuma
2420 379 2478 433 L.
3356 396 3360 399 -
3519 385 3620 440 δίη

2061 489 2175 558 lpse
2199 491 2359 545 donet
2383 501 2441 546 ut
2463 493 2636 547 dicam
2677 495 2814 563 quod
2843 496 3028 548 sentio.
3065 495 3350 551 Feliciores
3377 507 3498 553 sunt
3527 501 3616 566 qui

2054 581 2293 645 audiunt,
2325 598 2480 650 quam
2513 584 2599 652 qui
2651 585 2957 652 loquuntur.
2981 587 3080 652 Qui
3130 586 3270 642 enim
3305 589 3481 649 discit.
3517 591 3615 643 hu—

2053 670 2194 723 milis
2219 679 2300 723 est
2319 689 2335 722 ι
2367 673 2453 740 qui
2483 683 2657 725 autent
2685 673 2859 738 docet,
2894 676 3097 731 laborat
3121 688 3178 731 ut
3197 696 3299 731 non
3327 681 3396 732 sit
3425 697 3614 750 super-

2055 759 2154 814 lnts
2177 801 2191 821 ,
2245 776 2310 815 ne
2339 762 2474 815 male
2503 763 2738 832 placendi
2768 766 2987 821 affectus
3034 768 3249 836 irrepat,
3279 784 3344 823 ne
3377 771 3483 824 Deo
3512 772 3620 824 dis-

2055 852 2243 920 pliceat
2271 855 2359 923 qtti
2391 854 2499 907 vult
2541 857 2748 924 placere
2785 857 3104 914 hominibus.
3152 861 3367 930 Magnus
3413 871 3620 917 tremor

2053 952 2136 996 est
2159 944 2209 996 in
2228 944 2468 1006 doctente,
2503 946 2690 1001 fratres
2717 949 2840 1011 mei,
2869 965 3088 1020 magnus
3110 960 3308 1006 tremor
3333 962 3414 1007 est
3439 965 3618 1008 noster

2055 1035 2105 1088 in
2129 1037 2210 1091 his
2236 1039 2450 1091 vocibus
2478 1041 2692 1095 nostris.
2724 1041 2936 1096 Credite
2980 1043 3126 1097 cordi
3159 1057 3343 1098 nostro
3378 1047 3517 1116 quod
3545 1050 3622 1102 vi-

2053 1129 2179 1183 dere
2207 1145 2309 1183 non
2337 1130 2555 1197 potestis
2589 1150 2600 1184 :
2631 1132 2730 1186 scit
2777 1133 2888 1202 ipse
2928 1135 3015 1202 qui
3043 1135 3286 1189 mitescat
3325 1139 3494 1202 nobis,
3527 1141 3620 1209 qui

2054 1222 2309 1291 propitius
2334 1223 2402 1275 sit
2433 1223 2602 1283 nobis,
2629 1239 2748 1277 cum
2777 1235 2972 1294 quanto
3019 1229 3117 1282 sub
3151 1228 3262 1282 illo.
3286 1239 3516 1284 tremore
3554 1233 3620 1285 ad

2053 1331 2147 1367 vos
2174 1316 2462 1383 loquimur.
2501 1315 2633 1371 Cum
2687 1328 2861 1370 autem
2897 1318 3066 1386 ipsum
3107 1319 3303 1389 aliquid
3331 1335 3620 1391 suggeren-

2054 1415 2156 1458 tcm
2185 1417 2237 1459 et
2261 1405 2538 1460 docentem
2563 1407 2703 1460 intus
2725 1407 2988 1472 audimus,
3012 1411 3186 1462 securi
3213 1426 3417 1475 sumus,
3443 1416 3613 1466 securi

2051 1496 2340 1566 gaudemus
2369 1516 2380 1550 :
2409 1498 2507 1550 sub
2535 1497 2784 1568 magistro
2810 1499 2951 1553 enim
2985 1515 3186 1566 sumus,
3228 1501 3366 1554 illius
3395 1504 3613 1572 gloriam
3687 1527 3690 1532 ι

2052 1588 2370 1658 quierimus,
2401 1591 2546 1642 illmn
2583 1589 2857 1644 docentem
2904 1590 3179 1644 laudamus
3212 1609 3224 1644 :
3256 1591 3486 1647 delectat
3521 1612 3618 1650 nos

2053 1680 2246 1733 veritas
2281 1679 2395 1748 eius
2451 1680 2612 1743 intus,
2667 1680 2753 1734 ubi
2788 1696 2942 1733 nemo
2973 1680 3098 1734 facit
3137 1683 3219 1735 vel
3250 1682 3398 1736 audit
3429 1687 3618 1756 strepi-

2054 1777 2162 1821 tum
2193 1786 2207 1822 :
2239 1767 2310 1822 ibi
2339 1767 2471 1822 dixit
2511 1768 2610 1824 iste
2631 1783 2748 1823 esse
2783 1769 3016 1823 Iretitiam
3049 1785 3195 1824 suam
3229 1781 3280 1825 et
3307 1775 3619 1830 exsultatio-

2055 1882 2173 1920 nem
2206 1882 2374 1922 suam.
2409 1868 2616 1922 Λιιάὶιαὶ
2641 1885 2748 1922 meo
2773 1909 2787 1933 ,
2821 1869 3022 1938 inquit,
3067 1870 3213 1923 dabis
3239 1869 3620 1922 exsultationem

2052 1969 2098 2010 et
2126 1959 2369 2012 ltrtitiam.
2412 1959 2479 2012 Et
2521 1959 2641 2013 ideo
2677 1961 2799 2028 quia
2829 1959 3064 2024 humilis,
3091 1959 3260 2013 audit.
3293 1960 3391 2027 Qui
3440 1959 3616 2023 audit.

2053 2052 2140 2119 qui
2174 2067 2296 2106 vere
2331 2051 2475 2106 audit
2503 2063 2556 2107 et
2594 2054 2730 2108 bene
2761 2053 2933 2122 audit,
2981 2053 3196 2110 humilis
3235 2055 3382 2109 audit
3414 2074 3426 2109 :
3455 2055 3619 2125 gloria

2053 2142 2194 2195 enim
2224 2143 2274 2196 in
2306 2144 2394 2196 illo
2415 2149 2502 2198 est
2536 2159 2564 2196 a
2596 2159 2702 2214 quo
2736 2144 2881 2199 audit
2908 2145 3048 2216 quod
3076 2146 3238 2200 audit.
3271 2146 3620 2214 Posteaquam

2051 2232 2222 2295 dixit,
2255 2233 2463 2286 Auditui
2498 2251 2606 2288 meo
2649 2236 2791 2289 dabis
2831 2238 3212 2291 exsultationem
3266 2245 3313 2291 et
3358 2237 3621 2301 ltetitiam;

2053 2325 2305 2377 continuo
2317 2323 2698 2380 demonstravit
2718 2327 2842 2396 quid
2868 2327 3017 2381 faciat
3037 2328 3254 2393 auditio,
3282 2328 3621 2381 Exsultabunt

2051 2435 2165 2471 ossa
2195 2417 2473 2472 humiliata.
2512 2419 2792 2472 Humiliata
2845 2429 2969 2474 sunt
2998 2435 3116 2474 ossa
3139 2463 3152 2484 ,
3200 2436 3318 2474 ossa
3362 2421 3621 2474 audientis

2052 2524 2158 2562 non
2189 2497 2382 2563 habent
2417 2511 2604 2563 fastum
2625 2552 2638 2572 ,
2673 2527 2776 2564 non
2809 2510 3008 2565 habent
3059 2521 3343 2574 tumorem,
3381 2527 3536 2580 quem
3567 2511 3618 2566 in

2052 2616 2109 2653 se
2139 2600 2222 2653 vix
2259 2601 2422 2654 vincit
2460 2602 2548 2670 qui
2601 2603 2849 2671 loquitur.
2893 2602 3016 2656 Inde
3045 2613 3098 2656 et
3129 2603 3216 2656 ille
3259 2603 3471 2657 humilis
3503 2617 3620 2656 ma-

2052 2705 2205 2758 gnus,
2249 2707 2354 2760 quo
2382 2692 2432 2744 in
2485 2693 2618 2746 natis
2650 2693 2928 2745 mulierum
2981 2708 3136 2747 nemo
3180 2696 3348 2762 major
3385 2693 3621 2748 surrexit

2056 2782 2262 2854 (Matth.
2285 2800 2356 2845 χι,
2377 2784 2484 2854 11),
2516 2785 2601 2837 ille
2617 2785 2703 2853 qui
2728 2785 2798 2855 ita
2814 2799 2872 2838 se
2891 2784 3180 2838 humiliavit
3201 2794 3254 2838 ut
3272 2801 3328 2838 se
3346 2785 3614 2855 indignum

2051 2872 2253 2928 diceret
2309 2875 2511 2928 solvere
2555 2873 2833 2943 corrigiam
2883 2875 3224 2929 calceamenti
3281 2876 3487 2928 Domini
3535 2876 3618 2928 sui

2055 2962 2241 3036 (Marc.
2272 2981 2309 3029 ι,
2335 2964 2412 3033 7),
2435 2964 2664 3018 Joannes
2694 2966 2783 3020 ille
2814 2965 3069 3034 Baptista,
3098 2965 3228 3020 dans
3255 2968 3475 3034 gloriam
3500 2983 3615 3021 ma-

2049 3055 2214 3122 gistro
2239 3069 2336 3108 suo
2369 3063 2422 3108 et
2463 3055 2582 3108 ideo
2630 3055 2802 3110 amico
2831 3071 2955 3122 suo,
2988 3058 3089 3120 ait;
3118 3073 3237 3110 cum
3259 3057 3497 3111 Christus
3523 3075 3619 3126 pu-

2051 3153 2268 3207 taretur,
2301 3154 2355 3200 et
2387 3162 2452 3200 ex
2477 3161 2541 3200 co
2563 3146 2837 3214 superbire
2867 3157 3077 3216 posset,
3109 3158 3161 3202 et
3192 3165 3252 3202 se
3285 3150 3572 3203 extendere
3602 3169 3616 3203 :

2051 3251 2155 3290 non
2199 3235 2338 3289 enim
2379 3236 2491 3304 ipse
2519 3252 2576 3290 se
2603 3237 2808 3291 dixerat
2845 3237 3149 3302 Christum;
3183 3238 3274 3292 sed
3301 3247 3505 3307 poterat
3531 3255 3618 3293 ac-

2049 3325 2226 3394 cipere
2255 3325 2523 3378 hominunt
2548 3341 2782 3381 errorem
2812 3323 2911 3380 hoc
2940 3328 3252 3396 putantium,
3293 3329 3432 3382 ultro
3461 3330 3616 3383 istum

2052 3417 2303 3470 honorem
2340 3416 2551 3471 deferre
2598 3417 2884 3471 volentium
2926 3419 3074 3486 (Luc.
3104 3435 3180 3483 ut,
3213 3418 3302 3490 15)
3338 3439 3350 3472 :
3383 3421 3474 3474 sed
3531 3438 3618 3475 re-

2048 3508 2189 3576 spuit
2213 3507 2401 3560 falsum
2426 3507 2676 3563 honorem
2705 3508 3034 3562 utinveniret
3053 3524 3227 3563 veram
3253 3510 3468 3579 gloriam
3495 3512 3510 3541 ³
3533 3531 3545 3564 :
3566 3521 3620 3566 et

2049 3598 2168 3652 vide
2197 3598 2543 3652 humilitatem
2586 3599 2653 3652 de
2711 3599 2889 3652 auditu
2918 3616 2930 3651 :
2959 3603 3068 3664 ait,
3113 3599 3210 3666 Qui
3265 3600 3410 3653 habet
3461 3619 3616 3670 spon~

2048 3705 2174 3747 sam.
2195 3703 2406 3756 sponsus
2435 3699 2542 3749 est;
2567 3688 2758 3741 amicus
2773 3696 2936 3740 autem
2961 3690 3131 3757 sponsi
3145 3698 3243 3742 stat
3263 3700 3306 3742 et
3325 3690 3463 3742 audit
3483 3707 3614 3744 eum.

2051 3779 2286 3830 Stantem
2318 3792 2376 3830 se
2398 3776 2518 3830 fecit
2543 3787 2595 3830 et
2623 3778 2952 3840 audientem,
2987 3795 3088 3831 non
3129 3779 3403 3832 cadentem
3442 3789 3495 3834 et
3538 3781 3618 3834 lo-

2052 3875 2320 3934 quentem,
2346 3867 2484 3930 Stat,
2513 3866 2700 3935 inquit,
2720 3876 2764 3919 et
2790 3867 2931 3919 audit
2955 3884 3085 3920 eum.
3106 3869 3340 3922 Audistis
3359 3869 3614 3934 auditum;

2053 3960 2138 4012 ubi
2166 3969 2247 4012 est
2272 3959 2553 4012 exsultatio
2577 3967 2630 4012 et
2660 3960 2834 4012 lzetitia
2855 3959 2877 4011 ?
2899 3958 3160 4013 Continuo
3187 3961 3425 4031 sequitur
3452 3979 3467 4016 :
3505 3962 3620 4017 Stat

2050 4062 2094 4104 et
2137 4050 2275 4103 audit
2327 4068 2460 4116 eum,
2510 4061 2556 4104 et
2581 4052 2764 4121 gaudio
2793 4053 2976 4122 gaudet
3016 4063 3217 4122 propter
3258 4070 3424 4108 vocem
3449 4057 3620 4125 sponsi

2053 4141 2227 4212 (Joau.
2260 4159 2350 4210 ιιι,
2381 4142 2495 4211 29).
2521 4143 2729 4196 Auditui
2760 4161 2866 4198 meo
2894 4144 3036 4198 dabis
3064 4147 3439 4200 exsultationem
3462 4156 3506 4200 et
3528 4149 3618 4200 lte-

2051 4235 2228 4297 titiam,
2253 4245 2299 4288 et
2323 4236 2640 4289 exsultabant
2670 4252 2783 4288 ossa
2808 4236 3088 4290 Itumiliata.

2124 4325 2376 4399 1:1.[vers.
2407 4325 2518 4398 11.]
2547 4325 2723 4380 Averte
2743 4327 2922 4397 faciem
2947 4337 3084 4380 tuam
3113 4345 3142 4380 a
3159 4329 3374 4398 peccatis
3397 4328 3518 4383 meis
3537 4370 3550 4392 ,
3573 4340 3620 4383 et

2053 4436 2222 4473 omnes
2250 4419 2533 4488 iniquitates
2554 4436 2689 4473 meas
2713 4419 2840 4472 dele.
2870 4420 2984 4474 Jam
3015 4422 3156 4474 enim
3193 4422 3460 4474 exsultant
3500 4437 3619 4475 ossa

2054 4510 2356 4574 humiliata,
2385 4509 2491 4576 jam
2545 4510 2775 4580 hyssopo
2831 4512 3150 4575 mundatus,
3204 4511 3415 4564 humilis
3453 4511 3616 4565 factus

2052 4617 2194 4654 sum.
2231 4602 2404 4653 Averte
2444 4601 2622 4660 faciem
2663 4611 2800 4653 tuam
2826 4643 2839 4662 ,
2893 4619 2992 4653 non
3024 4617 3050 4653 a
3085 4619 3200 4658 mo.
3237 4601 3328 4655 sed
3354 4619 3385 4654 a
3410 4605 3616 4669 peccatis

2053 4692 2193 4742 meis.
2229 4691 2363 4744 Alibi
2385 4694 2577 4761 quippe
2604 4707 2760 4744 orans
2783 4691 2909 4744 dicit
2937 4710 2948 4744 :
2975 4689 3057 4743 Ne
3076 4702 3269 4743 avertas
3291 4693 3466 4760 faciem
3485 4703 3624 4744 tuam

2052 4800 2083 4834 (ι
2108 4800 2186 4835 me
2211 4781 2377 4852 (Psal.
2403 4799 2548 4845 xxVI,
2578 4783 2657 4849 9).
2688 4782 2786 4848 Qui
2817 4797 2918 4834 non
2959 4782 3069 4833 vult
3095 4798 3122 4832 a
3160 4797 3217 4833 se
3242 4782 3405 4834 averti
3435 4783 3621 4837 faciem

2057 4873 2170 4933 Dei,
2203 4873 2315 4925 volt
2343 4873 2507 4925 averti
2539 4872 2724 4924 faciem
2754 4872 2842 4924 Dei
2871 4887 2899 4924 a
2931 4871 3157 4938 peccatis
3185 4871 3309 4924 suis.
3342 4871 3620 4926 Peccatum

2053 4965 2193 5017 enim
2221 4965 2358 5017 unde
2383 4980 2440 5016 se
2471 4964 2607 5015 Deus
2629 4979 2732 5014 non
2760 4961 2969 5024 avertit,
3000 4960 3226 5014 advertit
3257 4978 3270 5014 :
3300 4961 3345 5014 si
3371 4960 3624 5024 adVertit,

2054 5054 2442 5107 animadvertit.
2484 5053 2662 5104 Averte
2698 5051 2878 5120 faciem
2917 5061 3052 5104 luant
3081 5067 3113 5103 a
3136 5053 3349 5120 peccatis
3394 5052 3546 5117 meis,
3573 5061 3625 5105 et

2055 5163 2224 5200 omnes
2244 5145 2527 5211 iniquitates
2553 5160 2688 5197 meas
2715 5144 2840 5197 dele.
2865 5143 3063 5213 Satagit
3083 5143 3150 5197 de
3174 5143 3267 5197 illo
3291 5143 3473 5212 grandi
3503 5157 3619 5211 pec-

2054 5246 2173 5290 cato
2206 5253 2218 5286 :
2247 5235 2362 5304 plus
2389 5237 2658 5303 praesumit
2681 5275 2694 5300 ,
2737 5250 2922 5288 omnes
2959 5235 3128 5290 deleri
3168 5234 3280 5288 vult
3322 5232 3626 5302 iniquitates

2037 5339 2208 5387 'suas;
2240 5327 2508 5392 praesumit
2534 5325 2602 5380 de
2624 5324 2813 5379 medici
2838 5339 3016 5389 manu,
3041 5325 3105 5380 de
3134 5339 3319 5395 magna
3343 5325 3424 5376 illa
3462 5321 3621 5375 mise-

2058 5415 2284 5468 ricordia
2319 5429 2474 5482 quam
2506 5414 2557 5467 in
2588 5415 2848 5484 principio
2875 5415 3066 5467 l’salmi
3105 5413 3364 5468 invocavit
3391 5429 3403 5464 :
3440 5409 3624 5463 Omnes

2058 5505 2340 5574 iniquitates
2371 5521 2503 5558 meas
2531 5505 2658 5558 dele.
2691 5505 2894 5561 Avertit
2918 5505 3105 5558 faciem
3137 5505 3274 5570 Deus
3295 5543 3308 5564 ,
3339 5512 3392 5553 et
3417 5501 3492 5553 sic
3523 5497 3624 5551 de-

2059 5598 2131 5650 let
2154 5613 2167 5658 ;
2192 5595 2478 5649 avertendo
2499 5595 2684 5649 faciem
2719 5605 2929 5664 peccata
2951 5594 3092 5648 delet
3111 5634 3125 5656 ,
3154 5587 3472 5645 advertendo
3495 5587 3626 5641 scri<

2058 5675 2153 5742 bit.
2205 5687 2409 5740 Audisti
2453 5687 2740 5741 avertendo
2786 5687 3083 5748 delentem,
3129 5683 3251 5735 audi
3301 5679 3622 5734 adverteudo
3688 5721 3696 5727 .

2127 5800 2142 5829 ¹
2180 5807 2282 5851 Mss.
2311 5806 2519 5861 excepto
2536 5813 2632 5848 uno
2650 5798 2775 5848 forte
2795 5806 2845 5848 et
2862 5797 3016 5846 altero
3033 5795 3209 5852 ferunt,
3226 5801 3383 5840 veram
3397 5791 3622 5852 gratiam.
