4004 6200
369 365 472 419 595

368 481 492 551 quid
525 480 817 535 facientem.
866 475 1044 540 Vultus
1081 485 1245 529 autem
1286 474 1486 529 Domini
1510 490 1661 543 super
1690 474 1927 543 facientes

369 577 536 637 mala,
581 583 634 628 ut
681 571 855 642 perdat
905 561 966 623 de
1011 554 1143 625 terra
1195 570 1485 623 memoriam
1536 566 1753 638 eorum(
1788 564 1932 620 Psal.

368 681 553 727 χχχιιι,
584 662 673 727 17)
714 680 725 714 :
757 677 861 717 non
893 659 1119 716 dolendo
1148 671 1362 730 peccata
1392 674 1595 714 eorum.
1625 656 1720 713 Hic
1750 667 1929 711 autem

366 757 491 827 quid
521 757 706 825 rogat?
733 755 908 808 Averte
936 756 1116 822 facient
1146 763 1281 806 tuam
1313 770 1343 805 a
1369 752 1587 822 peccatis
1613 750 1754 803 meis.
1793 749 1936 803 Bene

364 860 531 923 rogat.
564 851 681 922 ipse
708 851 847 907 enim
879 864 982 905 non
1020 852 1208 905 avertit
1247 850 1432 905 faciem
1464 866 1494 903 a
1522 850 1748 920 peccatis
1777 849 1887 902 suis
1917 889 1931 911 ,

363 945 565 1010 dicens,
599 944 848 1010 Quoniam
874 952 1131 1014 peccatum
1151 954 1310 995 meum
1342 956 1428 1012 ego
1456 956 1719 1010 cognosco.
1747 936 1935 993 Merito

365 1052 543 1107 rogas,
566 1048 619 1091 et
647 1038 780 1091 bene
797 1052 950 1107 rogas
982 1046 1037 1089 ut
1059 1034 1198 1090 Deus
1213 1042 1416 1090 avertat
1447 1033 1631 1088 faciem
1657 1049 1687 1088 a
1719 1040 1935 1102 peccato

362 1140 473 1195 tuo,
488 1131 532 1185 si
551 1138 604 1183 tu
624 1124 743 1196 inde
760 1146 864 1183 non
894 1128 1087 1182 avertis
1115 1126 1329 1181 faciem:
1350 1128 1391 1179 si
1420 1141 1548 1181 vero
1576 1134 1628 1180 tu
1656 1134 1930 1195 peccatum

364 1232 508 1275 tuum
538 1221 588 1275 in
613 1219 774 1275 dorso
802 1219 973 1289 ponis,
1004 1218 1142 1273 Deus
1172 1218 1243 1273 ibi
1273 1216 1461 1272 faciem
1490 1214 1655 1286 ponit.
1687 1215 1767 1270 Tu
1802 1230 1931 1284 pec-

360 1322 534 1366 catum
581 1318 725 1366 tuum
756 1320 878 1367 ante
922 1308 1111 1365 faciem
1156 1318 1298 1363 tuam
1329 1317 1610 1372 converte,
1665 1305 1710 1362 si
1750 1305 1830 1360 vis
1875 1314 1933 1358 ιιι

361 1403 484 1459 inde
512 1403 653 1458 Deus
681 1403 862 1458 faciem
889 1409 1306 1485 suamavertat;
1334 1408 1388 1454 et
1416 1400 1493 1454 sic
1515 1411 1734 1454 securus
1750 1410 1925 1466 rogas,

357 1506 411 1551 ct
431 1496 660 1552 exaudit.

548 1590 693 1663 [vers
725 1587 834 1663 12.]
859 1587 959 1645 Cor
984 1588 1225 1641 mundum
1247 1602 1361 1640 crea
1386 1588 1439 1639 in
1466 1601 1560 1647 me,
1596 1582 1745 1638 Deus.
1777 1580 1923 1649 Crea,

355 1698 461 1737 non
487 1683 505 1713 ί
531 1682 679 1751 quasi
726 1696 914 1734 novum
957 1674 1154 1748 aliquid
1203 1678 1415 1732 institue
1442 1718 1456 1740 ,
1485 1676 1663 1731 dicere
1713 1673 1878 1729 voluit
1911 1692 1924 1728 :

354 1771 446 1826 sed
486 1771 605 1842 quia
658 1772 919 1840 pumileas
956 1768 1172 1833 orabat,
1212 1767 1298 1836 qui
1346 1764 1683 1820 commiserat
1730 1756 1924 1833 aliquid

352 1862 491 1932 quod
514 1862 814 1931 priusquam
832 1861 1183 1915 conunitteret
1200 1857 1529 1912 innocentior
1547 1862 1679 1920 erat,
1697 1855 1925 1909 ostendit

291 1998 296 2005 .
350 1952 790 2021 Quemadmodum
830 1951 1056 2016 dixerit,
1089 1948 1233 2004 Creo.
1260 1944 1330 1999 Et
1357 1947 1590 2016 spiritum
1631 1954 1819 1998 rectum
1844 1945 1925 1996 in-

349 2054 476 2099 nova
515 2047 570 2099 in
601 2043 864 2100 visceribus
903 2044 1042 2095 meis.
1074 2038 1176 2095 Per
1200 2038 1394 2093 factum
1422 2080 1435 2103 ,
1464 2035 1666 2107 inquit,
1696 2052 1871 2090 meum
1900 2039 1920 2069 ²

350 2137 638 2196 inveterata
668 2143 783 2190 erat
823 2142 983 2202 atque
1024 2138 1235 2185 curvata
1263 2126 1525 2183 rectitude
1554 2129 1769 2197 spiritus
1794 2129 1916 2183 mei.

350 2227 484 2280 lticit
508 2227 647 2280 cuitu
675 2232 742 2281 ex
768 2224 872 2279 alio
901 2223 1100 2292 psalmo
1120 2218 1484 2275 :Curvaverunt
1508 2218 1730 2272 animam
1758 2232 1920 2272 meam
1979 2288 1987 2295 .

350 2315 519 2385 (Pial.
551 2329 633 2371 LVI
658 2359 673 2382 ,
703 2316 777 2384 7).
813 2314 878 2368 Ει
906 2311 1115 2383 quando
1144 2327 1201 2366 se
1232 2308 1391 2365 homo
1418 2321 1639 2380 pronum
1684 2308 1809 2364 facit
1852 2310 1917 2364 ad

348 2416 584 2462 terrenas
627 2403 1080 2474 concupiscentias
1104 2446 1118 2470 ,
1146 2404 1452 2457 incurvatur
1487 2401 1915 2470 quodammodo;

344 2506 462 2551 cum
492 2506 667 2552 autem
686 2496 904 2566 erigitur
924 2495 974 2548 in
1001 2507 1249 2563 superna,
1271 2500 1470 2548 rectum
1501 2492 1556 2545 fit
1583 2507 1676 2545 cor
1702 2491 1836 2560 ejus,
1862 2498 1918 2545 ut

345 2586 514 2641 bonus
540 2582 611 2641 illi
642 2587 709 2640 sit
739 2582 896 2639 Deus.
926 2582 1093 2651 Quam
1113 2584 1286 2637 bonus
1311 2583 1452 2637 enim
1480 2581 1616 2635 Deus
1645 2582 1801 2635 Israel
1829 2597 1915 2636 re-

344 2676 442 2731 ctis
470 2678 629 2731 corde
660 2672 824 2747 (Psal.
859 2688 1025 2743 Lxxu,
1064 2674 1152 2745 i)!
1187 2674 1448 2740 Proinde,
1481 2673 1686 2740 fratres,
1716 2673 1911 2728 audite.

344 2769 638 2839 Aliquando
666 2770 806 2824 Deus
833 2769 915 2824 cui
947 2766 1169 2837 ignoscit
1198 2766 1252 2821 in
1283 2765 1459 2821 futuro
1487 2766 1683 2820 sarculo
1705 2808 1719 2828 ,
1746 2764 1933 2821 corri?

346 2862 419 2930 pit
441 2875 560 2914 eum
588 2860 655 2914 de
679 2870 895 2929 peccato
921 2858 973 2913 in
1000 2860 1100 2913 isto
1125 2858 1341 2913 sacculo.
1363 2857 1490 2911 Nam
1519 2866 1571 2911 et
1602 2856 1697 2926 ipsi
1729 2856 1910 2920 David,

343 2954 425 3006 eui
449 2953 646 3007 dictum
670 2951 776 3021 jam
815 2952 983 3005 fuerat
1025 2964 1121 3018 per
1152 2948 1468 3017 Pmphetam
1488 2989 1503 3015 ,
1536 2947 1808 3002 Dimissum
1842 2958 1915 3002 est

345 3048 599 3109 peccatum
628 3052 788 3109 tuum,
818 3048 1108 3096 evenerunt
1133 3041 1372 3110 quaedam
1399 3055 1516 3108 qure
1546 3040 1775 3094 minatus
1800 3045 1915 3095 erat

346 3134 483 3188 Deus
509 3141 725 3201 prepter
748 3132 918 3202 ipsum
958 3136 1250 3202 peccatum.
1279 3129 1409 3184 Nam
1442 3129 1578 3183 ﬁlius
1606 3129 1720 3197 ejus
1750 3129 1915 3184 Abes-

343 3224 488 3277 salon
533 3223 785 3277 adversus
826 3236 947 3275 eum
990 3229 1262 3276 cruentum
1307 3218 1499 3275 bellum
1542 3222 1734 3290 gessit,
1767 3228 1820 3275 et
1860 3221 1910 3274 in

341 3313 520 3367 multis
554 3311 848 3366 bumillavit
869 3321 1071 3381 patrem
1099 3314 1251 3364 suum
1279 3304 1343 3381 (ll
1365 3310 1487 3380 Reg.
1520 3325 1611 3376 xv,
1643 3308 1753 3379 10).
1783 3311 1912 3364 Am-

340 3400 553 3458 bulabat
593 3401 684 3485 ille
728 3401 779 3455 in
827 3401 1029 3466 dolore,
1063 3402 1113 3454 in
1157 3401 1491 3456 tribulatione
1535 3400 1914 3457 bumiliationis

339 3496 556 3564 suae,ita
584 3494 824 3551 subditus
848 3492 976 3557 Deo,
1000 3504 1060 3548 ut
1086 3494 1261 3547 omnia
1284 3494 1420 3563 justa
1441 3494 1489 3548 ei
1516 3492 1752 3548 tribuens
1782 3509 1912 3548 cou-

338 3589 576 3644 literetur
617 3585 756 3657 quod
796 3585 925 3640 nihil
976 3592 1242 3655 pateretur
1284 3583 1534 3653 indigne,
1567 3582 1768 3639 habens
1801 3584 1910 3654 jam

336 3688 537 3736 rectum
555 3693 648 3734 cor
667 3678 747 3733 cui
767 3694 870 3732 non
891 3675 1198 3746 displicebat
1219 3676 1374 3731 Deus.
1392 3674 1704 3744 lnjuriosum
1729 3692 1913 3747 quem-

336 3771 457 3825 dam
483 3770 626 3826 etin
657 3782 717 3824 os
746 3769 844 3824 sibi
874 3767 1002 3823 dura
1034 3766 1310 3822 maledicta
1339 3767 1621 3837 jacientem
1651 3768 1911 3836 patienter

336 3861 601 3927 audiebat,
616 3874 682 3915 ex
706 3859 924 3915 adversa
951 3867 1101 3929 parte
1120 3872 1280 3913 unum
1297 3874 1359 3912 ex
1379 3858 1628 3913 militibus
1649 3859 1735 3929 qui
1763 3869 1913 3914 erant

336 3972 454 4012 cum
486 3956 592 4009 filio
617 3956 732 4025 ejus
754 3955 937 4025 impio.
964 3954 1030 4009 Et
1058 3970 1175 4008 cum
1213 3953 1301 4007 ille
1324 3954 1526 4022 iaceret
1552 3953 1825 4008 maledicta
1857 3953 1908 4007 in

334 4064 534 4118 regem,
554 4047 713 4102 iratus
730 4062 862 4102 unus
878 4062 939 4101 ex
955 4045 1235 4101 comitibus
1259 4045 1417 4099 David
1442 4044 1693 4099 voluitire
1715 4054 1767 4101 et
1794 4058 1913 4114 per-

334 4148 515 4194 cutere
527 4154 669 4201 eum;
691 4138 781 4191 sed
802 4138 1107 4207 prohibetur
1121 4152 1150 4191 a
1167 4136 1352 4191 David.
1372 4134 1438 4190 Et
1451 4137 1715 4205 quomodo
1736 4137 1913 4206 probi-

336 4230 514 4284 betur?
528 4229 597 4286 Ut
627 4228 844 4288 diceret,
877 4227 1008 4281 Deus
1035 4226 1178 4281 illum
1202 4227 1422 4287 misit,ut
1451 4226 1574 4280 mihi
1601 4227 1911 4281 malediceret

332 4322 442 4391 (Id.
463 4338 569 4383 xvt.
588 4321 641 4386 5,
658 4319 767 4391 l0).
782 4322 1087 4387 Agnoscens
1109 4316 1315 4386 culpam
1343 4330 1512 4385 suam,
1539 4318 1810 4387 amplexus
1830 4326 1913 4374 est

332 4424 538 4482 poenam
571 4424 741 4474 suam,
765 4422 1008 4480 quaerens
1033 4409 1250 4478 gloriam
1282 4423 1383 4461 nou
1415 4422 1597 4474 suam;
1631 4406 1909 4465 Dominum

331 4504 551 4558 laudans
581 4504 630 4557 in
658 4518 720 4555 eo
743 4500 880 4571 quod
900 4500 1018 4553 boni
1051 4496 1294 4563 habebat,
1317 4498 1592 4552 Dominum
1620 4499 1841 4555 laudans
1857 4501 1908 4556 in

330 4611 395 4647 eo
410 4596 547 4664 quod
573 4595 887 4663 patiebatur,
908 4591 1227 4663 benedicens
1251 4588 1524 4642 Dominum
1549 4591 1599 4644 in
1616 4592 1758 4644 omni
1778 4601 1910 4647 tem-

331 4702 481 4756 pore,
496 4702 704 4753 semper
720 4686 832 4739 laus
848 4666 960 4751 ejus
979 4684 1029 4737 in
1045 4697 1136 4736 ore
1153 4682 1268 4747 ejus
1281 4682 1295 4746 (
1308 4678 1449 4734 Psal.
1469 4697 1652 4745 χχχιιι,
1673 4682 1909 4753 2).Tales

330 4786 454 4832 sunt
480 4790 664 4829 omnes
689 4776 814 4830 recti
842 4774 1002 4828 corde
1033 4790 1044 4826 :
1074 4787 1176 4824 non
1210 4770 1261 4823 bi
1292 4772 1560 4839 perversi,
1584 4772 1670 4840 qui
1716 4786 1774 4827 se
1818 4789 1906 4827 re-
1932 4779 1938 4787 '

330 4876 445 4924 ctos
473 4872 670 4936 putant,
703 4873 759 4921 et
782 4878 1087 4936 perversum
1117 4862 1280 4918 Deum
1305 4878 1319 4923 ;
1352 4861 1437 4932 qui
1475 4860 1684 4931 quando
1712 4863 1905 4933 aliquid

328 4961 525 5017 faciunt
555 4959 696 5026 mali,
728 4959 975 5030 gaudent;
999 4954 1209 5029 quando
1236 4954 1430 5025 aliquid
1460 4955 1580 5008 tnali
1612 4957 1902 5024 patiuntur,

326 5051 727 5122 blaspbemant:
759 5051 971 5118 insuper
1019 5036 1176 5118 positi
1222 5048 1273 5101 in
1332 5046 1669 5101 tribulatione
1717 5056 1770 5100 et
1808 5047 1906 5099 lla-

262 5188 276 5200 .
327 5147 463 5213 pello
492 5187 506 5206 ,
552 5142 733 5197 dicunt
773 5141 840 5196 de
890 5141 1049 5196 corde
1097 5136 1354 5204 distorto,
1400 5136 1539 5193 Deus
1569 5182 1583 5203 ,
1633 5136 1756 5208 quid
1814 5139 1907 5192 tibi

330 5236 428 5291 feci
454 5234 474 5287 ?
500 5232 639 5290 Vere
667 5233 786 5303 quia
816 5232 945 5286 nihil
987 5233 1095 5286 Deo
1137 5231 1407 5296 fecerunt;
1430 5231 1602 5283 omnia
1641 5234 1779 5283 enim
1807 5230 1905 5283 sibi

329 5327 587 5382 fecerunt.
648 5323 712 5377 Et
760 5316 994 5392 spiritum
1048 5330 1235 5373 rectum
1288 5321 1469 5372 innova
1539 5321 1588 5373 in
1645 5322 1906 5374 visceribus

328 5436 472 5473 ιιιας.

400 5511 486 5566 16.
516 5508 684 5585 [πη.
724 5503 850 5579 l5.]
881 5503 962 5557 Ne
989 5503 1223 5573 projicias
1258 5517 1335 5554 me
1362 5519 1393 5554 a
1426 5502 1554 5571 facie
1588 5511 1690 5554 tua.
1734 5503 1908 5556 Averte

392 5666 410 5696 ι
444 5663 527 5712 mc
547 5672 575 5711 ι
599 5668 701 5711 Mss,
728 5659 870 5726 abest
892 5654 1121 5726 particula
1143 5667 1252 5726 non.
1332 5714 1360 5726 ,Α
1408 5714 1418 5726 ,
1645 5714 1656 5724 .
1692 5715 1701 5724 .

392 5728 412 5756 ³
444 5728 517 5775 Sic
537 5732 640 5775 Mss.
668 5731 724 5773 At
741 5722 870 5771 add:
895 5717 1181 5782 Perfectum,
1209 5717 1378 5779 inquit,
1401 5717 1453 5767 in
1486 5729 1560 5767 me
1581 5717 1801 5780 spiritum
1824 5719 1903 5777 fac

329 5798 444 5835 esse.
480 5792 739 5835 tnreterata
758 5789 879 5843 erat,
905 5790 999 5832 etc.

1592 354 1649 412 S.
1693 353 2049 414 AUGUSTINI
2086 357 2385 417 EPISCOPI

3514 367 3622 424 596

2046 478 2227 549 faciem
2256 489 2393 534 tuam
2420 497 2453 534 a
2475 483 2686 550 peccatis
2710 481 2832 535 meis
2855 496 2875 535 :
2904 490 2952 534 et
2977 496 3040 535 ns
3062 482 3296 553 projicias
3319 496 3398 537 me
3426 498 3459 536 α
3486 486 3619 556 facit:

2046 578 2151 624 tua.
2188 569 2353 639 Cujus
2390 569 2573 626 faciem
2619 572 2806 637 timet,
2833 572 2998 642 ipsius
3042 573 3225 628 faciem
3267 574 3497 630 invocat.
3531 575 3617 629 Ne

2044 662 2281 732 projicias
2316 674 2395 716 me
2428 677 2459 715 ιι
2493 663 2622 733 facie
2650 673 2737 716 tua
2759 679 2778 717 :
2798 673 2845 718 et
2872 665 3105 733 spiritum
3133 675 3358 718 sanctum
3387 675 3525 720 tuum
3552 684 3616 720 ne

2041 756 2246 824 auferas
2270 771 2419 821 ams.
2452 755 2547 809 Est
2572 756 2712 810 enim
2739 756 2956 826 spiritus
2983 766 3200 833 sanctus
3225 758 3274 811 in
3302 759 3609 814 confitente.

2040 845 2156 901 Jam
2186 846 2250 900 ad
2275 846 2470 900 donum
2504 846 2730 917 Spiritus
2753 846 2918 902 sancti
2950 850 3197 917 pertinet,
3225 851 3345 919 quia
3375 850 3464 903 tibi
3484 852 3608 905 dis-

2040 940 2198 1011 plicet
2223 941 2363 1011 quod
2387 942 2569 997 fecisti.
2598 941 2872 996 lmmu‘ndo
2912 942 3116 1010 spiritui
3145 952 3356 1011 peccata
3378 944 3607 1012 placent,

2039 1046 2221 1089 sancto
2248 1035 2546 1105 displicent.
2577 1034 2826 1102 Quamvis
2849 1047 2975 1105 ergo
3002 1034 3173 1089 adhuc
3186 1036 3393 1090 veniam
3423 1035 3617 1105 depre.

2037 1125 2174 1181 ceris
2193 1167 2207 1191 ,
2238 1136 2413 1181 tamen
2442 1142 2509 1182 ex
2542 1127 2643 1181 alia
2672 1134 2822 1196 parte
2861 1128 2981 1197 quia
3010 1126 3104 1181 tibi
3139 1125 3382 1195 displicet
3408 1128 3607 1182 malum

2035 1215 2177 1285 quod
2205 1216 2544 1283 commisisti,
2572 1216 2680 1270 Deo
2723 1215 3059 1286 conjungeris
3085 1233 3100 1271 ;
3129 1215 3232 1270 boc
3263 1217 3405 1271 enim
3432 1226 3486 1272 et
3514 1217 3612 1273 tibi

2034 1308 2297 1377 displicet,
2321 1310 2459 1379 quod
2487 1309 2661 1364 etilli.
2690 1307 2806 1364 Jam
2824 1309 2931 1364 duo
2955 1310 3085 1363 estis
3108 1309 3173 1363 ad
3203 1311 3607 1380 expugnandam

2035 1398 2233 1455 febrem
2262 1408 2404 1454 tuam
2428 1441 2443 1466 ,
2478 1408 2532 1454 tu
2578 1408 2633 1455 et
2659 1399 2913 1454 medicus.
2944 1394 3075 1468 Quia
3115 1411 3243 1470 ergo
3286 1414 3389 1455 non
3428 1411 3610 1471 potest

2032 1500 2150 1545 esse
2178 1490 2442 1546 confessio
2469 1490 2671 1560 peccati
2696 1497 2745 1545 e‘t
2774 1492 2976 1559 punitio
3010 1494 3210 1559 peccati
3242 1493 3293 1546 in
3329 1491 3544 1549 homine
3573 1508 3605 1549 a

2030 1584 2243 1652 scipso:
2272 1597 2390 1636 cum
2422 1583 2637 1652 quisque
2679 1578 2776 1636 sibi
2809 1581 3051 1636 irascitur
3090 1592 3144 1637 et
3171 1584 3269 1637 sibi
3306 1584 3597 1654 displicet,

2030 1674 2145 1727 sine
2174 1671 2313 1727 dono
2335 1671 2562 1742 Spiritus
2606 1673 2773 1727 sancti
2805 1686 2908 1727 non
2948 1679 3051 1728 est.
3081 1673 3194 1729 Nec
3221 1675 3325 1739 sit,
3358 1676 3597 1745 spirituum

2029 1773 2266 1818 sanctum
2292 1768 2439 1817 tuum
2464 1763 2530 1817 da
2561 1763 2706 1828 mibi,
2738 1763 2852 1831 sed,
2884 1778 2946 1817 ne
2962 1765 3162 1834 auferas
3189 1782 3223 1818 a
3244 1777 3341 1820 me.
3363 1766 3430 1820 Et
3450 1767 3604 1837 spiri-

2029 1863 2133 1906 tum
2157 1863 2385 1907 sanctum
2410 1863 2548 1905 tuum
2575 1868 2636 1907 ne
2653 1854 2854 1923 auferas
2874 1870 2904 1904 α
2929 1870 3023 1907 me.

2099 1944 2184 1997 i7.
2217 1941 2382 2015 [vers.
2411 1941 2542 2016 14.]
2576 1943 2750 1999 Redde
2781 1945 2905 1998 mihi
2948 1940 3326 2000 exsultatiOncm
3362 1947 3599 2003 salutaris

2027 2036 2119 2087 tui.
2166 2034 2343 2090 Redde
2380 2050 2537 2105 quam
2579 2036 2836 2092 habebam
2862 2079 2876 2104 ,
2907 2052 3064 2107 quam
3100 2039 3366 2107 peccando
3402 2043 3598 2095 amise-

2023 2133 2176 2179 ram:
2206 2125 2379 2179 Redde
2414 2127 2538 2180 mihi
2581 2128 2961 2182 exsultationem
2998 2131 3234 2184 salutaris
3274 2133 3391 2186 tui:
3416 2134 3599 2203 utique

2022 2215 2221 2271 Christi
2268 2216 2363 2271 tui.
2391 2217 2518 2285 Quis
2557 2219 2698 2272 enim
2745 2219 2862 2274 sine
2890 2221 2980 2275 illo
3019 2221 3194 2275 sanari
3238 2223 3440 2291 potuit?
3464 2224 3597 2292 Quia

2023 2317 2078 2361 et
2105 2316 2385 2378 antequam
2430 2308 2496 2362 de
2532 2308 2693 2363 Maria
2733 2319 3072 2375 nasceretur,
3104 2311 3158 2365 in
3200 2312 3457 2381 principio
3483 2323 3598 2369 erat

2022 2398 2252 2453 Verbum
2272 2440 2285 2461 ,
2314 2408 2368 2454 et
2412 2398 2636 2455 Verbum
2667 2409 2781 2453 erat
2805 2400 2942 2469 apud
2989 2397 3150 2455 Deum
3176 2441 3191 2464 ,
3219 2411 3273 2455 et
3301 2402 3440 2456 Deus
3481 2413 3597 2458 erat

2021 2487 2253 2543 Verbum
2273 2488 2448 2560 (Joan.
2473 2505 2510 2554 ι,
2537 2489 2589 2558 i)
2618 2507 2631 2541 :
2663 2498 2713 2544 et
2742 2490 2810 2543 ita
2841 2505 2869 2541 a
2897 2493 3092 2544 sanctis
3118 2491 3363 2546 Patribus
3383 2493 3595 2563 dispen-

2016 2581 2154 2640 satio
2183 2590 2438 2649 susceptae
2457 2582 2631 2636 carnis
2658 2581 2830 2635 futura
2860 2583 3195 2649 credebatur,
3220 2586 3357 2640 sicut
3382 2600 3414 2640 a
3444 2586 3595 2641 nobis

2019 2670 2156 2726 facta
2177 2672 2429 2727 creditur.
2462 2673 2719 2741 Tempora
2750 2674 2947 2728 variata
2974 2684 3116 2739 sunt,
3148 2690 3252 2730 non
3281 2676 3428 2735 fides.
3453 2676 3593 2730 Red-

2019 2765 2084 2818 de
2103 2766 2224 2819 milri
2248 2766 2624 2819 exsultatione»:
2651 2766 2886 2820 salutaris
2910 2768 2981 2819 tui
3008 2783 3028 2820 :
3054 2778 3099 2821 et
3123 2768 3302 2838 spiritu
3324 2771 3593 2839 principali

2018 2856 2262 2922 confirma
2289 2873 2385 2910 me.
2410 2856 2657 2910 Nonnulli
2685 2857 3061 2912 intellexerunt
3087 2858 3171 2914 bic
3199 2858 3509 2915 Trinitatem
3538 2863 3591 2916 in

2019 2946 2129 3001 Deo
2153 2948 2323 3016 ipsum
2353 2948 2536 3011 Deum,
2564 2957 2779 3016 excepta
2811 2948 3204 3018 dispensatione
3222 2952 3431 3007 carnis:
3456 2968 3591 3023 quo-

2018 3038 2157 3090 niam
2184 3040 2435 3106 Scriptum
2463 3049 2563 3104 est,
2592 3038 2725 3093 Deus
2746 3041 2948 3109 spiritus
2978 3052 3048 3096 est
3075 3041 3189 3112 (Id.
3212 3059 3280 3108 tv,
3301 3045 3416 3116 24).
3441 3045 3590 3112 Quod

2016 3130 2158 3183 enim
2197 3146 2300 3183 non
2331 3136 2412 3184 est
2437 3145 2629 3199 corpus
2651 3170 2667 3194 ,
2698 3139 2751 3186 et
2795 3140 2969 3186 tamen
3000 3144 3114 3199 est,
3146 3134 3352 3189 videtur
3390 3147 3592 3193 restare

2015 3227 2074 3273 ut
2096 3219 2312 3288 spiritus
2342 3221 2429 3273 sit.
2464 3221 2765 3291 lntelligunt
2802 3236 2928 3293 ergo
2966 3223 3051 3278 bic
3089 3226 3324 3280 nonnulli
3356 3226 3591 3282 Trinita-

2017 3318 2124 3365 tem
2163 3310 2354 3365 dictam
2397 3312 2507 3382 (a);
2566 3311 2617 3365 in
2656 3313 2838 3381 spiritu
2877 3323 3009 3367 recto
3051 3315 3274 3382 Filium,
3322 3318 3372 3371 in
3412 3320 3594 3389 spiritu

2016 3410 2187 3455 sancto
2211 3400 2462 3470 Spiritum
2490 3411 2752 3469 sanctum,
2779 3404 2831 3457 in
2857 3405 3037 3474 spiritu
3064 3406 3331 3475 principali
3356 3407 3589 3462 Patrem.

2015 3490 2139 3546 Sive
2162 3506 2286 3562 ergo
2314 3490 2417 3545 hoc
2437 3493 2506 3546 ita
2533 3493 2640 3561 sit,
2663 3494 2775 3549 sive
2794 3494 3035 3564 spiritum
3064 3504 3267 3551 rectum
3296 3497 3461 3567 ipsius
3487 3498 3590 3553 bo-

2015 3585 2174 3638 minis
2197 3586 2360 3655 θεειρί
2395 3585 2598 3652 voluit,
2628 3586 2811 3641 dicens
2833 3630 2846 3653 ,
2880 3588 3129 3659 Spiritum
3170 3600 3360 3643 rectum
3405 3592 3592 3645 innova

2015 3678 2069 3729 in
2120 3676 2385 3731 visceribus
2433 3679 2585 3744 meis,
2636 3690 2789 3748 quem
2842 3680 3054 3733 curvavi
3103 3688 3157 3734 et
3208 3680 3422 3735 distorsi
3463 3699 3590 3752 pee-

2015 3768 2221 3833 cando,
2268 3780 2326 3823 ut
2385 3770 2493 3838 jam
2553 3770 2779 3840 Spiritus
2835 3783 3051 3826 sanctus
3096 3773 3211 3842 ipse
3255 3773 3324 3827 sit
3370 3775 3591 3843 spiritus

2015 3858 2355 3929 principalis,
2384 3874 2540 3930 quem
2582 3868 2637 3916 et
2680 3861 2872 3915 auferri
2914 3877 2941 3914 a
2991 3877 3050 3917 se
3099 3863 3301 3930 noluit,
3329 3873 3385 3918 et
3426 3881 3492 3918 eo
3528 3880 3592 3920 se

2021 3951 2180 4004 voluit
2224 3952 2565 4017 confirmari;
2610 3968 2714 4007 non
2756 3962 2839 4008 est
2881 3954 3126 4009 bteretica
3173 3955 3422 4025 qutulibet
3452 3970 3594 4015 seu-

2017 4042 2199 4096 tentia.

2087 4136 2173 4194 18.
2201 4131 2349 4206 [υενδ.
2385 4133 2494 4207 15.]
2523 4137 2626 4193 Sed
2659 4136 2832 4192 videte
2861 4136 2984 4207 quid
3019 4136 3269 4206 adiungat
3298 4153 3311 4188 :
3342 4135 3541 4204 Spiritu
3570 4180 3591 4205 ,

2016 4241 2201 4309 inquit,
2233 4234 2501 4309 principali
2526 4232 2771 4300 conﬁrma
2799 4247 2892 4284 me.
2919 4228 2975 4283 In
3004 4245 3107 4300 quo
3132 4230 3382 4298 conﬁrma
3403 4231 3429 4284 ?
3454 4229 3593 4296 Quia

2015 4332 2257 4402 ignovisti
2288 4327 2436 4390 mibi,
2467 4326 2589 4396 quia
2620 4338 2841 4378 securus
2868 4337 2987 4376 smn
3017 4338 3120 4374 non
3168 4321 3295 4374 mibi
3336 4321 3593 4390 imputari

2014 4425 2150 4497 quod
2176 4424 2403 4486 donasti,
2427 4436 2490 4474 ex
2521 4419 2619 4471 hoc
2644 4414 2812 4470 factus
2841 4430 3079 4479 securus,
3107 4424 3263 4483 atque
3293 4414 3393 4466 ista
3418 4414 3591 4482 gratia

2013 4516 2390 4579 confirmatus,
2423 4527 2526 4565 non
2570 4523 2663 4563 ero
2703 4503 3125 4576 ingratus.‘Quid
3168 4504 3309 4557 enim
3360 4504 3594 4556 faciam?

2013 4609 2232 4663 Doceam
2260 4607 2454 4669 iniquos
2478 4604 2583 4656 vias
2607 4611 2738 4654 tuas.
2764 4599 2990 4653 Doccam
3018 4597 3226 4667 iniquos
3251 4610 3314 4650 ex
3347 4595 3526 4666 iniquo
3547 4598 3593 4659 ¹;

2012 4700 2061 4756 id
2093 4707 2204 4764 est,
2233 4698 2321 4767 qui
2367 4694 2554 4749 fuerim
2587 4701 2641 4747 et
2665 4704 2763 4762 ego
2793 4690 3002 4759 iniquus
3025 4730 3041 4754 ,
3065 4689 3172 4756 jam
3202 4703 3307 4741 non
3334 4689 3547 4757 iniquus
3572 4730 3590 4753 ,

2012 4810 2116 4847 non
2146 4808 2174 4843 a
2202 4805 2288 4844 me
2316 4787 2490 4842 ablato
2522 4784 2720 4854 Spiritu
2766 4793 2948 4836 sancto
2968 4821 2982 4842 ,
3008 4792 3062 4835 et
3095 4780 3280 4849 spiritu
3311 4780 3595 4849 principali

2011 4880 2352 4938 confirmatus
2370 4919 2383 4940 ,
2416 4877 2619 4931 doceam
2662 4874 2857 4943 iniquas
2882 4873 2986 4925 vias
3021 4879 3148 4925 tuas.
3175 4869 3317 4937 Quas
3344 4870 3455 4924 vias
3484 4870 3592 4925 ἰιιὶα

2010 4989 2145 5045 quos
2186 4969 2435 5026 docebis?
2465 4966 2531 5021 Et
2560 4965 2703 5033 impii
2736 4964 2803 5016 ad
2831 4970 2876 5015 te
2904 4971 3267 5016 convertentur.
3297 4956 3369 5016 Si'
3396 4976 3592 5030 pecca-

2011 5073 2121 5119 tum
2149 5060 2312 5116 David
2344 5058 2598 5129 impietati
2627 5056 2906 5123 deputatur
2930 5096 2944 5117 ,
2976 5066 3081 5106 non
3120 5053 3188 5106 de
3215 5066 3273 5105 se
3303 5050 3595 5120 desperent

2012 5153 2178 5222 impii,
2208 5151 2329 5221 quia
2357 5147 2592 5218 pepeccit
2618 5146 2759 5199 Deus
2784 5143 2983 5211 impio;
3015 5143 3108 5195 sed
3143 5143 3185 5196 si
3213 5141 3277 5196 ad
3306 5157 3429 5197 eum
3454 5157 3591 5196 con-

2010 5252 2279 5300 vertantur
2300 5282 2312 5305 ,
2342 5240 2386 5293 si
2427 5238 2540 5292 vias
2583 5236 2748 5306 ipsius
2774 5234 2980 5289 discant
3010 5251 3022 5287 :
3052 5235 3095 5288 si
3122 5242 3295 5287 autem
3324 5233 3585 5302 impietati

2010 5353 2114 5391 non
2141 5335 2417 5403 deputatur
2448 5330 2639 5385 factum
2668 5328 2856 5392 David,
2887 5328 2979 5383 sed
3002 5328 3087 5381 illa
3112 5328 3320 5397 proprie
3341 5327 3587 5395 impietas
3619 5393 3622 5396 ἢ

2073 5532 2087 5561 ι
2125 5528 2313 5590 Aliquot
2332 5532 2458 5583 Mss,
2478 5538 2559 5590 ex»
2576 5522 2767 5590 iniquis.
2794 5520 2875 5572 Alii
2903 5521 3356 5590 _tres._exutiquus,j
3377 5525 3589 5590 ascripta

2008 5594 2056 5642 in
2089 5585 2309 5652 margine
2334 5595 2450 5652 quota
2481 5585 2753 5652 buiusuiodi
2777 5599 2789 5634 :
2817 5602 2842 5632 ι
2871 5587 2944 5635 sic
2972 5585 3477 5652 dicitureXpomitens
3498 5588 3586 5652 qui

2010 5673 2038 5719 μ
2062 5644 2302 5719 prendens
2324 5649 2414 5698 fuit
2437 5657 2489 5719 et
2500 5644 2599 5710 jam
2622 5661 2718 5696 non
2743 5654 2836 5706 est,
2861 5657 2913 5697 et
2936 5645 3167 5696 excousul
3188 5644 3273 5709 qui
3302 5644 3469 5695 consul
3494 5644 3590 5697 iuit

2016 5711 2040 5762 ἰ
2062 5711 2114 5763 et
2136 5711 2273 5761 modo
2293 5724 2387 5760 non
2406 5718 2499 5759 est.
2516 5727 2539 5753 ι

2075 5775 2152 5843 (a)
2177 5774 2488 5837 Hieronymus
2509 5773 2557 5820 in
2575 5772 2717 5832 Epist.
2743 5770 2802 5819 ad
2824 5768 2968 5819 Galat.
2992 5784 3038 5820 c.
3065 5768 3113 5829 4,
3138 5783 3185 5819 v.
3209 5767 3258 5819 6.
