4004 6200
320 345 428 398 ξιθῖ

1465 329 1857 389 ENARRATIO
1895 332 1961 388 IN
1999 333 2318 392 PSALMUM
2357 335 2420 391 L.

3489 340 3591 396 sos

319 459 514 514 dieitur
538 466 782 526 animam
801 472 836 510 3
857 456 976 512 Deo
997 498 1011 520 ,
1045 452 1396 544 ιιηιιιῒι-θθιξηξ
1429 464 1548 544 "Oli
1565 449 1741 544 είξ¹ίῖτ⁰
1767 489 1780 512 ν
1807 455 1897 544 θυξ
1997 467 2109 538 jam
2140 470 2192 524 in
2221 472 2331 539 ipsa
2353 479 2525 524 salute
2552 484 2750 524 sumus.
2781 472 2915 525 Audi
2940 473 3250 540 Apostulttai
3281 489 3292 523 :
3329 476 3434 544 δμιε
3459 484 3587 534 enim

326 564 592 618 muiquam
639 549 899 612 coluisse,
938 556 1032 605 aut
1073 559 1228 613 quem
1260 539 1467 600 colebat
1501 539 1798 603 dimisisse,
1831 537 1896 591 ad

321 640 591 693 cumulum
619 639 757 692 valet
789 639 928 708 quiid
953 637 1063 700 ait,
1093 635 1156 688 Et
1194 633 1338 704 impii
1367 633 1433 684 ad
1462 641 1506 684 te
1531 639 1894 684 convertentur.

327 732 396 784 lta
430 731 614 795 plenus
635 745 692 782 es
721 731 873 796 adipe
905 725 1318 784 misericordiae,
1343 733 1398 776 ut
1419 721 1480 776 ad
1511 731 1560 800 te
1587 719 1856 773 coaversis
1881 760 1896 783 ,

323 837 428 874 non
461 822 626 872 Sttllllll
657 819 975 887 quibuslibet
1006 814 1386 886 peccatoribus,
1419 812 1510 865 sed
1541 811 1698 865 etiam
1725 808 1900 878 impiis

324 930 430 966 non
475 915 545 966 sit
585 910 992 978 desperandum.
1043 908 1108 966 Et
1138 907 1282 975 impii
1331 905 1398 957 ad
1450 913 1494 956 te
1537 911 1896 955 convertentur.

326 1001 560 1071 l’tqaid?
617 1000 682 1056 Ut
730 1001 1010 1054 credentes
1047 999 1112 1052 .in
1171 1012 1290 1049 eum
1347 993 1433 1064 qui
1493 991 1744 1060 justilicat
1799 990 1900 1042 im-

315 1094 468 1162 pium
500 1134 514 1154 ,
545 1093 822 1160 deputetur
879 1091 1008 1149 lides
1059 1104 1244 1149 eorum
1286 1087 1360 1144 ,atl
1400 1085 1659 1155 justitiam
1704 1081 1899 1152 (Rom.

325 1199 398 1248 iv,
1474 1172 1477 1180 Ι

400 1278 484 1329 19.
519 1271 681 1347 [rem
714 1274 798 1329 l6.
821 1272 842 1346 ]
870 1272 1008 1326 Erue
1031 1288 1107 1325 me
1134 1271 1195 1324 de
1219 1269 1545 1339 sanguinibus
1569 1266 1703 1318 Deus
1722 1307 1735 1328 ,
1769 1263 1904 1317 Deus

319 1366 503 1419 salutis
531 1380 672 1418 metu.
701 1364 972 1432 Expressit
1013 1363 1203 1415 latinus
1242 1361 1502 1427 interpres
1530 1356 1694 1410 verbo
1729 1356 1904 1408 minus

325 1459 489 1512 latino
517 1456 885 1526 proprietatem
919 1465 1091 1508 tamen
1115 1469 1176 1506 ex
1205 1468 1395 1522 gra~eo.
1427 1451 1555 1503 Nam
1587 1461 1772 1501 omnes
1804 1462 1901 1500 no-

319 1549 497 1601 vimus
529 1547 688 1600 latine
714 1563 816 1599 non
839 1544 940 1600 dici
962 1544 1245 1611 sanguines
1264 1585 1278 1606 ,
1311 1556 1406 1594 nec
1426 1539 1700 1607 sanguine;
1727 1547 1902 1590 tamen

322 1640 448 1707 quia
491 1640 559 1691 ita
614 1652 817 1707 graecus
862 1636 1035 1704 posuit
1077 1633 1267 1704 plurali
1318 1647 1566 1694 numero,
1617 1645 1720 1682 non
1779 1628 1902 1708 'sine

324 1746 506 1793 causa,
541 1731 636 1783 nisi
669 1729 787 1798 quia
821 1728 919 1780 hoc
947 1725 1144 1779 invenit
1175 1725 1224 1778 in
1259 1724 1424 1793 prima
1452 1723 1625 1790 lingua
1654 1719 1863 1772 hcbrma
1883 1759 1898 1785 ,

326 1821 510 1873 maluit
539 1821 653 1888 pius
680 1821 695 1850 ⁸
726 1820 988 1886 interpres
1024 1817 1198 1870 minus
1249 1815 1409 1867 latine
1448 1811 1645 1881 aliquid
1685 1811 1861 1864 dicere
1885 1851 1898 1874 ,

325 1929 483 1980 quam
522 1913 694 1965 minus
720 1910 953 1979 proprie.
981 1909 1155 1975 Quare
1182 1904 1611 1975 ergogpluraliter
1635 1903 1764 1956 dixit
1797 1919 1809 1953 :
1842 1901 1904 1955 de

323 2003 760 2074 sunguinibus?ltt
789 2002 964 2055 multis
992 2000 1351 2069 sanguinibus,
1379 2005 1623 2064 tanquam
1657 1995 1707 2048 in
1738 1993 1903 2062 origi-

325 2110 393 2146 ne
421 2093 597 2146 carnis
629 2095 863 2160 peccati,
893 2091 1054 2146 multa
1100 2099 1312 2161 peccata
1339 2089 1553 2157 intelligi
1597 2085 1783 2140 voluit.
1821 2084 1902 2139 Ad

326 2185 437 2252 ipsa
483 2195 693 2253 peccata
736 2185 1023 2253 respiciens
1061 2182 1384 2251 Apostolus,
1425 2198 1542 2250 qua:
1585 2179 1801 2233 veniunt
1838 2177 1904 2232 de

321 2276 661 2343 cerrupliune
677 2275 851 2329 carnis
869 2285 919 2326 et
945 2274 1318 2340 sanguinis,ait
1343 2290 1355 2326 :
1384 2273 1513 2326 Caro
1538 2281 1583 2324 et
1607 2271 1809 2342 sanguis
1826 2286 1904 2323 re-

321 2385 476 2438 gnum
497 2367 585 2420 Dei
612 2385 709 2420 non
732 2366 1066 2437 possidebunt.
1086 2367 1214 2420 Nam
1236 2367 1412 2436 utique
1429 2365 1714 2419 secundum
1742 2365 1898 2419 fidem

325 2473 503 2510 veram
544 2458 779 2525 ejusdem
810 2457 1028 2527 apustoli
1051 2498 1065 2519 ,
1097 2474 1220 2512 caro
1265 2459 1361 2511 ista
1411 2465 1682 2525 resurget,
1708 2466 1761 2510 et
1790 2457 1900 2527 ipsa

323 2549 613 2602 merebitnr
634 2548 1105 2617 interruptionem,
1136 2549 1346 2602 dicente
1371 2549 1483 2617 ipso
1511 2567 1522 2601 :
1554 2549 1761 2618 Oportet
1783 2565 1899 2601 cor-

319 2639 558 2706 ruptibile
586 2639 677 2692 hoc
704 2639 908 2691 induere
933 2639 1369 2708 incorruptionem.
1396 2650 1442 2691 et
1473 2639 1684 2691 mortale
1705 2639 1795 2691 hoc
1821 2639 1900 2690 in-

319 2731 473 2783 duere
504 2730 923 2783 inmortalitatem
951 2729 990 2801 (Ι
1019 2729 1133 2783 Co'r.
1163 2745 1230 2783 xv
1251 2771 1264 2793 ,
1297 2729 1366 2784 50
1385 2772 1396 2794 ,
1429 2731 1552 2799 55).
1602 2731 1730 2795 Quia
1775 2745 1901 2797 ergo

319 2821 594 2890 corruptio
618 2821 716 2874 ista
741 2821 807 2874 de
825 2829 1050 2888 peccato
1075 2827 1174 2883 est,
1203 2819 1366 2889 ipsius
1392 2820 1603 2874 nomine
1632 2819 1902 2887 appellan-

317 2925 406 2965 tur
438 2924 691 2980 peccata:
729 2911 1169 2980 quemtulmodum
1215 2911 1407 2964 dicitur
1454 2911 1627 2980 lingua
1675 2919 1728 2964 et
1773 2909 1899 2964 illud

320 3005 543 3057 frustum
588 3003 761 3058 carnis
805 3013 855 3057 et
897 3004 1187 3058 membrum
1229 3005 1369 3073 quod
1409 3005 1582 3058 inore
1612 3014 1854 3057 movetur
1881 3045 1897 3070 ,

319 3111 440 3145 cum
472 3095 627 3147 verba
671 3095 1063 3163 distinguimus,
1095 3106 1145 3148 et
1172 3095 1344 3164 lingua
1382 3095 1521 3164 quod
1553 3112 1644 3164 per
1670 3095 1898 3164 linguam

321 3189 398 3249 tit,
429 3188 567 3239 sicut
593 3187 816 3239 dicimus
845 3187 1000 3239 aliam
1033 3187 1262 3257 linguam
1288 3203 1513 3257 graecam
1536 3229 1549 3251 ,
1577 3189 1732 3240 aliam
1782 3189 1897 3241 lati-

301 3297 441 3334 .uam
476 3299 487 3332 :
521 3296 621 3334 non
656 3282 797 3333 enim
819 3295 942 3334 caro
969 3279 1177 3334 diversa
1205 3291 1304 3347 est,
1328 3280 1418 3334 sed
1450 3296 1630 3333 sonus.
1664 3281 1898 3345 ρυοιιιοο

317 3373 387 3422 du
427 3373 759 3440 ergotlicitur
808 3371 980 3440 lingua
1007 3413 1020 3435 ,
1051 3371 1245 3425 locutio
1284 3387 1398 3440 quae
1438 3372 1492 3424 lit
1522 3387 1616 3442 per
1645 3371 1895 3441 linguam;

314 3463 395 3516 sic
425 3461 616 3515 dicitur
637 3469 690 3515 et
710 3463 940 3530 sanguis,
962 3461 1206 3531 iniquitas
1229 3477 1344 3530 quae
1369 3462 1421 3514 lit
1451 3477 1543 3529 per
1563 3463 1895 3531 sanguinem.

315 3552 612 3606 Atteudens
639 3567 765 3621 ergo
795 3553 985 3606 multas
1016 3552 1312 3621 iniquitates
1338 3568 1478 3617 suas,
1509 3561 1563 3605 et
1594 3553 1716 3605 illud
1745 3568 1901 3620 supe-

316 3643 433 3696 rius
453 3684 466 3706 ,
499 3641 562 3695 Et
603 3659 772 3695 omnes
800 3641 1081 3712 iniquitates
1123 3658 1256 3694 meas
1283 3641 1431 3703 dele;
1460 3650 1512 3694 et
1538 3658 1628 3696 eas
1664 3644 1900 3696 tribuens

316 3735 642 3802 corruptioni
671 3736 844 3788 carnis
874 3744 927 3788 et
951 3735 1240 3804 sanguinis,
1272 3733 1448 3786 Libera
1470 3751 1580 3800 me,
1611 3735 1807 3804 inquit,
1839 3737 1902 3788 de

315 3827 643 3897 sanguinibus
675 3841 694 3879 :
721 3826 822 3880 hoc
864 3835 982 3892 est,
1024 3826 1210 3880 Libera
1263 3843 1346 3880 me
1396 3827 1461 3879 al)
1503 3827 1897 3895 iniquitatibus,

318 3921 514 3971 nmuda
586 3936 670 3973 me
718 3921 782 3973 ab
833 3920 976 3972 omni
1034 3919 1388 3990 corruptione,
1451 3919 1896 3988 lncorruptionem

314 4010 464 4063 enim
505 4010 769 4065 desiderat
808 4011 897 4080 qui
925 4010 1069 4076 dicit,
1102 4009 1281 4063 Libera
1319 4026 1397 4062 me
1429 4011 1491 4063 de
1531 4012 1853 4080 sanguinibus
1881 4028 1899 4065 :

315 4100 438 4169 quia
466 4117 583 4153 caro
607 4110 654 4154 et
673 4103 880 4170 sanguis
906 4119 1112 4173 regnum
1147 4101 1234 4154 Dei
1255 4117 1354 4154 non
1379 4101 1720 4169 possidebunt,
1745 4119 1901 4173 neque

317 4192 578 4258 corruptio
642 4193 1083 4262 incorrtqttionem.
1135 4191 1273 4245 Erue
1328 4209 1405 4244 me
1456 4193 1517 4246 de
1579 4194 1900 4264 sanguinibus

322 4279 480 4346 Deus,
508 4281 641 4336 Deus
661 4283 836 4336 salutis
859 4300 995 4336 mete.
1026 4283 1264 4338 Ostendit
1288 4285 1406 4351 quia
1429 4299 1548 4338 cum
1578 4285 1733 4339 fuerit
1758 4287 1900 4340 salus

321 4370 554 4439 perfecta
599 4373 650 4424 in
692 4373 792 4428 isto
835 4388 1094 4442 corpore,
1126 4377 1412 4442 corruptio.
1439 4375 1490 4427 in
1532 4391 1596 4428 eo
1625 4390 1729 4429 non
1759 4377 1897 4442 erit,

316 4480 438 4532 qua:
472 4464 779 4533 intelligitur
807 4466 1018 4519 nomine
1053 4467 1228 4520 carnis
1257 4476 1309 4519 et
1346 4467 1652 4536 sanguinis:
1684 4467 1794 4536 ipsa
1820 4477 1902 4521 est

317 4553 461 4605 enim
497 4553 728 4622 perlecta
757 4557 954 4608 sanitas
982 4557 1238 4624 corporis.
1272 4556 1401 4610 Nam
1445 4557 1601 4610 modo
1630 4559 1898 4626 quomodo

318 4661 508 4698 sanum
551 4655 632 4700 est
661 4646 799 4716 quod
845 4647 1032 4700 labitur
1058 4689 1072 4710 ,
1104 4647 1241 4714 quod
1296 4633 1529 4717 indiget,
1554 4647 1694 4716 qttud
1729 4648 1902 4706 ,habet

321 4747 629 4806 perpetuam
653 4739 930 4808 quamdam
955 4741 1316 4809 :rgritudinem
1350 4741 1499 4794 liIlIllS
1519 4737 1572 4794 et
1599 4741 1717 4795 sitis
1737 4741 1759 4794 ?
1778 4741 1900 4796 lltec

320 4837 447 4881 tunc
488 4843 601 4881 non.
639 4838 794 4883 erunt
823 4847 835 4881 ε
865 4831 984 4898 quia
1031 4846 1152 4884 esca
1201 4831 1372 4884 ventri
1405 4871 1418 4894 ,
1448 4839 1501 4883 et
1531 4839 1715 4884 venter
1761 4831 1898 4885 escis

318 4919 432 4988 (Id.
466 4936 514 4973 vi
537 4961 553 4986 ,
586 4921 700 4991 15).
743 4922 879 4976 Deus
916 4933 1092 4977 autem
1120 4933 1173 4976 et
1203 4923 1342 4975 hunc
1382 4932 1436 4975 et
1473 4921 1566 4976 bas
1605 4923 1896 4991 evacuabit,

320 5015 435 5066 Erit
459 5013 626 5067 forma
662 5017 897 5083 corporis
919 5015 1146 5086 perfecta
1179 5031 1242 5068 ex
1269 5015 1379 5068 Deo
1405 5055 1417 5076 ,
1443 5015 1688 5084 absorpta
1729 5025 1899 5070 morte

321 5104 373 5156 in
399 5103 672 5156 victoriam
701 5103 810 5175 (Id.
835 5121 924 5169 xv,
945 5106 1057 5174 54),
1082 5106 1223 5159 nulla
1245 5105 1562 5173 subrepente
1578 5106 1896 5173 defectione,

321 5194 482 5247 nullis
527 5203 723 5248 mutata
758 5197 1030 5256 aetatibus,
1059 5195 1202 5248 nullo
1241 5195 1419 5250 labore
1444 5197 1634 5250 lassata
1661 5207 1714 5251 ut
1735 5199 1754 5228 ¹
1778 5197 1896 5253 cibo

319 5286 567 5339 fulciatur
591 5327 604 5350 ,
635 5297 686 5340 et
727 5287 901 5356 aliqua
945 5303 1064 5340 esca
1107 5287 1387 5342 reliciatur.
1416 5289 1517 5344 Sed
1565 5305 1669 5343 non
1700 5291 1897 5345 erimus

321 5393 435 5430 sine
465 5393 586 5431 esca
628 5387 676 5430 et
719 5387 839 5447 potu
867 5396 880 5432 :
913 5379 1022 5446 ipse
1046 5379 1146 5430 erit
1168 5380 1317 5432 cibus
1345 5392 1526 5434 noster
1553 5381 1695 5435 Deus
1723 5392 1772 5436 et
1803 5395 1899 5450 po-

281 5536 288 5550 .
321 5477 405 5520 tus
442 5479 640 5522 noster.
668 5468 824 5523 Solus
858 5469 944 5520 ille
976 5468 1123 5521 cilius
1164 5470 1330 5524 reiicit
1369 5488 1464 5525 nec
1489 5471 1686 5525 deﬁcit.
1719 5471 1899 5526 Libera

320 5574 400 5610 me
423 5559 484 5611 de
513 5560 836 5628 sanguinibus
866 5559 1014 5622 Deus,
1047 5561 1178 5614 Deus
1198 5563 1376 5617 salutis
1407 5579 1550 5623 meat.
1575 5563 1728 5617 Modo
1755 5564 1898 5620 enim

387 5738 402 5766 ⁸
441 5736 662 5799 Plerique
687 5745 812 5792 Mss.,
839 5735 1005 5799 potius.

386 5799 406 5829 ι
437 5799 568 5847 tittd.
584 5797 641 5845 ἰιι
666 5801 792 5846 nullo
809 5797 914 5847 cibo
927 5797 1170 5858 [itlriutmz
1196 5801 1357 5854 Abest.
1370 5800 1512 5858 nullo,
1533 5813 1558 5846 a

2003 559 2130 613 salvi
2156 560 2275 629 faui
2305 577 2496 613 sumus.
2525 561 2588 614 Et
2623 562 2739 614 vide
2769 563 2889 629 quia
2920 563 2985 615 de
3013 564 3123 631 ipsa
3146 566 3316 620 salute
3348 575 3589 637 ρσηιοιοὶς

2003 651 2214 706 dicebat
2239 670 2249 703 :
2282 650 2345 703 In
2375 653 2763 718 nobismetipsis,
2794 655 2960 723 inquit
2986 695 2998 717 ,
3026 656 3396 725 ingemiscimits
3417 703 3429 725 ,
3456 664 3577 714 udo.

2008 743 2224 807 ptionem
2267 753 2644 809 exspectantes,
2692 745 3085 812 redemptionem
3137 752 3362 816 corporis
3405 757 3583 810 nostri.

2007 834 2112 903 Spe
2131 836 2260 887 enim
2283 836 2408 887 salvi
2429 836 2550 902 {acti
2569 853 2761 889 sumus.
2788 836 2916 907 Spes
2933 847 3097 890 autem
3112 856 3228 906 qute
3250 843 3460 907 videtur,
3487 861 3585 899 non

2007 936 2076 976 est
2102 941 2212 993 spes
2244 943 2262 976 :
2289 926 2424 992 quod
2453 928 2584 978 enim
2630 928 2761 979 videt
2784 930 2914 992 quis,
2946 929 3070 994 quid
3095 934 3304 1000 sperat?
3329 934 3391 986 Si
3418 947 3582 988 autem

2005 1017 2140 1084 quod
2164 1033 2263 1069 non
2287 1017 2505 1069 videmus
2525 1035 2804 1084 speramus,
2829 1036 2916 1088 per
2936 1021 3222 1088 patientiam
3246 1015 3584 1093 érspcctantus

2011 1107 2180 1176 (Rom.
2201 1107 2417 1172 "11,25,
2440 1107 2670 1178 23)..Qui
2691 1113 3104 1176 perseveraverit
3125 1130 3288 1182 usque
3320 1115 3371 1168 in
3402 1117 3578 1182 linem,

2010 1199 2120 1268 ipsa
2149 1208 2232 1253 est
2255 1200 2344 1253 illa
2371 1202 2620 1268 patientia
2655 1220 2667 1254 :
2703 1201 2793 1255 hic
2820 1203 2994 1257 salvus
3021 1205 3121 1258 erit
3151 1206 3363 1275 (Matth.
3394 1226 3447 1272 χ,
3478 1210 3559 1270 21.

2007 1299 2052 1342 et
2074 1305 2229 1352 xxrv,
2265 1287 2374 1360 l3),
2407 1291 2514 1359 ipsa
2548 1300 2629 1345 est
2671 1293 2816 1346 salus
2841 1309 2998 1362 quam
3025 1297 3254 1350 nondum
3283 1298 3539 1359 Ιιιιιιριιιιις
3564 1343 3578 1366 ι,

2007 1379 2097 1433 sed
2126 1381 2354 1436 habituri
2391 1400 2590 1437 sumus.
2621 1383 2863 1450 Nondum
2895 1396 2976 1439 est
3004 1403 3090 1441 res
3109 1429 3122 1450 ,
3149 1390 3241 1444 sed
3271 1403 3412 1446 certa
3439 1411 3578 1461 spies.

2003 1469 2075 1522 Et
2103 1472 2365 1524 exsultabit
2398 1472 2570 1542 lingua
2593 1491 2702 1528 mea
2718 1477 2971 1544 justitiam
3001 1487 3156 1533 tuam.

2076 1560 2162 1616 ‘20.
2208 1561 2391 1633 [vers.'
2420 1565 2502 1616 l7.
2583 1565 2794 1620 Domine
2821 1610 2835 1633 ,
2863 1568 2997 1622 labia
3037 1588 3146 1624 mea
3183 1574 3378 1641 (φονίοις
3410 1618 3424 1642 ,
3454 1590 3499 1632 et
3532 1598 3585 1630 os

2005 1670 2170 1707 meum
2208 1658 2523 1709 annnntiubit
2556 1658 2755 1711 laudem
2795 1670 2948 1715 tuum.
2984 1663 3204 1718 Laudent
3231 1676 3388 1729 tuam,
3416 1671 3533 1736 quia
3565 1672 3576 1699 '

2006 1757 2217 1801 creatus
2241 1764 2387 1809 sum;
2417 1749 2618 1803 laudem
2639 1761 2777 1804 tuam
2801 1794 2815 1817 ,
2848 1755 2967 1822 quia
3000 1770 3222 1822 peccans
3249 1775 3352 1812 non
3387 1761 3578 1815 dereli-

2007 1849 2120 1892 ctus
2149 1855 2264 1893 sum
2289 1861 2303 1903 ;
2333 1842 2530 1894 laudem
2558 1853 2713 1908 tuam,
2742 1845 2862 1914 quia
2894 1854 2948 1898 ut
2976 1848 3256 1902 conﬁterer
3279 1851 3578 1906 admonitus

2007 1946 2153 1993 sum;
2187 1932 2386 1984 laudent
2413 1943 2550 1985 tuam
2571 1977 2584 1997 ,
2617 1935 2736 2002 quia
2763 1946 2820 1988 ut
2848 1950 3067 1992 securus
3086 1953 3260 1996 essem
3299 1943 3578 1996 mundatus

2007 2035 2141 2074 smn.
2167 2020 2325 2075 Labia
2351 2040 2462 2076 utea
2485 2025 2696 2095 aperias,
2721 2035 2766 2079 et
2787 2041 2843 2080 os
2861 2043 3023 2081 meum
3043 2031 3358 2090 annuntiabit
3379 2032 3577 2087 laudent

2007 2123 2142 2165 tuam
2152 2152 2165 2166 .

2075 2203 2163 2259 21.
2190 2203 2344 2277 [rem
2367 2209 2459 2273 18,
2491 2209 2601 2282 19.]
2636 2212 2884 2279 Quoniam
2899 2215 2951 2269 si
2978 2215 3216 2272 voluisses
3243 2217 3569 2289 sacri/icium,

1987 2295 2252 2349 dedissem
2286 2297 2471 2366 utique.
2517 2300 2568 2351 lu
2613 2302 2706 2356 illo
2737 2314 2974 2374 tempore
3007 2317 3120 2361 erat
3151 2309 3338 2375 David,
3369 2313 3575 2381 quando

2005 2389 2261 2443 Sacriﬁcia
2303 2391 2633 2446 victimarum
2677 2395 2980 2455 animalium
3040 2399 3399 2456 oll'erebantur
3432 2404 3535 2458 Deo
3560 2447 3575 2470 ,

2004 2489 2058 2534 et
2083 2480 2291 2535 videbat
2315 2481 2428 2536 litec
2454 2482 2622 2537 futura
2659 2495 2914 2556 tempora.
2945 2489 3131 2546 Nonne
3160 2493 3210 2546 in
3254 2493 3335 2548 his
3364 2497 3575 2549 vocibus

2005 2588 2102 2628 nos
2148 2576 2522 2643 agnoscimus?
2569 2578 2728 2631 Erant
2758 2580 2841 2632 illa
2883 2582 3138 2638 sacriﬁcia
3177 2583 3578 2654 ligurata,pra:-

2006 2665 2294 2719 nuntiautia
2324 2684 2483 2722 unum
2506 2669 2732 2724 salutare
2753 2671 3088 2726 sacrilicium.
3120 2674 3225 2728 Nec
3251 2691 3346 2728 nos
3373 2677 3575 2731 dimissi

2003 2759 2118 2813 sine
2139 2759 2400 2813 sacriﬁcio
2422 2777 2624 2839 sumus,
2652 2763 2793 2832 quod
2821 2764 2928 2818 Deo
2949 2765 3250 2821 olferamus.
3281 2769 3411 2824 Audi
3437 2772 3575 2824 enim

1999 2852 2126 2921 quid
2161 2853 2302 2907 dicat
2341 2869 2518 2907 curam
2545 2870 2736 2924 gerens
2763 2872 2860 2926 pro
2890 2867 3108 2927 peccato
3151 2875 3266 2922 suo,
3297 2871 3351 2915 et
3379 2861 3575 2931 ignosci

2003 2942 2112 3021 sibi.
2133 2942 2534 2998 volensmalum
2565 2945 2702 3014 quod
2727 2945 2848 3000 fecit
2877 2966 2890 3001 :
2916 2948 2977 3002 Si
3002 2950 3256 3013 voluisses,
3285 2952 3471 3020 inquit,
3489 2971 3576 3007 sa-

2003 3033 2266 3100 eri/icium,
2289 3034 2531 3089 dedissem
2554 3037 2739 3105 utique.
2785 3037 3103 3093 Holocaustis
3124 3057 3223 3094 non
3239 3043 3576 3098 delectaberis.

2003 3124 2143 3178 Nihil
2189 3141 2316 3195 ergo
2365 3126 2683 3182 oﬂ'eremus?
2729 3128 2806 3182 sic
2853 3131 3125 3186 veniemus
3169 3133 3232 3186 ad
3277 3133 3484 3188 Deum?
3515 3136 3578 3192 Et

2005 3218 2141 3272 unde
2164 3218 2308 3272 illum
2333 3219 2694 3287 placabimus?
2714 3220 2858 3277 Oll'er
2882 3240 2896 3286 ς
2918 3239 3050 3277 sane
3080 3225 3129 3277 in
3163 3237 3214 3278 te
3244 3225 3404 3279 habes
3437 3227 3577 3296 qaed

1994 3309 2212 3364 'nll‘eras.
2241 3311 2357 3366 Noli
2385 3314 2715 3368 extrinsecus
2759 3314 2909 3370 thura
2948 3331 3278 3385 (‘0mparat‘c,
3327 3319 3419 3372 sed
3448 3319 3531 3372 die
3563 3339 3575 3368 :

2005 3401 2068 3455 In
2098 3420 2176 3456 me
2201 3414 2315 3456 sunt
2339 3446 2352 3469 ,
2380 3403 2539 3469 Deus,
2590 3415 2703 3458 vota
2742 3416 2848 3472 tuo,
2903 3424 3014 3476 qua:
3063 3408 3271 3461 reddam
3300 3408 3464 3462 laudis
3494 3411 3578 3462 tibi

2005 3493 2024 3566 (
2051 3492 2191 3547 Psal.
2223 3511 2307 3558 LV,
2351 3495 2416 3548 1‘2
2439 3496 2478 3565 ).
2509 3496 2624 3550 Noli
2649 3497 2977 3550 extrinsecus
3003 3513 3160 3564 pecus
3203 3499 3340 3562 quod
3383 3508 3578 3553 mactes

2005 3585 2291 3652 inquirere,
2321 3585 2482 3639 habes
2525 3587 2575 3639 in
2607 3596 2656 3640 te
2682 3587 2822 3656 quod
2850 3587 3078 3640 occidas.
3123 3589 3441 3654 Sacri/icium
3475 3589 3578 3642 Deo
3612 3584 3617 3596 ’

2002 3676 2209 3745 spiritus
2246 3676 2602 3729 contribulatus
2655 3692 2673 3729 :
2699 3694 2792 3730 cor
2836 3679 3102 3730 contritum
3155 3690 3201 3730 et
3253 3680 3575 3732 Itnmiliatnm

2003 3765 2142 3820 Deus
2173 3784 2270 3819 non
2297 3768 2506 3833 spernit.
2561 3768 2785 3822 Prorsus
2837 3769 3039 3835 spernit
3079 3780 3303 3830 taurum,
3350 3770 3574 3838 hircum,

2003 3859 2223 3910 arietem
2268 3875 2280 3910 :
2319 3858 2427 3925 jam
2469 3875 2572 3911 nun
2608 3867 2688 3912 est
2741 3869 2948 3928 tempus
2995 3869 3051 3912 ut
3105 3860 3216 3912 lucc
3265 3861 3574 3918 oderantur.

2004 3947 2189 4000 Oblata
2218 3957 2340 4000 sunt
2366 3964 2482 4002 cum
2515 3949 2708 4016 aliquid
2735 3950 3048 4010 iudicarent,
3086 3967 3206 4004 cum
3232 3954 3426 4017 aliquid
3455 3970 3576 4023 pro-

2007 4040 2311 4102 mitterent;
2356 4041 2685 4094 venientibus
2724 4040 2882 4094 rebus
2923 4043 3217 4109 promissis,
3270 4045 3576 4112 promissio-

2004 4150 2097 4188 nes
2136 4134 2325 4187 ablata)
2354 4142 2495 4187 sunt.
2539 4131 2637 4186 Cor
2677 4136 2945 4187 contritum
2996 4146 3041 4188 et
3089 4136 3402 4192 humiliatum
3429 4138 3576 4210 Deus

2005 4241 2104 4278 non
2155 4225 2365 4294 spernit.
2396 4223 2574 4278 Nostis
2621 4225 2738 4293 quia
2792 4226 3035 4280 excelsus
3077 4237 3156 4281 est
3201 4229 3385 4282 Deus:
3428 4230 3472 4283 si
3524 4238 3578 4285 te

2003 4317 2268 4370 excelsum
2292 4316 2499 4380 feceris,
2526 4317 2880 4385 longiuquabit
2900 4337 2926 4369 ει
2951 4329 3030 4379 te;
3059 4319 3103 4371 si
3132 4328 3181 4374 te
3199 4319 3574 4383 bumiliaveris.

2011 4408 2373 4476 propiuquabit
2400 4406 2467 4461 ad
2495 4416 2563 4460 te.

2071 4500 2163 4554 22.
2191 4500 2338 4573 [υειε.
2364 4498 2487 4571 20.]
2512 4500 2695 4554 Videte
2718 4501 2834 4570 quis
2861 4501 2959 4555 iste
2996 4501 3062 4554 sit
3095 4519 3107 4552 :
3141 4517 3275 4555 unus
3305 4500 3578 4556 videbatur

2004 4591 2277 4660 deprecari
2308 4583 2467 4644 David
2494 4633 2508 4656 ,
2540 4592 2713 4646 videte
2737 4593 2820 4645 hic
2848 4592 3125 4659 imaginem
3155 4602 3388 4645 nostram
3415 4603 3466 4646 et
3493 4602 3577 4664 ty.

2005 4701 2127 4754 pum
2158 4686 2426 4740 Ecclesia}.
2447 4686 2673 4756 Benigne
2703 4687 2802 4756 fac,
2834 4684 3066 4747 Domine,
3093 4685 3146 4736 in
3171 4685 3300 4737 bona
3325 4686 3578 4739 voluntate

2005 4785 2090 4828 tua
2120 4777 2267 4830 Sion.
2301 4776 2432 4830 Huic
2458 4776 2584 4832 Sion
2625 4777 2856 4844 benigne
2878 4775 2978 4828 fac.
3029 4775 3156 4841 Qtne
3194 4786 3273 4830 est
3297 4777 3462 4831 Sion?
3490 4777 3578 4833 Ci-

2003 4867 2138 4921 vitas
2162 4878 2362 4932 sancta.
2407 4868 2534 4934 Quae
2582 4877 2661 4920 cst
2686 4867 2874 4921 civitas
2919 4877 3098 4920 sancta
3121 4867 3143 4919 ?
3169 4867 3295 4934 Qua:
3323 4869 3576 4924 abscondi

2003 4974 2108 5012 non
2139 4966 2312 5027 potest
2343 4973 2501 5026 super
2535 4968 2765 5011 montem
2792 4959 3070 5011 constituta
3098 4958 3321 5030 (Matth.
3366 4977 3417 5021 v.
3449 4960 3573 5031 14).

2004 5048 2130 5102 Sion
2159 5050 2211 5101 in
2233 5048 2589 5116 speculatione
2614 5047 2733 5116 quia
2763 5046 2955 5116 aliquid
2986 5058 3187 5116 spectat
3213 5050 3350 5118 quod
3376 5063 3573 5120 sperat.

2008 5141 2383 5209 Interpretatur
2399 5144 2538 5193 enim
2567 5139 2692 5193 Sion
2718 5140 3015 5208 Speculatio
3043 5183 3058 5206 ,
3086 5152 3139 5195 et
3167 5142 3457 5196 Jerusalem
3489 5143 3570 5197 Vi-

2008 5234 2086 5286 sio
2115 5232 2280 5301 pacis.
2307 5232 2603 5300 Agnoscitis
2623 5247 2748 5299 ergo
2765 5248 2857 5285 vos
2887 5233 2937 5286 in
2958 5233 3081 5288 Sion
3110 5244 3162 5287 et
3184 5237 3233 5287 in
3255 5235 3568 5298 Jerusalem,

2004 5324 2048 5377 si
2079 5323 2209 5376 certi
2238 5323 2525 5391 expectatis
2553 5338 2699 5388 Spem
2737 5323 2982 5387 futuram,
3012 5336 3064 5377 et
3089 5326 3130 5377 si
3165 5341 3342 5392 pacem
3369 5324 3572 5377 habetis

2003 5431 2122 5470 cum
2155 5415 2283 5469 Deo.
2319 5413 2384 5466 Et
2397 5415 2704 5483 wdi/icentur
2732 5417 2861 5467 nutri
2894 5415 3192 5469 Jerusalem.
3229 5415 3444 5483 Benigne
3466 5416 3572 5481 far,

2007 5507 2241 5570 Domine,
2260 5507 2308 5558 in
2327 5505 2456 5558 bona
2482 5506 2736 5558 voluntate
2759 5494 3015 5569 tua'Sion,
3042 5516 3087 5560 et
3104 5503 3413 5570 aediﬁcentur
3443 5503 3576 5554 muri

2001 5597 2283 5652 Jerusalem
2310 5613 2327 5650 :
2353 5595 2466 5650 Non
2496 5597 2592 5648 sibi
2625 5597 2763 5649 enim
2792 5598 2987 5650 tribuat
3013 5597 3136 5651 Sion
3179 5595 3350 5662 aliqua
3382 5593 3571 5646 merita

2002 5704 2094 5746 sua
2129 5706 2143 5744 :
2174 5697 2228 5743 tu
2255 5701 2374 5743 cum
2407 5681 2492 5741 uni
2521 5688 2600 5742 fac
2631 5689 2871 5755 benigne.
2906 5688 3244 5755 riidiﬁcentur
3270 5683 3571 5737 muriJeru-

2069 5801 2086 5832 ⁸
2123 5806 2170 5847 tn
2196 5799 2441 5862 plerisque
2466 5807 2568 5847 Mss.
2590 5806 2882 5854 constanter,
2900 5811 3010 5858 qua.
