4004 6200
388 351 487 407 599

392 465 545 519 salem
582 478 602 517 :
644 460 969 516 munimenta
1012 460 1384 510 construantur
1420 448 1828 504 immortalitatis
1867 462 1964 502 no-

395 567 542 618 stras,
569 554 619 607 in
650 550 776 616 fide,
805 559 859 605 et
878 562 993 617 spe,
1024 554 1078 601 et
1102 544 1379 600 charitate.
1706 560 1737 588 ι

461 646 551 700 23.
592 642 739 715 [vers.
776 637 1060 712 2|.1'l'unc
1083 635 1364 706 acceptabis
1388 632 1690 701 sacriﬁcium
1718 629 1922 697 iustitia:
1947 646 1966 683 :

393 738 552 794 modo
579 744 757 789 autem
785 731 1102 787 sacrificium
1137 727 1540 798 proiuiquitate,
1570 722 1810 793 spiritum
1835 737 1963 776 con-

392 829 698 885 tribulatum
728 838 781 881 et
805 840 897 880 cor
929 824 1291 886 lmmiliatum;
1322 832 1444 874 tunc
1473 818 1786 873 sacrificium
1813 816 1970 886 justi-

393 923 479 976 liae
507 917 690 973 laudes
712 917 871 971 solas.
897 915 1042 970 Beati
1064 914 1204 969 enim
1223 912 1311 982 qui
1337 908 1574 964 habitant
1595 910 1646 962 in
1668 908 1831 962 domo
1855 919 1964 973 tua,

394 1012 445 1067 in
474 1010 666 1066 saecula
714 1008 1030 1065 smculorum
1086 1003 1371 1058 laudabunt
1411 1010 1463 1056 te
1502 999 1695 1071 (Psal.
1735 1013 1966 1069 Lxxxut,

394 1106 449 1177 5)
480 1122 495 1159 :
524 1104 628 1159 hoc
663 1111 744 1158 est
783 1102 923 1159 enim
953 1097 1267 1153 sacrificium
1315 1094 1558 1165 justitim.
1607 1092 1895 1147 Oblationes
1924 1099 1972 1144 et

396 1198 844 1251 Itolocaustomata.
896 1190 1024 1257 Qua:
1085 1196 1207 1242 sunt
1254 1181 1723 1239 holocaustomata?
1782 1180 1970 1234 Totum

398 1292 518 1360 igne
539 1295 927 1356 consumptum.
958 1281 1177 1349 Quando
1208 1289 1373 1334 totum
1404 1292 1564 1346 pecus
1602 1273 1973 1341 imponebatur

398 1396 505 1435 arte
532 1380 651 1450 igne
678 1373 1117 1437 consumendum,
1147 1370 1510 1425 holocaustum
1538 1365 1829 1421 dicebatur.
1862 1362 1967 1417 To-

401 1484 484 1528 tos
511 1487 608 1527 nos
634 1470 847 1525 divinus
876 1464 1011 1537 ignis
1030 1464 1290 1526 absumat,
1321 1468 1375 1516 et
1394 1458 1570 1514 fervor
1595 1457 1687 1511 ille
1715 1465 1854 1509 totos
1880 1469 1970 1507 ar-

402 1567 580 1636 ripiat.
606 1562 736 1632 Quis
760 1558 973 1616 fervor?
1002 1556 1111 1611 Nec
1142 1564 1212 1610 est
1238 1554 1322 1623 qui
1366 1568 1419 1605 se
1446 1549 1723 1606 abscondat
1749 1564 1780 1600 a
1807 1546 1976 1600 calore

404 1661 512 1729 ejus
553 1654 736 1728 (Psal.
783 1668 937 1719 xvut,
997 1650 1086 1721 7).
1138 1647 1269 1716 Quis
1316 1643 1528 1699 fervor?
1576 1642 1652 1697 De
1697 1654 1802 1710 quo
1842 1638 1976 1693 dicit

406 1747 731 1819 Apostolus,
799 1743 1013 1814 Spiritu.
1083 1741 1325 1811 ferventes
1395 1734 1581 1807 (Rom.
1644 1747 1763 1796 xu,
1842 1730 1903 1785 ll
1934 1729 1975 1798 ).

406 1841 519 1896 Non
544 1849 743 1896 tantum
788 1836 964 1891 anima
1007 1840 1185 1887 nostra
1235 1830 1543 1884 absumatur
1566 1824 1634 1879 ab
1662 1823 1756 1877 illo
1794 1821 1975 1881 divina

407 1936 528 2005 igne
574 1928 867 2001 sapientim,
898 1924 994 1980 sed
1017 1932 1073 1979 et
1097 1936 1291 1990 corpus
1318 1925 1577 1978 nostrum,
1626 1923 1684 1968 nt
1717 1914 1982 1967 mereatur

408 2028 480 2081 ibi
505 2022 951 2080 immortalitatem
992 2012 1051 2082 r;
1097 2016 1175 2070 sic
1224 2013 1429 2067 levetur
1478 2008 1844 2063 holocaustum
1873 2043 1889 2070 ,
1921 2014 1982 2057 ut

408 2117 753 2175 absorbeatur
776 2127 920 2168 mors
950 2111 1003 2164 in
1025 2107 1298 2163 victoriam
1330 2100 1529 2176 (lCor.
1557 2114 1653 2166 xv,
1684 2097 1804 2168 54).
1831 2093 1983 2151 Obla-

410 2210 568 2263 tiones
609 2215 659 2260 et
678 2204 1123 2259 hoiocaustomata.
1155 2194 1300 2250 Tunc
1343 2194 1601 2263 imponent
1642 2203 1795 2259 super
1816 2186 1978 2240 altare

411 2309 553 2352 tuum
572 2294 773 2350 vitulos.
796 2290 947 2349 Unde
974 2287 1154 2344 vitulos
1169 2287 1194 2339 ?
1220 2282 1359 2353 Quid
1396 2281 1466 2336 ibi
1496 2278 1694 2349 eliget?
1721 2277 1984 2333 Innocen-

419 2390 548 2444 tiam
578 2401 730 2441 novae
756 2383 947 2445 anatis,
976 2378 1235 2435 anlibera
1259 2373 1399 2429 colla
1424 2386 1453 2426 a
1475 2370 1604 2441 jugo
1628 2367 1797 2438 legis?

479 2478 572 2536 24.
615 2476 856 2533 Psalmus
897 2473 951 2527 in
980 2470 1196 2526 nomine
1223 2464 1443 2528 Christi,
1476 2463 1574 2517 etsi
1617 2459 1752 2514 forte
1795 2474 1899 2513 non
1928 2466 1986 2511 ιιι

412 2574 678 2636 volumus,
722 2573 1084 2623 verumtamen
1114 2568 1171 2615 ut
1215 2557 1503 2628 potuimus,
1548 2551 1856 2608 terminatus
1882 2556 1985 2602 est.

407 2663 598 2721 Restat
635 2659 815 2732 paucis
861 2657 1057 2725 alloqui
1102 2666 1199 2707 vos
1222 2692 1238 2714 ,
1292 2650 1519 2725 fratres,
1559 2653 1774 2715 propter
1824 2638 1986 2694 multa

414 2756 548 2812 mala
578 2755 714 2808 inter
741 2764 860 2822 qua:
892 2746 1135 2802 vivimus.
1163 2740 1348 2813 Neque
1375 2739 1518 2793 enim
1545 2736 1786 2790 viventes
1810 2732 1864 2787 in
1901 2746 1989 2786 rc—

414 2849 513 2905 bus
540 2843 784 2901 humauis
810 2881 825 2905 ,
865 2840 1093 2908 migrare
1120 2845 1402 2906 possumus
1443 2844 1473 2883 a
1514 2827 1679 2884 rebus
1721 2823 1986 2880 humanis.

414 2942 544 2998 Cum
575 2935 851 2994 tolerantia
880 2929 1163 2987 vivendum
1185 2936 1269 2982 est
1289 2923 1444 2980 nobis
1464 2924 1601 2977 inter
1620 2920 1789 2975 malos
1818 2936 1834 2973 :
1865 2916 1988 2988 quia

416 3046 537 3087 cum
564 3028 686 3083 mali
712 3037 973 3084 essemus,
1000 3036 1120 3076 cum
1161 3016 1439 3073 tolerantia
1465 3014 1710 3067 vixerunt
1737 3010 1860 3065 boni
1908 3009 1990 3062 in-

417 3132 499 3176 ter
522 3134 640 3174 nos.
668 3116 782 3172 Non
808 3112 1186 3167 obliviscentes
1205 3105 1331 3177 quid
1361 3103 1638 3164 fuerimus,
1662 3115 1769 3154 non
1793 3099 1988 3168 despe-

418 3213 652 3271 rabimus
677 3209 744 3264 de
772 3208 855 3262 his
882 3205 971 3276 qui
998 3217 1136 3257 nunc
1164 3210 1288 3255 sunt
1323 3197 1465 3267 quod
1494 3194 1713 3249 fuimus.
1755 3191 1985 3247 Verum-

419 3316 617 3367 tamen,
646 3296 962 3360 cltarissimi,
989 3294 1040 3349 in
1069 3299 1213 3347 tanta
1236 3303 1442 3344 morum
1469 3280 1776 3340 diversitate
1800 3289 1855 3337 et
1880 3290 1986 3334 tam

419 3391 717 3452 detestabili
764 3384 1088 3455 corruptela,
1132 3380 1299 3451 regite
1322 3377 1512 3433 domos
1551 3383 1754 3429 vestras
1778 3412 1794 3438 ,
1822 3370 1991 3441 regite

426 3486 566 3543 ﬁlios
591 3492 820 3546 vestros,
872 3477 1038 3546 regite
1086 3471 1310 3527 familias
1334 3475 1542 3523 vestras
1564 3461 1889 3532 ’.Qnomodo
1922 3460 1989 3514 ad

419 3594 518 3636 nos
549 3574 776 3649 pertinet
799 3570 851 3625 in
876 3565 1114 3625 Ecclesia
1139 3561 1279 3632 loqui
1308 3559 1477 3621 vobis,
1509 3556 1587 3611 sic
1609 3554 1676 3610 ad
1716 3549 1994 3621 vos'perti-

420 3679 510 3728 net
544 3646 595 3724 in
642 3663 890 3722 domibus
915 3657 1104 3714 vestris
1150 3667 1327 3725 agere,
1385 3665 1442 3704 ut
1492 3649 1684 3705 bonam
1730 3646 1991 3700 rationem

420 3760 652 3821 reddatis
674 3757 740 3812 de
762 3754 846 3810 his
872 3751 959 3823 qui
982 3747 1129 3803 vobis
1154 3752 1278 3800 sunt
1301 3739 1520 3797 subditi.
1561 3741 1718 3793 Amat
1744 3737 1881 3791 Deus
1905 3734 1957 3788 di

419 3853 716 3924 seiplinam.
769 3846 1026 3901 Perversa
1068 3845 1243 3892 autem
1270 3842 1326 3889 et
1370 3830 1502 3886 falsa
1543 3826 1840 3924 innocentia
1888 3833 1991 3890 est,

421 3918 657 4000 habenas
678 3940 854 3992 laxare
880 3930 1131 4003 peccatis.
1161 3924 1331 3982 Valde
1356 3921 1632 3985 inutiliter,
1664 3918 1831 3973 ’valde
1876 3932 1999 3987 per-

422 4024 623 4094 niciose
673 4029 832 4084 sentit
860 4026 996 4080 filius
1042 4019 1205 4093 patris
1249 4017 1555 4079 lenitatem,
1589 4020 1645 4067 ut
1674 4020 1854 4081 postea
1904 4009 1995 4063 Dei

422 4127 619 4185 sentiat
643 4120 975 4176 severitatem
1000 4133 1013 4167 :
1042 4113 1214 4168 ethoc
1240 4124 1344 4164 non
1367 4107 1533 4169 solus,
1561 4103 1654 4159 sed
1681 4118 1802 4156 cum
1826 4100 1998 4155 disSo-

423 4212 534 4276 lu'to
560 4223 711 4289 patre
728 4227 842 4267 suo.
870 4206 1005 4277 Quid
1026 4203 1206 4259 enim?
1229 4201 1284 4256 Si
1316 4201 1429 4268 ipse
1454 4201 1787 4289 nonApeccat,
1817 4200 1872 4246 et
1891 4207 1996 4289 non

425 4281 711 4379 facit-quod
740 4302 876 4356 ﬁlius
901 4297 1036 4368 ejus,
1071 4294 1192 4349 ideo
1220 4306 1323 4345 non
1354 4289 1513 4344 debet
1533 4285 1736 4379 ab‘ipsa
1762 4281 1995 4379 nequitia

424 4372 936 4470 filium-prohibere?
963 4389 1043 4442 Au
1071 4385 1207 4440 forte
1239 4390 1298 4437 ut
1321 4381 1563 4435 videatur
1596 4375 1706 4431 lilio
1726 4374 1842 4443 ejus
1875 4372 1996 4470 quia

423 4505 478 4553 et
502 4463 652 4566 pater
677 4486 799 4543 talia
827 4482 1042 4547 faceret,
1086 4477 1187 4531 nisi
1207 4470 1511 4566 senuisset?
1540 4469 1825 4566 Peccatum
1854 4463 1995 4566 quod

425 4557 519 4644 tibi
543 4600 649 4641 non
669 4578 911 4652 displicet
937 4575 989 4629 in
1018 4570 1123 4626 ιιιιο
1141 4577 1251 4631 ιιιο,
1277 4558 1509 4620 delectat
1528 4572 1579 4617 te
1600 4578 1614 4628 ;
1637 4560 1730 4617 sed
1754 4567 1883 4614 mtas
1907 4557 2002 4612 de-

425 4680 611 4745 seruit,
644 4692 747 4731 non
775 4669 1056 4742 cupiditas.
1086 4663 1333 4726 Maxime,
1359 4658 1550 4713 fratres
1587 4655 1712 4716 mei,
1747 4652 1883 4707 filios
1909 4665 2002 4706 ve-

425 4780 566 4825 stros
601 4743 787 4823 ﬁdeles
826 4759 1099 4822 attendite,
1128 4768 1262 4826 quos
1289 4746 1600 4825 fidedixistis
1619 4745 1641 4777 ⁸
1676 4752 1733 4798 ιιι
1760 4743 1999 4813 ιιιιριίῑιτ

424 4872 629 4922 rentur.
654 4859 760 4915 Sed
784 4857 924 4913 forte
951 4850 1167 4925 negligit
1195 4845 1366 4903 malus
1395 4842 1539 4896 filius
1558 4838 1644 4894 vel
1670 4836 1870 4892 monita
1901 4850 2000 4905 pa-

426 4958 543 5019 tris,
599 4954 685 5008 vel
729 4948 1172 5020 objurgationem,
1225 4940 1311 4994 vel
1339 4934 1679 4993 severitatem
1708 4947 1724 4986 :
1757 4938 1812 4984 ιιι
1840 4926 2002 4998 imple

426 5058 708 5121 personam
731 5050 872 5096 tuam
897 5057 913 5106 ;
948 5039 1086 5092 Deus
1107 5034 1175 5089 de
1214 5031 1305 5087 illo
1324 5026 1485 5098 exigit
1513 5038 1686 5081 suam.

433 5129 2001 5173 ________________________.____—

883 5203 964 5265 IN
1006 5196 1387 5263 PSALMUM
1428 5193 1507 5255 LI

993 5313 1407 5376 ENARBATIO.

946 5445 1117 5488 SERIO
1153 5446 1221 5485 AD
1259 5441 1520 5483 POPULUI.

497 5563 552 5620 1.
586 5554 831 5614 Psalmus
850 5545 1026 5605 brevis
1054 5549 1138 5598 est
1160 5582 1175 5607 ,
1203 5539 1272 5595 de
1314 5551 1420 5607 quo
1457 5531 1777 5604 loquendum
1818 5543 2004 5585 susce.

1049 5655 1204 5708 eruam
1218 5658 1269 5703 ut
1282 5686 1298 5712 ,
1331 5657 1384 5701 et
1406 5662 1470 5700 ex
1488 5648 1549 5698 iis
1567 5641 1782 5695 nonnulli
1798 5640 1964 5692 ferunt
1986 5652 2005 5691 :

965 5714 1335 5773 inmortalitate.

493 5784 514 5830 ἱ
535 5784 749 5856 ’ῥάθωω
772 5800 861 5840 MSS
883 5823 901 5848 9
918 5784 1333 5856 5W.W'9§'..g-
1385 5835 1458 5856 ,ιιι

495 5824 517 5892 λ
1376 5835 1460 5886 Alii
1498 5839 1605 5883 uss.
1630 5835 1860 5893 quatuor,
1873 5824 2000 5891 ﬁde-

1616 336 1671 389 S.
1713 332 2072 390 AUGUSTINI
2115 333 2407 391 EPISCOPI

3535 334 3645 392 000

2067 449 2243 518 pimus
2283 448 2538 506 Charitati
2565 449 2769 508 Vestrae
2803 451 2937 507 :sed
2966 451 3173 508 titulum
3203 451 3362 508 habet
3400 451 3644 533 aliquan-

2069 542 2236 597 tulum
2280 544 2630 614 negotiosum.
2661 543 2932 601 Patienter
2957 561 3087 618 ergo
3112 547 3371 604 sustinete
3396 564 3514 614 nos,
3544 549 3645 605 do-

2071 649 2171 688 nec
2197 634 2344 689 illum
2365 634 2676 703 suademus,
2702 644 2761 691 ut
2785 652 3086 707 possumus,
3108 647 3360 709 quantum
3383 638 3644 711 adjuvet-it

2071 726 2349 782 Dominus.
2372 726 2552 799 Neque
2579 730 2719 783 enim
2745 730 2939 799 passim
2968 730 3335 801 praetereunda
3356 740 3480 787 sunt
3498 732 3643 794 haec;

2072 818 2495 889 quandoquidem
2526 820 2717 890 placuit
2744 821 3027 887 fratribus,
3054 837 3163 879 non
3188 832 3391 878 tantum
3432 839 3562 879 aure
3593 835 3648 878 et

2076 909 2236 964 corde
2257 951 2274 978 ,
2303 911 2396 966 sed
2439 920 2494 965 et
2520 912 2660 984 stylo
2685 912 2993 983 excipienda
3016 930 3138 985 qua:
3161 913 3388 970 dicimus
3419 932 3432 968 :
3463 924 3647 969 utnon

2075 1002 2368 1056 auditorem
2397 1010 2622 1066 tantum,
2650 1002 2747 1058 sed
2775 1011 2831 1058 et
2856 1003 3105 1060 lectorem
3124 1004 3285 1060 etiam
3306 1005 3539 1076 cogitare
3556 1005 3651 1060 de-

2077 1092 2315 1147 beamus.
2343 1092 2475 1148 Nata
2495 1102 2578 1149 est
2613 1094 2829 1164 quidem
2867 1094 3078 1151 occasio
3102 1096 3310 1165 psalmo
3334 1095 3458 1152 huic
3500 1111 3567 1151 ex
3592 1111 3653 1152 re

2076 1184 2302 1254 quadam
2327 1197 2497 1257 gesta,
2526 1203 2687 1257 quam
2715 1188 2866 1243 vobis
2907 1190 3065 1244 etiam
3098 1188 3322 1246 fecimus
3348 1190 3556 1246 recitari
3587 1189 3657 1246 de

2075 1276 2213 1359 libro
2271 1277 2592 1345 Regnorum.
2653 1280 2779 1335 Saﬁl
2849 1283 2990 1336 enim
3030 1298 3125 1336 rex
3176 1298 3282 1336 non
3329 1282 3395 1336 ad
3443 1298 3655 1354 perma-

2076 1367 2306 1421 nendum
2334 1371 2532 1425 electus
2558 1386 2588 1425 a
2620 1371 2860 1437 Domino,
2892 1372 2985 1427 sed
3007 1372 3299 1428 secundum
3348 1374 3526 1443 populi
3561 1388 3659 1428 cor

2080 1456 2273 1512 durum
2316 1469 2370 1514 et
2395 1459 2592 1516 malum
2617 1460 2774 1517 datus
2799 1462 2864 1515 ad
2890 1476 3073 1516 eorum
3100 1461 3520 1532 correptionem,
3551 1479 3658 1517 non

2081 1549 2147 1603 ad
2196 1548 2475 1607 utilitatem
2513 1549 2573 1624 (Ι
2604 1552 2731 1624 Reg.
2763 1569 2872 1616 vui,
2905 1552 2999 1625 7),
3040 1553 3326 1609 secundum
3362 1553 3502 1609 illam
3530 1569 3660 1611 sen-

2082 1641 2300 1696 tentiam
2348 1651 2648 1698 sanctarum
2696 1644 3126 1714 Scripturarum,
3174 1661 3293 1717 qua:
3331 1646 3407 1700 ait
3429 1645 3498 1701 de
3526 1646 3655 1709 Deo,

2086 1734 2187 1800 Qui
2204 1752 2415 1805 regnare
2441 1737 2569 1809 facit.
2582 1739 2833 1793 hominem
2861 1740 3192 1816 hypocritam,
3220 1729 3430 1812 prapter
3461 1759 3663 1813 perver-

2081 1825 2280 1880 sitatem
2300 1828 2478 1898 populi
2500 1828 2519 1899 (
2539 1827 2641 1883 Job
2679 1845 2878 1897 xxxiv,
2904 1830 2996 1902 50)
3024 1848 3038 1885 :
3071 1846 3194 1886 cum
3214 1846 3343 1903 ergo
3367 1834 3488 1887 talis
3514 1841 3665 1888 esset

2084 1917 2211 1972 Saul
2238 1959 2255 1984 ,
2304 1920 2716 1990 persequebatur
2758 1921 2920 1975 David
2946 1920 3008 1994 (l
3050 1921 3179 1994 Reg.
3228 1924 3661 1994 xv1u-xxtv),in

2083 2024 2189 2080 quo
2242 2009 2379 2065 Deus
2424 2009 2795 2082 pnefigurabat.
2832 2027 3052 2083 regnum
3100 2013 3289 2068 salutis
3338 2023 3578 2079 aeternae,
3609 2022 3670 2068 et

2084 2114 2241 2170 quem
2293 2101 2430 2156 Dens
2474 2102 2706 2172 elegerat
2751 2118 3155 2175 permansurum
3183 2104 3235 2159 in
3278 2104 3482 2160 semine
3529 2119 3665 2171 suo;

2085 2195 2511 2267 quandoquidem
2552 2197 2761 2253 futurus
2785 2208 2905 2254 erat
2941 2214 3037 2253 rex
3063 2208 3266 2262 noster,
3296 2214 3391 2254 rex
3440 2199 3671 2254 sacculo-

2085 2303 2206 2344 rum
2248 2304 2369 2345 cum
2403 2304 2509 2361 quo
2544 2291 2811 2361 regnaturi
2840 2305 3025 2347 sumus
3062 2291 3112 2346 in
3158 2300 3437 2359 teter-num,
3460 2305 3527 2346 ex
3577 2303 3671 2345 se-

2088 2380 2233 2437 mine
2275 2381 2440 2452 ipsius
2498 2382 2659 2437 David
2694 2382 2987 2438 secundum
3024 2396 3239 2437 carnem
3271 2381 3461 2453 (Rom.
3494 2396 3530 2444 1,
3572 2380 3667 2452 3).

2089 2474 2220 2530 Cum
2248 2490 2376 2545 ergo
2420 2475 2581 2530 David
2635 2476 2772 2530 Deus
2814 2475 3083 2545 elegisset,
3108 2483 3166 2529 et
3211 2473 3587 2544 praeelegisset,
3611 2484 3673 2529 et

2090 2568 2518 2639 prtedestinasset
2562 2568 2627 2622 ad
2671 2583 2909 2637 regnum,
2939 2550 3131 2621 noluit
3172 2573 3227 2620 et
3277 2565 3449 2635 ipsum
3507 2565 3672 2620 David

2088 2669 2211 2715 ante
2258 2675 2475 2731 regnum
2523 2669 2702 2715 tenere
2724 2701 2738 2725 ,
2769 2674 2925 2730 quam
2965 2660 3134 2729 primo
3160 2675 3188 2711 a
3220 2657 3664 2729 persequentibus

2090 2751 2378 2819 liberaret;
2428 2761 2483 2808 ut
2510 2754 2667 2808 etiam
2694 2754 2744 2808 in
2783 2754 2884 2808 hoc
2911 2752 3029 2823 ipso
3057 2752 3307 2822 figuraret
3338 2766 3457 2814 nos,
3504 2750 3555 2805 id
3584 2761 3671 2805 est

2088 2859 2284 2916 corpus
2307 2845 2440 2916 ejus,
2468 2844 2619 2914 cujus
2645 2845 2882 2914 corporis
2906 2855 3064 2912 caput
3080 2842 3323 2898 Christus
3353 2843 3373 2914 (
3388 2842 3581 2897 Coloss.
3623 2858 3669 2906 1,

2095 2938 2161 2994 18
2180 2935 2221 3011 ).
2248 2937 2416 2992 Porro
2442 2938 2584 2991 enim
2610 2936 2654 2991 si
2680 2937 2851 3006 ipsum
2882 2945 3039 3005 caput
3078 2944 3318 2990 nostrum
3357 2933 3473 2989 sine
3503 2934 3677 3005 primo

2094 3040 2310 3101 peracto
2340 3030 2518 3084 labore
2536 3028 2586 3083 in
2615 3039 2774 3093 terra,
2795 3029 2845 3082 in
2868 3029 3007 3084 crelo
3034 3042 3258 3099 regnare
3272 3027 3470 3091 noluit,
3494 3040 3673 3097 neque

2091 3121 2271 3176 levare
2316 3136 2526 3175 sursum
2578 3135 2771 3191 corpus
2817 3119 2957 3190 quod
3008 3118 3259 3176 deorsum
3288 3118 3513 3190 accepit,
3565 3119 3675 3175 nisi

2094 3226 2190 3281 per
2216 3212 2565 3267 tribulationis
2588 3212 2722 3265 viam
2746 3228 2759 3277 ;
2784 3211 2909 3281 quid
2932 3210 3132 3266 audent
3155 3211 3392 3266 membra
3422 3226 3664 3281 sperare.
3714 3214 3717 3215 ⁷

2092 3306 2265 3376 capite
2307 3319 2403 3359 suo
2431 3305 2595 3374 magis
2619 3319 2676 3359 se
2707 3320 2862 3374 posse
2881 3314 3010 3360 'esse
3045 3304 3261 3359 felicia?
3289 3304 3367 3375 Si
3396 3309 3679 3377 patremfa—

2093 3397 2259 3451 milias
2283 3395 2555 3451 Beelzebub
2594 3406 2892 3450 vocaverunt
2923 3437 2939 3460 ,
2976 3406 3165 3469 quanto
3189 3397 3347 3467 magis
3376 3395 3680 3450 domesticos

2093 3490 2202 3561 ejus
2231 3489 2453 3560 (Matth.
2484 3506 2537 3553 x,
2566 3487 2712 3561 25)?
2740 3489 2853 3544 Non
2884 3504 3011 3559 ergo
3039 3504 3315 3559 speremus
3339 3486 3674 3545 molliorem'

2097 3580 2235 3635 viam
2261 3598 2273 3632 :
2306 3595 2407 3650 qua
2430 3581 2703 3650 prmcessit
2729 3595 2933 3647 eamus,
2961 3597 3063 3650 qua
3095 3580 3245 3635 duxit
3282 3595 3587 3650 sequamur.
3615 3579 3676 3636 Si

2096 3675 2238 3728 enim
2290 3689 2320 3727 a
2354 3675 2577 3744 vestigio
2604 3673 2720 3743 ejus
2764 3675 3148 3741 aberravimus,
3175 3677 3431 3746 perimus.
3464 3676 3520 3730 ln
3572 3676 3680 3730 hoc

2095 3781 2222 3837 ergo
2254 3765 2414 3820 David
2453 3766 2577 3837 quid
2608 3765 3062 3837 pneligurabatur,
3092 3766 3283 3822 videtis
3326 3783 3340 3819 :
3370 3782 3497 3837 ergo
3519 3775 3575 3821 et
3619 3767 3677 3821 in

2096 3858 2223 3914 Saftl
2248 3857 2371 3929 quid
2405 3858 2854 3927 prtefignrabatnr,
2882 3857 3072 3912 videtis
3105 3873 3361 3928 :regnum
3387 3857 3585 3919 malum
3614 3856 3672 3911 in

2097 3952 2241 4017 Saitl,
2268 3965 2488 4020 regnum
2515 3950 2710 4004 bonum
2739 3950 2790 4004 in
2820 3949 2982 4005 David
3014 3967 3028 4004 :
3059 3966 3202 4005 mors
3222 3951 3274 4005 in
3306 3948 3461 4014 Sani,
3487 3958 3541 4005 et
3567 3949 3675 4003 vita

2100 4043 2151 4095 in
2186 4041 2368 4095 David.
2396 4042 2602 4095 Etenim
2646 4056 2743 4095 nos
2796 4057 2901 4095 non
2966 4042 3298 4111 persequitur
3351 4039 3453 4095 nisi
3504 4055 3678 4107 mors,

2097 4133 2164 4187 de
2209 4145 2313 4203 qua
2363 4132 2414 4185 in
2456 4129 2560 4186 ﬁne
2605 4129 3077 4199 triumphabimus,
3130 4129 3367 4185 dicentes
3399 4146 3416 4184 :
3443 4127 3542 4185 Ubi
3581 4140 3679 4196 est,

2098 4241 2251 4292 mors,
2277 4225 2523 4279 contentio
2549 4224 2677 4277 tua?
2716 4222 2801 4277 ubi
2824 4235 2914 4288 est,
2937 4240 3091 4291 mors,
3117 4222 3319 4277 aculeus
3332 4232 3457 4283 tuus
3481 4223 3500 4290 (
3514 4221 3538 4277 l
3556 4222 3677 4278 Cor.

2099 4333 2189 4384 xv,
2207 4317 2296 4387 55)
2317 4315 2340 4368 ?
2366 4315 2502 4382 Quid
2523 4324 2605 4370 est
2628 4315 2768 4385 quod
2797 4315 2934 4379 dico,
2970 4330 3075 4368 non
3101 4329 3198 4368 nos
3216 4314 3555 4387 persequitur
3575 4314 3711 4369 nisi.

2102 4408 2286 4462 mors?
2328 4407 2458 4475 Quia
2489 4407 2589 4462 nisi
2619 4406 2870 4461 mortales
2913 4420 3189 4482 essemus,
3222 4421 3328 4458 non
3368 4413 3511 4459 esset
3535 4404 3681 4475 quod

2103 4499 2257 4553 nobis
2291 4497 2496 4553 faceret
2521 4497 2784 4552 inimicus.
2815 4496 3077 4566 Numquid
3104 4495 3245 4549 enim
3278 4495 3499 4565 Angelis
3522 4494 3684 4567 quid-

2103 4605 2260 4662 quam
2313 4588 2487 4645 facit?.
2515 4590 2653 4660 Ergo
2699 4590 2856 4643 etiam
2904 4588 3012 4657 ipsa
3042 4601 3185 4641 mors
3207 4628 3223 4652 ,
3249 4600 3278 4640 a
3310 4601 3412 4657 qua
3450 4587 3686 4643 maxime

2106 4685 2361 4739 habemus
2383 4684 2828 4754 persecutionem,
2849 4683 3001 4749 cujus
3029 4680 3208 4735 finitur
3229 4679 3283 4734 in
3313 4680 3417 4734 line
3446 4687 3685 4736 conten-

2104 4779 2180 4834 tio
2207 4794 2327 4834 cum
2356 4774 2802 4833 resurrexerimus
2826 4789 2855 4828 ιι
2885 4774 3129 4839 mortuis,
3161 4773 3299 4826 sicut
3324 4769 3473 4825 (inita
3510 4780 3595 4825 est
3620 4771 3687 4826 in

2106 4872 2279 4944 capite
2337 4879 2541 4934 nostro,
2568 4904 2569 4909 η
2596 4860 2674 4922 sic
2718 4864 2928 4921 finietur
2953 4874 3009 4918 et
3035 4864 3086 4917 in
3135 4862 3310 4928 nobis,
3340 4861 3384 4916 si
3405 4861 3534 4931 justi
3563 4859 3685 4915 fue-

2107 4964 2276 5019 rimus
2323 4960 2544 5017 inventi.
2583 4957 2715 5013 Nam
2754 4953 2995 5011 mortuus
3043 4954 3130 5009 ille
3155 4953 3343 5008 mortis
3372 4949 3686 5007 interfector

2108 5056 2220 5119 fuit,
2254 5063 2307 5108 et
2336 5052 2500 5123 magis
2527 5052 2578 5105 in
2616 5050 2705 5103 illo
2733 5064 2877 5104 mors
2904 5057 3109 5102 mortua
3133 5056 3249 5113 est,
3281 5060 3442 5116 quam
3473 5045 3591 5116 ipse
3623 5049 3684 5099 in

2107 5156 2297 5202 tuortc.

2178 5239 2232 5294 2.
2267 5236 2502 5305 Denique
2522 5233 2680 5288 etiam
2708 5246 2901 5291 nomen
2930 5230 3100 5299 ipsum
3120 5228 3165 5283 si
3186 5225 3548 5293 attendamus,
3572 5242 3685 5282 non

2107 5339 2190 5386 est
2212 5329 2325 5385 sine
2342 5325 2614 5399 mysterio.
2630 5323 2760 5379 Nam
2784 5322 2909 5379 Saﬁl
2939 5322 3313 5390 interpretatur
3336 5317 3551 5383 Petilio,
3577 5317 3687 5371 hoc

2107 5435 2190 5483 est
2209 5423 2479 5495 appetitio.
2511 5420 2649 5489 Quid
2671 5420 2812 5475 enim
2850 5418 3092 5474 dubitare
3119 5415 3372 5471 debemus
3400 5426 3501 5468 nos
3524 5412 3686 5468 nobis

2108 5506 2295 5574 fecisse
2320 5523 2545 5571 mortem
2571 5511 2763 5566 istam?
2803 5512 2844 5565 A
2876 5498 3097 5582 peccato
3122 5508 3265 5563 enim
3298 5505 3528 5560 hominis
3555 5513 3685 5560 nata

2344 5636 2418 5706 ‘At
2455 5623 2901 5706 ιλιγἐξ
2923 5631 3020 5706 :_et
3046 5620 3683 5706 gsigmilioﬁlngntmng

2106 5678 2458 5745 idem—verbum
2481 5678 2844 5743 adhibitum'est
2857 5699 3023 5750 supra,
3046 5686 3095 5734 in
3112 5690 3273 5735 Enarr.
3292 5679 3412 5732 Psal.
3428 5678 3511 5740 ω.
3524 5691 3686 5731 set-tn.

2105 5759 2158 5819 δ’
2176 5756 2299 5870 9'53:
2318 5822 2392 5871 Er.
2416 5822 2468 5866 et
2491 5789 2600 5864 ιιεεί
2620 5819 2676 5863 tu
2691 5819 2823 5874 ιρι,
2846 5808 3104 5862 auctiorem.
