4004 6200
406 409 506 460 605

405 535 581 576 regem
613 509 912 570 Abimclecb
945 479 1238 562 immutavii
1264 497 1449 553 faciem
1480 505 1657 552 suam,
1686 496 1741 542 et
1769 481 1975 538 dimisit

407 575 558 675 «uno,
587 616 640 661 et
675 605 835 658 abiit:
871 600 1053 654 titulus
1086 605 1259 648 autem
1302 586 1498 644 Psalmi
1519 586 1596 637 sic
1616 581 1845 648 scriptus
1870 586 1970 675 est,

413 705 624 772 Quando
642 699 917 753 immutarit
934 695 1120 749 vultum
1138 707 1283 745 suum.
1301 701 1467 740 corum
1491 677 1773 736 Abimelech
1799 671 1968 745 (Paul.

410 812 596 856 xxxiii,
630 794 721 863 l):
753 793 862 859 ipsa
894 787 1058 856 magis
1084 782 1302 836 mutatio
1328 775 1552 828 nominis
1582 772 1632 824 iu
1663 772 1972 836 mysterium

412 889 528 941 facit
552 861 796 945 intentos,
824 897 888 934 ne
908 890 1152 945 tauquam
1173 887 1255 925 res
1287 867 1520 922 historia:
1549 861 1903 930 persequaris,
1925 861 1977 904 et

412 978 648 1032 saerata‘
669 977 776 1029 vela
800 983 1127 1026 contemnas.
1155 966 1455 1018 Discussum
1477 969 1665 1010 nomen
1693 953 1743 1004 in
1774 948 1978 1019 psalmo

411 1074 500 1125 illo
523 1113 535 1130 ,
580 1069 716 1138 quod
748 1074 831 1121 est
863 1059 1166 1117 Abimelecb
1187 1099 1199 1120 ,
1237 1052 1498 1108 invenitur
1540 1049 1942 1138 interpretatum
1964 1077 1976 1098 .

414 1133 722 1216 Patris-mei
769 1171 1007 1223 regnum.
1047 1147 1320 1217 Quomodo
1364 1152 1535 1198 autem
1580 1137 1741 1207 patris
1784 1133 1864 1186 sui
1893 1146 1981 1184 re-

414 1272 572 1327 gnum
601 1252 795 1306 dimisit
830 1247 1024 1308 David,
1058 1254 1108 1297 et
1135 1241 1292 1299 abiit,
1327 1237 1422 1290 nisi
1456 1229 1717 1303 quomodo
1742 1225 1983 1327 Christo:

416 1362 635 1416 regnum
679 1343 978 1397 Judazorum
1019 1335 1243 1395 dimisit,
1295 1340 1348 1384 et
1389 1327 1452 1380 ad
1485 1326 1678 1377 (leuites
1709 1314 1984 1372 tramivit?

419 1409 549 1493 lliitc
578 1435 814 1489 fortassis
861 1433 1014 1484 etiam
1052 1425 1388 1495 propheticus
1431 1417 1644 1485 spiritus
1683 1409 1987 1463 :ttlscribcns

420 1533 626 1585 titulum
658 1503 861 1596 psalmo
893 1523 1041 1585 huic,
1083 1519 1244 1572 voluit
1282 1525 1337 1566 ut
1381 1527 1482 1565 non
1520 1508 1717 1560 diceret
1748 1501 1990 1596 :‘(Yill-lllC-l

421 1623 569 1687 lech,
606 1589 695 1672 sed
740 1616 1079 1675 Abimelech,
1127 1608 1247 1678 quia
1289 1602 1498 1671 quando
1545 1597 1687 1649 venit
1730 1591 1888 1646 David
1924 1589 1988 1687 ad

425 1718 588 1786 patris
615 1713 694 1764 sui
724 1722 963 1779 regnum,
997 1714 1119 1757 tunc
1147 1712 1225 1753 est
1254 1696 1525 1767 proditus;
1556 1691 1655 1743 hoc
1679 1696 1760 1740 est
1783 1683 1992 1786 quau-do

426 1774 572 1859 venit
602 1802 851 1856 Dominus
878 1807 1058 1850 noster
1097 1793 1252 1846 .lesus
1287 1787 1526 1839 Christus
1563 1779 1625 1832 ad
1658 1792 1872 1845 regnum
1902 1774 1996 1827 .lu.

430 1899 662 1952 darorum
695 1893 989 1946 institutum
1030 1877 1057 1940 ει
1086 1887 1239 1937 Patre
1277 1895 1404 1941 suo,
1433 1877 1497 1931 de.
1527 1891 1630 1943 quo
1657 1872 1809 1932 dicit,
1843 1867 1998 1933 Aufe-

432 2002 569 2046 retur
597 2007 626 2042 a
652 1987 785 2041 vobis
815 1998 1024 2053 regnum
1055 1978 1166 2038 Dei,
1205 1984 1247 2027 et
1276 1972 1476 2025 dabitur
1506 1967 1638 2037 genti
1667 1961 1865 2040 facienti
1892 1959 2000 2027 {ru-

435 2093 542 2135 ctus
567 2082 673 2147 ejus
699 2088 743 2130 et
770 2075 1025 2145 justitiam
1067 2066 1287 2137 (Matth.
1323 2077 1407 2114 XXI
1427 2102 1441 2123 ,
1470 2059 1591 2122 45),
1622 2066 1743 2108 tunc
1773 2061 1852 2104 est
1880 2064 2000 2116 pro-

437 2146 594 2226 ditus
623 2168 811 2230 morti,
861 2177 1015 2232 quam
1062 2156 1322 2226 significat
1350 2149 1495 2206 Saul.
1541 2146 1653 2201 Non
1703 2154 1784 2198 est
1825 2149 1998 2194 autem

439 2263 642 2317 occisus
675 2257 770 2330 (ιι),
803 2256 934 2308 sicut
965 2265 1062 2304 nec
1101 2249 1275 2308 Isaac,
1318 2256 1435 2295 cum
1475 2247 1528 2292 et
1568 2238 1679 2304 ipse
1705 2233 2002 2330 passionem

438 2351 645 2408 Domini
682 2322 973 2416 ‘liguraret;
1027 2355 1124 2394 nec
1169 2349 1339 2407 tamen
1388 2333 1501 2384 sine
1544 2327 1793 2395 sanguine
1839 2322 2003 2390 figura

443 2452 702 2500 transacta
730 2414 830 2502 est,
863 2437 942 2490 vel
979 2434 1046 2487 ibi
1079 2432 1214 2484 illius
1240 2426 1418 2480 arietis
1449 2421 1595 2492 (Gen.
1627 2435 1756 2478 χχιι.
1782 2415 1890 2486 η),
1919 2414 2002 2468 vel

441 2538 526 2589 hic
555 2528 892 2588 Achimelech
933 2521 1238 2579 sacerdotis.
1279 2517 1458 2584 Neque
1481 2514 1620 2566 enim
1647 2508 1811 2563 occidi
1852 2521 2007 2576 opor-

443 2629 539 2683 tuit
582 2639 706 2686 eos,
755 2636 885 2690 quos
927 2626 1048 2670 tunc
1094 2624 1368 2677 resurgere
1412 2623 1514 2659 non
1557 2601 1876 2672 oportebat:
1915 2595 2006 2650 sed

440 2731 623 2772 eorum
653 2687 812 2766 vitam
858 2725 887 2761 a
932 2705 1115 2760 mortis
1152 2699 1407 2771 periculo,
1442 2704 1804 2748 verumtamen
1841 2687 2010 2741 effuso

441 2806 715 2874 sanguine,
745 2801 975 2854 liberans
1002 2794 1154 2848 Jesns
1180 2787 1619 2843 resurrectionem
1648 2776 2012 2852 poti‘ussigni-

442 2869 651 2959 ficabat,
678 2909 794 2964 qua:
824 2891 925 2944 hoc
954 2885 1112 2940 modo
1149 2884 1200 2936 in
1230 2881 1333 2934 illis
1368 2876 1707 2946 figurabatnr,
1737 2869 1855 2939 quia

443 2957 668 3044 Domino
698 2957 1023 3038 servabatur.
1058 2975 1211 3028 Plura
1256 2971 1378 3023 hinc
1400 2968 1503 3020 dici
1531 2967 1551 2996 ³
1598 2970 1844 3032 possent,
1874 2959 1917 3010 si
1947 2957 2013 3010 il.

443 3081 610 3134 larum
637 3089 810 3130 rerum
839 3080 1103 3140 gestarum
1135 3065 1184 3117 in
1214 3063 1314 3114 hoc
1336 3071 1580 3112 sermone
1600 3046 2016 3121 suscepissemus

443 3166 713 3225 tractanda
746 3160 1014 3232 mysteria.

513 3261 565 3313 6.
597 3257 747 3311 Nunc
774 3255 879 3318 jam
917 3247 1189 3301 audiamus
1221 3243 1317 3295 ista
1349 3239 1454 3292 duo
1491 3250 1681 3305 genera
1711 3233 2013 3296 hominum,

442 3346 866 3422 quandoquidem
912 3341 976 3394 de
1024 3337 1172 3391 titulo
1214 3335 1334 3395 isto,
1379 3329 1475 3383 etsi
1509 3323 1782 3395 Operosius
1815 3320 2017 3422 otior-

445 3413 584 3497 tasse
615 3413 900 3507 loquacius.
937 3441 1107 3483 tamen
1137 3437 1192 3478 ut
1226 3422 1481 3477 Dominus
1510 3416 1789 3478 concessit,
1821 3413 2016 3467 exitum

444 3543 545 3588 est.
591 3504 703 3583 Duo
731 3539 923 3596 genera
961 3519 1236 3574 hominum
1263 3507 1516 3566 attendite
1543 3525 1556 3563 :
1590 3522 1750 3560 unum
1779 3504 2019 3581 laborau-

447 3628 573 3680 tiuni
595 3664 610 3688 ,
643 3594 867 3672 alterum
895 3627 1077 3666 eorum
1105 3609 1241 3662 inter
1269 3618 1400 3674 quos
1429 3602 1730 3662 laboratur;
1761 3612 1922 3649 unum
1953 3594 2021 3649 de

447 3687 620 3773 terra,
653 3711 876 3764 alterum
918 3704 983 3757 de
1029 3699 1164 3754 CtBlo
1201 3694 1578 3763 cogitantium;
1624 3705 1783 3742 unum
1816 3687 1866 3740 in
1896 3701 2019 3753 pro-

446 3806 666 3863 fundum
698 3795 1134 3855 cot'tnittcntium
1159 3833 1172 3856 ,
1201 3791 1422 3843 alterum
1447 3801 1540 3839 cor
1567 3784 1782 3851 Angelis
1805 3780 2025 3847 conjun-

448 3901 710 3971 gentium;
745 3907 904 3946 unum
947 3885 1269 3956 sperantium
1305 3877 1372 3934 de
1398 3877 1620 3932 terrenis
1646 3874 1834 3944 quibus
1863 3871 2024 3940 pollet

452 3963 538 4046 hic
569 3987 828 4048 mundus,
871 3983 1094 4034 alterum
1139 3971 1569 4045 pra-sumentium
1613 3967 1680 4020 de
1721 3963 2024 4019 coalestibus

451 4097 569 4151 (ιιιςυ
597 4075 836 4146 promisit
881 4089 985 4125 non
1017 4065 1240 4122 mendax
1296 4065 1433 4116 Deus
1459 4060 1501 4112 ³.
1549 4057 1654 4111 Sed
1697 4057 1855 4109 mixta
1903 4063 2026 4107 sunt

455 4144 551 4226 ista
579 4144 770 4239 genera
811 4162 1105 4216 hominum.
1140 4155 1440 4208 lnveuinius
1481 4149 1638 4204 modo
1673 4148 1838 4200 civem
1875 4144 2027 4200 Jeru-

455 4238 618 4320 salem
641 4305 652 4324 ,
685 4261 852 4314 civem
896 4254 1042 4322 regni
1067 4251 1323 4306 caelorum
1348 4244 1718 4298 administrare
1753 4238 1946 4308 aliquid
1974 4238 2027 4291 in

459 4368 636 4417 terra;
672 4362 730 4403 ut
757 4357 878 4417 puta
899 4388 913 4406 ,
959 4355 1241 4411 purpuram
1273 4338 1407 4406 gerit
1435 4335 1488 4399 ’⁸,
1537 4333 1870 4400 magistratus
1912 4337 2024 4393 est,

457 4449 626 4504 :edilis
664 4453 773 4503 est,
807 4436 1085 4510 proconsul
1126 4441 1238 4494 est,
1285 4433 1570 4495 imperator
1596 4433 1703 4486 est,
1747 4420 2032 4490 rempubli-

458 4559 576 4596 cam
606 4537 737 4608 gcrit
765 4545 1026 4588 terrenam
1056 4545 1067 4580 :
1101 4524 1191 4579 sed
1223 4538 1315 4576 cor
1349 4535 1556 4572 sursum
1588 4516 1774 4576 habet,
1809 4515 1853 4567 si
1893 4511 2033 4565 chri-

461 4637 661 4689 stianus
691 4638 772 4683 est
799 4671 812 4690 ,
841 4625 882 4679 si
915 4621 1082 4676 fidelis
1108 4627 1190 4672 est
1210 4659 1224 4678 ,
1252 4615 1294 4667 si
1323 4614 1439 4682 pius
1469 4619 1550 4662 est
1571 4650 1584 4668 ,
1617 4609 1659 4662 si
1688 4616 2032 4662 contemnens

463 4728 513 4780 in
537 4724 728 4793 quibus
757 4727 868 4781 est,
917 4723 969 4766 ct
1007 4718 1184 4780 sperat
1219 4707 1270 4759 in
1298 4717 1403 4774 quo
1433 4699 1661 4754 nondum
1700 4707 1797 4751 est.
1833 4697 1903 4750 De
1929 4710 2034 4765 quo

462 4792 656 4886 genere
683 4812 776 4864 fuit
812 4808 898 4862 illa
934 4813 1112 4858 sancta
1146 4797 1333 4853 mulier
1362 4792 1571 4854 Esther,
1602 4805 1720 4858 qua-
1746 4802 1864 4841 cum
1895 4795 2035 4840 esset

529 4929 545 4958 ί
581 4927 648 4972 sic
672 4930 741 4970 Iir.
770 4929 821 4970 et
845 4929 949 4968 uss.
980 4923 1029 4964 At
1050 4922 1177 4968 t.ov.,
1206 4916 1404 4972 scereta.
1642 4963 1668 4972 γ,
1818 4962 1827 4972 _
1897 4959 1907 4972 I
1978 4959 2004 4972 .-

525 4992 546 5020 ³
673 4959 1034 5031 ὶὶὶὲιῖὄιεῖἷιᾮγίῷ
1054 4959 1241 5024 iussi/tt
1262 4971 1373 5034 Edd.
1391 5005 1412 5034 ,Α
1439 4978 1512 5034 «_a_
1534 4963 1698 5034 mortis
1727 4959 2034 5034 iericuloﬂli-

466 5029 650 5101 hera-ri.-
672 5029 1005 5092 i‘icvt'itrtintamen
1033 5038 1170 5086 effusi
1195 5032 1442 5101 sanguinis
1470 5029 1689 5101 liberatio
1717 5029 2036 5101 t;t’511f'l‘|t!9llt)-

468 5086 1078 5170 ficabat
1099 5135 1113 5170 τ
1137 5111 1245 5159 qute
1270 5086 1358 5142 lioc
1383 5091 1522 5170 modo
1547 5092 1590 5136 in
1615 5087 1706 5170 illis

606 5145 1242 5218 {786336}Biniiéiaéiiuiidum
1265 5153 1556 5203 resurrectio
1574 5185 1588 5209 ,
1615 5148 1746 5211 plura
1774 5147 1847 5194 hic
1881 5145 1990 5204 dici,
2008 5159 2030 5188 ι

473 5244 667 5342 8“illic
703 5291 750 5338 in
796 5285 906 5334 Etld.
957 5289 1063 5343 post
1105 5293 1207 5343 non
1237 5276 1448 5343 mendas;
1493 5272 1856 5343 Deus,_iasert_a
1903 5273 2042 5343 erant

471 5328 1011 5408 ιδιιιεὶιέἐ”νεὲἕι›ᾰ”ἷᾙλὸιὶ
1026 5328 1147 5389 esse
1162 5337 1545 5408 “desit-(‘l'llllll-Uln‘
1563 5328 1631 5408 tle
1659 5328 2041 5408 hominibusﬂlm-

749 5397 846 5460 deos
863 5414 1121 5476 terrenum.
1133 5399 1306 5476 aliquid
1332 5397 1717 5476 alittlllllSerll.lll“§
1746 5404 1835 5439 nec
1851 5402 2041 5476 rttrsqin

472 5449 1069 5535 ξξίῖἶῖιίἶζιῖἷῗςῖὗῐιῐιςιίὶιιιιιὶι
1112 5449 1383 5535 hominibus
1413 5455 1748 5535 quiweuilestia
1784 5449 2041 5535 qgcrne“

1009 5539 1019 5573 :
1046 5538 1152 5572 cum
1176 5514 1460 5582 plerumque
1476 5515 1542 5565 illi
1567 5517 1647 5591 qui
1667 5514 1875 5591 negotiis
1891 5523 2043 5591 specu:

475 5577 905 5658 ἰᾏίἓῖῖὖῖἓἰἰὶὶὶιίίὲίίίί
928 5593 1059 5645 sum,
1084 5577 1860 5658 consecuisse}:uisitare;
1881 5583 1931 5658 ef
1963 5577 2043 5658 ἓξὲξ

1045 5634 1325 5728 praedictae,
1347 5653 1428 5690 cor
1453 5638 1641 5689 trahant
1663 5650 1712 5684 ιιι
1733 5643 1880 5684 terra.
1901 5650 1922 5679 io
1955 5634 2044 5682 Ab-

475 5711 668 5776 s'uttl‘ea
694 5730 888 5784 prorsus
907 5711 943 5761 ai
960 5711 1135 5759 nostris
1158 5715 1312 5784 iis—s:_:

542 5771 766 5832 i"(nntius
790 5788 914 5834 Mss,
939 5783 1178 5836 purpuras
1207 5771 1347 5833 gerit.

547 5849 618 5906 (tt)
645 5844 871 5904 Intellig,
897 5833 1063 5886 nam.

1623 378 1680 432 S.
1720 365 2084 428 AUGUSTlNl
2123 365 2418 422 EPISCOI’I

3540 360 3645 413 (μοι

2083 495 2216 532 uxor
2241 481 2378 546 regis
2397 520 2412 545 ,
2441 490 2654 534 ventum
2681 489 2762 534 est
2789 479 2855 534 ad
2884 478 3172 547 periculum
3205 477 3518 544 deprecandi
3549 490 3648 543 pro

2083 571 2282 625 civibus
2310 588 2445 636 suus;
2474 581 2527 626 et
2552 586 2671 626 cum
2697 581 2873 626 oraret
2909 585 3088 624 coram
3134 570 3273 629 Deo,
3305 570 3390 621 ubi
3435 570 3646 621 mentiri

2085 678 2187 714 non
2221 673 2430 732 posset,
2475 664 2524 716 in
2561 663 2798 716 oratione
2827 677 2920 716 sua
2947 662 3106 725 dixit,
3140 662 3209 713 ita
3244 661 3341 712 sibi
3371 662 3531 713 fuisse
3561 661 3645 712 illa

2085 768 2393 808 ornamenta
2427 755 2618 823 regalia
2652 755 2787 809 sicut
2827 769 3054 822 pannum
3083 763 3421 807 menstruam
3466 751 3646 816 (listlt.

2085 859 2196 907 xw,
2225 845 2335 906 l6).
2367 844 2482 898 Non
2510 859 2634 912 ergo
2659 844 3000 912 desperemus
3029 843 3095 896 de
3120 844 3322 895 civibus
3361 843 3503 909 regni
3535 857 3648 894 co:-

2087 935 2253 988 lormn
2273 977 2287 1000 ,
2319 936 2532 1005 quando
2553 951 2646 989 eos
2671 936 2908 988 videmus
2932 936 3102 1004 aliqua
3141 951 3328 1004 gerere
3355 935 3651 1004 Babylonia:

2087 1029 2322 1096 negotia,
2363 1027 2557 1097 aliquid
2589 1038 2856 1082 terrenum
2882 1028 2936 1080 in
2966 1028 3231 1097 republica
3274 1039 3478 1081 terrena
3507 1045 3520 1078 :
3552 1042 3653 1080 nec

2089 1132 2270 1170 rursus
2298 1119 2547 1171 continuo
2576 1119 2899 1187 gratulemur
2926 1118 3168 1172 omnibus
3195 1117 3495 1172 hominibus
3521 1133 3656 1185 quos

2089 1211 2326 1264 videmus
2341 1227 2497 1280 agere
2515 1213 2721 1281 negotia
2744 1213 2976 1266 caelestia
2995 1229 3007 1273 ;
3029 1214 3146 1280 quia
3173 1223 3222 1265 et
3238 1215 3324 1264 lilii
3343 1214 3656 1280 pestilentiae

2091 1304 2278 1357 sedent
2303 1305 2580 1373 aliquando
2605 1306 2656 1358 in
2683 1305 2932 1357 cathedra
2949 1305 3132 1374 Moysi,
3155 1305 3220 1358 de
3237 1306 3425 1374 quibus
3442 1305 3655 1370 dicitur,

2096 1399 2220 1464 Qutr
2244 1399 2413 1451 dicunt
2441 1400 2624 1470 facite;
2666 1414 2778 1468 qua:
2813 1409 2977 1451 autem
3014 1399 3234 1465 faciunt,
3276 1398 3440 1467 facere
3467 1401 3662 1453 nolite:

2095 1492 2264 1543 dicunt
2295 1492 2424 1544 enim
2447 1533 2460 1553 ,
2490 1501 2535 1543 et
2563 1508 2660 1544 non
2683 1493 2896 1562 faciunt.
2926 1489 3002 1543 llli
3047 1491 3097 1543 in
3141 1491 3365 1544 terrenis
3394 1491 3551 1544 rebus
3579 1491 3661 1545 le-

2095 1597 2217 1636 vant
2245 1600 2336 1636 cor
2363 1583 2414 1636 in
2441 1583 2631 1637 caelum
2649 1623 2662 1644 .
2704 1583 2787 1635 isti
2832 1583 2881 1634 iu
2905 1582 3210 1636 etelestibus
3237 1581 3407 1634 verbis
3445 1581 3663 1635 trahunt

2097 1691 2190 1728 cor
2217 1676 2268 1728 in
2297 1687 2453 1728 terra.
2485 1675 2670 1728 Veniet
2693 1683 2866 1728 atttem
2890 1684 3100 1744 tempus
3125 1673 3420 1733 ventilabri,
3451 1674 3663 1742 quando

2100 1779 2378 1837 utrumque
2405 1768 2805 1836 diligentissime
2843 1767 3192 1829 discernatur,
3223 1781 3289 1819 ne
3313 1781 3531 1836 granum
3561 1767 3663 1820 ali-

2100 1858 2237 1927 quod
2271 1867 2501 1911 transeat
2538 1859 2588 1911 in
2628 1873 2870 1910 acervum
2913 1857 3071 1925 palete
3109 1857 3553 1920 comburendum,
3599 1873 3666 1913 nc

2101 1967 2204 2005 una
2229 1952 2422 2020 stipula
2454 1960 2690 2005 transeat
2715 1951 2778 2004 ad
2805 1966 3030 2003 massam
3062 1952 3111 2002 in
3153 1951 3344 2004 horreo
3372 1950 3666 2003 reconden-

2103 2044 2222 2097 dam
2256 2043 2462 2114 (Mattlt.
2491 2059 2543 2097 ιιι
2567 2086 2580 2106 ,
2608 2043 2720 2114 l2).
2749 2043 3006 2109 Quamdiu
3036 2057 3161 2110 ergo
3189 2057 3326 2094 nunc
3355 2043 3667 2110 permirtum

2104 2145 2204 2202 est,
2234 2136 2508 2190 audiamus
2535 2136 2658 2190 hinc
2686 2151 2867 2190 vocem
2897 2143 3153 2194 nostram,
3188 2134 3236 2187 id
3263 2144 3345 2188 est
3369 2135 3559 2187 civimn
3589 2150 3674 2189 re-

2105 2229 2192 2297 gni
2223 2229 2474 2282 caelorum
2518 2229 2640 2297 (hoc
2669 2228 2809 2281 enim
2853 2226 3100 2280 affectare
3127 2227 3380 2279 debemus
3401 2268 3414 2291 ,
3447 2228 3675 2279 tolerare

2111 2321 2195 2374 hic
2238 2319 2432 2384 malos,
2464 2335 2618 2386 quam
2669 2319 2876 2372 tolerari
2916 2334 2945 2371 a
2969 2316 3170 2387 lienis);
3203 2327 3255 2370 et
3295 2318 3676 2385 conjunganius

2111 2427 2205 2463 tios
2237 2409 2357 2463 huic
2383 2411 2518 2475 voci,
2549 2420 2602 2463 et
2630 2425 2776 2472 aure,
2807 2420 2861 2462 et
2885 2409 3082 2478 lingua,
3114 2419 3167 2462 et
3196 2408 3386 2473 corde,
3416 2417 3468 2462 et
3493 2423 3673 2476 Opere.

2110 2502 2259 2568 Qutid
2289 2503 2330 2554 si
2359 2501 2671 2567 fecerimus,
2706 2517 2804 2555 nos
2845 2501 2930 2555 hic
2971 2503 3234 2571 loquimur
3257 2502 3308 2555 in
3336 2501 3416 2555 his
3443 2519 3561 2571 qua:
3587 2518 3681 2554 au-

2112 2595 2304 2646 dimus.
2351 2594 2561 2647 Dicatur
2601 2610 2728 2662 ergo
2761 2594 2930 2662 primo
2971 2593 3038 2648 de
3083 2609 3306 2662 corpore
3350 2593 3488 2647 malo
3534 2594 3680 2663 regni

2113 2686 2330 2740 terreni.

2187 2780 2234 2832 7.
2271 2779 2398 2850 [_l‘t’t'$
2443 2777 2519 2850 5.]
2551 2779 2684 2844 Quid
2709 2779 2955 2847 gloriatur
2978 2779 3028 2830 iu
3055 2777 3248 2830 malitia
3273 2777 3357 2844 qui
3380 2786 3549 2845 potens
3573 2777 3685 2828 est?

2117 2872 2384 2926 Altendile
2407 2915 2420 2936 ,
2455 2871 2642 2924 fratres
2668 2872 2769 2924 ιιιρί
2793 2913 2806 2931 ,
2833 2873 3052 2940 gloriam
3079 2870 3435 2937 malignitatis,
3463 2870 3683 2938 gloriam

2118 2963 2386 3017 hominum
2414 2964 2690 3016 malorum.
2718 2963 2846 3029 Quze
2876 2974 2954 3016 est
2980 2963 3179 3032 gloria?
3209 2962 3341 3028 Quid
3370 2963 3612 3032 gloriatur
3635 2963 3685 3013 in

2118 3054 2311 3106 malitia
2339 3055 2424 3122 qui
2462 3064 2632 3122 potens
2649 3056 2759 3106 est?
2788 3055 2835 3106 id
2864 3065 2973 3118 est,
3007 3055 3092 3122 qui
3137 3054 3186 3107 in
3247 3054 3443 3106 malitia
3499 3063 3688 3120 potens

2058 3178 2070 3192 .
2118 3153 2232 3208 est,
2261 3143 2384 3213 quid
2425 3145 2712 3213 gloriatur?
2739 3144 2885 3214 ()pns
2913 3155 2991 3196 est
3034 3153 3297 3212 potentem
3329 3157 3478 3204 ESSE,
3511 3144 3600 3194 sed
3635 3144 3688 3195 in

2119 3234 2370 3295 bonitate,
2403 3252 2504 3286 non
2535 3236 2584 3286 in
2610 3234 2826 3286 malitia.
2859 3234 3065 3302 Aliquid
3096 3249 3339 3302 magnum
3368 3244 3446 3286 est
3473 3233 3690 3301 gloriari

2122 3325 2172 3378 in
2228 3325 2462 3378 malitia?
2508 3324 2793 3379 Aidilieare
2835 3325 3048 3377 domum
3085 3307 3382 3392 .paucorum
3427 3334 3541 3383 est.
3586 3322 3690 3376 de-

2121 3426 2328 3470 struere
2373 3418 2542 3485 quivis
2585 3418 2796 3486 ignarus
2837 3426 3028 3484 potest.
3074 3417 3348 3470 Seminare
3395 3415 3690 3476 frumenta.

2123 3508 2367 3562 excolere
2413 3517 2642 3574 segetem
2667 3549 2679 3567 ,
2713 3517 3020 3574 eaSpectare
3063 3506 3232 3560 (lOtIeC
3260 3514 3610 3568 maturescat,
3640 3513 3696 3557 et

2125 3601 2175 3654 in
2205 3600 2316 3670 ejus
2357 3601 2530 3653 fructu
2567 3600 2616 3652 in
2657 3616 2762 3669 quo
2803 3599 3058 3652 laboravit
3097 3597 3360 3668 gaudere,
3407 3612 3695 3666 pauentum]

2122 3701 2206 3746 est
2237 3711 2251 3744 :
2283 3707 2381 3744 una
2413 3691 2635 3744 scintilla
2679 3705 2888 3743 onmem
2930 3697 3161 3759 segetem
3195 3686 3477 3742 incendere
3517 3686 3694 3754 quivis

2125 3791 2316 3850 potest.
2346 3781 2628 3850 Suscipere
2655 3780 2928 3843 infantem,
2961 3789 3138 3832 natum
3172 3779 3394 3841 nutrire,
3428 3777 3692 3840 educare,

2127 3875 2192 3929 ad
2230 3875 2515 3944 juvenilem
2557 3884 2763 3928 aetatem
2803 3872 3122 3941 perducere,
3171 3885 3416 3938 magnum
3459 3867 3693 3922 officiunt

2128 3979 2246 4024 est:
2279 3970 2519 4024 occidere
2549 3968 2694 4022 illum
2736 3982 2839 4018 uno
2879 3974 3075 4034 puncto
3111 3965 3360 4032 temporis
3397 3963 3566 4030 quivis
3600 3979 3695 4029 po-

2128 4071 2252 4117 test.
2285 4061 2422 4130 Ergu
2461 4076 2523 4114 ea
2553 4075 2669 4129 qua:
2711 4057 2775 4111 ad
2819 4056 3229 4111 destructionem
3259 4054 3383 4106 fiunt
3409 4096 3423 4117 ,
3453 4053 3699 4108 facillime

2127 4155 2281 4208 lium.
2304 4154 2400 4218 Qui
2421 4152 2691 4221 gloriatur,
2715 4149 2767 4202 in
2794 4149 3014 4201 Domino
3034 4147 3281 4217 glorietur
3305 4143 3346 4214 (Ι
3365 4141 3479 4198 Cor.
3507 4161 3540 4205 t,
3567 4145 3694 4210 31):

2131 4244 2221 4314 qui
2262 4244 2534 4312 gloriatur,
2579 4241 2628 4293 in
2669 4239 2902 4292 bonitate
2940 4238 3210 4308 glorietur.
3257 4234 3537 4297 Gloriaris,
3576 4234 3700 4303 quia

2132 4347 2317 4406 potens
2347 4351 2406 4389 es
2432 4336 2484 4388 in
2509 4335 2662 4386 malo.
2705 4331 2839 4399 Quid
2871 4332 3099 4383 facturus
3123 4344 3215 4393 es,
3256 4344 3292 4380 ο
3323 4341 3541 4396 potens,
3573 4324 3703 4394 quid

2134 4429 2364 4480 facturus
2402 4441 2492 4489 es,
2529 4426 2745 4477 multum
2795 4431 2846 4476 te
2875 4420 3108 4489 iactans?
3138 4419 3416 4473 Occisurus
3441 4434 3502 4471 es
3525 4417 3702 4470 homi-

2136 4535 2254 4572 nem
2287 4537 2298 4571 :
2333 4517 2432 4571 hoc
2472 4525 2522 4568 et
2549 4514 2818 4582 scorpius.
2865 4511 2966 4565 hoc
3008 4520 3061 4563 et
3104 4525 3203 4562 una
3250 4506 3412 4562 febris
3437 4548 3451 4570 ,
3501 4507 3604 4560 hoc
3635 4516 3705 4560 et

2137 4613 2323 4680 fungus
2350 4610 2536 4663 malus.
2572 4609 2752 4661 llucne
2779 4605 2986 4659 redacta
3017 4613 3096 4657 est
3124 4601 3298 4655 omnis
3325 4603 3556 4668 potentia
3591 4608 3702 4659 tua,

2137 4714 2194 4756 nt
2221 4704 2356 4756 malo
2386 4705 2542 4768 fungo
2567 4699 2903 4768 coarquetur?
2933 4697 3041 4750 lloc
3081 4712 3208 4765 ergo
3239 4695 3431 4748 faciunt
3472 4694 3591 4747 boui
3624 4693 3708 4746 ci-

2136 4811 2228 4849 vvs
2266 4795 2554 4848 Jerusalem
2577 4835 2590 4854 ,
2622 4792 2708 4861 qui
2750 4806 2851 4844 non
2898 4790 2948 4842 in
2997 4790 3192 4842 malitia
3221 4829 3234 4850 ,
3268 4787 3357 4839 sed
3389 4788 3438 4838 iu
3473 4787 3711 4841 bonitate

2137 4888 2463 4955 gloriantur:
2495 4885 2666 4952 primo
2695 4891 2750 4934 ut
2781 4895 2884 4934 non
2919 4881 2973 4933 in
3005 4896 3089 4943 se,
3139 4878 3230 4932 sed
3261 4879 3310 4930 in
3347 4875 3570 4931 Domino
3597 4877 3710 4945 glo-

2140 4980 2371 5040 rientur;
2399 4975 2590 5029 deinde
2629 4982 2686 5026 ut
2718 4989 2778 5026 ea
2805 4987 2920 5040 quae
2951 4971 3016 5024 ad
3043 4970 3442 5024 aedificationem
3476 4966 3709 5027 faciunt,

2141 5058 2373 5124 studiose
2401 5068 2619 5132 faciant,
2650 5076 2703 5119 et
2732 5065 2854 5118 talia
2884 5063 3076 5117 faciant
3103 5078 3220 5131 qua:
3242 5059 3453 5112 valeant
3491 5058 3557 5110 ad
3594 5074 3715 5124 per-

2143 5161 2485 5223 manendum;
2532 5174 2648 5227 quze
2691 5166 2863 5209 autem
2912 5155 3106 5208 faciunt
3151 5153 3214 5206 ad
3259 5151 3710 5214 destructionem.

2144 5253 2336 5306 faciant
2375 5261 2587 5319 propter
2620 5247 2949 5316 disciplinam
2988 5243 3404 5314 proficientium,
3446 5257 3550 5294 non
3594 5256 3709 5307 pro.

2147 5355 2260 5413 pter
2288 5342 2680 5412 oppressionem
2723 5338 3103 5392 iunoctuitium.
3137 5335 3267 5388 Huic
3311 5348 3436 5401 ergo
3466 5332 3718 5400 potentia

2146 5443 2501 5504 comparatum
2529 5445 2719 5498 corpus
2756 5429 2879 5482 illud
2912 5439 3173 5482 terrenum
3202 5467 3215 5488 ,
3260 5440 3424 5495 quare
3471 5439 3575 5476 non
3619 5438 3720 5474 au-

2147 5530 2255 5582 diat
2281 5542 2348 5581 cx
2377 5525 2457 5578 his
2484 5523 2658 5578 verbis
2679 5565 2691 5586 ,
2723 5521 2854 5587 Quid
2883 5519 3128 5590 gloriatur
3161 5519 3212 5570 in
3249 5516 3444 5568 malitia
3485 5515 3570 5582 qui
3616 5530 3712 5581 po-

2151 5631 2256 5674 tens
2286 5626 2357 5672 est
2376 5617 2400 5670 I’

2221 5711 2273 5764 8.
2307 5707 2456 5778 iners.
2485 5704 2559 5776 4.]
2585 5702 2646 5755 1η
2669 5702 2929 5770 iniquitate
2949 5709 3051 5753 tota
3075 5699 3154 5751 die
3171 5696 3466 5769 iujustitiam
3487 5692 3725 5762 cogitavit

2109 5783 2113 5787 λ
2159 5803 2327 5870 lingua
2350 5810 2454 5851 tua.
2490 5795 2551 5850 In
2580 5794 2835 5870 iniquitate
2861 5801 2962 5846 tota
2989 5793 3097 5856 die,
3131 5790 3180 5844 id
3212 5800 3289 5844 est
3317 5798 3426 5841 toto
3456 5796 3724 5854 tempore,
