4004 6200
241 385 347 440 605

235 501 358 553 sine
387 493 695 550 lassitudine
717 535 732 558 ,
760 494 873 548 sine
900 489 1178 545 intervallo
1203 529 1216 549 ,
1243 487 1358 538 sine
1387 482 1710 552 pausatione.
1745 478 1812 530 Et

235 590 452 663 quando
494 603 598 642 non
642 587 800 652 lacis,
841 587 1072 655 cogitas;
1116 590 1170 635 ut
1208 577 1417 648 quando
1452 574 1646 644 aliquid
1690 571 1812 625 mali

234 662 389 738 abest
417 697 447 733 a
473 679 736 741 manibus,
763 693 793 730 a
819 675 978 731 corde
1004 689 1105 727 non
1133 670 1268 723 absit
1293 687 1306 722 :
1331 677 1421 721 aut
1440 663 1570 718 facis
1590 662 1808 724 malmn,

232 783 331 830 aut
355 775 480 828 dum
510 788 614 826 non
642 781 791 840 potes
816 769 1011 832 lacere,
1038 763 1172 819 dicis
1199 761 1416 825 malum,
1447 757 1546 811 hoc
1573 765 1675 819 est,
1702 768 1813 806 ma—

233 867 427 923 ledicis
455 884 469 918 :
496 873 586 918 aut
609 862 820 931 quando
849 874 946 914 nec
972 860 1072 912 hoc
1099 865 1267 925 potes.
1293 853 1373 906 vis
1399 858 1452 906 et
1475 850 1674 920 cogitas
1699 861 1812 900 ma-

231 962 369 1016 lum.
404 958 532 1014 Tota
559 957 640 1012 die
662 970 807 1023 ergo,
839 953 893 1009 id
920 957 999 1008 est
1023 953 1139 1006 sine
1167 944 1576 1001 intermissione.
1605 939 1816 1006 Exspe-

232 1067 442 1108 ctamus
482 1051 602 1106 huic
643 1049 844 1105 homini
887 1059 1118 1118 poenam.
1159 1041 1326 1096 Parva
1370 1036 1468 1092 sibi
1506 1047 1661 1105 paena
1689 1031 1814 1085 est?

232 1145 454 1200 Minoris
484 1144 530 1197 ei
561 1161 574 1196 :
605 1151 657 1196 tu
690 1157 808 1195 cmn
839 1140 885 1194 ei
918 1136 1132 1192 minaris
1156 1175 1171 1199 ,
1206 1146 1313 1204 quo
1347 1145 1468 1184 cum
1497 1128 1576 1180 vis
1602 1125 1814 1178 mittere

233 1240 290 1293 in
326 1236 565 1291 malum?
604 1233 816 1288 Dimitte
845 1231 988 1284 illum
1032 1228 1082 1283 in
1124 1243 1201 1281 se.
1234 1224 1302 1281 Ut
1337 1221 1557 1276 multum
1585 1216 1772 1271 saevias
1795 1256 1811 1280 ,

233 1330 575 1394 subjecturus
606 1329 618 1360 ¹
648 1342 706 1382 εε
736 1325 918 1379 bestiis
948 1344 959 1376 :
988 1324 1039 1377 in
1071 1323 1300 1389 seipsum
1332 1318 1481 1388 pejor
1503 1323 1582 1370 est
1606 1312 1808 1368 bestiis.

236 1420 414 1475 Bestia
460 1421 598 1474 enim
644 1418 878 1472 lacerare
919 1429 1115 1484 corpus
1156 1415 1269 1480 ejus
1310 1420 1481 1479 potest
1520 1428 1532 1463 :
1566 1409 1679 1476 ipse
1719 1419 1813 1460 cor

235 1527 394 1567 suum
425 1523 610 1564 sanum
642 1509 934 1577 relinquere
960 1520 1064 1560 nou
1098 1512 1286 1574 potest.
1319 1501 1541 1556 Interius
1567 1499 1617 1550 in
1645 1512 1702 1552 se
1732 1497 1814 1564 ip-

236 1620 296 1660 se
322 1606 495 1670 szevit,
520 1614 572 1658 et
592 1614 644 1658 tu
667 1603 900 1657 exterius
925 1601 1101 1669 plagas
1122 1594 1378 1665 inquiris?
1401 1591 1510 1647 imo
1529 1607 1619 1645 ora
1643 1575 1808 1644 Deum

242 1711 338 1766 pro
361 1697 471 1760 illo,
496 1707 549 1748 ut
573 1695 823 1748 liberetur
842 1707 870 1746 a
893 1707 970 1745 se.
991 1689 1366 1745 Verumtamen
1390 1685 1440 1739 in
1465 1685 1565 1738 hoc
1586 1682 1810 1752 psalmo,

239 1788 431 1841 fratres
458 1786 579 1850 mei,
609 1801 713 1838 non
739 1782 909 1838 oratio
933 1791 1013 1836 est
1041 1795 1132 1848 pro
1158 1778 1336 1840 malis,
1363 1785 1451 1828 aut
1479 1785 1660 1828 contra
1691 1785 1809 1824 ma-

239 1881 343 1946 los,
373 1883 463 1934 sed
492 1878 766 1948 pr0phetia
793 1873 919 1945 quid
946 1875 1015 1928 sit
1038 1881 1347 1927 eventorum
1373 1865 1544 1920 malis.
1571 1864 1685 1918 Non
1709 1865 1810 1916 ita-

236 1987 348 2042 que
380 1969 571 2039 putetis
596 1983 660 2022 ex
686 1964 1055 2021 malevolentia
1088 1962 1347 2015 Psalmum
1370 1956 1564 2028 aliquid
1589 1955 1767 2010 dicere
1793 1972 1807 2007 :

237 2064 436 2119 dicitur
460 2063 600 2116 enim
629 2061 679 2114 in
706 2057 891 2129 spiritu
923 2055 1234 2125 prophetize.

308 2156 365 2210 9.
407 2151 541 2220 Quid
579 2165 705 2220 ergo
734 2147 1011 2216 sequitur?
1041 2145 1169 2198 Tota
1207 2140 1438 2211 potentia
1471 2148 1553 2191 tua
1577 2178 1590 2201 ,
1621 2144 1670 2190 et
1700 2143 1809 2188 tota

237 2244 489 2311 cogitatio
517 2240 804 2310 iniquitatis
834 2246 940 2293 tota
965 2236 1070 2300 die,
1099 2245 1152 2288 et
1178 2231 1446 2287 meditatio
1472 2229 1810 2299 malignitatis

237 2336 288 2388 in
317 2335 490 2403 lingua
518 2341 600 2385 tua
624 2331 739 2385 sine
762 2326 1170 2389 intermissione,
1194 2323 1316 2394 quid
1341 2321 1483 2392 egit?
1503 2320 1626 2389 quid
1650 2318 1810 2374 fecit?

237 2413 388 2480 Sicut
431 2423 676 2476 novacula
714 2429 860 2472 acuta
885 2418 1046 2489 fecisti
1071 2415 1260 2468 dolum.
1294 2413 1429 2466 Ecce
1460 2411 1584 2480 quid
1613 2410 1810 2463 iaciunt

232 2517 436 2570 sanctis
467 2513 622 2578 mali;
652 2512 868 2580 capillos
897 2509 1104 2564 radunt.
1132 2506 1264 2574 Quid
1288 2514 1369 2559 est
1398 2503 1536 2572 quod
1563 2501 1720 2556 dixi?
1749 2500 1805 2555 Si

231 2613 347 2664 sint
372 2608 518 2662 'tales
545 2607 689 2660 cives
716 2602 1006 2659 Jerusalem
1033 2601 1119 2668 qui
1148 2599 1363 2652 audiant
1389 2610 1571 2650 vocem
1602 2592 1810 2647 Domini

231 2701 319 2756 sui
342 2742 356 2763 ,
399 2700 536 2768 regis
573 2697 653 2750 sui
693 2694 914 2750 dicentis
936 2734 950 2757 ,
997 2689 1170 2744 Nolite
1210 2690 1380 2741 timere
1406 2702 1488 2739 eos
1513 2685 1596 2753 qui
1625 2686 1807 2754 corpus

233 2791 489 2856 occidunt,
517 2789 736 2843 animam
752 2796 917 2840 autem
935 2801 1033 2837 non
1053 2789 1257 2853 possunt
1276 2778 1496 2832 occidere
1515 2775 1724 2850 (Matth.
1747 2789 1804 2840 ι,

231 2885 366 2955 23);
395 2885 480 2954 qui
510 2883 722 2936 audiant
749 2895 930 2934 vocem
949 2919 963 2941 ,
992 2891 1108 2945 quae
1135 2873 1291 2928 modo
1317 2887 1379 2926 ex
1408 2870 1692 2939 Evangelio
1717 2883 1803 2922 rc-

233 2980 398 3032 citata
438 2985 517 3030 est
538 3015 552 3038 ,
599 2971 733 3040 Quid
765 2969 962 3041 prodest
989 2965 1177 3020 homini
1204 2964 1248 3018 si
1275 2973 1431 3015 totum
1455 2960 1697 3012 mundum
1723 2957 1806 3011 ιιι-
1862 2967 1868 2978 '

231 3079 421 3130 eretur,
446 3082 497 3119 se
514 3076 677 3118 autem
697 3066 861 3131 ipsum
878 3060 1225 3114 detrimentum
1245 3054 1394 3126 faciat
1418 3051 1524 3123 (Id.
1547 3066 1653 3115 xv1,
1674 3049 1768 3116 26)
1787 3089 1804 3114 ,

230 3165 585 3215 contemnunt
612 3156 784 3210 omnia
815 3150 1089 3222 praesentia
1117 3149 1284 3207 bona,
1318 3146 1532 3214 insuper
1554 3151 1608 3197 et.
1637 3143 1803 3210 ipsam

230 3252 422 3304 vitam.
472 3248 538 3302 Et
578 3228 702 3316 quid
743 3247 940 3298 factura
982 3249 1062 3294 est
1097 3235 1344 3292 novacula
1390 3233 1567 3288 Doech
1606 3233 1802 3285 homini

231 3342 510 3399 meditanti
539 3342 588 3392 in
617 3340 712 3392 hac
736 3347 873 3390 terra
900 3349 1117 3403 regnum
1146 3331 1398 3385 ctelorum
1424 3368 1439 3394 ,
1473 3337 1526 3381 et
1550 3326 1722 3380 futuro
1752 3325 1803 3379 in

232 3450 402 3503 regno
427 3432 700 3494 caelorum,
726 3425 936 3482 habenti
965 3439 1141 3478 secum
1170 3423 1356 3485 Deum,
1381 3429 1433 3473 et
1460 3431 1804 3487 permansuro

233 3543 359 3581 cum
383 3523 532 3579 Deo?
557 3519 678 3590 quid
705 3527 785 3574 est
810 3518 1007 3571 iactura
1033 3515 1119 3568 illa
1146 3510 1438 3566 novacula?
1464 3509 1695 3578 Capillos
1721 3523 1804 3561 ra-

231 3632 384 3682 sura,
408 3615 610 3670 calvum
634 3611 832 3665 factura
853 3619 952 3662 est.
977 3607 1042 3661 Et
1065 3605 1164 3659 hoc
1184 3603 1248 3656 ad
1271 3603 1533 3658 Christum
1559 3600 1801 3669 pertinet,

233 3711 326 3780 qui
370 3711 419 3761 in
460 3707 578 3761 loco
615 3703 866 3759 Calvariae
903 3699 1183 3755 cruciﬁxus
1218 3704 1317 3750 est.
1362 3694 1511 3748 Facit
1546 3701 1600 3747 et
1638 3692 1801 3744 lilium

233 3806 374 3862 Core
394 3846 409 3868 ,
451 3799 589 3870 quod
626 3799 998 3865 interpretatur
1027 3791 1322 3846 Calvitium.
1357 3785 1486 3840 Nam
1515 3784 1598 3838 isti
1629 3782 1804 3850 capilli

233 3893 501 3965 superﬂua
529 3906 703 3946 rerum
733 3885 1097 3956 temporalium
1124 3880 1438 3950 significant.
1467 3877 1566 3942 Qui
1589 3874 1803 3943 quidem

233 3963 416 4058 capilli
442 4000 548 4040 non
575 3979 841 4052 superﬂue
872 3976 993 4032 lacti
1023 3982 1144 4028 sunt
1171 3988 1198 4024 a
1234 3972 1343 4025 Deo
1372 3969 1423 4021 in
1453 3980 1674 4035 corpore
1705 3963 1804 4017 ho-

235 4055 462 4141 minum,
489 4075 580 4130 sed
605 4075 668 4128 ad
691 4069 903 4141 aliquod
925 4071 1290 4122 ornamentum
1316 4079 1329 4114 :
1354 4069 1525 4113 tamen
1550 4057 1668 4127 quia
1692 4055 1808 4110 sine

232 4185 401 4226 sensu
432 4165 808 4237 prazciduntur,
840 4160 910 4214 illi
942 4157 1031 4228 qui
1066 4155 1269 4209 hterent
1296 4151 1454 4206 corde
1480 4149 1531 4202 in
1562 4146 1804 4208 Domino,

233 4265 318 4318 sic
345 4261 540 4314 habent
563 4257 660 4310 ista
683 4265 890 4308 terrena
915 4258 1160 4317 tanquam
1183 4243 1425 4314 capillos.
1448 4239 1549 4296 Sed
1572 4240 1809 4308 aliquan-

235 4358 310 4411 do
342 4363 394 4408 et
419 4351 616 4420 aliquid
643 4348 763 4404 b0ui
793 4345 858 4398 de
882 4342 1085 4412 capillis
1111 4336 1432 4408 operandam
1461 4342 1571 4398 est,
1600 4331 1810 4400 quando

235 4447 436 4515 frangis
463 4457 649 4514 panem
676 4436 946 4499 esurienti,
975 4447 1197 4501 egenum
1225 4429 1339 4482 sine
1363 4435 1501 4481 tecto
1526 4423 1729 4478 inducis
1757 4422 1808 4474 in

157 4559 160 4568 ·
233 4542 456 4595 domum
481 4545 648 4591 tuam.
671 4533 714 4586 si
737 4529 928 4582 videris
950 4525 1167 4586 nudum,
1188 4523 1351 4576 vestis
1377 4519 1525 4591 (Isai.
1548 4532 1692 4578 Lvnt,
1716 4515 1807 4583 7):

238 4640 515 4703 postremo
551 4625 708 4679 etiam
753 4622 847 4690 ipsi
893 4626 1154 4686 martyres
1194 4613 1456 4666 imitantes
1488 4607 1768 4662 Dominum
1792 4645 1811 4671 ,

235 4701 552 4790 sanguinem
585 4731 680 4784 pro
712 4711 944 4767 Ecclesia
977 4707 1256 4762 fundentes
1280 4746 1294 4769 ,
1325 4701 1598 4756 audientes
1629 4712 1810 4751 vocem

235 4787 388 4868 illam
410 4851 430 4878 ,
456 4809 605 4862 Sicut
629 4805 869 4860 Christus
893 4801 1112 4854 animam
1141 4811 1284 4850 suam
1314 4808 1402 4864 pro
1439 4790 1579 4843 nobis
1608 4787 1770 4856 posuit
1795 4827 1808 4846 ,

234 4907 324 4960 sic
353 4911 396 4957 et
424 4918 516 4955 nos
539 4898 768 4952 debemus
795 4911 885 4963 pro
910 4891 1142 4963 fratribus
1170 4887 1362 4939 animas
1389 4897 1568 4952 ponere
1594 4879 1632 4949 (Ι
1653 4878 1807 4930 Joan.

235 5015 297 5054 ιιι
327 5039 342 5062 ,
375 4994 461 5063 16)
485 5034 501 5057 ,
532 4985 922 5061 quodammodo
947 4983 1012 5036 de
1035 4979 1238 5048 capillis
1261 4977 1370 5030 suis
1397 4973 1530 5027 bene
1557 4970 1710 5025 nobis
1735 4969 1805 5022 l'e-

230 5096 434 5147 cerunt
455 5127 470 5149 ,
506 5083 558 5138 id
584 5089 666 5137 est
692 5079 759 5135 de
793 5078 874 5131 his
899 5075 1056 5130 rebus
1079 5085 1207 5140 quas
1233 5075 1405 5138 potest
1429 5075 1704 5132 amputare
1731 5063 1812 5115 vel

232 5179 435 5236 radere
456 5176 542 5230 illa
566 5170 836 5227 novacula.
860 5165 987 5233 Quia
1010 5177 1136 5232 ergo
1157 5159 1294 5214 etde
1315 5159 1442 5226 ipsis
1464 5155 1668 5223 capillis
1690 5155 1814 5208 boni

233 5270 441 5337 aliquid
465 5268 578 5323 ﬂeri
615 5271 787 5335 potest
805 5257 1114 5329 signiﬁcavit
1136 5262 1189 5308 et
1209 5252 1294 5306 illa
1317 5249 1504 5305 mulier
1525 5248 1810 5319 peccatrix,

235 5383 366 5439 quae
395 5378 516 5419 cum
547 5360 780 5415 ﬂevisset
815 5367 971 5422 super
1000 5347 1158 5418 pedes
1194 5343 1434 5407 Domini,
1468 5341 1672 5410 capillis
1701 5339 1811 5392 suis

238 5429 419 5518 tersit,
450 5467 584 5522 quos
611 5446 859 5520 lacrymis
888 5439 1071 5510 rigavit
1099 5437 1260 5507 (Luc.
1288 5450 1387 5496 vn,
1419 5433 1487 5488 '58
1581 5430 1716 5499 Quid
1742 5429 1817 5483 si-

235 5545 536 5623 gnilicans?
560 5544 692 5610 Quia
716 5555 834 5596 cum
863 5535 1107 5591 misertus
1129 5529 1293 5584 fueris
1315 5525 1555 5596 alicujus,
1583 5523 1744 5579 debes
1763 5530 1818 5576 et

315 5749 330 5778 ¹
367 5745 568 5807 Optima:
597 5745 723 5807 uota;
750 5742 877 5807 Mss,
897 5731 1199 5807 subacturus
1219 5738 1271 5807 es
1293 5723 1451 5796 bestiis
1477 5722 1599 5807 :ﬁslifa
1627 5721 1678 5807 ip
1697 5717 1816 5807 ρέἓι,

235 5810 328 5858 36.
590 5781 1140 5856 nfigpobsérvabamus
1157 5791 1204 5840 in
1227 5788 1472 5851 plerisque
1508 5782 1619 5832 cdd.
1651 5781 1819 5830 haberi

239 5872 368 5922 alios
383 5867 540 5917 ostiis
559 5864 889 5914 subrexerum.

1364 365 1755 426 ENARRATIO
1795 365 1809 418 Ι

1912 364 2020 420 PSA
2037 367 2224 425 LMUM
2268 372 2348 426 Li.
2461 318 2476 339 ο
3209 358 3221 388 ‘

3381 381 3484 435 600'

1917 483 2197 539 subvenire
2220 525 2235 547 ,
2276 485 2319 538 si
2362 494 2530 552 potes.
2571 485 2700 540 Cum
2729 487 2867 542 enim
2895 488 3165 544 misereris
3188 531 3201 556 ,
3235 500 3481 561 tauquam

1914 579 2174 648 lacrymas
2203 581 2372 633 lundis
2404 597 2416 632 :
2445 597 2564 634 cum
2591 582 2839 636 subvenis
2859 625 2874 648 ,
2902 585 3104 652 capillis
3137 587 3321 653 tergis.
3349 588 3409 640 Ei
3441 591 3484 646 si

1915 673 2015 725 ltoc
2053 674 2382 741 cuicumque,
2423 684 2620 743 quanto
2661 677 2824 744 magis
2866 678 3086 745 pedibus
3117 679 3482 745 Dumini?Qui

1915 759 2038 818 sunt
2076 765 2238 834 pedes
2278 766 2526 819 Domini?
2562 768 2914 836 Evangelista:
2941 771 3105 823 sancti
3133 810 3147 833 ,
3193 771 3258 823 de
3294 773 3482 839 quibus

1913 857 2110 911 dictum
2147 867 2228 912 est
2249 900 2263 920 ,
2308 860 2470 926 Quam
2499 861 2708 926 speciosi
2740 875 2855 914 sunt
2887 862 3032 931 pedes
3067 880 3235 915 eorum
3276 866 3361 932 qui
3395 883 3458 915 an

1913 951 2142 1004 nuntiant
2164 968 2354 1021 pacem,
2375 953 2460 1022 qui
2480 955 2778 1007 annuntianl
2792 955 2919 1007 bona
2937 953 3083 1026 (Isai.
3107 957 3254 1021 1.11.7,
3272 968 3316 1010 et
3339 957 3481 1009 lium.

1914 1060 1967 1110 κ,
1992 1044 2112 1110 15)ῑ
2137 1045 2275 1116 Ergo
2295 1056 2449 1101 acuat
2469 1049 2604 1102 sicut
2623 1049 2928 1102 novaculam
2955 1050 3178 1120 linguam
3204 1066 3352 1104 suam
3379 1052 3479 1104 llu-

1913 1137 2031 1196 ecli:
2055 1148 2208 1192 acuat
2227 1139 2405 1192 dolum
2427 1149 2676 1208 quantum
2697 1151 2897 1209 potest:
2916 1133 3183 1196 ablaturus
3201 1156 3273 1195 Cal
3301 1158 3484 1208 super-

1913 1227 2015 1282 ﬂua
2049 1230 2388 1298 temporalia;
2418 1231 2670 1299 numquid
2703 1233 2997 1286 necessaria
3030 1206 3392 1300 sempiterna?
3521 1206 3525 1210 i

1984 1319 2070 1374 10.
2113 1318 2260 1392 [rem
2289 1320 2367 1393 5.]
2407 1319 2638 1374 Dilexistt'
2668 1323 2909 1375 malitiam
2935 1339 3083 1389 super
3111 1324 3478 1392 benignitatem.

1913 1409 2050 1465 Ante
2093 1421 2142 1466 te
2178 1423 2291 1465 crat
2329 1413 2659 1481 benignitas,
2703 1415 2866 1482 ipsam
2903 1413 3171 1484 diligercs.
3202 1415 3312 1468 Non
3341 1417 3481 1470 enim

1914 1502 2110 1571 aliquid
2140 1518 2258 1557 eras
2280 1513 2604 1573 erogaturus,
2636 1517 2721 1558 aut
2751 1505 2886 1573 quod
2915 1505 3158 1574 diligcres
3185 1506 3250 1558 de
3278 1505 3484 1573 longin~

1913 1611 2012 1665 qua
2055 1597 2383 1665 navigatione
2426 1598 2678 1650 allaturus
2708 1613 2845 1651 eras.
2891 1597 3191 1666 Benignitas
3229 1609 3351 1651 ante
3389 1609 3440 1650 te
3469 1639 3482 1657 .

1914 1687 2162 1760 iniquitas
2187 1697 2307 1743 ante
2337 1695 2389 1742 te
2423 1705 2434 1742 :
2467 1703 2734 1756 compara,
2767 1697 2820 1741 et
2845 1691 2995 1758 elige.
3027 1690 3128 1744 Sed
3164 1691 3296 1743 forte
3324 1690 3485 1743 habes

1912 1782 2122 1836 oculum
2153 1796 2258 1848 quo
2288 1780 2465 1834 videas
2495 1780 2870 1849 malignitatem
2897 1820 2910 1846 ,
2941 1790 2993 1834 et
3022 1797 3125 1833 non
3159 1781 3320 1833 halu-s
3353 1796 3483 1834 ocu-

1915 1875 2022 1928 lum
2050 1887 2153 1942 quo
2177 1871 2355 1926 videas
2381 1872 2778 1940 benignitatem.
2805 1869 2895 1926 Va:
2923 1870 3100 1939 iniquo
3125 1871 3268 1924 cordi
3295 1871 3306 1924 Ξ
3334 1870 3480 1936 Quod

1913 1963 2061 2032 pejus
2102 1973 2219 2027 est,
2261 1963 2450 2016 avertit
2492 1977 2550 2016 se
2590 1977 2656 2015 ne
2694 1963 2870 2015 videat
2907 1961 3045 2030 quod
3077 1961 3254 2015 videre
3289 1970 3478 2029 potest.

1912 2057 2044 2126 Quid
2073 2057 2213 2112 enim
2244 2056 2312 2110 de
2339 2056 2530 2108 talibus
2558 2055 2663 2108 alio
2689 2054 2806 2107 loco
2832 2053 3028 2107 dictum
3056 2051 3174 2107 est?
3204 2052 3380 2106 Noluit
3408 2052 3484 2103 in-

1913 2150 2133 2220 telligere
2160 2160 2211 2202 ut
2237 2149 2356 2203 bene
2379 2158 2564 2219 ageret.
2598 2147 2709 2202 Non
2737 2149 2876 2202 enim
2903 2147 3100 2201 dictum
3128 2155 3227 2211 est,
3261 2163 3363 2200 non
3390 2161 3482 2214 po-

1913 2243 2008 2295 tuit
2031 2258 2046 2308 ;
2075 2242 2166 2295 sed
2191 2241 2371 2302 uoluit,
2398 2240 2583 2310 inquit,
2611 2240 2884 2309 intelligere
2903 2249 2956 2292 ut
2979 2239 3098 2292 bene
3116 2247 3313 2309 ageret,
3340 2238 3485 2292 clan-

1911 2331 1979 2384 sit
2008 2331 2188 2385 oculos
2225 2333 2266 2384 a’
2287 2331 2404 2384 lucc
2432 2331 2698 2400 praesenti.
2733 2330 2794 2384 Et
2825 2329 2949 2399 quid
2981 2329 3254 2398 sequitur?
3290 2327 3484 2397 iniqui-

1912 2433 2061 2475 tatem
2087 2422 2350 2474 meditatus
2379 2430 2449 2474 est
2475 2422 2525 2474 in
2553 2421 2705 2474 cubili
2726 2437 2816 2474 suo
2835 2419 3002 2489 (Psal.
3021 2435 3185 2481 xxxv,
3204 2419 3254 2482 4,
3279 2419 3352 2488 5),
3384 2418 3482 2471 hoc

1911 2525 1991 2569 est
2018 2515 2068 2568 in
2096 2515 2344 2568 interiore
2368 2524 2574 2568 secreto
2603 2514 2780 2568 cordis
2800 2515 2899 2568 sui.
2928 2513 3057 2568 Tale
3081 2511 3205 2581 quid
3233 2511 3480 2579 ohjicitur

1913 2607 2032 2660 huic
2057 2606 2230 2660 Doccb
2253 2605 2502 2666 ldummo.
2524 2606 2754 2675 maligno
2775 2605 3006 2673 corpori,
3031 2603 3223 2658 mortui
3246 2613 3478 2666 terreno,

1912 2713 2013 2751 non
2044 2699 2392 2767 permanenti,
2426 2713 2531 2750 non
2559 2695 2783 2751 caelesti.
2812 2694 3048 2748 Dilexisti
3069 2695 3310 2747 malitiam
3333 2709 3483 2759 super

1910 2789 2275 2860 benignitatem.
2299 2788 2427 2842 Nam
2449 2789 2526 2842 vis
2546 2802 2704 2841 nosse
2727 2801 2881 2856 quam
2905 2786 3086 2840 videat
3103 2785 3269 2839 malus
3285 2793 3481 2838 utrum-

1908 2894 2010 2950 que
2036 2921 2051 2946 ,
2092 2888 2146 2934 et
2181 2879 2311 2934 illud
2351 2879 2522 2948 potius
2558 2879 2753 2947 eligat,
2797 2877 2918 2931 hinc
2947 2891 3005 2932 se
3034 2875 3273 2931 avertat?
3302 2877 3478 2940 Quare

1907 2973 2100 3026 clamat
2144 2971 2352 3044 quando
2395 2973 2571 3039 inique
2617 2969 2813 3040 aliquid
2861 2968 3092 3039 patitur?
3138 2967 3314 3036 Quare
3359 2978 3482 3020 tunc

1905 3074 2187 3133 exaggerat
2221 3073 2471 3134 quantum
2501 3071 2672 3132 potest
2699 3062 3029 3131 iniquitatem
3053 3103 3068 3126 ,
3103 3071 3156 3115 et
3183 3059 3357 3115 laudat
3388 3062 3479 3113 be-

1909 3156 2236 3226 nignitatem,
2256 3154 2660 3238 reprehendens
2686 3169 2806 3208 eum
2833 3153 2921 3222 qui
2945 3152 2995 3205 iu
3019 3151 3110 3206 illo
3129 3161 3376 3219 operatus
3400 3162 3482 3204 est

1907 3249 2282 3319 malignitatem
2335 3263 2496 3317 super
2536 3245 2954 3317 benignitatem?
3005 3244 3084 3300 Sit
3131 3259 3257 3314 ergo
3298 3246 3478 3312 regula

1905 3344 2001 3398 sibi
2031 3343 2096 3397 ad
2128 3341 2406 3395 vivendum
2437 3359 2448 3394 :
2479 3341 2542 3395 de
2572 3343 2746 3410 seipso
2770 3339 3113 3409 judicabitur.
3141 3338 3305 3392 Porro
3332 3338 3374 3390 si
3408 3337 3482 3389 l'a-

1904 3436 2008 3488 ciat
2049 3434 2186 3503 quod
2229 3435 2480 3501 scriptqu
2516 3441 2628 3496 est,
2673 3431 2862 3501 Diliges
2893 3431 3173 3498 proximum
3203 3440 3338 3482 tuum
3365 3440 3480 3480 tan-

1903 3542 2053 3595 quam
2091 3526 2302 3592 teipsum
2345 3523 2569 3594 (Matth.
2604 3540 2708 3577 xxn
2736 3565 2750 3588 ,
2783 3524 2849 3576 59
2871 3524 2929 3592 );
2976 3532 3029 3576 et
3052 3561 3068 3587 ,
3102 3521 3227 3585 Qua:
3253 3524 3399 3573 vultis
3427 3529 3480 3572 ut

1906 3620 2092 3687 faciant
2131 3615 2262 3669 vobis
2292 3617 2512 3668 homines
2542 3614 2671 3666 bona
2695 3655 2707 3677 ,
2747 3614 2853 3665 ha’c
2885 3623 2928 3664 et
2955 3629 3038 3664 vos
3064 3613 3212 3680 facile
3235 3611 3336 3662 illis
3366 3607 3474 3677 (Id.

1907 3723 2002 3775 vn,
2034 3710 2153 3778 ‘12);
2185 3707 2323 3778 apud
2349 3723 2406 3761 se
2435 3706 2590 3759 habet
2617 3705 2753 3758 unde
2777 3703 3002 3766 noverit,
3030 3702 3150 3770 quia
3176 3700 3314 3768 quod
3345 3700 3393 3752 in
3421 3715 3478 3752 se

1907 3818 2009 3855 non
2041 3800 2154 3852 vult
2181 3798 2292 3852 fieri
2319 3839 2334 3864 ,
2367 3813 2470 3849 non
2501 3794 2853 3848 debellavere
2879 3793 3028 3845 alteri
3064 3789 3211 3860 (Τοῦ.
3244 3805 3294 3843 tv
3316 3832 3330 3855 ,
3366 3790 3476 3859 ili).

1911 3891 2141 3945 Dilexisti
2178 3888 2422 3941 malitiam
2452 3902 2599 3954 super
2635 3884 3002 3954 benignitatem.
3036 3881 3217 3951 Inique
3239 3923 3252 3946 ,
3282 3881 3481 3935 inordi-

1908 3993 2028 4038 nate
2052 4024 2067 4048 ,
2110 3994 2357 4051 perverse
2399 3979 2477 4031 vis
2517 3979 2688 4031 levare
2731 3992 2919 4045 aquam
2961 3991 3120 4044 super
3148 3975 3357 4036 oleum;
3390 3974 3482 4029 de-

1911 4085 2172 4145 mergetur
2200 4088 2354 4142 aqua,
2385 4071 2560 4123 oleum
2585 4067 3017 4137 supereminebit.
3049 4068 3252 4122 Ponere
3278 4067 3356 4121 vis
3382 4067 3480 4122 sub

1912 4166 2141 4222 tenebris
2179 4165 2386 4224 lucem;
2427 4160 2742 4230 fugabuntnr
2784 4159 3049 4226 tenebrae,
3095 4159 3180 4212 lux
3223 4159 3478 4214 manebit.

1907 4259 2077 4326 Super
2102 4257 2291 4312 cmlum
2321 4265 2512 4309 terram
2538 4253 2615 4306 vis
2639 4251 2933 4317 collocare;
2960 4251 3189 4321 pondere
3211 4268 3306 4306 suo
3329 4252 3483 4306 cadet

1913 4362 2050 4406 terra
2091 4351 2142 4405 in
2186 4351 2355 4403 locum
2402 4362 2577 4400 suum.
2623 4344 2701 4398 Tn
2745 4361 2870 4413 ergo
2913 4347 3169 4414 mergeris
3214 4345 3481 4414 diligendo

1911 4440 2161 4496 malitiam
2202 4456 2360 4510 super
2401 4440 2792 4508 benignitatem.
2836 4437 2966 4490 Nam
3008 4453 3272 4505 nunquam
3329 4437 3480 4490 beni-

1910 4539 2159 4609 gnitatem
2206 4534 2399 4587 malitia
2445 4533 2731 4600 superabit.
2771 4531 3002 4584 Dilexisti
3048 4530 3290 4581 malitiam
3334 4546 3482 4595 super

1913 4631 2259 4700 benignitatem
2285 4642 2302 4679 :
2327 4626 2636 4692 iniquitatem
2661 4623 2817 4692 magis
2842 4638 2988 4691 quam
3021 4620 3155 4688 loqui
3179 4621 3480 4686 wquitaleim

1915 4723 2048 4775 Ante
2080 4729 2129 4773 te
2154 4728 2235 4773 est
2259 4716 2500 4787 arquitas,
2537 4726 2657 4769 ante
2679 4708 2738 4767 "te
2767 4723 2846 4766 est
2872 4713 3116 4780 iniquitas
3147 4729 3158 4762 :
3192 4727 3344 4762 unum
3379 4711 3482 4763 lin-

1914 4830 2064 4884 guam
2096 4811 2260 4866 hach
2287 4853 2302 4878 ,
2333 4825 2438 4880 quo
2467 4809 2545 4861 vis
2575 4823 2691 4862 eam
2724 4806 2883 4858 vertis
2909 4821 2922 4867 ;
2953 4819 3115 4872 quare
3146 4818 3272 4870 ergo
3313 4804 3484 4871 potius

1914 4909 1977 4962 ad
2011 4907 2335 4976 iniquitatem
2359 4945 2372 4967 ,
2415 4913 2468 4956 ct
2506 4918 2608 4954 non
2639 4899 2704 4951 ad
2734 4896 3074 4966 :cquitatcm?
3102 4894 3259 4949 Cibus
3285 4896 3481 4946 amari-

1918 4997 2110 5050 tudinis
2150 5012 2254 5049 tion
2291 4995 2385 5047 das
2424 4993 2591 5044 ventri
2639 4997 2758 5046 tuo.
2796 4997 2848 5040 et
2885 4986 3031 5039 cibos
3071 4986 3356 5056 iniquitatis
3389 4987 3486 5040 (ius

1921 5091 2105 5158 lingua:
2145 5098 2252 5140 [me
2287 5083 2569 5151 malignas?
2607 5080 2750 5134 Sicut
2793 5078 2942 5146 eligis
2979 5093 3081 5145 quo
3120 5079 3367 5140 vcsmris,
3412 5081 3487 5134 sic

1916 5182 2051 5250 elige
2079 5177 2214 5247 quod
2248 5174 2500 5244 loquaris.
2532 5170 2798 5237 l’rmponis
2824 5185 2950 5237 ergo
2981 5169 3303 5238 iniquitatem
3334 5172 3486 5239 a-qui-

1920 5275 2052 5339 tati,
2097 5279 2152 5325 ει
2196 5267 2458 5339 praeponis
2505 5265 2754 5317 malitiam
2801 5264 3104 5333 benignitati
3137 5281 3148 5316 :
3180 5274 3244 5318 tn.
3277 5264 3486 5332 quidem

1878 5393 1880 5396 -
1920 5362 2214 5433 praeponis.
2255 5359 2346 5415 sed
2379 5374 2532 5425 supra
2565 5372 2683 5410 esse
2713 5355 2835 5422 quid
2871 5364 3036 5423 potest
3071 5357 3167 5409 nisi
3197 5356 3488 5423 benignitas

1917 5467 1970 5512 ει
1999 5453 2260 5523 aequitas?
2290 5450 2392 5505 Sed
2423 5459 2476 5504 tu
2500 5449 2817 5518 imponendo
2845 5457 2894 5502 te
2919 5447 3306 5514 quodammodo
3331 5461 3488 5510 super

1918 5564 1980 5604 ca
2018 5562 2135 5618 qua:
2174 5558 2392 5618 necesse
2420 5554 2500 5597 est
2527 5552 2581 5594 ut
2612 5541 2857 5595 deorsum
2889 5551 3010 5593 eant
3039 5578 3051 5600 ,
3084 5553 3186 5590 non
3218 5537 3300 5588 illa
3329 5533 3491 5586 facies

1919 5655 2038 5698 esse
2067 5654 2222 5707 supra
2251 5637 2406 5697 bona,
2438 5633 2532 5688 sed
2564 5643 2615 5686 tn
2645 5649 2763 5687 cum
2789 5631 2866 5685 eis
2893 5631 3150 5695 mergeris
3179 5628 3228 5681 in
3262 5625 3416 5680 mala.

1983 5736 2068 5788 ll.
2095 5731 2242 5805 [vers.
2262 5728 2338 5801 6.]
2362 5721 2583 5797 PrOptcr
2603 5726 2702 5779 huc
2725 5725 2961 5793 sequitur
2981 5723 3035 5775 in
3055 5720 3284 5784 Psaltno,
3306 5716 3493 5771 Dilexi-

1924 5828 1983 5881 sti
2010 5826 2174 5879 omnia
2201 5820 2343 5876 verba
2363 5818 2732 5874 submersionis.
2755 5816 2908 5883 Eripe
2937 5826 3061 5881 ergo
3090 5819 3162 5876 te,
3187 5807 3233 5864 si
3265 5817 3435 5878 potes.
3463 5823 3493 5860 ξι
