4004 6200
565 354 667 410 607
1369 373 1373 377 ι
1802 334 1861 394 S.
1901 333 2163 393 AUGUS’I

2304 335 2604 392 EPISCOPI
2978 322 2989 325 ’
3667 318 3754 410 θος

565 462 948 522 submersione.
978 458 1315 528 Naufragium
1344 456 1478 528 fugis
1503 497 1519 523 ,
1548 463 1603 512 et
1634 452 1903 523 plumbum
1929 447 2134 518 amplae

565 558 763 623 cteris!
801 555 858 615 Si
890 568 994 609 non
1023 554 1102 606 vis
1129 550 1317 621 mergi,
1346 547 1580 604 tabulam
1605 541 1964 615 apprehende,
1995 541 2138 609 ligno

470 648 475 655 ’
565 656 774 716 portare
793 685 808 710 ,
839 658 974 698 crux
1012 652 1065 696 te
1104 640 1371 710 perducat.
1401 636 1552 693 Nunc
1576 650 1701 690 vero
1725 632 1845 703 quia
1877 629 2052 684 Doech
2080 642 2140 683 es

567 737 848 800 ldumaius,
877 743 1049 788 motus
1073 743 1126 788 et
1159 742 1423 793 terrenus,
1445 727 1571 799 quid
1591 722 1753 782 facis?
1781 722 2010 777 Dilexisti
2028 736 2142 774 om-

567 830 650 883 nia
678 827 824 881 verba
847 824 1218 889 submersionis,
1248 824 1472 894 linguam
1496 820 1743 873 dolosam.
1766 816 1891 872 Huic
1916 828 2143 885 praeces-

548 912 656 987 sit,
682 921 842 974 verba
863 917 1245 973 submersionis
1264 923 1442 969 secuta
1465 920 1587 967 sunt
1602 911 1831 980 linguam
1851 907 2083 961 dolosam
2098 907 2140 958 ⁸.

571 1010 705 1078 Quid
748 1019 831 1065 est
861 1010 1034 1079 lingua
1064 1007 1290 1062 dolosa?
1322 1005 1557 1060 Miuistra
1599 1000 1819 1056 fallacia:
1856 1008 1937 1055 est
1965 998 2140 1067 lingua

571 1102 776 1162 dolosa,
804 1099 946 1154 aliud
978 1100 1028 1152 in
1056 1098 1219 1154 corde
1243 1095 1582 1167 gestantium,
1610 1082 1749 1146 aliud
1775 1105 1868 1146 ore
1895 1103 2142 1161 promen-

570 1192 721 1246 tiutn.
752 1190 856 1246 Sed
889 1191 940 1244 in
968 1189 1049 1242 his
1078 1187 1374 1253 subversio,
1405 1186 1454 1240 in
1489 1185 1569 1238 his
1597 1182 1914 1238 snbmersio.

649 1284 735 1339 12.
778 1282 928 1356 [vers.
961 1280 1039 1354 7.]
1064 1280 1336 1352 Propterea
1359 1277 1494 1333 Deus
1532 1278 1750 1331 destruet
1771 1284 1817 1328 te
1851 1274 1904 1327 in
1942 1273 2092 1342 finem
2125 1285 2145 1325 :

573 1376 676 1431 etsi
713 1391 850 1430 nunc
880 1374 1075 1428 videris
1105 1374 1279 1428 virere
1309 1381 1555 1442 tanquam
1587 1369 1762 1424 fenum
1794 1367 1843 1421 in
1871 1381 1997 1436 agro
2024 1372 2148 1419 ante

572 1478 760 1521 aestum
783 1467 926 1520 solis.
948 1464 1131 1519 Omnis
1148 1462 1286 1519 enim
1304 1478 1427 1518 caro
1446 1448 1646 1527 fenum,
1664 1469 1717 1514 et
1732 1458 1941 1514 claritas
1975 1454 2148 1511 homi-

576 1557 658 1610 nis
679 1568 733 1610 ut
753 1556 850 1610 llos
870 1554 976 1609 feni
1000 1573 1012 1608 :
1033 1554 1207 1608 fenum
1229 1554 1385 1618 aruit,
1403 1544 1567 1606 et'ﬂos
1579 1549 1774 1606 decidit
1791 1564 1805 1611 ;
1825 1547 2041 1602 verbum
2060 1561 2149 1600 au-

578 1660 683 1703 tem
713 1648 919 1701 Domini
948 1656 1123 1701 manet
1156 1647 1205 1700 in
1235 1653 1491 1701 aeternum
1523 1642 1675 1713 (Isai.
1705 1659 1792 1708 ιι,
1819 1641 1872 1707 6,
1902 1638 1981 1712 8).
2014 1639 2149 1694 Ecce

575 1754 679 1809 quo
692 1747 743 1793 te
758 1737 1026 1802 teneas,ad
1041 1736 1179 1806 quod
1195 1744 1372 1808 manet
1385 1737 1435 1789 in
1450 1744 1726 1789 :nteruum.
1741 1732 1870 1787 Nam
1885 1731 1949 1785 ad
1967 1730 2147 1785 fenum

576 1838 632 1886 et
648 1831 713 1884 ad
735 1830 917 1885 liorem
941 1828 1043 1884 feni
1061 1830 1105 1883 si
1129 1839 1178 1884 te
1203 1827 1706 1897 tenneris,quoniam
1725 1824 1902 1879 fenum
1922 1831 2147 1889 arescet,

577 1931 629 1978 et
651 1922 747 1977 llos
764 1922 988 1986 decidet,
1006 1922 1224 1977 destruet
1242 1931 1287 1975 te
1302 1919 1439 1973 Deus
1454 1921 1507 1972 in
1526 1919 1711 1986 ﬁnem:
1728 1917 1825 1970 ctsi
1849 1932 1951 1970 non
1971 1913 2152 1981 modo,

579 2023 726 2069 certe
754 2014 806 2067 in
837 2013 994 2067 linem
1024 2013 1277 2074 destruet,
1304 2009 1513 2081 quando
1534 2008 1660 2063 illud
1683 2007 2033 2062 ventilahrum
2058 2021 2152 2060 ve-

580 2105 739 2168 nerit,
763 2115 815 2159 et
835 2119 1054 2159 acervus
1073 2105 1233 2173 palea:
1248 2118 1276 2155 a
1298 2116 1470 2157 massa
1488 2110 1760 2169 separatus
1779 2099 1950 2154 fuerit.
1969 2097 2154 2152 Nonne

584 2210 756 2249 massa
782 2196 831 2248 in
857 2195 1066 2258 horrea,
1090 2201 1144 2246 et
1166 2193 1312 2262 palea
1335 2191 1386 2246 in
1410 2193 1580 2262 ignem
1599 2190 1813 2261 (Matth.
1838 2206 1927 2254 ιιι,
1955 2199 2000 2243 et
2022 2206 2116 2243 xm
2137 2230 2152 2250 .

583 2286 708 2354 40)?
731 2285 915 2339 Nonne
945 2293 1086 2338 totus
1106 2285 1205 2337 iste
1228 2283 1405 2337 Doech
1425 2283 1490 2337 ad
1513 2283 1779 2336 sinistram
1800 2281 1975 2345 stabit,
1999 2296 2159 2351 quan-

584 2379 654 2433 do
698 2376 933 2432 dicturus
987 2386 1069 2432 est
1117 2375 1388 2441 Dominus,
1419 2373 1499 2429 Ite
1532 2376 1584 2428 in
1618 2375 1782 2446 ignem
1809 2386 2049 2430 internum
2073 2376 2159 2445 qui

588 2479 795 2541 paratus
815 2479 884 2523 est
905 2467 1103 2523 diabolo
1117 2479 1163 2520 et
1186 2468 1377 2537 angelis
1400 2469 1509 2538 ejus
1528 2465 1773 2539 (ld.xxv,
1786 2469 1846 2522 41
1860 2468 1905 2539 )?
1925 2467 2158 2522 Destruet

586 2574 714 2628 ergo
754 2570 801 2614 te
839 2559 975 2613 Deus
995 2559 1046 2613 in
1088 2560 1239 2628 ﬁnem
1273 2574 1292 2612 :
1319 2558 1489 2612 evellet
1527 2567 1592 2622 te,
1633 2568 1679 2613 et
1718 2559 1974 2629 emigrabit
2015 2569 2062 2613 te
2098 2559 2162 2613 de

590 2653 908 2705 tabernaculo
946 2661 1054 2704 tuo.
1095 2650 1246 2707 Modo
1283 2666 1410 2721 ergo
1449 2650 1623 2705 Doech
1663 2650 1762 2705 iste
1792 2650 2050 2705 Idumaeos
2079 2658 2162 2706 est

592 2743 646 2797 iu
692 2742 1083 2796 tabernaculo:
1130 2742 1222 2797 sed
1265 2757 1452 2798 servus
1490 2758 1595 2796 non
1627 2753 1805 2796 manet
1842 2742 1893 2796 in
1921 2742 2161 2797 domoin

593 2842 852 2887 aeternum
894 2830 1087 2905 (Joan.
1127 2848 1254 2898 vm,
1299 2831 1427 2903 55).
1472 2832 1736 2902 Operatur
1762 2841 1815 2886 et
1843 2832 1943 2886 iste
1968 2831 2163 2902 aliquid

593 2921 716 2977 boni
741 2965 754 2988 ,
786 2924 885 2978 etsi
926 2938 1032 2977 non
1073 2922 1223 2978 lactis
1250 2923 1395 2990 suis,
1433 2924 1622 2978 saltem
1652 2924 1827 2978 verbis
1867 2924 1994 2988 Dei,
2027 2933 2085 2978 ut
2110 2923 2165 2979 in

596 3013 831 3069 Ecclesia
861 3014 1072 3083 quando
1099 3032 1192 3069 sua
1222 3017 1409 3084 quaerit
1435 3014 1703 3086 (Philipp.
1735 3032 1805 3083 ιι,
1834 3016 1950 3087 2|).
1977 3016 2166 3071 saltem

596 3121 713 3174 quae
750 3105 944 3160 Christi
984 3116 1108 3160 sunt
1142 3105 1303 3160 dicat.
1336 3104 1442 3159 Sed
1481 3107 1741 3176 emigrabit
1769 3116 1816 3161 te
1842 3106 1904 3160 de
1931 3107 2165 3160 taberna-

598 3197 712 3249 culo
742 3207 847 3249 tuo.
892 3197 1060 3252 Amen
1086 3197 1208 3252 dico
1248 3198 1394 3250 vobis
1418 3239 1430 3260 ,
1478 3207 1828 3266 perceperunt
1866 3197 2166 3253 mercedem

598 3302 749 3341 suam
777 3287 990 3354 (Matth.
1023 3304 1095 3353 vr,
1126 3287 1205 3356 2).
1236 3287 1301 3341 Ει
1331 3288 1550 3341 radicem
1578 3297 1719 3341 tuam
1743 3289 1805 3341 de
1833 3298 1967 3342 terra
1998 3289 2167 3342 viven-

601 3378 742 3430 tium.
784 3377 922 3449 Ergo
953 3379 1003 3432 in
1047 3387 1185 3433 terra
1223 3378 1506 3432 viventium
1542 3394 1639 3433 nos
1676 3378 1929 3434 debemus
1975 3378 2170 3435 habere

601 3469 854 3522 radicem.
893 3469 1056 3523 Radix
1100 3480 1279 3523 nostra
1311 3469 1379 3523 ibi
1408 3470 1495 3523 sit.
1539 3469 1594 3523 In
1623 3469 1832 3524 occulto
1858 3478 1939 3525 est
1973 3471 2121 3525 radix
2153 3488 2166 3525 :

602 3559 800 3614 fruetus
827 3560 990 3615 videri
1019 3571 1259 3630 possunt,
1290 3559 1440 3615 radix
1466 3559 1630 3615 videri
1653 3576 1757 3615 non
1785 3570 1974 3630 potest.
2000 3561 2170 3616 Radix

603 3659 782 3703 nostra
809 3649 1039 3705 Charitas
1067 3659 1278 3715 nostra,
1309 3649 1511 3704 fructus
1552 3651 1717 3704 nostri
1748 3666 1906 3721 opera
1943 3662 2125 3707 nostra
2153 3670 2168 3708 :

603 3757 736 3810 opus
762 3751 923 3797 estut
949 3758 1109 3818 opera
1133 3753 1218 3795 tua
1243 3740 1310 3796 de
1334 3740 1591 3795 charitate
1614 3741 1920 3811 procedant,
1946 3751 2068 3798 tunc
2090 3753 2173 3797 est

605 3832 748 3885 radix
791 3841 875 3886 tua
909 3834 959 3886 in
993 3842 1130 3887 terra
1175 3832 1481 3886 viventium.
1528 3831 1652 3887 lude
1694 3833 2047 3889 cradicabitur
2074 3834 2173 3889 istc

606 3923 813 3987 Doech,
849 3941 945 3977 nec
978 3924 1195 3976 oinnino
1227 3923 1417 3992 poterit
1450 3923 1517 3976 ibi
1551 3938 1894 3992 permanere,
1922 3924 2046 3994 quia
2074 3940 2175 3980 nec

604 4012 764 4066 altius
800 4013 869 4067 ibi
900 4004 1011 4066 fixit
1048 4014 1277 4068 radicem
1306 4031 1318 4066 :
1348 4013 1442 4068 sed
1467 4012 1735 4083 quomodo
1778 4013 1861 4067 illa
1891 4015 2091 4069 semina
2120 4016 2174 4070 in

610 4112 791 4171 petra,
834 4105 930 4156 etsi
976 4104 1205 4158 radicem
1250 4105 1483 4171 ejiciant,
1530 4113 1704 4159 tamen
1748 4106 1865 4172 quia
1897 4104 2172 4161 humorem

613 4208 718 4247 non
756 4191 1096 4257 liabent,sole
1138 4204 1256 4248 orto
1294 4196 1543 4249 continuo
1583 4194 1949 4264 arescunt(ld.
1964 4213 2072 4263 xui,
2092 4198 2175 4269 5).

606 4282 678 4337 At
701 4296 828 4335 vero
850 4281 921 4335 illi
944 4283 1033 4352 qui
1063 4284 1219 4337 altius
1248 4284 1414 4354 ﬁgunt
1438 4284 1693 4351 radicem,
1723 4286 1846 4355 quid
1869 4287 2088 4343 audiunt
2110 4290 2177 4345 ab

609 4375 905 4445 Apostolo?
932 4375 1105 4428 Flecto
1133 4393 1296 4446 genua
1326 4393 1434 4430 mea
1464 4395 1555 4445 pro
1580 4377 1716 4432 vobis
1744 4381 1812 4431 ad
1839 4377 2045 4433 Patrem
2076 4380 2180 4435 Do-

610 4468 734 4521 mini
763 4467 922 4521 nostri
946 4465 982 4521 Ι
985 4484 1071 4521 esu
1097 4466 1303 4533 Christi,
1331 4478 1387 4522 ut
1414 4468 1521 4523 sitis
1546 4470 1597 4523 in
1623 4469 1869 4524 charitate
1891 4472 2104 4526 radicati
2132 4483 2180 4528 et

609 4561 830 4629 fundati.
869 4560 934 4615 Et
961 4562 1080 4631 quia
1122 4561 1191 4615 ibi
1233 4560 1342 4630 jam
1379 4561 1556 4629 radix,
1610 4561 1676 4617 Ut
1705 4565 1941 4632 possitis,
1976 4566 2176 4637 inquit,

608 4640 1024 4725 comprehendere
1056 4670 1170 4724 qua:
1201 4655 1263 4708 sit
1289 4652 1534 4719 altitudo,
1571 4655 1803 4717 latitudo.
1839 4658 2098 4728 longitudo
2136 4669 2182 4715 et

613 4747 949 4816 profundum;
976 4746 1102 4801 scire
1127 4746 1277 4800 etiam
1302 4745 1746 4814 supereminentem
1772 4748 2029 4802 scientiam
2057 4750 2180 4803 cha-

611 4837 771 4890 ritatis
812 4838 1017 4905 Christi,
1060 4849 1114 4893 ut
1152 4839 1462 4908 implenmini
1503 4839 1555 4891 in
1596 4856 1792 4892 onmem
1822 4841 2181 4907 plenitudinem

614 4927 708 4981 Dei
735 4927 956 4998 (Ep/tes.
992 4948 1075 4998 ιιι,
1104 4932 1204 4996 14,
1239 4929 1460 5001 16-19).
1491 4927 1705 4984 Talibus
1737 4930 1995 4986 fructibus
2024 4934 2180 5004 digna

615 5028 699 5074 est
721 5028 862 5073 tanta
887 5022 1063 5086 radix,
1089 5033 1193 5077 tam
1216 5023 1470 5092 simplex,
1496 5035 1601 5077 tam
1624 5023 1956 5092 germinans,
1985 5025 2035 5079 in
2056 5041 2180 5095 ger-

615 5112 756 5166 mina
783 5120 889 5166 tam
919 5113 1023 5167 alte
1052 5114 1269 5169 fundata
1289 5117 1333 5168 ².
1360 5116 1429 5170 Αι
1451 5130 1578 5170 vero
1600 5114 1757 5186 hujus
1778 5116 1925 5170 radix
1947 5118 2184 5174 eradica-

615 5213 699 5258 tur
718 5203 784 5257 dc
807 5212 942 5257 terra
966 5203 1271 5267 viventium.

685 5294 771 5349 15.
806 5291 952 5365 [vers.
986 5293 1064 5365 8.]
1095 5293 1162 5348 Et
1190 5296 1423 5350 videbunt
1438 5298 1586 5368 justi,
1609 5307 1653 5351 et
1678 5298 1936 5359 timebunt,
1964 5308 2010 5353 et
2032 5316 2183 5369 super

613 5403 721 5439 eum
750 5384 1000 5438 ridebunt.
1029 5384 1251 5450 Quando
1296 5385 1592 5442 timebunt?
1639 5389 1849 5458 quando
1899 5390 2183 5447 ridebunt?

675 5564 690 5594 ι
728 5568 817 5624 ιζικΔ
830 5568 881 5624 ει
901 5559 1123 5624 plerique
1142 5566 1265 5609 Mssa
1290 5557 1532 5620 Expressit
1556 5558 1700 5610 verba
1719 5557 2070 5624 submersionis,
2095 5563 2185 5614 lin-

617 5636 759 5687 gnam
784 5621 1013 5673 dolosam.
1044 5621 1055 5623 ‘
2058 5621 2065 5624 '

672 5688 691 5716 ²
720 5687 796 5735 sic
817 5684 1013 5748 aliquod
1050 5690 1153 5748 Mss.
1178 5682 1263 5732 Alii
1300 5682 1492 5745 quidam
1523 5694 1536 5731 :
1571 5687 1679 5748 tam
1702 5679 1934 5748 simplex,
1960 5687 2057 5732 tam
2077 5699 2185 5748 ger.

615 5760 775 5810 mana,
799 5741 1013 5810 tarn'alté
1035 5745 1250 5810 (imitata.
1286 5741 1340 5793 Αἰ
1369 5751 1498 5810 ιρν..
1523 5751 1620 5794 tam
1638 5741 1841 5810 simplex
1856 5778 1872 5810 _,
1896 5748 1992 5794 tant
2012 5741 2184 5810 germi-

618 5820 737 5859 nans
759 5806 807 5858 in
822 5805 1050 5873 germine.
1066 5814 1166 5859 tam
1188 5805 1287 5859 alta
1306 5813 1352 5859 et
1371 5807 1574 5866 [imitata
1589 5815 1634 5860 et
1653 5805 1909 5870 profluuio.

2246 445 2601 518 intelligamus
2645 463 2772 518 ergo
2816 457 2871 504 et
2898 448 3259 506 discernamus
3294 450 3397 507 duo
3437 453 3530 512 ista
3555 432 3763 530 tempore

2246 539 2374 601 satis
2400 538 2596 594 utiliter
2622 540 2841 595 timendi
2857 550 2911 596 et
2934 541 3161 596 ridendi.
3184 542 3433 610 Quamdiu
3451 549 3579 602 enim
3606 566 3761 608 sumus

2249 628 2301 682 in
2332 628 2434 684 hoc
2461 631 2676 693 saculo,
2700 630 2934 687 nondum
2968 643 3050 687 est
3081 633 3372 701 ridendum,
3395 652 3457 691 ne
3482 651 3643 708 postea
3666 645 3756 713 plo-

2249 736 2449 777 remus.
2477 721 2723 792 Legimus
2748 724 2872 793 quid
2898 735 3142 779 servetur
3174 725 3226 778 in
3267 726 3417 780 linem
3442 727 3554 784 huic
3578 731 3762 794 Doech;

2251 811 2499 882 legimus,
2527 822 2583 869 et
2607 814 2729 884 quia
2758 815 3096 886 intelligimus
3119 825 3173 870 et
3195 817 3482 883 credimus,
3522 821 3731 878 videmus
3749 868 3763 886 .

2250 902 2343 955 sed
2387 902 2650 958 timemus.
2697 904 2809 959 Hoc
2851 921 2977 975 ergo
3017 905 3210 960 dictum
3246 917 3345 971 est,
3388 907 3609 964 Videbunt
3624 915 3768 983 justi,

2247 1005 2295 1050 et
2318 996 2577 1051 timebunt.
2608 997 2867 1065 Quamdiu
2892 998 3133 1053 videmus
3167 998 3291 1068 quid
3331 1009 3619 1055 eventurum
3646 1004 3704 1057 sit
3725 1006 3769 1060 in

2255 1087 2409 1142 linem
2436 1087 2611 1155 malis,
2640 1104 2804 1158 quare
2831 1088 3122 1145 timemus?
3158 1090 3290 1158 Quia
3320 1091 3446 1145 dixit
3482 1094 3732 1160 Apostolus
3755 1137 3768 1160 ,

2250 1176 2319 1230 In
2345 1179 2521 1232 timore
2542 1189 2590 1233 et
2617 1189 2829 1232 tremore
2862 1188 3072 1233 vestram
3105 1181 3331 1252 ipsorum
3374 1185 3632 1252 operamini
3653 1186 3768 1239 salu-

2255 1278 2350 1321 tem
2379 1266 2636 1339 (Philipp.
2659 1285 2717 1334 ιι,
2755 1268 2864 1337 12);
2894 1270 3012 1339 quia
3041 1270 3238 1325 dictum
3261 1272 3414 1325 estin
3445 1274 3652 1342 psalmo,
3674 1274 3770 1330 Ser-

2255 1359 2351 1413 vite
2377 1357 2596 1414 Domino
2638 1359 2690 1415 in
2733 1361 2909 1415 timore
2928 1401 2943 1424 ,
2979 1370 3026 1415 et
3074 1362 3318 1416 exsultate
3360 1364 3404 1416 ei
3446 1379 3555 1417 cum
3600 1375 3771 1420 tranare

2254 1452 2426 1520 (Psal.
2454 1470 2512 1520 ιι,
2542 1452 2651 1525 Η).
2673 1452 2867 1520 Quare,
2897 1470 3015 1510 cum
3052 1455 3281 1511 timore?
3314 1456 3619 1526 Quapropter
3635 1460 3709 1529 qui
3733 1476 3772 1512 se

2255 1554 2397 1616 putat
2416 1553 2570 1609 stare,
2596 1545 2760 1598 videat
2785 1562 2847 1598 ne
2871 1546 3017 1599 cadat
3045 1545 3235 1619 (Hier.
3264 1564 3317 1613 Χ,
3344 1546 3450 1618 12).
3477 1548 3655 1615 Quare,
3677 1564 3772 1604 cum

2258 1636 2525 1690 tremore?
2550 1635 2682 1703 Quia
2722 1636 2847 1691 dicit
2883 1636 3051 1705 alibi:
3085 1636 3326 1704 Fratres,
3360 1641 3403 1694 si
3444 1652 3775 1711 prcoccupatus

2257 1727 2406 1795 fuerit
2440 1726 2589 1784 homo
2625 1731 2676 1780 in
2703 1727 2873 1797 aliquo
2902 1727 3101 1794 delicto,
3132 1745 3214 1783 ros
3237 1729 3325 1800 qui
3352 1730 3624 1800 spiritualcs
3654 1732 3774 1795 estis,

2257 1816 2485 1871 instruite
2509 1816 2796 1887 hujusmodi
2820 1820 2871 1871 in
2896 1819 3324 1887 spiritulenitatis,
3343 1820 3593 1875 intendens
3608 1822 3780 1892 teipsum

2258 1924 2321 1961 ne
2347 1919 2391 1962 et
2419 1918 2472 1961 tu
2497 1911 2696 1964 tenteris
2720 1908 2857 1981 (Gal.
2887 1926 2959 1975 vr,
2988 1907 3061 1983 l).
3093 1910 3231 1980 Ergo
3251 1913 3382 1980 justi
3398 1915 3482 1981 qui
3503 1915 3778 1978 suntmodo,

2258 2000 2347 2069 qui
2376 2000 2553 2053 vivunt
2589 2016 2653 2055 ex
2700 2000 2823 2065 ﬁde,
2870 2003 2947 2056 sic
2974 2002 3152 2057 vident
3191 2003 3353 2058 istum
3396 2004 3563 2059 Doech
3587 2005 3695 2076 quid
3721 2006 3780 2059 illi

2261 2100 2571 2146 eventurum
2614 2091 2703 2157 sit,
2731 2100 2790 2146 ut
2817 2103 2989 2146 tamen
3022 2096 3241 2148 timeant
3276 2104 3336 2150 et
3363 2096 3461 2150 sibi
3488 2113 3501 2148 :
3531 2096 3644 2167 quid
3669 2095 3780 2150 enim

2262 2193 2385 2237 sont
2415 2182 2591 2247 hodie,
2626 2184 2824 2251 sciunt;
2856 2184 2979 2254 quid
3029 2200 3148 2239 cras
3189 2185 3352 2241 futuri
3401 2187 3523 2254 sint,
3563 2188 3781 2242 nesciunt.

2262 2275 2417 2330 Modo
2438 2291 2565 2345 ergo
2590 2277 2822 2331 videbunt
2851 2279 3002 2349 justi,
3032 2289 3078 2331 et
3103 2279 3363 2333 timebunt.
3396 2280 3607 2353 Quando
3643 2288 3785 2335 autem

2264 2362 2538 2422 ridebunt?
2566 2368 2785 2434 Quando
2813 2368 3080 2423 transierit
3110 2370 3362 2440 iniquitas
3382 2412 3396 2434 ,
3427 2370 3627 2441 quando
3645 2378 3786 2425 trans-

2264 2460 2540 2524 volaverit,
2594 2460 2732 2514 sicut
2772 2460 2882 2529 jam
2927 2475 2995 2514 ex
3042 2475 3228 2530 magna
3282 2473 3441 2530 parte
3492 2462 3790 2516 transvolavit

2268 2559 2474 2621 tempus
2527 2551 2806 2614 incertum,
2860 2551 3071 2621 quando
3121 2551 3317 2623 fugam
3360 2554 3551 2609 fuerint
3601 2553 3790 2609 tenebrae

2270 2643 2425 2713 hujus
2453 2643 2652 2710 smeuli,
2686 2642 2737 2697 in
2777 2643 2968 2712 quibus
3010 2643 3168 2698 modo
3216 2662 3327 2699 non
3378 2644 3687 2699 ambulamus
3714 2642 3791 2697 nisi

2267 2735 2333 2790 ad
2360 2735 2625 2789 lucernam
2653 2734 3061 2803 Scripturarum,
3083 2745 3135 2789 et
3160 2735 3281 2790 ideo
3318 2737 3559 2790 timemus
3582 2718 3791 2803 tauquam

2269 2826 2323 2881 in
2366 2835 2541 2881 nocte.
2580 2826 2923 2880 Amhulamus
2950 2828 3089 2880 enim
3128 2825 3193 2880 ad
3235 2827 3598 2897 prophetiam,
3626 2824 3684 2878 de
3715 2838 3795 2890 qua

2270 2918 2400 2974 dicit
2439 2918 2709 2987 apostolus
2754 2915 2939 2971 Petrus
2969 2933 2983 2970 :
3019 2914 3272 2971 Habemus
3308 2919 3559 2973 certiorem
3588 2915 3797 2987 propheti-

2273 3011 2425 3064 ticum
2461 2996 2756 3073 sermonem,
2795 3007 2877 3060 cui
2910 3006 3031 3062 bene
3061 3008 3224 3078 facitis
3245 3008 3571 3069 intendentes,
3598 3008 3711 3061 sicut
3739 3005 3798 3056 lu-

2272 3118 2434 3155 cerna:
2452 3099 2636 3154 lucenti
2656 3099 2708 3152 in
2737 3098 2945 3153 obscuro
2966 3099 3096 3164 loco,
3125 3099 3281 3153 donec
3306 3100 3413 3154 dies
3435 3098 3655 3162 lucescat,
3681 3106 3718 3150 et
3740 3094 3800 3146 lu-

2273 3194 2399 3261 cifer
2421 3194 2611 3248 oriatur
2646 3192 2698 3244 in
2723 3189 2955 3245 cordibus
2981 3203 3154 3245 vestris
3182 3192 3257 3264 (ll
3285 3192 3433 3246 Petr.
3463 3209 3499 3258 ι,
3525 3191 3798 3260 t9).Qnam-

2273 3287 2361 3341 diu
2382 3301 2510 3355 ergo
2534 3285 2598 3338 ad
2627 3285 2893 3339 lucernam
2922 3284 3273 3348 ambulamus,
3302 3303 3521 3341 necesse
3542 3299 3618 3340 est
3639 3295 3687 3338 ut
3704 3298 3798 3338 cum

2277 3378 2463 3432 timore
2503 3376 2758 3430 vivamus.
2793 3372 2934 3440 ,Cum
2969 3386 3143 3430 autem
3174 3379 3383 3432 venerit
3417 3377 3530 3432 dics
3564 3386 3735 3435 uoster.
3761 3370 3799 3435 id

2276 3479 2355 3524 est
2382 3467 2732 3522 manifestatiu
2757 3465 2974 3529 Christi,
2993 3466 3058 3521 de
3079 3483 3179 3536 qua
3209 3468 3353 3522 idem
3381 3468 3510 3524 dicit
3541 3463 3799 3537 Apostolus,

2278 3560 2403 3614 Cum
2432 3558 2656 3613 Christus
2680 3558 2972 3628 apparuerit
3000 3560 3101 3611 vita
3124 3570 3312 3626 vestra,
3358 3570 3547 3629 tunc‘et
3572 3575 3650 3612 vos
3672 3571 3800 3625 appu-

2277 3653 2444 3707 rebitis
2490 3668 2604 3705 cum
2644 3651 2753 3721 ipso
2794 3651 2847 3703 in
2890 3651 3050 3721 gloria
3092 3648 3314 3721 (Coloss.
3350 3669 3427 3719 ιιι,
3459 3654 3549 3721 4);
3579 3645 3801 3719 tuucjusti

2277 3745 2523 3799 ridebunt
2548 3744 2703 3797 istum
2745 3741 2938 3795 Doech.
2967 3740 3080 3795 Non
3101 3749 3183 3796 est
3207 3744 3355 3797 enim
3376 3744 3485 3811 jam
3506 3739 3800 3797 subveniendi

2279 3836 2426 3899 locus
2444 3853 2458 3890 :
2478 3851 2582 3889 non
2598 3832 2865 3903 quomodo
2892 3848 3050 3897 nunc,
3069 3834 3278 3903 quando
3308 3835 3458 3889 vides
3481 3834 3723 3889 hominem
3739 3830 3803 3886 in.

2274 3928 2417 3999 juste
2442 3928 2726 3995 viventem,
2746 3928 2825 3983 vis
2848 3924 2967 3983 cuin
2989 3928 3353 4003 illo‘laborare
3374 3941 3432 3986 ut
3451 3931 3697 4001 corrigas;
3712 3927 3804 3997 quia

2278 4022 2366 4094 qui
2396 4021 2619 4092 injustus
2648 4030 2762 4088 est,
2804 4036 3092 4077 conversus
3132 4024 3329 4092 poterit
3344 4024 3523 4093 justus
3546 4039 3679 4088 esse,
3707 4034 3809 4091 quo-

2282 4113 2439 4168 modo
2475 4123 2529 4168 et
2556 4113 2730 4183 justus
2763 4128 2981 4167 aversus
3013 4121 3190 4182 potest
3222 4113 3455 4184 injustas
3493 4131 3628 4170 esse.
3665 4112 3809 4179 Itaque

2280 4220 2377 4259 nec
2400 4204 2466 4260 de
2494 4214 2547 4259 te
2576 4219 2882 4273 praesumas,
2910 4220 3008 4260 nec
3033 4204 3101 4258 de
3129 4204 3220 4259 illo
3244 4205 3538 4277 desperes;
3566 4216 3617 4263 et
3635 4205 3695 4260 da
3707 4217 3809 4273 ope.

2281 4310 2394 4349 ram
2420 4303 2671 4365 quantum
2699 4302 2868 4362 potes,
2896 4295 2939 4349 si
2964 4294 3218 4366 benignus
3238 4311 3319 4362 es,
3342 4298 3519 4352 sinon
3544 4297 3706 4367 diligis
3722 4308 3811 4348 ma-

2284 4388 2446 4442 litiam
2486 4402 2645 4457 super
2678 4387 3073 4457 benignitatem,
3096 4399 3155 4444 ut
3179 4391 3545 4448 ambulantem
3588 4389 3813 4446 hominem

2284 4479 2336 4533 in
2369 4479 2453 4532 via
2477 4479 2614 4532 mala
2635 4487 2687 4532 et
2704 4488 2969 4534 errantem
2990 4482 3223 4551 corrigas
3240 4483 3305 4537 ad
3325 4485 3465 4538 viam
3483 4480 3817 4539 bonam.'l‘uuc

2287 4586 2414 4625 vero
2454 4586 2572 4624 cum
2619 4571 2821 4625 venetit
2852 4571 3034 4640 judicii
3064 4583 3305 4642 tempus,
3339 4576 3679 4631 correctionis
3703 4573 3817 4628 locus

2287 4679 2390 4717 non
2421 4664 2541 4729 erit,
2571 4662 2661 4717 sed
2693 4674 2892 4717 tantum
2931 4663 3287 4720 damnationis
3317 4687 3331 4725 :
3365 4679 3420 4724 et
3450 4672 3552 4723 erit
3580 4670 3642 4723 ihi
3682 4665 3818 4735 pauli-

2288 4756 2470 4818 tentia,
2494 4755 2586 4810 sed
2610 4740 2953 4820 infructuosa,
2984 4758 3105 4827 quia
3130 4774 3269 4814 sera.
3309 4756 3819 4830 Visutsitl'rnctuosa?

2286 4846 2402 4901 Non
2447 4848 2515 4903 sit
2551 4861 2666 4901 seni
2698 4863 2713 4901 ε
2745 4847 2901 4901 hodie
2930 4857 2982 4903 te
3004 4834 3231 4917 corrige.
3273 4852 3422 4907 Reus
3453 4868 3535 4915 es.
3574 4854 3658 4906 ille
3689 4848 3823 4918 iudet

2286 4951 2365 4996 est
2400 4941 2643 5009 :corrige
2685 4950 2917 5005 reatum;
2948 4951 3001 4995 et
3023 4943 3275 5012 gaudebis
3310 4946 3378 5000 ad
3403 4946 3654 5016 judicent.
3689 4939 3824 4997 Hodie

2289 5033 2428 5086 enim
2472 5033 2715 5086 hortatur
2749 5042 2828 5096 te,
2871 5048 2938 5087 ne
2970 5034 3164 5100 iudicet
3209 5046 3292 5101 te;
3327 5045 3385 5091 et
3419 5040 3511 5107 qui
3543 5037 3698 5106 index
3732 5043 3828 5086 tuus

2291 5127 2495 5179 futurus
2518 5135 2618 5188 est,
2653 5125 2765 5195 ipse
2783 5136 2863 5180 est
2880 5126 3037 5182 hodie
3057 5128 3343 5187 advocatus
3370 5141 3517 5186 tuus.
3540 5131 3683 5185 Tunc
3704 5138 3825 5195 ergo.

2290 5218 2501 5285 fratres,
2526 5227 2690 5273 restat
2717 5218 2920 5274 ridendi
2951 5231 3176 5288 tempus.
3216 5222 3341 5278 Nam
3372 5226 3544 5293 ipsam
3568 5222 3830 5279 irrisioncm

2204 5371 2211 5377 θ
2291 5310 2589 5379 iniquorum
2615 5325 2732 5379 quae
2775 5310 2945 5365 futura
2974 5323 3055 5367 est
3085 5316 3261 5382 justis,
3286 5317 3602 5386 signiﬁcavit
3620 5315 3744 5369 liber
3762 5309 3830 5363 ille

2289 5398 2592 5469 Sapientiae.
2621 5399 2673 5454 In
2699 5402 2810 5456 suis
2833 5403 2997 5469 enim,
3039 5405 3090 5458 in
3120 5423 3339 5475 quorum
3368 5408 3585 5463 animas
3619 5402 3836 5462 transfert

2291 5507 2349 5545 se
2370 5491 2622 5558 sapientia
2651 5492 2691 5553 ¹.
2720 5491 2921 5548 factura
2953 5503 3035 5549 est
3064 5496 3204 5565 quod
3228 5497 3357 5552 dixit
3381 5514 3397 5552 :
3429 5496 3773 5567 Inerepabam,
3791 5498 3831 5544 ιι

2290 5598 2392 5635 non
2429 5580 2803 5645 exaudiebatis;
2828 5583 3150 5673 loquebar,.et
3180 5588 3298 5641 meis
3320 5586 3635 5641 sermonibus
3655 5600 3747 5639 non
3771 5583 3856 5632 ἀπο.

2356 5695 2372 5725 ί
2388 5755 2395 5763 _
2411 5702 2527 5767 Αιιιά
2559 5701 2756 5767 ιρειιρει·
2771 5695 2902 5767 enim
2935 5694 3207 5767 iniquorum
3228 5698 3410 5767 animos
3431 5710 3544 5767 eum
3563 5696 3777 5763 trtmsfet‘l
3794 5702 3834 5767 ξς

2291 5760 2538 5815 sapientia.
2574 5761 2645 5803 Fr.
2686 5762 2736 5803 et
2771 5763 2898 5804 Lov.:
2931 5766 2983 5806 tn
3007 5772 3199 5809 suorum
3220 5760 3342 5810 enim
3376 5760 3645 5815 amicorum
3676 5760 3836 5807 attinuit

2294 5829 2404 5867 eum
2424 5817 2646 5878 transfert
2665 5830 2735 5877 se,
2759 5826 2852 5868 etc.
2873 5825 2963 5869 nos
2976 5828 3077 5870 Mss.
3104 5819 3250 5873 libros
3265 5823 3416 5872 secuti
3442 5835 3626 5871 sumus.
