4004 6200
242 280 345 336 609

242 394 547 458 (audebatis;
574 404 621 448 et
649 411 738 466 ego
766 405 940 449 vestris
974 395 1240 464 perditioni
1273 392 1592 463 superridcbo
1622 391 1801 460 (Prov.

244 503 278 553 t,
302 486 517 555 24-26).
545 487 657 542 Hoc
677 487 765 542 fiet
793 497 914 542 tunc
948 502 978 541 a
1002 488 1157 556 justis
1186 487 1235 539 in
1268 486 1422 539 istum
1448 482 1811 538 Doech.Modo

241 588 414 633 autem
437 579 711 634 videamus
738 588 792 634 et
819 580 1114 638 timeamus.
1156 593 1223 632 ne
1262 577 1363 632 hoc
1397 578 1563 631 simus
1584 575 1722 645 quod
1756 575 1808 628 in

239 686 359 726 eum
388 671 652 727 dicimus:
676 682 728 725 et
757 672 801 725 si
834 671 932 725 hoc
958 685 1187 732 eranuts,
1216 671 1320 723 hoc
1346 684 1465 724 esse
1484 668 1807 733 desinamus,

244 773 299 818 ut
322 763 483 817 modo
513 764 779 824 timentes.
806 771 986 831 postea
1021 760 1305 815 rideamus.

310 857 396 910 14.
426 854 576 927 (vers.
605 852 684 926 9.]
706 854 840 921 Quid
868 864 1042 908 autem
1065 863 1187 907 tunc
1206 852 1384 906 dicent
1407 852 1494 922 qui
1522 851 1813 906 ridebunt?

241 948 305 1003 Et
324 965 477 1018 super
504 965 615 1000 eum
651 948 913 1010 ridebunt,
956 955 1001 1000 et
1038 948 1199 1000 dicent
1223 962 1241 999 :
1270 945 1400 999 Ecce
1426 945 1575 999 homo
1604 946 1688 1014 qui
1716 962 1815 998 non

240 1040 404 1109 posuit
434 1038 593 1108 Deum
617 1039 898 1109 adjutorem
919 1055 1083 1091 suum.
1103 1037 1287 1092 Videte
1306 1052 1499 1107 corpus
1521 1027 1810 1092 terrenum.

240 1140 505 1197 Quantum
529 1132 766 1196 habebis,
792 1142 969 1184 tantus
990 1132 1115 1184 eris.
1147 1130 1488 1185 Proverbium
1511 1144 1811 1193 avarorum,

242 1223 535 1291 rapacium,
562 1224 868 1277 innocentes
893 1223 1325 1292 opprimentium,
1368 1238 1456 1277 res
1493 1222 1694 1275 alienas
1738 1221 1817 1274 in-

243 1314 568 1379 vadentium,
582 1314 947 1368 commendata
968 1314 1288 1383 negantium.
1305 1313 1472 1381 Quale
1492 1316 1590 1367 hoc
1604 1328 1816 1381 prover-

244 1409 420 1461 bium?
441 1410 701 1474 Quantum
731 1407 947 1461 habebis
967 1450 981 1473 ,
1002 1416 1176 1460 tantus
1195 1408 1333 1473 eris;
1366 1406 1415 1460 id
1438 1414 1537 1467 est,
1563 1414 1813 1476 quantum

244 1500 491 1554 habueris
531 1501 800 1568 pecuniae,
848 1482 1102 1568 quantum
1148 1498 1486 1568 acquisieris,
1524 1507 1667 1551 tantu
1697 1497 1817 1566 plus

245 1593 460 1658 poteris.
489 1589 621 1644 Ecce
647 1591 794 1644 homo
840 1592 925 1661 qui
972 1607 1070 1643 non
1122 1591 1286 1659 posuit
1336 1589 1495 1642 Deum
1538 1589 1817 1657 adjutorem

244 1702 405 1744 suum.
459 1685 545 1738 sed
595 1686 809 1753 speravit
842 1691 893 1736 tn
925 1684 1241 1737 multitudine
1271 1684 1551 1736 divitiarum
1590 1698 1813 1735 suarum.

244 1775 358 1830 Non
399 1776 534 1830 dicat
565 1791 764 1845 pauper
794 1776 925 1828 forte
961 1775 1127 1828 malus
1155 1791 1168 1826 :
1205 1774 1313 1842 Ego
1345 1790 1445 1826 non
1481 1790 1593 1826 sum
1623 1773 1687 1825 de
1718 1773 1819 1829 hoc

245 1882 489 1935 Corpore.
523 1867 735 1921 Audivit
777 1868 916 1921 enim
966 1866 1281 1935 Prophetam
1327 1866 1626 1931 dicentem,
1684 1864 1817 1933 Spe-

246 1959 374 2011 ravit
427 1958 479 2010 in
544 1956 860 2010 multitudine
912 1956 1197 2009 divitiarum
1251 1972 1455 2008 suarum
1509 1970 1526 2007 :
1569 1956 1819 2009 continuo

158 2042 161 2043 ⁷
244 2050 289 2103 si
336 2064 537 2121 pauper
586 2057 701 2114 est,
734 2047 955 2101 attendit
1006 2062 1207 2116 pannos
1243 2062 1385 2111 suos,
1419 2047 1649 2116 respexit
1672 2047 1819 2116 juxta

246 2154 304 2195 se
354 2140 490 2195 forte
539 2138 755 2193 divitem
795 2139 845 2191 in
887 2139 1081 2207 populo
1123 2138 1217 2191 Dei
1268 2138 1502 2192 ornatius
1550 2138 1816 2203 vestitum,

245 2244 301 2289 et
347 2233 423 2287 ait
471 2233 522 2286 in
567 2231 727 2287 corde
783 2247 880 2285 suo
911 2273 926 2297 ,
989 2232 1062 2286 De
1107 2231 1205 2285 isto
1243 2230 1399 2297 dicit,
1453 2230 1702 2300 numquid
1753 2230 1821 2286 de

248 2342 331 2380 me
348 2327 379 2379 ἲ
397 2325 512 2380 Noli
540 2323 660 2379 inde
688 2334 739 2378 te
776 2326 1038 2392 excipere,
1068 2321 1174 2375 noli
1201 2337 1466 2391 separare,
1499 2322 1595 2375 nisi
1628 2321 1823 2375 videris

247 2427 301 2473 et
328 2418 591 2482 timueris,
622 2426 679 2469 ut
704 2426 884 2485 postea
914 2414 1107 2469 rideas.
1134 2413 1263 2467 Nam
1291 2414 1416 2484 quid
1442 2414 1531 2468 tibi
1562 2413 1775 2483 prodest
1804 2455 1817 2479 ,

247 2513 289 2565 si
308 2525 436 2581 eges
456 2511 701 2565 facultate
726 2519 779 2564 et
806 2508 962 2562 ardes
988 2508 1313 2578 cupiditate?
1332 2506 1552 2573 Quando
1569 2507 1823 2561 Dominus

249 2610 432 2657 nnSter
455 2603 610 2657 Jesus
639 2600 880 2656 Christus
909 2599 1121 2654 abeunti
1139 2615 1167 2653 a
1186 2614 1243 2654 se
1262 2599 1494 2653 illidiviti
1512 2600 1822 2654 contristan

249 2697 477 2761 dixerat,
517 2693 675 2756 Vade,
705 2693 860 2747 vende
889 2692 1056 2746 onmia
1094 2707 1206 2760 qute
1237 2690 1413 2755 habes,
1454 2700 1498 2743 et
1540 2693 1605 2743 da
1635 2707 1824 2761 paupe-

248 2788 409 2850 ribus,
430 2796 474 2839 et
492 2784 690 2838 habebis
711 2785 999 2837 thesaurum
1019 2784 1070 2836 in
1098 2783 1221 2836 caelo
1243 2798 1260 2835 :
1281 2791 1326 2835 et
1346 2783 1475 2848 veni,
1500 2798 1701 2854 sequere
1722 2798 1819 2845 me,

249 2889 303 2934 et
326 2894 567 2948 magnam
595 2877 1017 2948 desperationem
1048 2875 1297 2930 divitibus
1332 2876 1735 2945 praeuuutiarat,
1768 2885 1825 2929 ut

249 2973 456 3028 diceret
480 2971 684 3025 facilius
715 2985 871 3040 posse
912 2970 1171 3025 camelum
1215 2968 1440 3023 transire
1468 2984 1562 3038 per
1587 2968 1824 3023 foramen

247 3080 395 3126 acus,
442 3078 600 3133 quam
644 3061 859 3116 divitem
904 3061 1101 3115 intrare
1144 3060 1197 3114 in
1246 3074 1467 3130 regnum
1514 3058 1820 3122 cmlorum;

248 3172 429 3211 nonne
479 3154 730 3210 continuo
776 3152 1018 3221 discipuli
1066 3151 1360 3205 contristati
1410 3158 1552 3217 sunt,
1583 3148 1821 3204 dicentes

246 3248 385 3317 apud
407 3249 611 3317 scipsos
643 3264 656 3300 :
690 3245 931 3313 Quisnam
955 3244 1132 3311 poterit
1163 3243 1347 3298 salvari
1366 3241 1574 3314 (Matth.
1594 3258 1701 3308 xix,
1729 3242 1822 3309 21,

246 3340 338 3399 24.
367 3341 501 3408 25)Ῡ
534 3339 672 3408 Ergo
697 3337 906 3407 quando
932 3336 1196 3403 dicebant,
1244 3336 1487 3403 Quisnam
1513 3336 1689 3407 poterit
1714 3335 1823 3388 sal-

246 3432 397 3485 vari?
427 3430 617 3485 divites
652 3443 847 3498 paucos
889 3427 1263 3490 attendebant;
1296 3427 1496 3497 latebat
1534 3441 1627 3482 eos
1679 3435 1823 3481 tanta

249 3537 540 3591 paitperum
591 3520 910 3575 multitudo?
937 3518 1052 3574 Non
1099 3519 1200 3573 sibi
1230 3527 1474 3590 poterant
1516 3519 1693 3573 dicere
1727 3536 1738 3570 :
1768 3519 1824 3574 Si

245 3615 467 3670 difficile
492 3622 593 3678 est,
626 3614 733 3667 imo
759 3610 1084 3680 impossibile
1122 3619 1179 3664 ut
1212 3610 1408 3665 intrent
1434 3609 1621 3664 divites
1654 3610 1706 3664 in
1737 3625 1826 3664 rc-

244 3722 409 3778 gnum
443 3705 699 3765 ctelorum
722 3746 736 3770 ,
778 3703 914 3759 sicut
951 3701 1277 3772 impossibile
1316 3710 1398 3755 est
1433 3709 1489 3754 ut
1522 3700 1682 3754 intret
1733 3715 1825 3753 ca-

244 3799 425 3854 melus
453 3813 546 3866 per
574 3795 811 3849 foramen
843 3809 990 3858 acus,
1025 3808 1210 3847 omnes
1240 3806 1499 3862 pauperes
1541 3792 1739 3846 intrent
1773 3791 1823 3843 in

244 3904 473 3961 regnum
534 3888 825 3953 caelorum,
873 3886 1063 3941 divites
1114 3885 1214 3939 soli
1259 3883 1638 3940 excludantur?
1689 3883 1828 3950 Quot

243 3994 371 4037 sunt
414 3983 554 4037 enim
594 3980 820 4035 divites?
856 3979 918 4033 At
962 3993 1088 4033 vero
1129 3992 1417 4048 pauperum
1461 3976 1623 4030 millia
1669 3976 1825 4029 innu-

243 4071 677 4129 merabilia.Non
692 4072 831 4126 enim
852 4071 1054 4125 tunicas
1073 4067 1355 4138 inspecturi
1382 4083 1563 4122 sumus
1584 4070 1634 4122 in
1664 4083 1827 4137 regno

244 4166 545 4228 etelorum;
578 4163 671 4218 sed
700 4163 862 4217 vestis
886 4162 1142 4229 cujusque
1172 4160 1343 4229 fulgor
1367 4160 1584 4228 justitia:
1604 4158 1826 4227 deputa-

244 4258 393 4312 bitur
424 4274 438 4310 :
466 4266 622 4311 erunt
648 4270 775 4324 ergo
798 4267 1056 4323 pauperes
1082 4252 1311 4321 :equales
1333 4252 1545 4320 Angelis
1578 4250 1667 4304 Dei
1696 4266 1712 4315 ;
1745 4250 1827 4303 in-

242 4348 361 4402 duti
391 4348 544 4401 stolis
564 4345 994 4411 immortalitatis,
1024 4343 1297 4413 fulgebunt
1326 4343 1459 4397 sicut
1486 4343 1565 4396 sol
1592 4343 1643 4396 iu
1668 4358 1829 4412 regno

245 4438 427 4492 Patris
446 4437 527 4490 sui
559 4434 665 4507 (Id.
698 4452 805 4498 xm,
839 4435 929 4505 45)
963 4451 976 4488 :
1005 4434 1129 4504 quid
1175 4433 1327 4488 nobis
1367 4442 1448 4488 est
1486 4433 1552 4488 de
1581 4426 1829 4488 divitibus

246 4530 437 4598 paucis
474 4527 730 4581 sollicitos
772 4541 890 4581 esse
927 4534 1017 4579 aut
1059 4520 1343 4579 laborare?
1371 4524 1485 4579 Non
1516 4525 1615 4579 hoc
1644 4540 1828 4579 sense-

248 4629 375 4673 runt
424 4618 667 4688 Apostoli
707 4634 719 4669 :
766 4617 856 4671 sed
904 4633 1023 4671 cum
1086 4617 1338 4671 Dominus
1408 4616 1510 4671 hoc
1564 4617 1826 4683 dixisset,

247 4711 487 4764 Facilius
514 4721 584 4763 est
613 4709 855 4762 cautelam
886 4710 1095 4762 transire
1132 4726 1219 4779 per
1248 4716 1475 4780 foramen
1512 4727 1651 4773 acus,
1679 4726 1829 4778 quam

242 4803 457 4855 divitem
501 4802 691 4853 intrare
733 4801 785 4852 in
830 4817 1032 4869 regnum
1064 4801 1299 4854 cazlorum
1332 4816 1349 4854 :
1381 4801 1451 4855 illi
1481 4800 1619 4869 apud
1661 4817 1719 4855 se
1752 4801 1831 4855 di-

238 4903 458 4957 centes,
482 4892 726 4959 Quisnam
743 4892 918 4962 poterit
933 4892 1116 4944 salvari
1133 4893 1157 4944 ?
1177 4893 1297 4962 quid
1316 4892 1691 4947 attenderuut?
1716 4892 1829 4947 Non

244 4986 556 5046 facultates,
588 4982 680 5036 sed
708 4983 1040 5050 cupiditates.
1068 4983 1321 5037 Viderunt
1343 4983 1481 5037 enim
1508 4987 1664 5037 etiam
1690 4985 1832 5054 ipsos

244 5090 540 5149 patiperes,
568 5074 665 5129 etsi
698 5091 799 5127 non
833 5074 1083 5128 habentes
1113 5076 1406 5144 pecuniam,
1438 5086 1609 5129 tamen
1636 5075 1833 5131 habere

239 5168 557 5221 avaritiam.
579 5165 645 5219 Et
663 5174 719 5219 ut
746 5167 996 5219 noveritis
1028 5183 1127 5219 nun
1158 5168 1428 5235 pecuniam
1460 5168 1507 5220 in
1534 5168 1715 5230 divite,
1739 5170 1831 5224 sed

233 5257 532 5313 avaritiam
558 5256 895 5310 condemnari
918 5298 930 5316 .
959 5256 1219 5311 advertite
1248 5259 1385 5327 quod
1416 5259 1532 5313 dico
1565 5275 1577 5311 :
1612 5261 1832 5329 respicis

238 5352 401 5403 illum
434 5348 653 5401 divitem
699 5354 927 5401 stantem
960 5347 1107 5415 juxta
1151 5356 1234 5413 te;
1273 5358 1327 5402 et
1368 5349 1503 5403 forte
1536 5351 1585 5403 in
1632 5351 1724 5404 illo
1750 5361 1833 5405 est

238 5440 480 5509 pecunia
508 5449 561 5493 et
588 5455 690 5493 non
721 5448 804 5494 est
828 5438 1046 5491 avaritia
1066 5479 1079 5503 ,
1123 5438 1176 5492 in
1208 5450 1258 5491 te
1288 5456 1390 5493 non
1417 5450 1500 5495 est
1531 5442 1748 5510 pecunia
1776 5453 1832 5497 et

236 5544 324 5586 est
357 5530 606 5582 avaritia.
630 5529 842 5597 Pauper
867 5529 1136 5583 ulcerosus
1158 5571 1170 5592 ,
1202 5545 1553 5594 :erumnosus,
1588 5532 1780 5586 linetus
1800 5549 1830 5587 a

142 5652 149 5661 ι
234 5622 496 5686 canibus,
531 5636 634 5674 non
666 5620 865 5674 habens
892 5634 1067 5688 opem,
1112 5635 1217 5672 non
1266 5620 1465 5675 habens
1494 5637 1690 5689 escam,
1724 5639 1828 5677 non

234 5716 458 5769 habens
500 5711 632 5766 forte
671 5712 837 5781 ipsam
867 5720 1083 5776 vestem,
1116 5709 1321 5765 ablatus
1344 5723 1424 5766 est
1454 5713 1521 5770 ab
1538 5714 1753 5785 Angelis
1774 5713 1825 5768 in

1293 275 1683 334 ENARRATIO
1723 274 1786 330 IN
1827 274 2146 331 PSALMUM
2179 279 2262 332 LI.

3387 291 3492 344 6l0

1921 389 2094 444 sinum
2132 391 2357 447 Abrahae
2388 393 2535 461 (Luc.
2568 410 2674 457 xvn,
2712 395 2824 468 2‘2).
2858 397 2947 451 Eia
2981 405 3036 450 tu
3067 414 3264 469 pauper
3289 402 3492 472 gaudes

1919 479 2108 547 modo,
2159 482 2536 552 numquidnam
2586 486 2680 540 tibi
2723 498 2774 539 et
2830 487 3007 542 ulcera
3054 491 3280 558 optanda
3327 495 3494 546 sunt?

1914 570 2103 627 Nonne
2132 573 2501 642 patrimonium
2526 584 2670 628 tuum
2700 577 2896 631 sanitas
2925 580 3042 632 est?
3063 578 3174 633 Non
3199 593 3278 633 est
3310 582 3360 634 in
3390 584 3488 635 huc

1916 663 2117 720 Lazaro
2147 671 2392 720 meritum
2420 671 2739 739 paupertatis
2761 713 2774 736 ,
2807 671 2899 725 sed
2930 673 3153 740 pietatis.
3186 672 3314 726 Nam
3343 674 3488 727 vides

1917 757 2004 825 qui
2034 757 2269 811 sublatus
2294 769 2393 823 est,
2430 775 2531 813 non
2564 760 2713 815 vides
2740 778 2843 831 quo
2866 763 3102 819 sublatus
3131 775 3231 819 cst.
3261 764 3387 831 Quis
3410 775 3491 819 est

1918 846 2155 901 sublatus
2182 849 2249 902 ab
2276 850 2529 919 Angelis?
2558 851 2781 920 Pauper,
2812 870 3162 921 a'rumnosus,
3199 856 3490 909 ulcerosus.

1917 937 2031 1004 Quo
2060 938 2294 992 sublatus
2320 944 2436 993 est?
2460 939 2512 993 In
2531 941 2703 995 sinum
2724 943 2967 997 Abrahae.
2997 944 3137 1012 Lege
3162 924 3489 1014 Scripturas,

1918 1038 1970 1083 et
2001 1030 2240 1084 invenies
2266 1030 2479 1085 divitem
2508 1033 2775 1087 Abraham
2806 1033 2954 1107 (Gen.
2986 1052 3096 1101 xm,
3126 1036 3205 1108 2).
3235 1037 3299 1092 Ut
3326 1053 3488 1092 nove-

1920 1120 2024 1182 ris,
2053 1121 2172 1189 quia
2203 1137 2307 1175 non
2335 1122 2528 1177 divitiae
2557 1124 2836 1192 culpantur
2873 1128 2889 1157 ⁸
2920 1144 2932 1179 :
2962 1126 3186 1181 habebat
3223 1128 3488 1183 Abraham

1920 1210 2139 1263 multum
2170 1213 2304 1277 auri,
2333 1214 2557 1282 argenti,
2584 1230 2855 1284 pecorum,
2887 1215 3131 1283 familite;
3159 1218 3305 1273 dives
3326 1231 3442 1274 erat
3471 1259 3491 1286 ,

1919 1308 1974 1352 et
2002 1300 2053 1353 in
2088 1300 2202 1369 ejus
2228 1302 2401 1356 sinum
2437 1304 2666 1359 Lazarus
2696 1322 2895 1377 pauper
2924 1309 3162 1364 sublatus
3203 1320 3302 1365 est.
3336 1311 3393 1365 ln
3420 1313 3494 1365 si-

1921 1405 2047 1467 num
2084 1392 2261 1447 divitis
2305 1411 2543 1463 pauper:
2585 1412 2651 1451 an
2694 1400 2866 1468 potius
2905 1400 3063 1455 ambo
3110 1403 3217 1457 Deo
3258 1404 3447 1458 divites
3475 1445 3492 1470 ,

1920 1481 2077 1535 ambo
2102 1497 2129 1534 a
2158 1484 2444 1552 cupiditate
2470 1490 2762 1556 pauperes?

1993 1575 2079 1629 15.
2102 1577 2235 1640 Quid
2268 1593 2394 1647 ergo
2420 1579 2471 1631 in
2504 1580 2603 1635 hoc
2633 1582 2808 1636 Doech
2839 1584 3016 1652 culpat
3037 1584 3352 1655 Scriptura?
3379 1586 3493 1642 Non

1921 1664 2087 1729 dixit,
2121 1667 2253 1720 Ecce
2292 1668 2451 1721 homo
2480 1672 2565 1739 qui
2596 1670 2692 1725 fuit
2720 1668 2903 1737 dives;
2933 1676 3046 1738 sed,
3075 1676 3206 1730 Ecce
3235 1678 3383 1745 homo
3412 1681 3496 1749 qui

1924 1772 2022 1808 non
2050 1758 2213 1823 posuit
2240 1757 2399 1811 Deum
2429 1762 2712 1830 adjutorem
2737 1781 2900 1830 suum,
2932 1766 3019 1820 sed
3046 1770 3260 1837 speravit
3286 1770 3337 1821 in
3364 1770 3496 1823 utul-

1924 1846 2132 1899 titudine
2161 1848 2446 1902 divitiarum
2469 1867 2691 1904 suarum.
2725 1853 2839 1907 Non
2881 1858 3000 1924 quia
3032 1856 3213 1910 habuit
3241 1858 3452 1914 divitias
3478 1902 3493 1927 ,

1924 1940 2014 1993 sed
2045 1942 2163 2008 quia
2199 1940 2250 1993 in
2280 1941 2406 2010 ipsis
2433 1945 2683 2012 speravit,
2730 1954 2784 1999 et
2826 1948 2877 2000 in
2926 1947 3033 2001 Deo
3073 1965 3179 2003 non
3222 1951 3454 2020 speravit
3480 1993 3496 2016 ,

1924 2029 2042 2083 ideo
2071 2032 2366 2095 damnatur,
2399 2033 2519 2088 ideo
2550 2037 2780 2103 punitur,
2816 2038 2933 2091 ideo
2962 2050 3203 2094 movetur
3230 2041 3296 2096 de
3326 2042 3498 2097 taber-

1924 2123 2136 2188 naculo,
2186 2136 2429 2195 tanquam
2475 2136 2650 2181 motus
2700 2130 2788 2184 ille
2829 2139 3100 2195 terrenus,
3143 2134 3280 2188 sicut
3326 2136 3498 2204 pulvis

1924 2229 2079 2283 quem
2112 2216 2319 2284 projicit
2348 2213 2536 2271 ventus
2561 2234 2591 2273 a
2635 2220 2769 2275 facie
2811 2231 2965 2277 terrae
2991 2221 3163 2295 (Psal.
3190 2241 3226 2291 ι,
3258 2226 3344 2295 4);
3379 2226 3499 2281 ideo

1926 2303 2244 2372 exstirpatur
2286 2306 2434 2360 radix
2480 2309 2592 2375 ejus
2625 2308 2691 2364 de
2722 2312 2858 2364 terra
2889 2312 3197 2367 viventium.
3236 2314 3499 2385 Numquid

1928 2393 2049 2447 huic
2068 2395 2267 2450 similes
2294 2407 2417 2452 sunt
2443 2399 2652 2465 divites,
2682 2401 2749 2455 de
2775 2402 2965 2470 quibus
3008 2405 3203 2460 Paulus
3230 2408 3502 2475 apostolus

1926 2485 2157 2555 loquitur
2190 2508 2200 2540 :
2234 2489 2461 2558 Prwcipe
2485 2492 2719 2547 divitibus
2746 2494 2897 2565 hujus
2924 2498 3117 2559 mundi,
3150 2515 3249 2551 non
3291 2501 3502 2567 superbe

1925 2595 2126 2648 sapere,
2159 2581 2295 2636 sicut
2324 2584 2525 2647 Doech;
2561 2602 2717 2654 neque
2756 2604 2958 2657 sperare
2999 2590 3050 2643 in
3079 2592 3265 2644 incerto
3303 2574 3503 2646 divitia-

1927 2687 2039 2723 rum
2058 2712 2072 2736 ,
2104 2673 2239 2726 sicut
2269 2674 2380 2741 ipse
2404 2678 2617 2746 speravit
2654 2679 2705 2731 in
2740 2678 3059 2734 multitudine
3084 2682 3366 2735 divitiarum
3386 2701 3505 2737 sua-

1925 2778 2072 2825 rum;
2099 2763 2186 2816 sed
2206 2765 2255 2816 in
2285 2764 2392 2819 Deo
2415 2768 2539 2830 vivo,
2567 2784 2668 2821 non
2686 2770 2951 2836 quomodo
2978 2772 3077 2826 iste
3101 2774 3187 2837 qui
3206 2790 3304 2827 non
3338 2777 3503 2843 posuit

1927 2850 2091 2907 Deum
2134 2855 2416 2923 adjutorem
2446 2860 2631 2913 suum?
2673 2859 2904 2930 Denique
2934 2862 3039 2916 illis
3065 2864 3187 2931 quid
3221 2865 3503 2933 pra-cepit?

1927 2943 2116 3000 Divites
2139 2949 2237 3001 sint
2263 2949 2313 3001 in
2343 2950 2573 3021 aperibus
2602 2952 2784 3017 bonis;
2813 2954 2963 3022 facile
2992 2956 3230 3020 tribuant,
3276 2974 3500 3012 commu-

1928 3037 2092 3090 nicent
2115 3037 2171 3109 (1
2201 3038 2526 3106 Τὶηι.γι,17,
2557 3042 2664 3113 18).
2697 3044 2762 3097 Et
2787 3045 2933 3114 quid,
2959 3047 3002 3100 si
3026 3046 3177 3102 facile
3198 3049 3500 3116 tribuerint,

1926 3128 1972 3183 si
2002 3131 2505 3186 communicaverint
2532 3148 2639 3187 non
2670 3134 2922 3189 habenti?
2950 3135 3221 3192 Intrabunt
3250 3155 3342 3208 per
3366 3141 3507 3195 fora-

1929 3236 2050 3275 men
2079 3224 2239 3277 acus?
2260 3224 2531 3281 Intrabunt
2558 3227 2712 3295 plane
2738 3244 2751 3282 :
2780 3244 2901 3282 nam
2927 3237 2982 3283 et
3010 3246 3105 3298 pro
3129 3232 3233 3286 illis
3254 3233 3361 3302 jam
3385 3235 3499 3305 ipse

1928 3315 2158 3369 camelus
2186 3316 2419 3372 intravit.
2453 3318 2569 3387 lpse
2593 3319 2735 3374 enim
2766 3320 2911 3389 prior
2932 3321 3164 3386 intravit,
3187 3340 3342 3393 quem
3368 3326 3506 3379 sicut

1928 3407 2187 3460 camelum
2212 3422 2370 3462 nemo
2387 3409 2591 3464 sarcina
2615 3411 2874 3479 passionis
2899 3423 3166 3478 oneraret,
3189 3415 3286 3469 nisi
3309 3431 3366 3470 se
3391 3416 3505 3486 ipse

1928 3496 1980 3551 in
2013 3506 2207 3552 terram
2248 3500 2558 3571 deponeret.
2601 3501 2731 3568 Quia
2765 3511 2819 3556 et
2860 3503 2973 3571 ipse
3020 3505 3120 3558 hoc
3152 3504 3313 3571 dixit,
3356 3507 3506 3573 Quod

1930 3588 2210 3643 hominibus
2253 3591 2557 3662 impossibile
2588 3602 2689 3657 est,
2728 3591 2838 3646 Deo
2866 3594 3016 3661 facile
3055 3604 3127 3648 est
3152 3595 3362 3664 (Matth.
3392 3613 3502 3661 χιχ,

1928 3680 2044 3751 26).
2078 3681 2365 3735 Damnetur
2394 3698 2523 3752 ergo
2548 3682 2645 3737 iste
2677 3683 2877 3748 Doech,
2900 3685 3119 3739 timeant
3140 3687 3207 3740 de
3231 3687 3320 3740 illo
3346 3688 3506 3743 modo

1926 3771 2082 3837 justi,
2122 3771 2329 3826 rideant
2365 3788 2524 3841 super
2567 3789 2687 3827 eum
2739 3786 2920 3844 postea
2948 3774 3095 3843 justi.
3137 3777 3320 3832 Merito
3360 3780 3502 3834 enim

1930 3861 2223 3925 damnatur,
2260 3866 2344 3933 qui
2370 3882 2466 3919 non
2495 3867 2659 3936 posuit
2688 3865 2853 3920 Deum
2883 3869 3341 3938 adjutoremsuum,
3370 3873 3506 3928 sicut

1932 3966 2023 4011 tu:
2054 3959 2140 4026 qui
2175 3957 2309 4011 forte
2333 3957 2496 4013 habes
2524 3960 2830 4030 pecuniam;
2861 3961 2951 4015 sed
2979 3962 3045 4015 de
3068 3963 3175 4017 Deo
3202 3966 3500 4033 prmsumis,
3574 4016 3579 4017 ,
3616 3950 3617 3955 ‘

1932 4064 2034 4101 nun
2075 4049 2141 4102 de
2190 4050 2428 4117 pecunia.
2465 4049 2530 4102 Et
2556 4051 2772 4120 speravit
2798 4052 2849 4104 in
2878 4051 3198 4107 multitudine
3221 4056 3506 4111 divitiarum

1930 4156 2136 4193 suarum
2166 4156 2185 4193 :
2226 4141 2414 4195 similis
2459 4143 2623 4195 factus
2671 4152 2754 4197 est
2806 4143 2906 4197 illis
2939 4145 3025 4213 qui
3074 4161 3191 4199 cum
3231 4147 3502 4217 dicerent,

1933 4231 2123 4285 Beatus
2151 4233 2372 4301 populus
2400 4233 2483 4287 cui
2516 4233 2631 4287 h:ec
2656 4246 2778 4287 sunt
2805 4275 2818 4296 ,
2853 4233 2903 4289 id
2930 4245 3010 4289 est
3038 4236 3133 4290 ista
3167 4246 3395 4300 terrena.
3419 4256 3507 4293 re-
3570 4266 3571 4269 η

1934 4323 2053 4377 tulit
2085 4325 2334 4378 continuo
2371 4326 2468 4377 iste
2505 4325 2590 4394 qui
2632 4325 2847 4380 insultat
2888 4325 3009 4381 huic
3064 4328 3261 4395 Doech,
3323 4330 3508 4386 Beatus

1934 4416 2149 4485 populus
2187 4416 2331 4484 cujus
2372 4424 2444 4468 est
2487 4414 2736 4471 Dominus
2789 4416 2927 4471 Deus
2964 4418 3140 4488 ipsius.
3172 4420 3301 4473 Nam
3339 4422 3423 4474 illa
3457 4422 3508 4476 in

1933 4509 2124 4577 quibus
2149 4508 2392 4561 dixerunt
2411 4508 2618 4562 beatum
2638 4510 2887 4579 populum
2904 4553 2919 4575 ,
2943 4521 3219 4565 enumerat
3246 4512 3506 4566 Psalmus.

1916 4598 2117 4653 ‘Locuti
2167 4609 2289 4653 sunt
2330 4599 2468 4653 enim
2502 4609 2748 4668 tanquam
2791 4600 2884 4654 filii
2922 4601 3102 4667 alieni,
3132 4610 3379 4669 tanquam
3410 4603 3510 4658 iste

1935 4688 2112 4742 Doech
2148 4687 2426 4754 ldumzeus,
2472 4691 2522 4744 id
2552 4703 2633 4744 est
2670 4700 2953 4745 terrenus:
2991 4690 3059 4744 0s
3093 4708 3263 4745 eorum
3291 4693 3510 4749 locutum

1935 4792 2007 4835 est
2032 4784 2338 4849 vanitatem;
2362 4783 2567 4837 dextera
2593 4799 2782 4847 eorum,
2814 4784 3016 4835 dextera
3036 4783 3330 4849 iniquitatis.
3364 4786 3509 4852 Quo-

1935 4891 2047 4928 rum
2072 4875 2167 4943 filii
2186 4876 2408 4944 ipsorum
2435 4877 2562 4929 sicut
2592 4875 2801 4928 novella:
2820 4876 3148 4929 constabilita:
3173 4881 3227 4929 in
3250 4880 3511 4947 juventute

1934 4984 2029 5021 sua
2057 4984 2075 5020 :
2099 4967 2221 5034 filice
2245 4984 2416 5019 eorum
2441 4966 2748 5034 compositis,
2785 4976 2833 5018 et
2865 4975 3055 5020 ornata:
3080 4968 3209 5021 sicut
3234 4969 3512 5024 similitudo

1937 5059 2109 5128 templi
2140 5076 2158 5112 :
2182 5060 2387 5112 cellaria
2416 5074 2583 5111 eorum
2606 5058 2774 5126 plena,
2805 5059 3084 5112 eructantia
3099 5076 3162 5113 ea:
3177 5059 3269 5114 hoc
3291 5063 3342 5114 in
3372 5062 3465 5114 hoc
3494 5078 3514 5117 :

1936 5166 2049 5204 oves
2087 5166 2259 5203 eorum
2293 5150 2557 5222 fecundat,
2605 5150 2998 5221 multiplicantes
3036 5152 3088 5204 in
3122 5153 3339 5228 exitibus
3367 5156 3513 5216 suis;

1937 5243 2079 5297 boves
2107 5259 2276 5296 eorum
2300 5244 2454 5296 crassi
2479 5258 2497 5295 :
2518 5258 2616 5295 non
2648 5252 2717 5295 est
2745 5244 2891 5295 ruina
2924 5243 3075 5310 scpis,
3109 5261 3197 5297 nec
3218 5246 3397 5309 exitus,
3419 5261 3506 5297 πει

1936 5350 2030 5403 que
2082 5331 2275 5386 clamor
2318 5334 2371 5386 in
2422 5333 2600 5399 plateis
2643 5349 2811 5387 eorum
2866 5332 3034 5405 (Psal.
3083 5350 3264 5397 CXLIII,
3296 5334 3506 5401 11-15).

1936 5426 2097 5492 Quasi
2125 5440 2367 5495 magnam
2410 5425 2711 5479 felicitatem
2740 5425 2985 5478 videntur
3010 5425 3205 5480 habere
3235 5424 3376 5493 pacis
3403 5433 3508 5477 ter—
3533 5473 3540 5481 .

1936 5537 2096 5576 reum.
2128 5519 2232 5576 Sed
2262 5519 2350 5573 ille
2378 5518 2465 5587 qui
2508 5526 2751 5572 terrenus
2779 5527 2861 5573 est
2885 5561 2898 5585 ,
2931 5518 3087 5573 etiam
3117 5526 3288 5571 motus
3316 5525 3417 5581 est,
3448 5516 3502 5570 id

2001 5720 2018 5755 ³
2053 5719 2147 5772 add
2174 5718 2483 5782 ,puniuntur.
2504 5725 2556 5767 At
2578 5726 2705 5778 Mss,
2731 5718 2997 5781 culpantur.
