4004 6200
591 240 685 295 δυ
1746 237 1805 293 S.
1844 233 2206 293 AUGUSTINI
2246 233 2543 294 EPISCOPI
3058 258 3061 261 '
3683 269 3768 324 (.12

592 376 676 410 est
698 369 942 427 tanquam
973 354 1142 424 pulvis
1162 369 1318 424 quem
1351 353 1557 424 proiicit
1576 363 1808 431 ventusa
1829 352 1961 411 facie
1984 364 2158 409 terrae.

595 448 828 516 Denique
871 445 992 516 quid
1036 446 1089 498 in
1134 445 1238 501 illis
1282 444 1725 513 reprehenditur?
1771 444 1885 500 Non
1915 445 2037 516 quia
2064 444 2161 498 ista

594 538 903 601 habuerint;
932 552 1051 589 nam
1092 547 1144 592 et
1177 536 1300 591 boui
1338 538 1532 593 habent
1571 539 1668 592 ista
1699 557 1712 592 :
1744 537 1835 593 sed
1862 537 2022 607 quid?
2052 537 2163 592 [ioc

593 628 887 693 intendite;
915 644 980 682 ne
1010 630 1204 696 passim
1233 628 1421 684 divites
1450 629 1877 699 reprehendatis,
1903 639 1957 683 et
1980 642 2161 687 rursus

590 736 657 773 ne
686 719 753 775 de
784 728 1089 789 paupertate
1113 729 1165 774 et
1191 719 1257 774 de
1284 730 1520 791 egestate
1549 722 1899 791 priesuinatis.
1932 720 1989 776 Si
2019 723 2159 775 enim

591 825 693 864 non
740 794 822 865 est
875 812 1300 882 pricsumendum
1349 812 1414 867 de
1470 813 1703 875 divitiis,
1746 821 1944 881 quanto
1995 811 2161 880 magis

588 904 691 954 uo'u
737 911 818 956 est
871 906 1292 972 priesuinendum
1319 908 1383 958 de
1428 912 1761 974 paupertate,
1807 903 1899 957 sed
1937 902 2005 956 de
2053 902 2161 955 Deo

588 995 743 1046 vivo?
770 994 824 1047 lu
850 1002 956 1064 quo
984 1012 1111 1065 ergo
1142 998 1224 1051 isti
1257 996 1538 1051 notantur?
1563 995 1693 1062 Quia
1720 995 1913 1049 beatum
1929 994 2162 1049 dixerunt

588 1085 832 1155 populum
860 1088 941 1139 cui
970 1087 1076 1140 Iure
1112 1098 1248 1141 sunt.
1280 1087 1400 1142 ldco
1430 1087 1517 1141 lilii
1548 1087 1738 1152 alieni,
1768 1087 1887 1141 ideo
1912 1102 1966 1139 os
1989 1101 2162 1139 eorum

588 1178 904 1232 locutumeut
933 1182 1219 1243 vanitatem,
1253 1190 1300 1232 et
1326 1180 1527 1232 dextera
1555 1195 1728 1233 eorum
1757 1179 1958 1231 dextera
1978 1176 2163 1244 iniqui-

585 1269 719 1322 tatis.
752 1270 830 1322 Tu
868 1279 1042 1325 autem
1078 1271 1247 1340 quid?
1278 1269 1459 1324 Beatus
1505 1271 1723 1340 populus
1766 1270 1911 1339 cujus
1946 1279 2019 1322 est
2051 1266 2161 1323 Do-

588 1376 751 1413 nuuus
779 1360 913 1415 Deus
938 1362 1116 1430 ipsius.

660 1452 745 1506 16.
781 1452 942 1525 [vers.
974 1454 1100 1526 10.]
1131 1454 1273 1524 Ergo
1304 1455 1405 1510 isto
1430 1454 1678 1509 damnato
1721 1455 1806 1523 qui
1850 1455 2069 1522 spcrarit
2109 1453 2162 1506 in

586 1542 906 1598 multitudine
928 1545 1221 1600 divitiarum
1246 1564 1451 1601 suarum
1471 1589 1484 1608 ,
1509 1557 1553 1600 et
1580 1547 1839 1615 prcvvuluit
1865 1547 1918 1599 in
1946 1547 2163 1599 vanitate

585 1648 681 1685 sua
703 1650 722 1687 :
748 1634 872 1703 quid
902 1637 1044 1691 enim
1069 1638 1256 1692 vanius
1275 1654 1341 1691 eo
1366 1638 1454 1707 qui
1489 1648 1638 1706 putat
1665 1639 1782 1707 plus
1811 1638 1988 1692 valere
2004 1654 2160 1691 nun:-

588 1739 729 1776 mlllll
761 1742 917 1793 quam
956 1728 1160 1782 Deum?
1186 1729 1326 1799 Ergo
1352 1730 1455 1785 isto
1479 1731 1732 1784 damnato
1758 1731 1845 1799 qui
1877 1730 2008 1784 dixit
2043 1729 2162 1783 bea.

586 1826 691 1869 tum
718 1817 961 1888 populum
990 1822 1067 1872 cui
1095 1822 1199 1874 lucc
1219 1831 1337 1874 sunt
1358 1837 1381 1875 .°
1403 1832 1453 1875 tu
1477 1822 1571 1891 qui
1597 1821 1731 1875 dicis
1750 1862 1766 1887 ,
1791 1819 1975 1875 Beatus
2002 1837 2161 1890 popu-

584 1907 665 1960 lus
693 1910 836 1975 cujus
862 1919 933 1963 est
965 1908 1210 1965 Dominus
1236 1910 1372 1965 Deus
1400 1912 1563 1980 ipsius
1587 1951 1604 1976 ,
1631 1911 1757 1981 quid
1791 1912 1857 1965 de
1882 1921 1937 1965 te
1961 1910 2161 1965 scutis?

584 1999 708 2068 quid
738 2000 830 2054 tibi
862 2004 1078 2070 Speras?
1118 2002 1228 2073 Ego
1256 2013 1422 2057 autem
1443 2044 1457 2068 ,
1486 2004 1592 2074 iam
1624 2004 1783 2058 modo
1811 2020 2002 2073 corpus
2034 2005 2161 2061 illud

583 2090 703 2142 andi
726 2107 739 2152 ;
762 2090 869 2161 Ego
893 2103 1056 2145 autem
1072 2093 1197 2147 sicut
1217 2092 1349 2149 oliva
1378 2096 1637 2164 fructifera
1654 2095 1709 2148 in
1735 2097 1882 2149 doma
1908 2095 2023 2149 Dei.
2041 2095 2158 2150 Non

586 2194 722 2232 unus
751 2181 908 2233 homo
942 2183 1191 2251 loquitur,
1211 2184 1305 2239 sed
1322 2186 1459 2239 oliva
1481 2186 1566 2240 illa
1584 2184 1874 2253 fructifera,
1894 2188 2031 2242 unde
2048 2204 2160 2243 am-

585 2270 750 2339 putati
776 2280 897 2324 sunt
926 2274 1139 2341 superbi
1172 2275 1323 2341 rami,
1354 2286 1411 2333 et
1440 2277 1669 2332 insertus
1693 2278 1906 2332 humilis
1932 2280 2161 2333 oleaster

585 2361 758 2426 (Itoni.
783 2376 856 2427 χι,
892 2362 998 2432 1'7).
1026 2363 1169 2418 Sicut
1194 2366 1326 2421 oliva
1354 2369 1618 2437 fructifera
1640 2370 1695 2424 in
1723 2370 1871 2423 domo
1900 2369 2015 2435 Dei,
2042 2388 2159 2441 spe-

584 2455 690 2507 rari
723 2456 775 2508 in
805 2456 1149 2512 misericordia
1186 2458 1297 2514 Dei.
1327 2459 1420 2515 llle
1443 2461 1606 2531 quid?
1635 2461 1702 2516 lu
1726 2463 2048 2517 multitudine
2075 2454 2163 2516 di?

576 2546 813 2599 ritiurum
832 2562 1035 2601 suarum
1057 2565 1076 2602 :
1094 2548 1213 2604 ideo
1241 2549 1385 2605 radix
1408 2556 1524 2620 eius
1544 2552 1799 2607 cvelletur
1826 2553 1891 2607 de
1913 2563 2050 2607 terra
2078 2553 2159 2607 vi-

584 2637 835 2691 ventium.
862 2636 971 2710 Ego
1001 2648 1165 2693 autem
1195 2641 1312 2710 quia
1339 2645 1465 2696 sicut
1490 2643 1620 2697 oliva
1643 2643 1903 2715 fructifera
1926 2645 1979 2696 iu
2009 2643 2158 2698 domo

582 2724 705 2785 Dei.
739 2727 888 2794 cujus
917 2728 1063 2783 radix
1094 2730 1351 2794 nutritur,
1391 2748 1493 2799 non
1520 2724 1838 2797 eradicatur,
1867 2735 2064 2804 speravi
2104 2734 2158 2788 in

583 2816 923 2870 misericordia
952 2816 1064 2871 Dei.
1084 2818 1188 2874 Sed
1218 2820 1350 2876 forte
1375 2822 1565 2878 modo?
1589 2822 1719 2879 Nam
1749 2832 1804 2879 et
1829 2823 1954 2879 hinc
1979 2833 2159 2879 errant

583 2904 824 2961 homines
850 2907 1151 2976 aliquando.
1178 2911 1340 2965 Deum
1362 2913 1574 2981 quidem
1599 2916 1800 2977 colunt.
1830 2925 1884 2969 et
1909 2930 2013 2971 non
2034 2926 2158 2971 sunt

580 2994 686 3062 iam
717 2997 918 3052 similes
945 2999 1033 3053 isti
1079 2999 1253 3055 Doech
1284 3018 1296 3054 :
1337 3005 1430 3056 sed
1459 3007 1699 3072 quamvis
1722 3005 1789 3059 de
1823 3006 1931 3061 Deo
1960 3022 2159 3075 priesu-

586 3097 748 3148 maut,
767 3088 830 3140 ad
856 3092 1158 3158 temporalia
1188 3101 1360 3149 tamen
1382 3111 1396 3155 ;
1420 3104 1475 3147 ut
1500 3095 1677 3151 dicaut
1702 3097 1823 3162 sibi,
1841 3098 1968 3155 Coto
1990 3100 2154 3155 Deum

587 3192 782 3239 meum,
806 3179 891 3248 qui
921 3194 1005 3233 me
1032 3180 1265 3236 facturus
1286 3191 1369 3237 est
1392 3184 1613 3242 divitem
1645 3186 1696 3240 in
1718 3196 1878 3253 terra,
1911 3189 2000 3257 qui
2028 3191 2154 3244 mihi

586 3268 719 3319 titius
746 3269 965 3325 daturus
988 3280 1068 3325 est
1085 3313 1099 3337 ,
1131 3273 1218 3344 qui
1245 3274 1376 3329 mihi
1399 3292 1622 3332 uxorem
1644 3277 1860 3335 daturus
1885 3291 1984 3335 est.
2010 3281 2156 3338 Talia

584 3361 794 3431 quidem
816 3380 918 3417 non
938 3364 1028 3419 dat
1046 3365 1147 3420 nisi
1174 3367 1332 3435 Deus,
1351 3370 1445 3425 sed
1461 3386 1566 3429 non
1591 3372 1702 3426 vult
1716 3389 1779 3429 se
1802 3384 2016 3444 propter
2036 3377 2155 3431 talia

583 3454 727 3526 diligi
773 3455 931 3511 Deus.
963 3457 1089 3511 ldeo
1130 3460 1269 3513 enim
1311 3476 1452 3531 saepe
1493 3463 1591 3521 ista
1632 3465 1727 3519 dat
1768 3476 1823 3520 et
1871 3469 2055 3533 malis,
2102 3462 2157 3523 ut

585 3544 724 3597 aliud
748 3543 818 3598 ab
847 3545 937 3600 illo
966 3547 1173 3603 discant
1206 3565 1448 3621 quaerere
1476 3552 1618 3607 boui.
1646 3553 1924 3619 Quomodo
1948 3573 2075 3627 ergo
2102 3569 2155 3612 tu

583 3636 747 3703 dicis,
782 3636 991 3707 Speraui
1024 3639 1075 3693 in
1115 3641 1458 3698 misericordia
1484 3644 1622 3699 Dei?
1646 3647 1689 3703 F
1693 3656 1808 3704 orte
1840 3649 1906 3704 ad
1947 3660 2157 3721 tempo-

588 3726 717 3781 ralia
759 3727 1130 3796 adipisceuda‘i
1177 3731 1289 3788 lmo
1328 3734 1384 3789 iu
1420 3745 1700 3801 cateruam,
1739 3749 1785 3795 et
1820 3739 1876 3793 in
1913 3743 2156 3795 saeculum

584 3819 772 3873 seculi.
800 3820 951 3888 Quod
988 3821 1120 3877 dixit
1156 3823 1209 3878 in
1234 3834 1479 3881 aeternum
1502 3869 1518 3894 ,
1548 3841 1789 3897 repetere
1830 3832 1997 3890 voluit
2020 3834 2155 3905 adii-

584 3911 773 3964 ciendo
798 3911 849 3965 in
877 3916 1116 3969 siccatum
1141 3917 1340 3983 swculi,
1373 3927 1429 3972 ut
1452 3920 1884 4001 confirinaret‘ibi
1911 3936 2157 3995 repeten-

585 4000 675 4069 do,
694 4018 849 4070 quam
880 4004 1123 4063 fundatus
1144 4010 1289 4063 cisset
1317 4011 1366 4064 in
1391 4011 1676 4072 dilectione
1700 4018 1853 4088 regni
1875 4020 2153 4091 caelorum,

586 4102 642 4146 et
670 4093 720 4146 iu
751 4109 845 4162 spe
872 4106 1083 4153 acterna:
1118 4098 1400 4157 felicitatis.

662 4182 745 4236 17.
769 4181 916 4255 [vers.
945 4185 1053 4259 11.]
1080 4187 1362 4257 Conﬁtebor
1378 4193 1467 4248 tibi
1490 4196 1543 4250 in
1569 4200 1807 4253 secutum
1831 4204 2066 4267 quaedam
2083 4207 2157 4277 fe-

583 4273 713 4327 cisti.
751 4274 883 4357 Quid
916 4277 1120 4345 fecisti?
1150 4280 1325 4337 Doech
1353 4283 1646 4357 damnasti,
1679 4290 1839 4345 David
1868 4273 2150 4351 coronasti.

583 4352 868 4434 Cou/itebor
891 4366 979 4420 tibi
1006 4370 1059 4422 in
1084 4373 1327 4428 siccatum
1351 4352 1586 4445 quoniam
1612 4352 1794 4452 fecisti.
1810 4383 1995 4455 Magna
2020 4404 2154 4447 con-

583 4460 762 4523 fessio,
792 4463 1027 4527 quoniam
1049 4462 1230 4533 fecisti.
1258 4466 1396 4533 Quid
1427 4474 1605 4540 fecisti,
1638 4477 1735 4531 nisi
1763 4476 1874 4533 luec
1901 4481 2011 4549 ipsa
2034 4498 2152 4552 quin

581 4566 739 4620 supra
766 4553 902 4609 dicta
933 4565 1076 4622 sunt,
1109 4566 1167 4612 ut
1185 4570 1436 4630 tanquam
1466 4565 1601 4620 oliva
1622 4566 1887 4625 fructifera
1921 4589 1969 4627 tu
1995 4574 2153 4631 domo

589 4641 717 4710 Dei,
745 4659 1014 4715 sperarem
1052 4648 1108 4704 in
1145 4651 1510 4708 misericordia
1538 4656 1661 4719 Dei,
1682 4660 1737 4714 in
1777 4672 2031 4719 azternum
2058 4707 2071 4728 ,
2098 4676 2152 4723 et

586 4734 637 4787 in
668 4741 920 4796 steculum
947 4744 1166 4798 surculi?
1204 4746 1283 4801 Tu
1312 4748 1480 4803 τρώειί
1514 4768 1529 4804 :
1558 4750 1751 4821 impius
1781 4755 2068 4824 iustiﬁcam
2095 4776 2154 4817 se
2199 4806 2209 4822 ,
2264 4734 2273 4741 .

588 4840 689 4879 non
721 4839 911 4896 potest.
950 4831 1052 4889 Sed
1084 4838 1204 4906 quis
1231 4846 1312 4892 ost
1337 4840 1424 4909 qui
1461 4840 2028 4916 iustiﬁcat?Credemi,
2068 4852 2151 4905 iu-

578 4915 730 4989 quit,
758 4918 809 4972 in
847 4938 962 4975 eum
1000 4926 1087 4994 qui
1108 4928 1363 4999 justiﬁcat
1396 4932 1612 5003 impium
1658 4934 1767 5006 (td.
1794 4952 1875 5003 ιν,
1907 4939 1984 5006 5).
2016 4915 2154 5007 Quid

583 5007 714 5061 enim
744 5008 890 5065 habes
918 5016 1051 5085 quod
1075 5033 1176 5071 non
1191 5023 1465 5091 accepisti?
1485 5024 1547 5080 Si
1575 5037 1742 5083 autem
1762 5032 2015 5099 accepisti,
2033 5034 2154 5100 quid

581 5099 816 5167 gloriaris
836 5106 985 5172 quasi
1006 5123 1110 5161 non
1136 5114 1381 5193 acceperis
1420 5104 1459 5187 (Ι
1483 5115 1599 5172 Cor.
1626 5134 1700 5181 tv,
1725 5120 1803 5193 7),
1832 5123 1983 5191 quasi
2006 5099 2071 5178 es
2102 5135 2154 5180 te

584 5190 817 5245 habeas?
833 5195 987 5279 Absit
1004 5207 1057 5251 ut
1082 5214 1182 5270 ego
1198 5190 1285 5257 'sic
1302 5206 1522 5274 glorier,
1550 5212 1623 5265 ait
1645 5190 1855 5284 iste'qui
1878 5220 2155 5285 oppositus

584 5294 664 5336 est
685 5294 865 5339 contra
896 5286 1105 5356 Doecb,
1142 5292 1232 5361 qui
1264 5295 1451 5352 tolerat
1479 5301 1654 5356 Doecli
1688 5303 1742 5359 in
1777 5317 1912 5361 narra
1932 5349 1950 5374 ,
1982 5308 2153 5365 donec

583 5379 805 5447 etnigret
833 5379 919 5434 ille
945 5381 1013 5436 de
1036 5382 1395 5453 tabernaculo,
1416 5399 1471 5444 et
1492 5394 1793 5451 eradicetnr
1815 5397 1883 5453 dc
1910 5410 2049 5455 terra
2077 5404 2154 5456 vi-

582 5472 839 5529 ventium.
874 5472 993 5529 Non
1030 5475 1227 5544 glorior
1259 5481 1406 5547 quasi
1446 5496 1550 5537 non
1589 5488 1879 5555 acceperim
1903 5530 1920 5556 ,
1962 5492 2058 5547 sed
2099 5493 2150 5549 in

588 5561 697 5616 Deo
722 5565 940 5635 glorior.
979 5566 1045 5639 Et
1075 5569 1346 5637 conﬁtebor
1371 5572 1460 5626 tibi
1484 5576 1720 5643 quoniam
1744 5580 1929 5647 fecisti,
1960 5582 2012 5637 id
2039 5592 2149 5652 est,

591 5655 713 5723 quia
741 5666 792 5709 tu
811 5657 976 5713 fecisti
1000 5700 1013 5726 ,
1035 5674 1138 5715 nou
1165 5677 1227 5716 ex
1257 5663 1456 5719 meritis
1481 5667 1634 5737 meis,
1647 5668 1741 5725 sed
1758 5689 1822 5728 ex
1847 5674 2146 5733 misericor-

2268 350 2353 405 dia
2377 362 2484 409 tua.
2502 354 2612 426 Ego
2627 356 2768 412 enim
2783 359 2904 429 quid
2924 360 3056 417 feci?
3072 361 3124 419 Si
3140 368 3350 436 recolas,
3364 374 3492 442 prius
3506 381 3571 448 fui
3581 380 3767 452 blasphe.

2269 462 2381 499 mus
2412 457 2458 504 et
2486 446 2770 516 persecutor
2795 462 2839 506 et
2862 454 3153 524 iniuriosus.
3177 459 3252 512 'I‘u
3271 474 3436 519 autem
3456 446 3566 536 quid
3594 446 3768 534 fecisti?

2271 538 2379 595 Sed
2407 543 2802 599 misericordiam
2828 559 3121 604 consecutus
3155 568 3297 617 sum,
3327 559 3437 626 quia
3463 564 3673 631 ignorans
3696 576 3772 641 feci

2271 631 2314 699 (ι
2338 630 2468 687 Tim.
2499 634 2663 703 L15).
2685 635 3065 705 Confittdtortibi
3074 642 3127 696 in
3148 647 3380 700 sarculum
3395 630 3607 718 quoniam
3623 630 3770 727 fuisti.

2344 724 2428 775 18.
2477 723 2539 777 Et
2568 729 2861 798 exspectabo
2882 748 3061 785 nomen
3095 746 3261 799 tuum,
3294 743 3406 809 quia
3420 723 3676 813 jucundum
3700 771 3773 807 ιε..

2271 812 2523 868 Amarum
2553 828 2633 871 est
2671 821 2921 874 smenluin
2944 864 2959 887 ,
2987 823 3082 879 sed
3113 842 3304 887 nornen
3340 812 3474 887 tuum
3508 839 3771 905 iucundum.

2270 903 2335 957 Et
2354 906 2398 958 si
2423 905 2595 973 dulcia
2623 910 2862 979 quaedam
2892 926 3017 969 sunt
3047 919 3097 970 in
3122 923 3348 989 s:cculo,
3374 928 3461 980 sed
3484 903 3592 984 cum
3615 939 3774 991 amari-

2270 995 2453 1051 tudine
2479 997 2811 1067 digeruutur.
2844 1004 3176 1075 Praepouitur
3202 1029 3386 1070 nomen
3415 1027 3569 1086 tuum,
3596 1032 3685 1080 uo‘n
3706 1048 3775 1086 so.

2269 1086 2378 1140 lum
2412 1092 2805 1160 magnitudine,
2839 1097 2931 1151 sed
2971 1100 3132 1155 etiam
3155 1103 3472 1171 iucunditate
3498 1114 3774 1178 hilarum:-

2268 1186 2391 1231 runt
2414 1182 2608 1237 etenim
2649 1183 2776 1238 mihi
2805 1186 2982 1256 iniusti
3024 1190 3396 1253 delectationes
3417 1216 3531 1257 suas
3552 1247 3564 1268 ,
3589 1210 3669 1262 sed
3692 1227 3772 1267 non

2267 1267 2405 1323 sicut
2433 1269 2654 1336 lentua,
2686 1275 2907 1333 Domine
2941 1279 3109 1350 (Psal.
3135 1300 3331 1354 cxvui,
3350 1291 3455 1360 85).
3481 1294 3643 1366 Neque
3665 1303 3773 1357 enim

2260 1356 2314 1411 si
2345 1358 2474 1413 nihil
2501 1362 2657 1418 dulce
2683 1378 2826 1422 esset
2858 1374 3212 1450 martyribus,
3244 1356 3773 1449 tantas'tribulatimium

2267 1453 2647 1511 amaritudines
2668 1473 2821 1528 aequo
2846 1465 3023 1519 animo
3049 1471 3386 1526 sustinerent.
3415 1478 3776 1537 Amaritudoeo-

2268 1556 2382 1595 rum
2412 1558 2442 1596 a
2467 1548 2655 1614 quovis
2680 1552 3024 1621 sentiebatur,
3053 1557 3383 1618 dulcedinem
3411 1582 3580 1622 eorum
3604 1587 3692 1626 non
3718 1573 3776 1626 fa-

2267 1634 2369 1690 cile
2394 1639 2669 1709 quisquam
2690 1657 2904 1713 gusmre
2926 1658 3148 1716 poterat.
3168 1653 3367 1711 Nomen
3391 1676 3510 1730 ergo
3529 1663 3606 1716 Dei
3620 1666 3776 1733 jucun-

2262 1725 2391 1780 dum
2429 1740 2510 1785 est
2537 1734 2833 1791 amantibus
2864 1739 3026 1794 Deum
3053 1760 3217 1811 super
3240 1762 3423 1804 omnes
3451 1725 3773 1820 iucunditates.

2263 1818 2582 1891 Exspectabo
2610 1843 2789 1882 nomen
2835 1839 3003 1899 tuum,
3032 1838 3150 1905 quia
3187 1818 3466 1909 jucundum
3500 1857 3584 1899 est.
3622 1847 3678 1901 Et
3710 1851 3775 1904 cui

2264 1913 2459 1979 probas
2488 1917 2610 1986 quia
2635 1919 2928 1989 jucundum
2961 1929 3075 1982 est?
3112 1931 3187 1985 Da
3218 1933 3343 1988 mihi
3377 1938 3587 2002 palatum
3614 1942 3685 1995 cui
3711 1942 3777 2013 ju-

2264 2005 2497 2061 cundum
2540 2020 2639 2065 est.
2685 2011 2865 2068 Lauda
2911 2020 3015 2073 mel
3060 2033 3312 2089 quantum
3356 2038 3530 2094 potes,
3561 2005 3775 2102 exaggera

2260 2094 2598 2175 dulcedinem
2629 2102 2745 2172 ejus
2772 2107 2965 2176 quibus
3003 2113 3236 2171 volueris
3267 2119 3435 2174 verbis
3474 2139 3488 2174 :
3528 2122 3668 2177 homo
3702 2142 3775 2179 ne-

2265 2188 2441 2243 sciens
2462 2192 2588 2260 quid
2613 2195 2683 2253 sit
2706 2198 2833 2263 mel,
2862 2201 2961 2254 nisi
2986 2209 3296 2273 gustaverit,
3324 2212 3442 2280 quid
3465 2213 3599 2268 dicas
3625 2219 3773 2273 nescit.

2266 2276 2391 2333 Ideo
2437 2285 2605 2352 magis
2652 2286 2717 2342 ad
2745 2293 3165 2357 experimentum
3210 2310 3259 2354 te
3300 2302 3515 2359 inritans
3559 2308 3772 2374 psalmus,

2263 2370 2388 2439 quid
2410 2373 2518 2426 ait?
2541 2374 2767 2446 Gustata,
2800 2390 2848 2435 et
2871 2384 3030 2439 videte
3046 2392 3284 2455 quoniam
3313 2398 3473 2448 suavis
3494 2408 3557 2451 est
3582 2398 3776 2454 Dominus

2265 2459 2437 2532 (Psal.
2455 2480 2646 2530 xxxiii,
2666 2469 2745 2538 9).
2771 2471 3000 2531 Gustare
3026 2486 3131 2534 non
3158 2483 3262 2548 vis,
3280 2495 3332 2538 et
3359 2485 3505 2550 dicis,
3528 2488 3774 2542 iucundum

2263 2554 2378 2607 est?
2400 2554 2534 2622 Quid
2559 2559 2849 2628 iucundum
2877 2570 2991 2621 est?
3011 2570 3066 2624 Si
3091 2576 3336 2642 gustasti,
3368 2578 3415 2631 in
3440 2578 3594 2633 fructu
3621 2592 3694 2634 lno
3719 2582 3778 2633 in-

2263 2645 2523 2713 veniatur,
2542 2651 2715 2708 nonin
2738 2656 2863 2710 solis
2879 2659 3113 2728 vocibus,
3133 2664 3380 2737 tanquam
3403 2672 3774 2724 tantunuuodoiu

2262 2735 2418 2799 foliis.
2441 2754 2508 2797 ne
2523 2743 2805 2802 maledicto
2823 2748 3026 2806 Domini
3044 2735 3293 2813 arescere
3319 2770 3551 2830 tauquam
3568 2763 3644 2817 illa
3666 2762 3777 2816 licui-

2262 2842 2360 2884 nea
2386 2834 2866 2905 merearisUIattli.
2888 2857 2996 2908 ssi,
3023 2845 3133 2913 l9).
3159 2848 3385 2915 Gustare,
3408 2852 3582 2919 inquit,
3603 2864 3642 2906 et
3658 2853 3779 2906 ridete

2260 2924 2494 2990 quoniam
2502 2928 2672 2985 suavis
2680 2939 2752 2983 est
2763 2929 3028 2991 Dominus.
3045 2936 3276 3010 (instate,
3291 2953 3335 2997 et
3352 2945 3500 2998 videte
3518 2963 3529 2998 :
3545 2957 3653 3014 tunc
3666 2946 3779 2998 vide-

2260 3011 2407 3081 bitis,
2432 3017 2476 3071 si
2501 3022 2858 3087 gustaveritis.
2881 3025 3091 3084 Homini
3111 3044 3291 3090 autem
3308 3052 3410 3089 nou
3431 3038 3655 3108 gtlstanli,
3673 3038 3780 3091 Itltllc

2263 3107 2490 3173 probas?
2512 3110 2798 3172 Laudando
2838 3119 3222 3186 iucunditatem
3253 3107 3475 3184 nominis
3505 3132 3605 3194 Dei,
3649 3147 3781 3200 quau-

2260 3205 2539 3270 tacumque
2557 3203 2773 3274 dixeris,
2806 3212 2964 3266 verba
2989 3226 3112 3270 sunt
3135 3236 3150 3271 :
3170 3216 3310 3275 aliud
3336 3232 3417 3277 est
3440 3236 3626 3293 gustus.
3647 3224 3776 3277 Vt-rlu

2183 3337 2189 3343 .
2260 3288 2433 3349 laudis
2484 3293 2601 3362 ejus
2649 3299 2868 3361 audiunt
2917 3315 2971 3359 et
3010 3307 3157 3378 impii
3191 3329 3206 3366 :
3238 3330 3344 3371 non
3383 3288 3550 3370 auiam
3612 3324 3781 3385 gustant

2259 3396 2416 3450 quam
2430 3384 2721 3453 iucundum
2750 3403 2852 3460 est,
2886 3397 2988 3452 nisi
3016 3405 3210 3457 sancti.
3236 3405 3463 3462 Proinde
3480 3408 3573 3462 iste
3591 3408 3779 3461 sentiens

2256 3472 2591 3537 dulcedinem
2619 3485 2848 3543 nominis
2870 3489 2983 3557 Dei,
3012 3503 3068 3547 et
3107 3499 3297 3552 volens
3322 3501 3596 3570 explicare,
3641 3508 3685 3554 et
3713 3514 3782 3551 vo-

2260 3566 2377 3627 lens
2396 3574 2697 3643 ostendere,
2722 3596 2823 3636 nec
2860 3584 3135 3645 inveniens
3153 3595 3353 3663 quibus
3384 3615 3399 3651 :
3423 3599 3604 3651 etenim
3629 3596 3783 3652 sanctis

2260 3674 2367 3715 non
2392 3678 2529 3733 Opus
2552 3677 2632 3722 est
2659 3678 2719 3724 ut
2746 3675 3010 3745 ostendat,
3034 3682 3155 3749 quia
3184 3695 3245 3739 et
3276 3687 3374 3755 ipsi
3410 3699 3609 3757 gustant
3635 3699 3680 3741 et
3707 3703 3782 3739 uu-

2261 3748 2410 3818 runt;
2439 3754 2587 3824 impii
2620 3769 2794 3816 autem
2824 3768 3024 3824 sentire
3050 3748 3153 3827 non
3198 3748 3438 3845 possuui
3453 3779 3582 3850 quod
3615 3786 3782 3848 gustare

2190 3902 2209 3917 ί
2259 3844 2487 3905 nolunt:
2511 3849 2635 3918 quid
2660 3868 2788 3922 ergo
2817 3855 2941 3911 facit
2984 3859 3052 3915 de
3070 3844 3407 3931 iucunditate
3450 3844 3658 3924 nominis
3684 3866 3784 3923 Deil

2262 3933 2402 3990 Tulit
2428 3952 2485 3993 se
2513 3943 2764 3999 continuo
2804 3961 2835 4000 a
2867 3951 3034 4007 turbis
3063 3954 3351 4025 impiorum
3382 3980 3395 4014 :
3430 3961 3491 4013 Et
3518 3960 3780 4030 exspectabo.

2260 4026 2449 4097 inquit,
2481 4049 2659 4092 nomen
2700 4048 2864 4105 luunt,
2892 4043 3009 4111 quia
3037 4045 3331 4116 jucundum
3372 4064 3441 4106 est
3482 4055 3533 4105 in
3567 4061 3784 4121 conspectu

2259 4130 2544 4177 Sanctorum
2579 4136 2797 4182 tuorum.
2824 4131 3120 4190 iucundum
3172 4150 3258 4194 est
3298 4160 3485 4196 nuiuen
3534 4155 3681 4205 tuum,
3713 4138 3782 4194 sed

2259 4227 2364 4267 non
2413 4215 2465 4269 in
2519 4231 2805 4288 conspectu
2853 4226 3133 4295 impiorum
3167 4250 3182 4286 :
3212 4251 3315 4306 ego
3371 4254 3523 4304 quant
3566 4237 3701 4291 dulce
3734 4234 3786 4285 sit

2259 4304 2392 4371 seio,
2413 4301 2513 4363 Sed
2536 4309 2616 4362 his
2639 4313 2728 4381 qui
2758 4327 3056 4383 gustarunt.

2263 4435 3785 4478 NW

2704 4522 2787 4584 IN
2828 4526 3209 4595 PSALMUM
3251 4538 3361 4599 LI]

2757 4638 2782 4669 ο
2825 4621 3239 4692 ENAthATIU.

2898 4739 3069 4783 sentio
3109 4730 3206 4802 (a).

2331 4806 2384 4861 1.
2414 4805 2544 4880 [vers
2587 4809 2668 4885 1.]
2710 4811 2976 4871 Psalmum
3002 4818 3161 4875 istum
3190 4825 3461 4880 vobiscum
3482 4823 3788 4880 tractandum.

2260 4908 2513 4965 quantum
2535 4900 2789 4958 Dominus
2814 4912 3067 4977 suggerit,
3101 4916 3441 4986 suscipimus.
3470 4917 3617 4972 Juhet
3659 4915 3788 4967 frater

2261 4999 2318 5042 ut
2344 4992 2586 5059 velimus,
2617 5004 2669 5049 et
2693 5006 2810 5049 orat
2830 4999 2850 5029 ¹
2876 5010 2933 5052 ut
2954 5005 3236 5069 possimus.
3267 5008 3323 5063 Si
3347 5008 3471 5077 quid
3496 5007 3788 5063 festinatione

2261 5080 2398 5136 forte
2432 5090 2840 5153 prmtermisero,
2887 5091 3126 5162 implebit
3170 5098 3221 5152 in
3264 5100 3416 5155 vobis
3452 5102 3535 5170 qui
3581 5109 3630 5154 et
3666 5094 3787 5151 nobis

2261 5172 2388 5228 dare
2413 5174 2662 5246 dignatur
2700 5179 2840 5250 quod
2882 5182 3059 5240 dicere
3095 5192 3443 5256 potuerimus.
3488 5189 3674 5245 Titulus
3697 5183 3789 5254 eius

2260 5274 2342 5318 est
2374 5283 2386 5319 :
2420 5264 2486 5319 In
2512 5269 2665 5335 ﬁnem
2685 5288 2776 5340 pro
2806 5272 3050 5343 Maeleth,
3080 5278 3364 5335 intellectus
3386 5284 3481 5356 ipsi
3508 5281 3675 5335 David.
3704 5276 3789 5330 l’ro

2259 5444 2570 5553 aut“!
2595 5453 2651 5496 At
2672 5447 2803 5509 add,
2829 5463 2921 5501 non
2944 5453 3096 5504 solum
3119 5456 3449 5520 amaritudini,
3473 5458 3557 5510 sed
3584 5456 3709 5509 etiam
3718 5451 3789 5515 1""

2260 5512 2691 5676 οηῑὲἷίῗῐέοιίοιιθε
2723 5578 2824 5621 Mss.
2850 5582 2907 5624 Αι
2928 5577 3059 5639 add,
3091 5578 3247 5640 iubete
3266 5581 3447 5644 fratres
3468 5588 3517 5631 ut
3548 5578 3734 5636 retium.
3752 5580 3786 5623 α

2260 5639 2345 5676 ora
2394 5661 2409 5676 .
2458 5663 2462 5671 .
2517 5665 2528 5676 .

2329 5688 2402 5751 (a)
2435 5690 2632 5741 Habitus
2644 5700 2815 5755 rogatu
2840 5696 3042 5759 alicujus
3063 5700 3259 5755 forsitan
3285 5706 3509 5764 episcopi.
