4004 6200
333 297 434 352 lii?»
510 326 514 330 -

334 410 572 468 Maeleth.
595 407 735 464 sicut
752 408 806 463 iu
835 408 1168 464 hebrreorum
1187 404 1707 475 interpretationibus
1727 401 1899 457 nomi-

328 518 453 556 num
474 499 795 566 invenimus,
824 500 1036 556 videtur
1063 498 1260 564 dicere,
1282 497 1386 552 Pro
1417 498 1744 566 parturiente
1787 497 1899 550 sive

329 597 557 651 dolente.
597 594 725 662 Quis
747 588 922 649 autem
953 595 1005 649 in
1034 594 1136 649 hoc
1172 593 1367 648 snt-culo
1409 593 1669 663 parturiat
1711 601 1764 646 et
1802 588 1901 643 du-

329 686 431 741 leat
452 696 746 754 agnoscunt
776 685 976 751 ﬁdeles,
1018 685 1139 754 quia
1184 683 1307 738 inde
1352 694 1493 738 sunt.
1541 682 1780 737 Christus
1812 680 1898 735 hic

324 778 568 846 parturit,
594 776 834 830 Christus
863 776 947 829 hic
967 776 1143 841 dolet;
1171 784 1332 845 caput
1359 785 1440 829 est
1468 788 1703 839 sursum,
1729 790 1899 827 mem-

324 871 416 923 bra
444 869 715 924 deorsum.
738 868 920 939 Neque
960 870 1099 923 enim
1128 883 1230 921 non
1260 867 1559 933 parturiens
1606 874 1659 920 et
1709 866 1896 920 dolens

222 1020 233 1029 _
318 963 525 1017 diceret
544 980 556 1014 :
575 960 751 1026 Saule,
776 960 953 1019 Saula,
976 961 1099 1029 quid
1121 977 1197 1014 me
1214 961 1525 1030 persequeris
1548 958 1682 1029 (Act.
1712 974 1787 1022 ts,
1813 957 1896 1026 4)?

318 1054 437 1121 Quo
458 1052 1186 1123 persequettterparturiebat,
1212 1066 1333 1106 eum
1355 1065 1670 1105 conversum
1710 1058 1894 1118 partu-

316 1150 427 1202 rire
451 1147 592 1201 fecit.
609 1146 848 1216 Namque
880 1157 934 1201 et
980 1147 1090 1213 ipse
1115 1154 1294 1214 postea
1344 1144 1671 1197 illuminatus
1708 1152 1808 1203 est,
1839 1150 1894 1196 et
1940 1174 1943 1177 -

320 1241 426 1295 illis
470 1254 588 1308 quae
641 1234 1059 1308 persequebatur
1103 1234 1355 1289 membris
1402 1235 1652 1300 insertus,
1704 1232 1890 1288 eadem

316 1333 577 1387 charitate
606 1346 884 1402 praegnans
912 1330 1121 1385 dicebat
1152 1348 1165 1383 :
1196 1327 1369 1382 Filioli
1394 1329 1511 1393 mei,
1540 1345 1664 1397 quos
1710 1322 1891 1379 iterum

318 1423 572 1493 parturio,
595 1424 751 1475 donec
772 1419 998 1475 Christus
1020 1424 1265 1489 formetur
1280 1421 1333 1471 in
1358 1419 1492 1472 vobis
1515 1417 1655 1487 (Gal.
1684 1433 1754 1480 tv,
1779 1416 1887 1486 19).

318 1517 423 1570 Pro
452 1515 703 1573 membris
728 1514 884 1584 igitur
907 1511 1123 1573 Christi.
1152 1527 1250 1581 pro
1269 1525 1491 1580 corpore
1521 1511 1634 1578 ejus
1654 1509 1790 1579 quod
1812 1519 1893 1563 est

317 1606 553 1663 Ecclesia
589 1605 800 1678 (Coloss.
832 1622 870 1673 ι,
892 1604 1009 1674 24),
1033 1620 1130 1675 pro
1152 1620 1257 1657 uno
1287 1604 1399 1672 ipso
1445 1603 1676 1665 homine,
1735 1601 1783 1655 id
1811 1610 1891 1655 est

317 1717 414 1770 pro
442 1700 554 1771 ipsa
584 1700 783 1754 unitate
803 1698 952 1768 cujus
981 1707 1138 1767 caput
1165 1711 1373 1759 sursum
1399 1705 1500 1758 est,
1533 1695 1766 1764 psalmus
1790 1696 1889 1749 iste

313 1803 578 1846 cantatur.
637 1790 811 1846 Gemit
866 1799 1060 1853 autem,
1108 1797 1162 1843 et
1213 1788 1453 1858 parturit,
1502 1797 1556 1841 et
1596 1787 1739 1841 dolet
1790 1786 1889 1842 iste

315 1887 495 1941 homo.
520 1885 713 1953 Quare,
748 1885 831 1939 vel
862 1884 999 1939 inter
1023 1899 1177 1952 quos,
1208 1882 1305 1936 nisi
1329 1884 1449 1951 quia
1476 1880 1679 1948 accepit
1709 1888 1764 1934 et
1790 1894 1886 1934 co-

312 1978 497 2049 gnovit
524 1975 747 2046 acapite
789 1991 906 2041 suo,
951 1971 1503 2028 dicentezAbundabit
1552 1971 1808 2041 iniquitas,
1840 1978 1886 2023 et

311 2072 600 2141 refrigescet
636 2067 854 2121 Charitas
882 2066 1149 2120 multorum
1169 2065 1192 2119 ?
1212 2065 1265 2119 Si
1293 2074 1467 2119 autem
1494 2063 1767 2117 abundabit
1787 2062 1886 2116 ini-

310 2164 499 2226 quitus,
532 2171 576 2215 et
596 2158 881 2231 refrigescet
918 2156 1140 2212 Charitas
1179 2156 1471 2221 multorum,
1495 2156 1612 2225 quis
1639 2170 1884 2209 remane-

310 2253 390 2307 bit
415 2251 507 2322 qui
546 2250 838 2321 parturiat?
877 2248 1165 2317 Sequitur:
1193 2248 1293 2314 Qui
1323 2246 1706 2316 perseveraverit
1730 2261 1883 2316 usque

309 2345 363 2398 in
385 2345 557 2413 ﬁnem,
592 2342 672 2396 hic
700 2341 868 2395 salvus
915 2341 1008 2396 erit
1037 2345 1056 2411 ί
1083 2339 1266 2392 Matth.
1294 2353 1442 2406 XXIV,
1466 2334 1550 2405 12,
1575 2338 1685 2410 15).
1733 2337 1882 2393 Unde

308 2445 453 2492 esset
475 2448 723 2505 magnum
769 2446 1125 2503 perseverare,
1188 2431 1286 2485 nisi
1330 2432 1467 2486 inter
1516 2430 1786 2485 molestias
1827 2438 1882 2485 et

311 2526 628 2582 teutationes
652 2532 707 2579 et
735 2523 1059 2579 turbationes
1085 2530 1138 2576 et
1162 2522 1407 2577 scandala
1457 2530 1598 2577 esset
1634 2536 1882 2593 perseve-

305 2618 572 2675 randum?
598 2616 764 2672 Nemo
789 2616 929 2671 enim
956 2614 1172 2683 iubetur
1208 2613 1345 2668 bona
1376 2615 1624 2669 tolerare.
1650 2613 1752 2670 Sed
1786 2629 1880 2684 pro

308 2711 414 2766 isto
436 2711 556 2780 quia
578 2708 788 2772 dicitur,
822 2715 876 2761 et
916 2706 1037 2776 quia
1065 2720 1161 2775 pro
1184 2704 1288 2759 isto
1310 2714 1572 2769 cantatur,
1607 2705 1879 2759 videamus

261 2829 273 2836 -
304 2802 432 2873 quid
453 2802 542 2856 sit.
573 2800 676 2855 Pro
697 2801 798 2854 isto
826 2799 1164 2867 increpautur
1186 2797 1269 2851 hic
1311 2795 1553 2851 homines
1583 2796 1723 2851 inter
1744 2812 1876 2866 quos

302 2896 553 2966 gemitur,
587 2893 724 2947 inter
749 2904 881 2961 quos
908 2891 1139 2955 doletur,
1157 2898 1218 2944 'et
1244 2888 1537 2943 consolatio
1565 2888 1794 2942 dolentis
1823 2898 1879 2943 et

305 2985 647 3055 parturientis
673 2983 724 3036 in
753 2982 944 3037 Psalmi
969 2983 1071 3036 line
1095 2980 1422 3051 depromitur
1446 2987 1501 3034 et
1539 2980 1872 3049 exprimitur.

302 3076 405 3145 Qui
430 3087 551 3130 sunt
578 3088 704 3144 ergo
749 3075 887 3129 inter
931 3087 1062 3143 quos
1094 3071 1416 3141 parturimus
1440 3079 1494 3126 et
1516 3070 1799 3140 gemimus,
1830 3070 1873 3124 si

303 3170 357 3224 in
382 3183 609 3238 corpore
631 3167 826 3221 Christi
855 3178 1070 3230 sumus;
1099 3164 1142 3218 si
1170 3163 1270 3218 sub
1289 3162 1380 3217 illo
1407 3164 1580 3233 capite
1625 3163 1870 3229 vivimus,

300 3263 345 3317 si
379 3263 430 3315 in
453 3260 704 3329 membris
723 3262 837 3328 ejus
852 3250 1187 3327 'deputamur
1215 3272 1228 3307 :
1252 3254 1339 3325 qui
1369 3262 1507 3319 sunt,
1550 3253 1692 3308 audi.

371 3352 427 3406 2.
463 3351 603 3405 Dixit
640 3349 929 3423 imprudens
972 3347 1028 3401 in
1063 3346 1213 3401 corde
1239 3363 1330 3400 suo
1378 3360 1397 3399 :
1425 3345 1543 3398 Non
1599 3354 1670 3399 est
1718 3342 1870 3397 Deus.
1908 3412 1919 3419 β

299 3443 431 3499 Tale
450 3456 616 3511 genus
656 3449 741 3497 est
787 3440 1079 3505 hominum,
1122 3438 1257 3493 inter
1284 3452 1417 3509 quos
1444 3438 1588 3491 dolet
1614 3448 1665 3491 et
1710 3432 1875 3506 gemit

298 3548 495 3601 corpus
521 3527 736 3586 Christi.
769 3530 822 3584 Si
850 3531 955 3585 tale
977 3531 1076 3584 hoc
1101 3529 1371 3584 hominum
1400 3542 1569 3599 genus
1607 3534 1709 3594 est,
1766 3543 1872 3581 non

299 3626 497 3681 multos
521 3623 840 3694 parturimus
865 3640 878 3677 :
904 3631 1154 3692 quantum
1189 3621 1394 3674 videtur
1419 3634 1704 3675 occurrere
1730 3622 1874 3690 cogi-

301 3718 589 3773 tationibus
637 3718 851 3781 nostris,
902 3714 1152 3786 perpauci
1195 3721 1352 3778 sunt;
1384 3720 1438 3767 et
1465 3712 1679 3791 difficile
1705 3720 1787 3766 est
1815 3720 1874 3766 ut

298 3812 631 3866 incurramus
656 3811 707 3863 in
736 3807 1004 3862 hominem
1034 3806 1121 3875 qui
1161 3805 1300 3860 dicat
1324 3805 1376 3859 in
1414 3806 1564 3859 corde
1611 3820 1725 3867 suo,
1750 3804 1872 3858 Non

295 3913 376 3959 est
406 3900 541 3957 Deus
560 3901 725 3973 (Psal.
756 3917 870 3963 xm,
898 3900 982 3970 l):
1010 3907 1183 3952 tamen
1209 3899 1286 3952 sic
1305 3899 1452 3966 pauci
1483 3906 1624 3962 sunt,
1653 3907 1712 3950 ut
1737 3897 1872 3951 inter

298 3996 498 4050 multos
515 3990 748 4048 timendo
779 3993 879 4045 hoc
910 3990 1106 4052 dicere,
1139 3989 1189 4042 iu
1217 3988 1376 4043 corde
1401 4002 1498 4041 suo
1519 3988 1716 4051 dicant,
1748 3988 1870 4058 quia

296 4103 397 4142 ore
424 4087 601 4142 dicere
624 4101 726 4139 non
774 4082 987 4138 audent.
1020 4080 1133 4135 Non
1174 4094 1300 4150 ergo
1340 4076 1562 4133 multum
1605 4090 1688 4135 est
1730 4079 1871 4150 quod

292 4176 547 4250 iubemur
599 4178 856 4241 tolerare;
905 4176 993 4229 vix
1027 4174 1290 4228 invenitur
1331 4191 1344 4227 :
1377 4188 1554 4227 rarum
1594 4173 1869 4228 hominum

294 4286 468 4340 genus
504 4278 585 4323 est
618 4268 704 4336 qui
736 4267 912 4321 dicant
938 4265 992 4318 in
1026 4265 1176 4317 corde
1211 4278 1322 4328 suo,
1360 4262 1479 4317 Non
1502 4276 1573 4317 est
1600 4262 1762 4317 Deus.
1787 4264 1868 4319 An

295 4376 429 4417 vero
448 4360 553 4414 alio
576 4358 840 4413 intellectu
871 4355 1448 4410 discuSsumiuvenitur
1475 4369 1594 4408 esse
1625 4354 1675 4406 in
1697 4352 1864 4423 pluri-

295 4452 421 4517 bus,
455 4449 593 4520 quod
625 4450 674 4503 in
718 4445 897 4517 paucis
924 4454 977 4500 et
1011 4445 1146 4498 raris
1182 4452 1236 4499 et
1277 4458 1411 4512 pene
1455 4443 1506 4496 in
1546 4443 1709 4498 nullis
1747 4457 1868 4498 esse

295 4539 657 4614 putabamus?
712 4537 974 4592 Prodeant
1015 4536 1067 4590 in
1095 4536 1325 4590 medium
1352 4550 1440 4603 qut
1482 4535 1622 4588 male
1663 4536 1864 4603 vivunt,

295 4635 641 4705 inspiciamus
689 4629 821 4684 facta
848 4628 1252 4697 ‘llagitiosorum,
1282 4623 1699 4679 facinorosorum
1748 4640 1867 4681 sce-

294 4727 693 4792 leratorumque
721 4719 1011 4782 hominum,
1041 4729 1264 4786 quorum
1318 4728 1506 4783 magna
1550 4714 1701 4768 turba
1744 4725 1864 4781 est;

293 4816 391 4888 qui
412 4815 595 4869 fovent
614 4810 851 4881 quotidie
872 4814 1085 4878 peccata
1115 4821 1229 4868 sua,
1259 4805 1347 4874 qui
1378 4803 1530 4858 factis
1549 4804 1600 4857 in
1639 4820 1868 4862 consue-

295 4907 537 4963 tudinem
585 4903 752 4958 versis
803 4901 963 4956 etiam
1027 4895 1399 4953 verecundiam
1464 4896 1807 4965 perdiderunt
1849 4916 1862 4953 :

294 4984 416 5057 haec
463 5006 603 5052 tanta
656 4984 927 5049 hominum
978 4990 1258 5047 multitudo
1314 4999 1432 5053 est,
1482 4998 1540 5043 ut
1593 4990 1729 5045 inter
1772 5006 1866 5047 eos

293 5094 528 5166 [nisitum
576 5097 787 5163 cerpus‘
816 5084 1045 5151 Christi,
1098 5084 1186 5138 vix
1236 5083 1427 5138 audeat
1477 5084 1866 5153 reprehendere

258 5183 441 5256 _quud
495 5196 598 5235 non
625 5179 860 5248 ‘cOgitur
905 5175 1218 5239 admittere,
1264 5182 1319 5228 et
1378 5188 1474 5244 pro
1522 5188 1714 5245 magno
1764 5175 1865 5230 sibi

297 5286 449 5348 putet
493 5274 693 5329 servari
759 5270 1108 5339 integritatem
1183 5268 1530 5334 innocentiae,
1588 5283 1656 5322 ne
1712 5266 1869 5324 faciat

295 5369 441 5442 quod
464 5367 679 5437 culpare
694 5366 800 5433 jam
825 5378 918 5433 per
937 5360 1394 5426 consuetudinem,
1418 5370 1508 5413 aut
1529 5375 1632 5413 non
1654 5358 1864 5427 audeat,

296 5469 390 5514 aut
431 5458 475 5513 si
506 5470 666 5512 ausus
713 5453 888 5516 fuerit,
933 5450 1136 5506 facilius
1162 5460 1401 5520 erumpat
1438 5449 1780 5519 reprehensio
1812 5460 1867 5506 et

220 5602 224 5606 Α
298 5549 610 5607 reclamatio
643 5563 827 5602 eorum
868 5544 956 5613 qui
983 5544 1118 5598 male
1140 5543 1340 5608 vivunt,
1368 5559 1526 5613 quam
1555 5556 1657 5598 vox
1698 5543 1865 5617 libera

297 5657 483 5698 eorum
505 5641 594 5711 qui
618 5640 755 5695 bene
776 5638 976 5690 vivunt.
998 5633 1066 5688 Et
1086 5634 1170 5689 isti
1198 5634 1328 5689 tales
1354 5643 1497 5698 sunt,
1528 5642 1586 5688 ut
1610 5632 1789 5689 dicant
1810 5634 1866 5689 in

300 5733 453 5789 corde
478 5746 608 5788 suo:
637 5729 758 5786 Non
779 5737 850 5783 est
880 5725 1036 5780 Deus.
1067 5723 1221 5781 Tales
1246 5725 1522 5781 convinco.
1558 5723 1867 5783 Unde'cou-
1903 5794 1921 5801 _

1383 288 1777 353 ENARRATIO
1814 286 1877 343 Di
1918 286 2238 348 PSALMUM
2277 296 2384 353 ιη.

3475 317 3581 373 6M

2011 404 2168 462 *ἰηεο
2192 409 2216 461 ?
2242 409 2398 466 Facta
2426 426 2520 469 sua
2553 416 2660 472 Deo
2687 419 2896 487 placere
2920 424 3261 481 arbitrantur.
3308 429 3422 484 Non
3453 449 3584 506 ergo

2006 502 2098 562 ait,
2125 500 2303 571 Aliqui
2320 503 2502 558 dicunt
2525 524 2538 572 ;
2566 510 2680 583 sed,
2714 511 2852 565 Dixit
2872 515 3162 584 imprudens
3186 521 3237 572 in
3267 529 3414 576 corde
3441 500 3537 580 sud
3551 541 3573 581 .'

2006 589 2127 645 Non
2149 594 2400 650 estDeus.
2427 599 2524 665 Qui
2552 617 2719 671 usque
2739 606 2872 658 adeo
2901 608 3123 662 erodunt
3147 626 3265 666 esse
3299 615 3485 681 Deum,
3520 629 3577 673 ttt

2004 683 2176 738 eidem
2208 686 2314 740 Deo
2342 690 2666 745 arbitrentur
2692 697 2898 762 placere
2935 701 3074 768 quod
3099 703 3309 757 faciunt.
3340 709 3496 777 Atqui
3525 712 3571 765 si

2004 775 2263 845 intelligas
2295 781 2526 848 prudens
2561 786 2680 852 quia
2709 788 2999 855 imprudens
3032 793 3159 847 dixit
3188 795 3239 848 in
3279 775 3438 851 corde
3455 818 3567 868 suo,

2003 867 2122 922 Non
2144 882 2216 924 est
2234 872 2389 935 Dens,
2406 876 2447 929 si
2470 877 2732 942 advertas,
2756 884 2799 934 si
2820 882 3097 955 intelligas,
3115 889 3159 940 si
3177 889 3427 947 discutias
3448 910 3460 944 :
3481 867 3568 961 qui

2000 972 2147 1029 putat
2171 964 2277 1020 Deo
2299 966 2503 1035 placere
2520 969 2652 1025 facta
2673 973 2828 1039 mala,
2859 990 2960 1028 non
2983 993 3100 1032 cum
3122 990 3266 1047 putat
3297 982 3480 1038 Deum.
3514 986 3568 1039 Si

1997 1055 2137 1108 enim
2159 1057 2292 1111 Deus
2312 1067 2409 1121 est,
2430 1061 2601 1128 justus
2623 1073 2723 1127 est;
2743 1065 2784 1117 si
2798 1065 2970 1133 justus
2988 1077 3068 1125 est
3087 1068 3349 1138 displicet,
3364 1074 3411 1127 ei
3429 1075 3476 1127 in
3478 1076 3570 1142 ju-

1997 1146 2157 1209 stitia,
2183 1146 2424 1215 displicet
2449 1151 2716 1221 iniquitas.
2744 1154 2820 1209 Tu
2849 1166 3024 1210 autem
3055 1175 3172 1212 cum
3201 1172 3352 1229 putas
3382 1165 3428 1218 ei
3458 1165 3573 1232 pla-

1997 1250 2118 1290 cere
2149 1238 2498 1308 iniquitatem,
2529 1259 2688 1312 negas
2718 1245 2906 1300 Deum.
2951 1249 3007 1302 Si
3028 1250 3170 1304 enim
3204 1253 3341 1306 Deus
3365 1264 3454 1309 est
3482 1257 3567 1312 cui

1995 1324 2237 1395 displicet
2270 1331 2536 1402 iniquitas,
2578 1335 2669 1390 tibi
2694 1347 2868 1391 autem
2916 1356 3019 1395 non
3065 1344 3275 1399 videtur
3300 1347 3436 1401 Deus
3483 1351 3569 1404 cui

1995 1415 2237 1487 displicet
2258 1422 2524 1492 iniquitas,
2556 1442 2658 1480 non
2682 1439 2763 1482 est
2789 1440 2962 1484 autem
2995 1432 3133 1487 Deus
3161 1434 3362 1490 nisi‘cui
3385 1439 3570 1507 displi-

1994 1518 2080 1563 cet
2105 1510 2368 1581 iniquitas,
2394 1532 2512 1569 cum
2544 1517 2675 1572 dicis
2696 1519 2746 1573 in
2771 1522 2934 1575 corde
2962 1532 3070 1586 tuo,
3105 1525 3268 1579 Favet
3299 1528 3437 1581 Deus
3469 1532 3565 1584 ini-

1992 1600 2278 1668 quitatibus
2299 1607 2449 1672 meis,
2480 1606 2609 1670 nihil
2638 1610 2779 1664 aliud
2807 1612 2934 1666 dicis
2964 1632 3141 1683 quam,
3170 1616 3287 1669 Non
3314 1630 3382 1671 est
3406 1619 3563 1676 Deus.

2063 1693 2115 1748 5.
2150 1692 2295 1766 [vera
2319 1697 2396 1770 2.]
2424 1698 2735 1756 Referamus
2766 1720 2861 1758 nos
2887 1715 2939 1761 et
2965 1706 3030 1761 ad
3062 1709 3207 1763 illum
3239 1712 3561 1767 intellectum

1991 1783 2078 1850 qui
2107 1794 2162 1837 et
2186 1784 2253 1839 de
2278 1787 2392 1855 ipso
2418 1788 2628 1845 Christo
2659 1793 2883 1850 Domino
2912 1808 3128 1866 nostro,
3153 1801 3219 1856 de
3249 1803 3361 1871 ipso
3392 1806 3566 1873 capite

1990 1883 2173 1927 nostro
2216 1880 2464 1933 occurrit;
2509 1881 2524 1934 Ι
2533 1897 2624 1951 pse
2648 1886 2788 1939 enim
2815 1903 2933 1942 cum
2966 1890 3016 1942 iu
3046 1890 3211 1945 forma
3238 1896 3376 1948 servi
3405 1912 3565 1964 appa-

1989 1974 2131 2018 reret
2161 1967 2209 2019 in
2242 1976 2410 2034 terra,
2441 1971 2685 2027 dixerunt
2725 1978 2961 2046 quicum
2992 1984 3363 2039 crucifixerunt
3392 2004 3404 2038 :
3437 1984 3560 2041 Non

1989 2070 2059 2111 est
2083 2056 2239 2113 Deus.
2271 2061 2400 2130 Quia
2434 2062 2604 2120 Filius
2633 2066 2722 2121 Dei
2753 2064 2887 2136 erat,
2916 2072 3095 2141 utique
3123 2074 3263 2129 Deus
3294 2085 3424 2130 erat.
3452 2079 3557 2133 Sed

1988 2147 2059 2204 illi
2089 2151 2178 2220 qui
2205 2156 2438 2224 corrupti
2460 2168 2582 2210 sunt
2608 2167 2661 2213 et
2686 2160 3065 2218 abominabiles
3096 2166 3216 2220 facti
3247 2178 3403 2233 sunt,
3433 2171 3560 2239 quid

1986 2240 2267 2297 dixerunt?
2288 2244 2407 2300 Non
2424 2258 2496 2302 est
2514 2248 2654 2304 Deus
2673 2267 2692 2304 :
2706 2253 3008 2309 occidamus
3026 2272 3169 2321 eum,
3186 2276 3284 2313 non
3303 2273 3376 2315 est
3398 2260 3559 2317 Deus.

1988 2332 2160 2388 llabes
2189 2351 2375 2390 vocem
2410 2339 2643 2407 ipsorum
2674 2342 2725 2396 in
2757 2343 2893 2399 libro
2916 2345 3200 2415 Sapientia:
3226 2368 3238 2404 :
3263 2352 3353 2405 sed
3384 2354 3556 2420 primo

1985 2424 2103 2479 illos
2131 2426 2585 2505 videcurruptos,
2623 2442 2677 2487 ut
2723 2437 2924 2504 possint
2957 2438 3137 2495 dicere
3163 2442 3216 2493 in
3248 2444 3397 2495 corde
3422 2463 3514 2498 suo
3538 2487 3555 2511 ,

1986 2514 2107 2570 Non
2129 2528 2201 2571 est
2224 2518 2379 2574 Deus.
2415 2522 2697 2577 Prtcmisso
2722 2527 2866 2581 enim
2894 2543 3069 2594 versu,
3093 2530 3235 2585 Dixit
3265 2535 3558 2599 imprudens

1982 2606 2035 2659 in
2060 2609 2210 2661 corde
2233 2627 2353 2672 suo,
2393 2610 2515 2665 Non
2541 2624 2613 2667 est
2644 2614 2810 2679 Deus,
2846 2627 3091 2688 tauquam
3130 2638 3304 2677 causa:
3343 2642 3554 2695 quaere-

1982 2710 2167 2754 rentur
2209 2701 2345 2755 uude
2382 2702 2690 2775 bocpossit
2713 2707 2891 2763 dicere
2920 2711 3227 2779 imprudens
3247 2757 3261 2777 ,
3290 2716 3513 2782 subjecit
3537 2737 3550 2771 :

1983 2787 2219 2860 ϐου-ηιριὶ
2240 2803 2375 2857 sunt,
2399 2804 2444 2848 et
2467 2795 2826 2851 abominabiles
2851 2800 2974 2864 facti
2994 2812 3107 2854 sunt
3133 2803 3183 2856 in
3213 2806 3555 2874 inibuitatibns

1980 2885 2106 2938 suis.
2131 2886 2267 2939 Audi
2295 2887 2410 2941 illos
2431 2897 2736 2958 corruptos.
2763 2892 3017 2948 Dixerunt
3037 2896 3179 2951 enim
3201 2900 3337 2966 apud
3363 2917 3422 2954 se
3447 2918 3550 2955 non

1974 2974 2126 3033 'recte
2172 2980 2467 3048 cogitantes
2498 2999 2511 3033 :
2539 2986 2695 3052 cmpit
2726 2988 2997 3056 corruptio
3025 3003 3055 3041 a
3088 2991 3222 3043 mala
3253 2991 3352 3046 fide
3372 3035 3385 3054 ,
3430 2996 3551 3050 inde

1980 3069 2085 3123 itur
2113 3071 2162 3124 in
2192 3080 2371 3141 turpes
2403 3085 2612 3138 mores,
2647 3077 2769 3132 inde
2800 3080 2851 3132 in
2882 3082 3167 3135 acerrimas
3206 3084 3507 3153 iniquitates
3528 3130 3544 3150 ,

1978 3160 2171 3230 gratius
2213 3163 2296 3216 isti
2342 3175 2485 3218 sunt.
2531 3162 2667 3234 Quid
2697 3169 2837 3223 enim
2869 3171 3006 3240 apud
3038 3188 3095 3226 se
3123 3173 3373 3229 dixerunt
3397 3181 3545 3247 engi-

1974 3259 2151 3306 tantes
2172 3267 2274 3306 non
2298 3256 2476 3310 recte?
2498 3254 2752 3328 Exiguum
2773 3269 2819 3313 et
2842 3277 2952 3314 cum
2974 3263 3122 3315 ardia
3138 3252 3210 3317 est
3235 3266 3335 3318 uita
3354 3277 3545 3321 nostra.

1978 3342 2060 3396 Ab
2105 3344 2200 3397 hac
2244 3346 2379 3398 mala
2426 3345 2530 3401 ﬁde
2571 3350 2811 3418 sequitur
2838 3350 2963 3405 illud
2994 3352 3135 3421 quod
3176 3363 3229 3408 et
3257 3357 3544 3424 Apostolus

1976 3432 2108 3488 dixit
2139 3453 2151 3488 :
2183 3434 2550 3493 Manducemus
2591 3449 2639 3493 et
2683 3442 2936 3508 bibamus,
2969 3462 3082 3498 cras
3121 3447 3252 3498 enim
3280 3430 3551 3502 moriemur

1977 3527 2031 3595 (l
2060 3525 2176 3581 Cor.
2204 3544 2295 3593 xv,
2326 3527 2439 3601 δᾶ).
2472 3531 2546 3585 ibi
2576 3539 2752 3585 autem
2784 3533 2941 3587 latius
2968 3535 3170 3587 luxuria
3206 3537 3316 3604 ipsa
3342 3538 3551 3592 descri-.

1975 3617 2117 3673 bitur
2151 3636 2164 3668 :
2193 3619 2498 3675 Coronemus
2545 3638 2635 3676 nos
2682 3624 2811 3676 rosis
2834 3664 2848 3686 ,
2890 3634 3152 3693 antequam
3199 3638 3546 3693 marcescant;

1975 3711 2156 3774 ubique
2196 3711 2533 3780 relinquamus
2559 3713 2703 3782 signa
2745 3714 2932 3768 lwtitite
2985 3725 3188 3768 nostraz.
3236 3716 3361 3771 Post
3403 3718 3546 3772 illam

1976 3799 2292 3869 descriptam
2334 3802 2489 3855 latius
2531 3802 2826 3869 luxuriam,
2854 3804 2979 3873 quid
3019 3806 3297 3875 sequitur?
3321 3805 3547 3860 Occidu-

1973 3905 2088 3943 mus
2124 3907 2395 3959 pauperem
2427 3892 2625 3962 justum
2658 3891 2679 3962 (
2696 3892 2823 3959 Sap.
2852 3909 2919 3955 tt,
2956 3894 3085 3948 1-20
3102 3898 3118 3958 l
3151 3894 3289 3949 :ltoe
3310 3906 3549 3967 estergo

1975 3978 2156 4037 dicere
2176 4020 2190 4042 ,
2221 3978 2342 4034 Non
2380 3991 2451 4035 est
2477 3980 2636 4035 Deus.
2686 3982 2846 4037 Lenia
2877 3983 3189 4041 videbantur
3213 3986 3320 4055 jam
3347 3987 3543 4041 dudum

1974 4071 2116 4142 loqui
2136 4089 2151 4126 :
2174 4071 2477 4126 Coronemus
2496 4089 2586 4127 nos
2604 4074 2752 4136 rosis,
2770 4085 3036 4145 antequam
3061 4088 3387 4133 marcescant.
3405 4079 3546 4146 Quid

1974 4161 2272 4227 delicatius,
2304 4163 2429 4233 quid
2458 4162 2662 4217 lenius?
2687 4163 2941 4233 Sperares
2957 4165 3027 4220 de
3055 4165 3151 4220 hac
3181 4167 3396 4225 leuitate
3419 4184 3549 4222 cru-

1972 4268 2083 4318 ces,
2105 4254 2341 4324 gladios?
2365 4253 2482 4308 Noli
2504 4255 2707 4319 mirari,
2734 4256 2882 4310 lenes
2911 4267 3034 4311 sunt
3053 4266 3107 4312 et
3135 4259 3338 4313 radices
3367 4260 3547 4329 spina-

1974 4360 2121 4408 rum;
2150 4344 2193 4397 si
2224 4345 2340 4413 quis
2368 4358 2460 4399 eas
2487 4354 2815 4410 contrectet,
2845 4363 2948 4400 non
2979 4350 3228 4418 pangitur
3261 4367 3275 4402 :
3306 4349 3397 4403 sed
3437 4365 3545 4418 quo

1970 4435 2222 4505 pungeris
2252 4435 2372 4489 inde
2398 4436 2648 4490 nascitur.
2679 4435 2916 4507 Correpti
2944 4455 3069 4507 ergo
3100 4441 3182 4494 isti
3209 4449 3256 4493 et
3281 4440 3543 4495 oboluisti-

1949 4580 1952 4584 λ
1975 4527 2094 4581 biles
2117 4526 2239 4596 facti
2262 4536 2378 4580 sunt
2398 4531 2451 4581 in
2475 4528 2819 4596 iniquitatibus
2846 4531 2970 4583 suis.
3006 4529 3146 4583 Dixit
3174 4531 3465 4600 imprudens
3488 4532 3544 4587 in

1972 4618 2122 4671 corde
2145 4634 2235 4671 suo
2256 4632 2275 4670 :
2306 4616 2428 4671 Non
2449 4628 2520 4672 est
2545 4618 2701 4673 Deus.
2742 4618 2803 4674 Si
2829 4617 2996 4672 Filius
3020 4618 3115 4672 Dei
3137 4628 3239 4681 est,
3260 4620 3536 4688 descendat

1972 4709 2035 4761 de.
2053 4724 2199 4762 cruce
2222 4706 2431 4779 (Matth.
2467 4725 2640 4775 xxvn,
2666 4709 2780 4781 £0).
2811 4710 2949 4765 Ecce
2972 4718 3153 4779 aperte
3176 4708 3392 4765 dicere:
3422 4712 3543 4768 Non

1973 4810 2045 4854 est
2070 4798 2225 4853 Deus.
2474 4822 2499 4843 ο

2044 4892 2097 4948 4.
2149 4892 2253 4948 Sed
2295 4894 2562 4963 quomodo
2589 4893 2728 4948 inter
2756 4893 2876 4948 illos
2901 4894 3063 4963 gemit
3087 4908 3279 4965 corpus
3307 4894 3546 4954 Christi?

1972 4983 2302 5040 Gemueruut
2338 4988 2475 5039 inter
2510 4985 2631 5040 illos
2658 4985 2896 5054 Apostoli
2926 4987 3015 5055 qui
3044 4995 3169 5042 tunc
3198 4989 3407 5044 fuerunt
3430 5032 3445 5053 ,
3488 5003 3538 5045 et

1974 5078 2216 5147 discipuli
2241 5077 2437 5131 Christi
2466 5093 2479 5130 :
2507 5077 2573 5131 ad
2594 5092 2699 5132 nos
2726 5078 2809 5131 isti
2837 5078 2959 5146 quid
2988 5081 3285 5148 pertinent?
3311 5098 3538 5151 quomo—

1972 5170 2042 5224 do
2066 5172 2206 5223 inter
2231 5169 2326 5222 hos
2352 5183 2449 5221 nos
2481 5168 2833 5235 parturimus?
2860 5169 3045 5224 Adhuc
3065 5183 3186 5225 sunt
3212 5175 3298 5244 qui
3326 5174 3537 5229 dicunt:

1973 5259 2214 5315 Christus
2238 5275 2346 5311 non
2374 5266 2455 5311 est
2484 5258 2639 5312 Deus.
2672 5259 2782 5314 Hoc
2801 5258 2982 5315 dicunt
3008 5262 3200 5332 Pagani
3226 5265 3314 5333 qui
3337 5280 3541 5319 reman-

1973 5363 2184 5415 serunt;
2216 5352 2317 5404 hoc
2344 5351 2515 5419 ipsum
2544 5350 2724 5405 dicunt
2751 5346 2849 5420 ipsi
2877 5352 3065 5417 Judaei,
3097 5355 3184 5424 qui
3211 5354 3275 5407 ad
3302 5354 3539 5406 testimo-

1973 5447 2117 5500 nium
2156 5443 2482 5499 confusionis
2506 5460 2615 5498 suae
2639 5443 2832 5514 ubique
2856 5444 3030 5499 diffusi
3050 5456 3204 5510 sunt;
3236 5445 3334 5498 hoc
3355 5446 3538 5500 dicunt

1972 5548 2026 5595 et
2054 5528 2287 5592 hzeretiéi
2325 5536 2494 5591 multi.
2540 5534 2777 5606 Namque
2816 5546 2870 5591 et
2896 5538 3076 5603 Ariani
3106 5537 3377 5599 dixerunt,
3418 5534 3542 5589 Non

1973 5639 2045 5685 est
2065 5627 2203 5683 Deus
2225 5643 2242 5682 :
2264 5626 2575 5683 Eunomiani
2597 5625 2862 5691 dixerunt,
2893 5626 3013 5680 Non
3038 5636 3110 5681 est
3136 5626 3290 5681 Deus.
3311 5626 3423 5681 Huc
3449 5644 3538 5684 ac‘

1973 5720 2132 5789 cedit,
2167 5720 2386 5786 fratres,
2419 5719 2538 5790 quia
2566 5726 2622 5774 et
2646 5719 2718 5773 illi
2743 5717 2811 5774 de
2837 5717 3028 5789 quibus
3056 5717 3211 5786 paulo
3236 5727 3357 5770 ante
3384 5717 3496 5775 dixi
3513 5759 3535 5790 ,

3588 5427 3633 5455 ς
