4004 6200
527 250 633 306 M5

527 366 616 436 qui
663 364 800 420 male
834 363 1050 426 vivunt,
1078 357 1207 414 nihil
1251 354 1393 410 aliud
1438 353 1620 409 dicunt
1647 365 1804 422 quam
1826 391 1841 416 ,
1875 346 1995 401 Non
2024 352 2096 398 est

535 457 691 512 Deus.
727 456 858 510 Cum
887 453 1027 508 enim
1059 449 1285 504 dieimus
1310 448 1388 502 eis
1416 445 1684 501 Christum
1713 450 1989 497 venturum
2012 438 2101 506 ju-

530 549 700 604 dit-em
725 547 789 601 ad
813 544 1068 615 judicium
1091 583 1105 605 ,
1134 539 1487 611 quoddicunt
1525 535 1813 605 Scriptura:
1842 546 1959 602 qua:
1989 543 2094 584 nou

533 643 718 694 fallunt
756 656 770 691 :
809 637 886 689 illi
918 645 1094 690 autem
1126 633 1292 701 magis
1323 644 1501 684 aurem
1531 627 1824 697 prmbentes
1863 622 2097 691 serpenti

530 730 831 802 suggerenti
854 771 868 791 ,
900 726 1017 780 Non
1060 734 1218 778 morte
1260 722 1483 776 morieris
1513 718 1664 789 (Gen.
1700 733 1756 772 ιιι
1777 758 1793 780 ,
1822 717 1856 770 4
1876 715 1894 786 )
1915 757 1928 777 ,
1957 712 2096 783 quod

529 825 732 876 dixerat
754 819 804 873 in
835 816 1078 886 paradiso
1104 822 1286 868 contra
1309 811 1582 864 veritatem
1617 807 1706 861 Dei
1729 804 2096 861 constituentis

529 926 582 970 et
624 913 878 974 dicentis,
912 909 1075 963 Morte
1117 906 1342 960 morieris
1371 903 1481 974 (Id.
1508 917 1544 956 ιι
1571 943 1585 965 ,
1629 899 1757 970 l7);
1791 899 1860 953 ita
1900 897 2098 951 faciunt

530 1007 686 1069 mala,
711 1015 770 1058 ut
793 1003 972 1058 dicant
999 1002 1095 1056 sibi
1127 1019 1139 1054 ε
1167 998 1356 1054 Veniet
1375 996 1638 1059 Christus,
1669 1001 1723 1047 et
1749 991 1893 1045 dabit
1923 989 2099 1044 indul-

528 1099 756 1165 gentiam
787 1095 1054 1148 omnihns.
1106 1092 1177 1145 lta
1209 1104 1337 1160 ergo
1366 1087 1590 1142 mendax
1622 1096 1704 1138 est
1733 1084 1820 1138 ille
1844 1083 1930 1151 qni
1962 1081 2096 1135 dixit

529 1190 648 1257 quia
679 1186 946 1256 separabit
971 1185 1180 1253 iniquos
1204 1183 1270 1235 ad
1299 1181 1568 1234 sinistram
1588 1218 1603 1241 ,
1631 1175 1899 1245 separabit
1924 1177 2096 1242 justus

530 1281 593 1334 ad
618 1280 928 1339 dexteram;
953 1277 1108 1345 justis
1135 1275 1295 1339 dicet,
1313 1269 1756 1331 Venite,benedicti
1776 1265 1950 1319 Patris
1978 1265 2092 1328 mei,

531 1372 767 1442 percipite
808 1385 1018 1439 regnum
1061 1366 1192 1432 quod
1237 1373 1467 1434 paratum
1513 1371 1583 1413 est
1611 1357 1746 1431 vobis
1802 1358 1864 1410 ab
1907 1357 2098 1426 origine

531 1461 738 1526 mundi;
766 1459 957 1527 iniquis
989 1456 1163 1518 dicet,
1195 1453 1272 1506 Ite
1295 1454 1346 1506 in
1372 1453 1538 1522 ignem
1563 1456 1800 1502 a’ternum
1828 1442 1914 1516 qui
1941 1461 2096 1516 para-

532 1565 610 1606 tus
637 1561 707 1605 est
737 1548 937 1602 diabolo
961 1557 1007 1601 et
1044 1546 1236 1615 angelis
1266 1545 1372 1609 eius
1412 1540 1636 1614 (Matth.
1674 1553 1809 1601 xxv,
1846 1538 1914 1592 54
1935 1577 1950 1599 ,
1979 1535 2094 1606 41).

531 1641 806 1708 Quomodo
827 1655 952 1709 ergo
977 1638 1218 1692 omnibus
1247 1635 1393 1690 dabit
1423 1631 1841 1702 indulgentiam?
1868 1628 2100 1695 Quomo-

531 1737 600 1790 do
643 1736 906 1790 neminem
954 1728 1260 1786 damnabit?
1302 1728 1438 1796 Ergo
1468 1726 1741 1779 mentitur.
1772 1723 1882 1776 lloc
1906 1720 2098 1775 estdi-

532 1844 653 1881 cere
681 1845 693 1880 :
725 1825 844 1880 Non
869 1835 941 1879 est
969 1823 1126 1876 Deus.
1151 1819 1281 1875 Vide
1309 1833 1436 1890 ergo
1467 1833 1533 1872 ne
1559 1815 1693 1870 forte
1721 1825 1773 1868 tu
1801 1812 2094 1868 mentiaris.

532 1918 610 1972 Tu
631 1918 768 1972 enim
794 1917 953 1970 homo
973 1929 1052 1980 es,
1077 1914 1165 1967 ille
1184 1912 1324 1968 Deus
1349 1929 1361 1963 :
1388 1911 1529 1963 Deus
1555 1907 1694 1962 enim
1715 1919 1895 1964 verax.
1925 1903 2098 1956 omnis

531 2017 705 2062 autem
756 2007 916 2061 homo
962 2003 1188 2059 mendax
1241 2000 1410 2072 (Psal.
1443 2013 1568 2064 ειν,
1608 1997 1721 2067 ll).
1748 1995 1850 2049 Sed
1878 1994 2004 2064 quid
2031 1994 2099 2048 de

534 2101 680 2166 istis,
723 2115 754 2152 ο
801 2113 994 2167 corpus
1035 2094 1263 2151 Christi?
1305 2093 1501 2162 Separa
1533 2097 1587 2144 te
1615 2089 1826 2144 interim
1857 2086 2018 2142 corde
2046 2092 2101 2140 et

535 2190 660 2255 vita,
691 2204 787 2242 nec
811 2187 1052 2252 imiteris,
1081 2201 1179 2240 nec
1202 2197 1500 2245 assuescas,
1523 2195 1623 2235 nec
1642 2192 1864 2244 annuas,
1888 2193 1988 2232 nec
2007 2193 2102 2246 ap-

535 2282 726 2348 probas
750 2299 762 2334 :
791 2280 956 2348 magis
975 2286 1149 2333 autem
1175 2285 1229 2331 et
1252 2275 1528 2350 redargue.
1552 2272 1686 2340 Quid
1709 2271 1849 2325 enim
1871 2269 2101 2323 attendis

533 2371 601 2425 ad
629 2371 758 2425 istos
784 2370 874 2440 qui
906 2369 1017 2424 haec
1045 2367 1255 2422 dicunt?
1285 2365 1520 2434 Corrupti
1549 2372 1684 2425 sunt,
1721 2371 1766 2416 et
1792 2360 2102 2414 abominabi-

533 2461 605 2516 les
642 2463 765 2532 facti
806 2469 920 2515 sunt
960 2460 1015 2513 in
1040 2459 1381 2529 iniquitatibus
1410 2459 1515 2510 suis
1544 2471 1562 2508 :
1588 2470 1690 2508 non
1719 2461 1792 2506 est
1818 2451 1904 2522 qui
1942 2450 2100 2520 faciat

533 2556 736 2608 bonum.

603 2646 658 2702 5.
707 2643 857 2717 [vers.
885 2643 967 2716 5.]
990 2643 1238 2697 Dominus
1266 2642 1329 2695 de
1350 2639 1474 2695 etelo
1511 2639 1767 2709 prospexit
1790 2653 1941 2708 super
1968 2635 2102 2705 filios

535 2737 824 2797 hominum,
866 2745 918 2788 ut
963 2734 1148 2788 videret
1190 2735 1235 2787 si
1277 2743 1346 2786 est
1389 2724 1669 2802 intelligens
1713 2739 1801 2783 aut
1847 2728 2102 2793 requirens

535 2831 718 2881 Deum.
748 2826 882 2893 Quid
922 2835 1001 2879 est
1041 2825 1142 2878 hoc
1164 2865 1177 2890 ,
1206 2823 1440 2893 Corrupti
1481 2831 1630 2886 sunt,
1659 2831 1704 2875 et
1747 2817 2103 2874 abominabiles

537 2921 655 2974 tacti
694 2927 808 2972 sunt
849 2918 934 2972 isti
976 2932 1162 2974 omnes
1201 2917 1289 2985 qui
1327 2915 1547 2968 dicunt:
1579 2913 1698 2966 Non
1720 2922 1788 2965 est
1813 2911 1997 2965 Deus?
2041 2911 2104 2963 Et

532 3010 692 3078 quid?
718 3009 818 3063 hoc
843 3008 1040 3062 latebat
1069 3008 1255 3072 Deum,
1290 3008 1422 3060 tales
1451 3021 1572 3060 esse
1599 3005 1806 3058 factos?
1846 3012 1937 3056 aut
1975 3016 2102 3055 vero

535 3100 685 3154 nobis
713 3114 895 3153 eorum
927 3098 1148 3151 interior
1177 3095 1426 3165 cogitatio
1453 3096 1768 3163 aperiretur,
1788 3094 1886 3147 nisi
1914 3093 1980 3145 ab
2011 3092 2101 3144 illo

533 3190 834 3244 diceretur?
859 3189 912 3244 Si
938 3204 1064 3255 ergo
1091 3196 1344 3251 noverat,
1375 3187 1648 3241 si'sciebat
1668 3227 1682 3250 ,
1715 3185 1839 3254 quid
1877 3195 1960 3238 est
2000 3184 2102 3239 hoc

532 3279 672 3350 quod
697 3281 894 3334 dictum
921 3287 1034 3344 est,
1059 3278 1198 3348 quod
1237 3277 1299 3331 de
1335 3277 1457 3331 caelo
1499 3277 1753 3348 prospexit
1780 3292 1929 3347 super
1969 3275 2103 3345 filios

535 3372 816 3434 hominum,
858 3379 913 3424 ut
953 3370 1140 3424 videret
1183 3370 1228 3424 si
1274 3379 1346 3424 est
1387 3369 1672 3440 intelligens
1717 3379 1804 3422 aut
1846 3371 2101 3438 requirens

535 3461 741 3516 Deum?
768 3463 1065 3530 Quaerentis
1109 3463 1250 3517 enim
1293 3463 1451 3517 verba
1499 3472 1654 3527 sunt,
1699 3477 1802 3516 non
1849 3463 2098 3517 scientis:

539 3555 672 3608 Deus
701 3555 762 3608 de
779 3555 902 3608 caelo
933 3556 1188 3623 prospexit
1214 3571 1363 3624 super
1384 3553 1518 3622 filios
1541 3555 1818 3618 hominum,
1846 3564 1898 3607 ut
1919 3555 2101 3608 videret

530 3647 575 3698 si
612 3655 682 3700 est
718 3646 998 3715 intelligens
1024 3653 1111 3698 aut
1138 3646 1391 3714 requirens
1416 3645 1593 3698 Deum.
1634 3645 1699 3698 Et
1734 3653 1978 3714 tanquam
2017 3645 2100 3698 in-

533 3739 736 3795 veniret
762 3737 902 3810 quod
931 3737 1172 3808 quaesivit
1203 3737 1555 3807 inspiciendo,
1577 3746 1630 3793 et
1650 3737 1716 3792 de
1736 3738 1872 3792 cmlo
1898 3737 2104 3807 prospi-

529 3831 742 3893 ciendo,
769 3830 898 3885 dicit
919 3830 1238 3885 sententiam
1269 3847 1283 3882 :
1316 3828 1500 3883 Omnes
1525 3828 1926 3896 declinaverunt,
1950 3828 2102 3884 simul

531 3921 732 3973 inutiles
765 3920 884 3990 facti
915 3929 1033 3973 sunt
1061 3935 1081 3973 :
1105 3936 1208 3973 non
1232 3928 1304 3972 est
1339 3919 1424 3990 qui
1466 3919 1617 3988 faciat
1642 3918 1862 3982 bonum,
1892 3936 1992 3972 non
2032 3928 2102 3974 est

532 4028 688 4080 usque
712 4011 779 4064 ad
805 4027 980 4064 unum.
1012 4012 1138 4066 Dum
1166 4011 1487 4081 qumstioncs
1511 4010 1755 4064 oriuntur
1778 4011 2099 4079 aliquantum

531 4102 794 4156 difficiles.
825 4103 880 4157 Si
907 4104 1048 4156 enim
1077 4091 1292 4172 respicit
1317 4103 1382 4156 de
1405 4103 1543 4158 caelo
1571 4103 1710 4156 Deus
1728 4145 1743 4167 ,
1773 4111 1828 4155 ut
1855 4103 2028 4157 videat
2053 4103 2099 4157 si

533 4201 614 4247 cst
642 4191 938 4261 intelligens
964 4201 1054 4246 aut
1081 4194 1356 4264 requirens
1386 4195 1583 4260 Deum,
1615 4194 1876 4248 subintrat
1901 4198 2101 4265 cogita-

536 4287 608 4340 tio
633 4284 974 4354 imprudenti,
1004 4285 1123 4354 quia
1153 4302 1256 4339 non
1285 4287 1459 4340 omnia
1490 4289 1635 4340 novit
1667 4287 1819 4342 Deus.
1849 4287 1969 4342 llmc
1995 4304 2096 4342 una

531 4377 754 4446 quaastio
780 4383 863 4430 est
888 4394 900 4429 :
925 4390 1042 4445 qum
1069 4383 1151 4428 est
1176 4375 1373 4430 altera?
1401 4377 1452 4431 Si
1479 4394 1578 4430 non
1603 4389 1681 4432 est
1709 4379 1796 4446 qui
1828 4377 1984 4432 faciat
2007 4379 2101 4434 bo-

537 4483 662 4521 num
683 4508 696 4530 .
729 4483 830 4520 non
861 4475 943 4520 est
973 4481 1136 4534 usque
1164 4466 1230 4520 ad
1262 4482 1422 4520 unum
1447 4509 1459 4530 ,
1491 4469 1607 4537 quis
1632 4478 1713 4521 est
1744 4469 1830 4524 ille
1855 4470 1942 4538 qui
1975 4485 2100 4540 par-

537 4559 661 4612 turit
690 4558 828 4612 inter
853 4558 1054 4612 malos?
1089 4558 1179 4611 Illa
1200 4573 1330 4627 ergo
1356 4559 1446 4612 sic,
1461 4561 1680 4612 solvitur
1705 4562 1948 4630 quaestio,
1978 4562 2098 4631 quia

535 4649 844 4719 plerumque
873 4649 942 4702 ita
975 4649 1203 4718 loquitur
1233 4648 1537 4716 Scriptura,
1572 4659 1625 4701 nt
1651 4650 1786 4718 quod
1829 4650 1969 4704 dono
2007 4651 2096 4705 Dei

533 4747 773 4794 creatura
803 4739 943 4804 facit,
975 4740 1112 4794 Deus
1141 4738 1315 4794 facere
1343 4738 1582 4796 dicatum
1614 4751 1687 4804 ut,
1717 4741 1860 4793 verbi
1891 4742 2056 4811 gratia
2077 4782 2094 4808 ,

533 4843 653 4882 cum
693 4830 963 4886 misereris
1005 4833 1282 4900 pauperis,
1315 4833 1436 4902 quia
1467 4831 1605 4886 dono
1638 4831 1726 4886 Dei
1758 4830 1922 4896 facis,
1958 4833 2096 4888 Deus

534 4917 846 4974 misereatur
871 4938 884 4974 :
908 4936 1026 4975 cum
1048 4923 1322 4992 cognoscis
1346 4923 1432 4992 qui
1454 4923 1548 4985 sis,
1575 4922 1693 4991 quia
1723 4923 1812 4976 illo
1835 4923 2097 4980 allucente

534 5010 698 5074 facis,
726 5009 770 5063 si
817 5011 860 5064 is
906 5027 964 5066 es
1009 5014 1096 5082 qui
1151 5015 1326 5080 dicas,
1373 5014 1447 5068 Tu
1489 5016 1793 5069 illuminabis
1843 5017 2096 5071 lucernam

535 5119 728 5165 meam,
762 5102 970 5156 Domine
1003 5103 1133 5160 Deus
1161 5124 1294 5160 meus
1315 5149 1330 5171 ,
1361 5108 1664 5162 illuminubis
1705 5109 1930 5163 tenebras
1963 5127 2096 5164 meas

533 5193 704 5264 (l’sal.
737 5208 837 5245 xvu
857 5232 870 5252 ,
900 5191 1022 5261 29);
1051 5195 1189 5263 quod
1221 5211 1286 5250 eo
1311 5197 1542 5252 donante
1567 5207 1621 5253 et
1648 5199 1873 5255 faciente
1902 5216 2097 5269 cegno-

537 5288 696 5346 veris,
728 5285 814 5337 ille
839 5287 1125 5351 cognoscit.
1144 5285 1284 5350 Nam
1311 5287 1445 5340 unde
1471 5298 1570 5352 est,
1597 5288 1778 5343 Tentat
1806 5307 1888 5344 vos
1919 5291 2097 5343 Domi-

535 5393 627 5429 nus
659 5376 794 5430 Deus
820 5385 976 5429 vester
1003 5386 1056 5427 ut
1082 5377 1211 5427 sciat
1249 5377 1290 5428 si
1333 5376 1554 5445 diligatis
1591 5380 1733 5432 illum
1771 5380 1943 5449 (Deut.
1977 5397 2090 5443 xm,

533 5469 632 5534 5)?
660 5466 797 5536 Quid
823 5476 907 5521 est
925 5506 940 5529 ,
973 5475 1026 5518 ut
1054 5465 1214 5517 sciat?
1254 5465 1322 5520 Ut
1348 5466 1487 5520 dono
1515 5482 1611 5521 suo
1635 5470 1770 5522 scire
1795 5487 1886 5524 vos
1919 5472 2090 5525 faciat.

537 5560 626 5614 Sic
656 5575 782 5629 ergo
807 5567 860 5612 et
887 5557 990 5621 hic,
1028 5557 1160 5610 Deus
1186 5557 1246 5609 de
1271 5560 1392 5610 coelo
1415 5560 1663 5628 prospexit
1686 5577 1835 5630 super
1861 5562 1991 5629 ﬁlios
2014 5565 2097 5616 ho-

534 5655 745 5721 minum,
776 5661 830 5705 ut
854 5651 1039 5705 videret
1063 5651 1104 5704 si
1133 5661 1202 5704 est
1231 5650 1505 5722 intelligens
1527 5661 1612 5704 aut
1636 5654 1888 5722 requirens
1908 5654 2086 5710 Deum.

1753 235 1810 292 S.
1851 227 2211 289 AUGUSTlNl
2250 230 2550 290 EPISCOPI
3616 249 3664 306 (η
3677 257 3702 306 6

2206 345 2356 400 Adsit
2384 346 2498 416 ipse
2515 390 2531 415 ,
2557 357 2612 404 et
2639 347 2803 406 donet
2827 351 2981 408 nobis
3009 361 3065 408 ut
3091 353 3228 424 quod
3253 369 3341 410 cor
3369 367 3580 414 nostrum
3605 362 3705 419 fecit

2203 443 2503 512 concipere,
2534 445 2688 500 faciat
2715 455 2770 503 et
2795 463 3001 518 parere.
3032 449 3308 517 Apostolus
3331 449 3448 504 dicit
3473 469 3485 504 ε
3507 451 3604 508 Νοε
3627 473 3704 506 uu-

2165 548 2174 554 ·
2205 539 2301 584 tem
2329 549 2430 587 non
2455 535 2684 602 spiritum
2713 537 2865 606 hujus
2888 537 3063 590 mundi
3081 539 3370 606 accepimus,
3393 540 3471 593 sed
3496 541 3706 610 Spiritum

2202 623 2289 691 qui
2309 640 2370 677 ea:
2393 623 2499 679 Deo
2523 636 2613 690 est,
2643 637 2696 680 ut
2718 629 2934 682 sciamus
2952 645 3062 699 qua:
3081 646 3111 681 a
3137 627 3241 682 Deo
3261 629 3432 682 donata
3453 644 3552 685 sunt
3574 635 3705 688 nobis.

2205 710 2316 765 Hoc
2338 712 2532 782 Spiritu
2563 731 2690 786 ergo
2717 733 2820 786 quo
2845 719 3213 788 cognoscimus
3239 735 3348 786 qua:
3373 735 3399 772 a
3427 721 3524 774 Deo
3547 723 3710 776 donata

2203 813 2328 859 sunt
2355 807 2527 872 nobis,
2556 809 2903 864 discernimus
2937 811 3072 864 inter
3103 825 3199 864 nos
3227 819 3280 864 et
3308 826 3395 864 eos
3421 813 3590 880 quibus
3616 813 3711 868 h:rc

2203 895 2394 950 donata
2422 912 2527 951 non
2555 909 2702 965 sunt,
2730 911 2783 954 et
2809 917 2869 954 ex
2898 901 3051 970 nobis
3079 901 3193 954 illos
3221 895 3578 970 Cognoscimus.
3603 904 3712 970 Quia

2201 991 2248 1045 si
2273 1007 2370 1047 nos
2397 994 2608 1065 aliquod
2639 997 2836 1052 bonum
2881 999 3076 1055 habere
3107 1017 3208 1054 non
3252 1005 3474 1072 potuisse
3501 1005 3715 1075 intelligi-

2203 1100 2343 1150 mus,
2374 1087 2473 1142 nisi
2504 1089 2595 1144 illo
2623 1091 2852 1148 donante
2881 1104 2934 1148 et
2961 1095 3217 1164 largiente
3245 1113 3273 1150 a
3303 1113 3401 1166 quo
3429 1109 3539 1152 sunt
3565 1102 3714 1154 omnia

2201 1175 2368 1241 bona;
2397 1180 2551 1234 simul
2575 1183 2812 1238 videmus
2835 1186 2963 1241 nihil
2997 1189 3100 1242 tale
3128 1204 3284 1257 posse
3314 1190 3495 1245 habere
3517 1207 3600 1246 cos
3623 1193 3719 1261 qui-

2202 1265 2300 1320 bus
2328 1267 2440 1321 hazc
2485 1271 2622 1325 Deus
2650 1290 2751 1326 non
2784 1275 3017 1330 donavit.
3062 1278 3164 1332 Ista
3209 1279 3550 1349 dignoscentia
3593 1283 3720 1336 nobis

2201 1371 2266 1410 ex
2295 1357 2491 1427 Spiritu
2528 1362 2617 1414 Dei
2648 1372 2757 1428 est;
2789 1374 2842 1420 et
2867 1383 2931 1420 eo
2955 1384 3060 1438 quo
3092 1369 3327 1424 videmus
3356 1370 3477 1434 hoc,
3511 1372 3630 1425 Deus
3654 1373 3720 1424 vi-

2201 1445 2317 1513 det;
2351 1450 2471 1518 quia
2504 1453 2551 1505 id
2596 1454 2731 1508 Deus
2758 1455 2882 1510 facit
2915 1469 2968 1512 ut
2999 1459 3286 1515 videamus.
3333 1463 3458 1517 llinc
3492 1463 3617 1517 enim
3652 1464 3721 1518 di-

2200 1550 2341 1595 ctum
2370 1554 2451 1597 est
2473 1555 2526 1599 et
2554 1546 2703 1613 illud,
2729 1549 2950 1618 Spiritus
2971 1554 3101 1605 enim
3125 1556 3292 1608 omnia
3317 1567 3571 1620 scrutatur,
3597 1558 3723 1610 etiam

2201 1633 2516 1688 altitudinem
2547 1636 2638 1690 Dei
2667 1638 2714 1708 (1
2742 1639 2856 1694 Cor.
2883 1658 2938 1700 ιι.
2972 1643 3058 1710 12,
3084 1645 3172 1716 l0)
3199 1663 3213 1697 :
3245 1662 3345 1699 non
3367 1648 3480 1714 quia
3508 1647 3586 1700 ille
3607 1662 3723 1700 seru-

2203 1730 2344 1776 tatur
2367 1726 2454 1794 qui
2484 1728 2628 1780 novit
2655 1731 2861 1796 omnia,
2896 1732 2988 1786 sed
3016 1734 3137 1802 quia
3166 1735 3258 1788 tibi
3288 1735 3503 1797 donatus
3527 1745 3600 1790 est
3620 1736 3724 1805 Spi-

2202 1813 2332 1867 ritus
2353 1856 2368 1881 ,
2400 1818 2487 1886 qui
2514 1827 2567 1872 et
2597 1828 2647 1873 te
2677 1823 2898 1877 scrutari
2926 1823 3085 1880 facit:
3108 1835 3162 1880 et
3187 1827 3326 1895 qtmd
3352 1831 3486 1881 dono
3513 1827 3658 1896 ipsius
3680 1837 3724 1880 tu

2203 1903 2350 1970 facis,
2384 1909 2474 1962 ille
2501 1910 2673 1965 facere
2694 1912 2913 1979 dicitur,
2943 1916 3062 1984 quia
3086 1919 3199 1971 sine
3231 1918 3318 1972 illo
3340 1928 3390 1972 tu
3413 1933 3509 1971 non
3532 1918 3722 1972 faceres.

2207 1995 2344 2065 Ergo
2376 1998 2512 2054 Deus
2541 2000 2716 2057 facere
2740 2003 2950 2071 dicitur,
2980 2022 3098 2060 cum
3128 2016 3182 2061 tu
3214 2008 3362 2064 facis.
3389 2009 3459 2063 De
3486 2008 3612 2063 dono
3635 2007 3726 2077 Spi-

2201 2087 2336 2144 ritus
2380 2089 2605 2146 ﬁliorum
2627 2135 2640 2156 ,
2669 2095 2859 2163 quibus
2886 2097 3039 2151 datus
3065 2108 3146 2153 est
3174 2099 3404 2169 Spiritus
3431 2101 3514 2154 Dei
3537 2142 3550 2168 ,
3584 2079 3728 2169 respi-

2202 2178 2514 2252 ciuntsuper
2534 2184 2666 2252 filios
2688 2186 2967 2253 hominum,
2997 2199 3050 2242 ut
3077 2190 3290 2246 videant
3317 2193 3360 2245 si
3387 2203 3458 2247 est
3485 2193 3728 2263 intelligens

2204 2282 2290 2325 aut
2321 2274 2573 2345 requirens
2607 2276 2807 2332 Deum:
2827 2282 2918 2334 sed
2961 2282 3081 2351 quia
3123 2282 3174 2336 id
3201 2283 3346 2338 dono
3376 2285 3542 2339 Dei'et
3562 2283 3730 2354 Spiritu

2205 2363 2298 2418 Dei
2326 2364 2540 2431 faciunt,
2574 2369 2710 2424 Deus
2734 2371 2841 2440 hoc,
2862 2373 3031 2428 facere
3051 2375 3275 2441 dicitur;
3305 2377 3443 2432 velut
3469 2378 3732 2446 prospicere

2205 2462 2258 2508 et
2294 2455 2490 2510 videre.
2541 2458 2714 2525 Quare
2739 2470 2912 2516 autem
2940 2464 3002 2518 de
3032 2466 3155 2519 cwlo
3174 2507 3189 2531 ,
3225 2468 3268 2520 si
3298 2467 3396 2522 hoc
3421 2467 3642 2522 homines
3667 2465 3728 2520 fa-

2205 2547 2382 2602 ciunt?
2410 2548 2541 2615 Quia
2568 2549 2698 2605 dicit
2720 2553 3025 2622 Apostolus,
3061 2555 3258 2610 Nostra
3283 2567 3445 2613 autem
3469 2556 3734 2612 conversatio

2204 2637 2258 2691 in
2278 2638 2412 2692 caelis
2436 2649 2508 2693 est
2535 2639 2788 2712 (Philipp.
2815 2660 2903 2708 ιιι,
2926 2644 2996 2700 ‘20
3016 2646 3055 2715 ).
3087 2647 3240 2702 Unde
3265 2649 3403 2702 enim
3431 2648 3524 2702 hoc
3553 2648 3666 2702 facis
3689 2656 3734 2700 ut

2208 2728 2409 2791 videas.
2441 2732 2579 2786 unde
2600 2735 2857 2803 prospicis
2882 2745 2938 2789 ut
2965 2737 3273 2808 intelligas?
3299 2756 3470 2796 nonne
3497 2740 3668 2796 corde?
3688 2738 3733 2794 Si

2205 2820 2364 2875 corde
2388 2820 2487 2877 hoc
2514 2823 2678 2890 lacis,
2710 2825 3030 2894 cbristiaue,
3060 2830 3180 2885 vide
3225 2832 3268 2886 si
3307 2847 3510 2886 sursum
3539 2846 3621 2886 cor
3654 2830 3734 2883 ha-

2205 2911 2351 2968 beas.
2401 2913 2457 2968 Si
2495 2931 2703 2970 sursum
2733 2933 2826 2972 cor
2861 2919 3067 2998 habes,‘
3085 2923 3149 2975 de
3175 2926 3304 2978 etelo
3345 2925 3395 2978 in
3427 2923 3606 2979 terram
3632 2938 3734 2993 pro-

2204 3003 2384 3071 spicis.
2408 3004 2475 3059 Et
2498 3007 2616 3076 quia
2647 3009 2747 3062 hoc
2770 3010 2908 3063 dono
2938 3013 3027 3067 Dei
3064 3013 3217 3079 facis,
3251 3015 3389 3071 Deus
3409 3017 3468 3070 de
3490 3017 3604 3070 caelo
3631 3029 3735 3085 pro-

2203 3093 2358 3162 spicit
2395 3112 2545 3165 super
2585 3098 2718 3166 [ἱιὲοε
2759 3102 3039 3158 hominum.
3085 3104 3178 3160 llla
3231 3108 3390 3179 igitur
3425 3109 3632 3179 quaestio
3659 3121 3738 3177 pro

2205 3184 2418 3238 modulo
2444 3196 2625 3242 nostro
2649 3191 2726 3244 sic
2754 3193 2924 3248 soluta
2951 3203 3050 3248 est.

2274 3277 2327 3332 6.
2357 3277 2504 3352 [vers.
2528 3279 2607 3352 4.]
2647 3282 2782 3350 Quid
2810 3287 3055 3356 estquod
3098 3291 3486 3360 prospicientes
3525 3290 3738 3361 agnosci-

2203 3371 2355 3426 mus?
2378 3371 2513 3440 Quid
2544 3385 2624 3429 est
2648 3375 2789 3445 quod
2817 3379 3143 3448 prospiciens
3170 3381 3317 3439 Deus
3339 3383 3597 3453 agnoscit?
3614 3381 3736 3452 quid,

2203 3463 2324 3531 quia
2353 3462 2438 3518 hic
2463 3463 2644 3531 donat,
2676 3469 2949 3536 agnoscit?
2975 3471 3109 3525 Audi
3137 3474 3270 3542 quid
3296 3493 3310 3529 :
3339 3475 3468 3542 Quia
3498 3491 3653 3528 omnes
3669 3473 3742 3526 de—

2202 3552 2532 3620 clinaverunt,
2563 3556 2714 3610 simul
2735 3558 2934 3613 inutiles
2960 3560 3084 3630 facti
3111 3573 3274 3618 sunt:
3296 3581 3397 3618 non
3422 3574 3492 3618 est
3513 3564 3593 3634 qui
3613 3562 3742 3633 faciat

2202 3645 2417 3712 bonum,
2460 3665 2560 3703 non
2601 3658 2672 3703 est
2710 3667 2864 3722 usque
2899 3653 2967 3706 ad
2994 3669 3171 3708 unum.
3213 3657 3347 3725 Qua:
3378 3657 3534 3728 igitur
3555 3657 3634 3711 illa
3657 3653 3742 3707 alia

2203 3739 2426 3806 quzestio
2453 3749 2554 3806 est,
2585 3741 2685 3796 nisi
2711 3757 2868 3812 quam
2897 3745 3054 3814 paulo
3079 3755 3204 3802 ante
3229 3747 3659 3804 commemoravi?
3695 3745 3741 3800 Si

2202 3840 2394 3883 nonest
2421 3831 2507 3900 qui
2534 3831 2688 3901 faciat
2713 3833 2914 3900 bonum,
2937 3847 3128 3891 nonest
3147 3855 3307 3910 usque
3327 3841 3395 3894 ad
3415 3856 3584 3906 unum,
3611 3851 3745 3892 nemo

2205 3928 2370 3974 restat
2391 3921 2478 3990 qui
2506 3933 2682 3992 gemat
2713 3924 2849 3978 inter
2872 3927 3062 3981 malos.
3097 3927 3385 3999 Exspecta,
3412 3931 3574 4000 inquit
3600 3927 3746 3983 Domi-

2204 4026 2332 4075 nus;
2366 4012 2471 4065 noli
2512 4013 2618 4067 cito
2667 4013 2803 4070 ferre
2842 4019 3199 4075 sententiam:
3230 4023 3425 4078 donavi
3474 4020 3746 4077 hominibus

2203 4102 2338 4157 bene
2363 4105 2551 4172 facere,
2576 4106 2669 4161 sed
2689 4123 2753 4162 ex
2780 4125 2886 4174 me,
2915 4111 3102 4182 inquit,
3126 4129 3232 4168 non
3255 4131 3323 4170 ex
3345 4132 3438 4182 se;
3462 4131 3525 4171 ex
3547 4130 3602 4171 se
3625 4113 3744 4168 enim

2203 4196 2326 4251 mali
2351 4207 2475 4251 sunt
2499 4215 2513 4251 :
2540 4198 2630 4253 lilii
2661 4199 2933 4256 hominum
2968 4213 3107 4269 sunt,
3132 4208 3358 4276 quando
3376 4209 3514 4264 male
3543 4208 3744 4267 faciunt;

2201 4286 2411 4356 quando
2440 4286 2592 4356 bene,
2623 4289 2714 4344 lilii
2743 4292 2866 4346 mei.
2896 4293 3006 4348 Hoc
3031 4296 3170 4350 enim
3202 4297 3332 4353 facit
3359 4301 3523 4362 Deus,
3557 4315 3618 4354 ex
3644 4297 3746 4350 filiis

2202 4374 2473 4432 hominum
2503 4379 2636 4434 filios
2668 4381 2759 4436 Dei
2785 4401 2798 4436 :
2823 4385 2940 4453 quia
2963 4401 3029 4440 ex
3061 4386 3193 4440 Filio
3226 4391 3315 4443 Dei
3342 4390 3466 4445 fecit
3493 4391 3646 4444 filium
3670 4388 3750 4442 hu-

2201 4467 2378 4524 minis.
2407 4468 2594 4525 Videte
2620 4487 2736 4540 qum
2761 4473 2830 4527 sit
2862 4475 2950 4529 illa
2997 4479 3330 4547 participatio
3360 4500 3373 4535 :
3404 4482 3652 4551 promissa
3678 4483 3747 4530 est

2203 4559 2356 4612 nobis
2386 4563 2720 4631 participatio
2745 4563 3061 4632 divinitatis;
3093 4573 3354 4626 mentitur
3378 4574 3466 4642 qui
3494 4569 3746 4642 promisit,

2201 4649 2246 4703 si
2273 4665 2376 4704 non
2403 4662 2484 4705 est
2513 4653 2657 4720 prior
2694 4652 2861 4709 factus
2905 4660 3166 4728 particeps
3206 4663 3568 4717 mortalitatis.
3606 4659 3751 4714 Filius

2201 4741 2342 4794 enim
2373 4742 2465 4797 Dei
2495 4744 2757 4813 particeps
2785 4749 3118 4802 mortalitatis
3143 4751 3369 4807 effectus
3394 4762 3506 4816 est,
3540 4761 3592 4806 ut
3619 4765 3746 4804 more

2202 4831 2318 4885 talis
2347 4831 2507 4887 homo
2533 4834 2621 4888 liat
2652 4836 2911 4905 particeps
2939 4839 3248 4896 divinitatis.
3278 4843 3380 4911 Qui
3414 4845 3505 4898 tibi
3535 4821 3752 4913 promisit

2200 4926 2690 4980 communicandum
2734 4937 2900 4982 tecum
2946 4931 3139 4985 bonum
3187 4949 3380 5001 suum,
3414 4937 3555 5006 prius
3599 4945 3748 4988 tecum

2201 5017 2606 5070 communicavit
2636 5017 2829 5070 malum
2864 5028 3008 5072 tuum
3037 5039 3048 5074 :
3076 5023 3162 5090 qui
3191 5025 3282 5077 tibi
3316 5027 3557 5094 promisit
3584 5021 3747 5077 divini-

2204 5115 2390 5170 tatem,
2416 5107 2646 5161 ostendit
2673 5109 2722 5161 in
2752 5119 2801 5163 te
2823 5111 3154 5166 charitateni.
3193 5115 3334 5183 Ergo
3358 5116 3487 5181 tqlle
3511 5113 3645 5183 quod
3669 5112 3750 5163 lio-

2201 5197 2369 5252 ntines
2416 5199 2503 5252 ﬁlii
2553 5199 2644 5253 Dei
2690 5210 2844 5258 sunt.
2885 5215 3118 5256 remanet
3163 5207 3304 5273 quod
3354 5207 3448 5260 lilii
3499 5207 3749 5260 hominum

2201 5299 2324 5345 sunt
2348 5308 2360 5344 :
2385 5289 2501 5343 Non
2523 5301 2594 5344 est
2613 5293 2699 5364 qui
2720 5294 2871 5363 faciat
2893 5295 3093 5356 bonum,
3115 5315 3213 5350 non
3234 5309 3308 5352 est
3330 5316 3486 5366 usque
3505 5300 3571 5350 ad
3592 5298 3746 5349 unum.

2272 5385 2324 5436 '7.
2368 5383 2512 5454 [vers.
2662 5383 2846 5440 Nonne
2873 5389 3029 5441 scient
3055 5406 3222 5443 omnes
3248 5391 3336 5458 qui
3361 5399 3632 5460 operantur
3667 5385 3751 5437 ini-

2201 5477 2467 5542 quitatem,
2494 5475 2580 5544 qui
2620 5476 2857 5530 devorant
2890 5481 3130 5548 populum
3168 5498 3334 5534 meum
3365 5482 3418 5534 in
3444 5482 3551 5534 cibo
3582 5461 3750 5548 panis?

2205 5565 2388 5620 Nonne
2414 5568 2610 5621 scient?
2636 5583 2810 5623 nonne
2849 5571 2949 5623 illis
2987 5571 3331 5626 ostendetur?
3366 5573 3460 5627 Dic
3481 5615 3496 5638 ,
3526 5573 3747 5626 minare.

2205 5659 2424 5730 loquere
2453 5674 2517 5715 ex
2545 5661 2863 5728 parturiente
2881 5671 2938 5718 et
2963 5662 3191 5719 dolente.
3216 5663 3454 5732 Populus
3481 5664 3616 5719 enim
3642 5669 3747 5711 tuus
