4004 6200
293 319 394 372 lii?

293 435 579 488 devoratur
601 433 652 487 in
680 433 796 488 cibo
828 434 998 502 panis.
1027 433 1120 487 Est
1143 448 1266 501 ergo
1291 432 1374 484 hic
1405 431 1628 500 [opulus
1660 429 1748 481 Dei
1780 428 1866 494 qui

293 526 600 581 devoratur.
633 526 787 580 Certe
828 543 924 578 non
973 535 1043 578 est
1071 526 1157 595 qui
1198 525 1348 594 faciat
1395 524 1596 582 bonum,
1645 537 1745 573 non
1801 528 1871 572 est

291 636 445 687 usque
470 620 538 671 ad
563 635 740 672 unum.
770 618 1140 686 ΒεειιυιιιΙριιιι*
1179 632 1241 671 ex
1287 616 1371 668 illa
1413 615 1611 684 regula.
1646 613 1748 667 Sed
1774 613 1871 665 iste

225 733 230 738 ’
291 711 516 780 populus
536 710 623 779 qui
646 711 950 774 devoratur,
985 709 1081 762 iste
1105 709 1327 776 populus
1350 707 1435 774 qui
1466 707 1658 773 patitur
1682 703 1864 763 malos,

291 805 390 858 iste
435 803 523 872 qui
569 801 733 871 gemit
775 811 828 854 et
873 800 1096 868 parturit
1128 800 1266 852 inter
1294 799 1480 858 malos,
1513 797 1620 863 jam
1653 811 1714 846 ex
1750 794 1869 846 [iiiis

289 894 566 946 hominum
599 892 689 944 lilii
725 892 814 944 Dei
845 889 966 945 facti
998 901 1120 944 sunt
1152 908 1163 940 :
1195 889 1312 944 ideo
1344 889 1646 941 devoratur.
1676 885 1866 938 Consi-

289 986 417 1040 lium
445 986 586 1039 enim
618 984 789 1053 inopis
819 983 1155 1046 confudistis,
1182 981 1431 1051 quoniam
1464 980 1718 1033 Dominus
1747 992 1870 1044 Spes

284 1079 402 1143 ejus
433 1085 520 1132 est
542 1075 712 1149 (Psal.
739 1092 852 1139 xm,
880 1075 956 1143 6).
990 1057 1307 1143 Plerumque
1329 1073 1470 1127 enim
1503 1081 1559 1124 nt
1585 1071 1870 1126 devoretur

284 1171 516 1240 populus
548 1169 660 1234 Dei,
692 1169 793 1223 hoc
822 1169 995 1239 ipsum
1027 1170 1076 1221 in
1106 1168 1197 1221 illo
1225 1167 1604 1227 contemnitur,
1629 1167 1750 1234 quia
1779 1180 1870 1232 po-

283 1259 444 1331 palus
476 1261 569 1316 Dei
599 1261 974 1329 est.‘liapiam,
1007 1261 1195 1329 inquit,
1228 1267 1281 1313 et
1309 1259 1629 1328 exspolicm;
1659 1261 1700 1310 si
1724 1256 1869 1311 chri-

283 1354 490 1408 stianus
517 1363 619 1418 est,
649 1353 773 1421 quid
802 1352 927 1405 mihi
958 1351 1194 1405 tacturus
1213 1349 1332 1405 est?
1353 1351 1613 1419 Loquitur
1636 1365 1730 1418 pro
1756 1349 1865 1414 illo,

283 1444 372 1513 qui
402 1444 634 1513 IOqttitur
656 1459 750 1512 pro
775 1441 1120 1511 parturientc,
1141 1450 1194 1495 et
1219 1441 1447 1494 minatur
1468 1439 1865 1502 devorantibus,

283 1536 489 1600 dicens,
524 1533 708 1588 Nonne
735 1536 888 1588 scient
914 1550 1083 1586 omnes
1112 1535 1194 1602 qui
1224 1543 1498 1601 operantur
1521 1531 1871 1601 iniquitatem?

284 1628 415 1682 Nam
447 1637 502 1682 ct
533 1628 620 1682 ille
645 1628 732 1698 qui
761 1627 970 1680 videbat
1010 1626 1213 1688 furem,
1247 1635 1302 1679 et
1342 1625 1699 1680 eoncurrebat
1746 1639 1866 1677 cum

285 1735 369 1782 eo,
392 1731 446 1774 et
473 1735 592 1773 cum
618 1719 873 1772 adulteris
899 1719 1193 1786 portionem
1222 1731 1371 1769 suam
1402 1715 1655 1785 ponebat,
1677 1715 1868 1769 sedens

287 1812 542 1865 adversus
569 1809 783 1864 fratrem
805 1825 957 1862 suum
979 1807 1314 1870 detrahebat,
1334 1817 1387 1860 et
1416 1805 1672 1860 adversus
1704 1804 1864 1857 lilium

289 1904 471 1957 matris
497 1917 605 1956 sua:
638 1901 867 1971 ponebat
894 1899 1200 1954 seandalum
1227 1940 1240 1960 ,
1276 1898 1402 1951 dixit
1448 1899 1499 1950 in
1549 1897 1698 1949 corde
1737 1913 1828 1950 suo
1851 1912 1867 1946 .-

288 1992 412 2046 Non
438 2004 511 2046 est
537 1991 694 2048 Deus.
727 1992 849 2045 Ideo
879 1990 978 2043 hoc
1007 1990 1076 2042 illi
1107 1989 1320 2047 dicitur,
1361 1988 1480 2041 "ch
1507 1988 1687 2057 fecisti,
1716 1995 1761 2040 et
1792 1997 1867 2039 ta-

283 2087 366 2139 cui
391 2103 409 2138 :
429 2085 712 2153 suspicatus
736 2100 786 2137 es
809 2084 1137 2152 iniquitatem,
1161 2080 1294 2150 quod
1319 2095 1404 2133 ero
1432 2081 1503 2132 tui
1530 2080 1709 2133 similis
1729 2094 1747 2131 :
1766 2081 1867 2132 hoc

283 2186 384 2238 est,
412 2191 517 2228 non
543 2189 635 2229 ero
664 2175 820 2238 Deus,
850 2173 892 2226 si
920 2187 1013 2226 ero
1041 2171 1134 2225 tibi
1161 2171 1371 2224 similis.
1397 2169 1502 2226 Sed
1533 2170 1656 2240 quid
1687 2169 1867 2240 sequi-

285 2270 406 2321 tur?
436 2268 660 2337 Arguant
695 2278 760 2329 te,
795 2274 838 2317 et
869 2273 1086 2316 statuam
1115 2272 1161 2315 te
1186 2271 1302 2314 ante
1328 2262 1505 2332 [aciem
1535 2271 1670 2313 tuam
1689 2258 1862 2330 (Psal.
1902 2256 1904 2258 ’

286 2377 436 2423 XLIX,
467 2359 672 2429 ιδ-ειι).
699 2358 789 2416 Sic
813 2367 865 2411 et
893 2357 994 2420 hic,
1026 2357 1246 2425 Arquam
1271 2364 1336 2416 te,
1365 2363 1410 2406 et
1434 2364 1651 2407 statuam
1679 2364 1724 2405 te
1751 2363 1866 2405 ante

283 2455 467 2522 [aciem
499 2462 654 2504 tuam.
699 2450 814 2506 Non
853 2450 933 2501 vis
951 2447 1126 2529 :modo
1167 2461 1324 2500 nosse
1353 2453 1407 2499 ut
1437 2434 1530 2499 tibi
1559 2445 1859 2514 displicens,

283 2558 475 2598 nosces
503 2551 561 2596 ut
590 2543 826 2612 plangas.
849 2540 961 2593 Non
993 2539 1132 2592 enim
1162 2553 1263 2591 non
1292 2537 1758 2591 demonstraturus
1782 2547 1864 2590 est

286 2638 424 2691 Deus
451 2635 644 2706 iniquis
676 2634 1001 2703 iniquitatem
1027 2646 1196 2686 suam.
1221 2631 1276 2685 Si
1307 2648 1408 2684 non
1436 2640 1518 2685 est
1537 2630 1865 2684 demonstra-

283 2740 434 2784 turus
455 2771 470 2789 ,
499 2730 588 2796 qui
611 2735 766 2787 erunt
791 2725 880 2794 qui
911 2723 1100 2778 dicturi
1133 2731 1256 2776 sunt
1290 2742 1301 2776 :
1335 2722 1471 2788 Quid
1495 2721 1638 2774 nobis
1669 2723 1861 2792 profuit

282 2818 552 2890 superbia,
594 2827 638 2871 et
685 2817 973 2871 divitiarum
1021 2814 1262 2880 iactantia
1302 2812 1426 2883 quid
1467 2812 1676 2865 contulit
1724 2813 1863 2866 nobis

284 2911 437 2980 (Sap.
463 2925 520 2973 v,
547 2907 639 2977 8)?
668 2906 817 2966 Tune
844 2922 970 2976 ergo
998 2907 1165 2960 scient
1187 2905 1276 2974 qui
1307 2903 1466 2957 flIOd'l
1489 2904 1626 2957 seire
1655 2904 1859 2958 nolunt.

285 3000 475 3054 Nonne
497 3001 651 3054 scient
678 3014 846 3051 omnes
874 2997 960 3067 qui
987 3005 1260 3064 operantur
1288 2991 1629 3065 iniquitatem,
1654 2995 1737 3065 qui
1771 2994 1862 3047 de-

282 3103 460 3146 vorant
489 3091 728 3162 populum
757 3105 920 3144 meum
947 3089 999 3140 in
1027 3086 1134 3140 cibo
1164 3085 1348 3156 panis?
1370 3083 1506 3152 Quid
1538 3084 1740 3139 addidit
1758 3126 1775 3152 ,
1808 3086 1862 3138 in

280 3185 391 3238 cibo
440 3182 638 3250 panis?
685 3181 955 3248 Tanquam
1005 3194 1192 3248 panem
1242 3179 1564 3233 manducant
1613 3179 1860 3247 populum

279 3293 482 3334 meum.
529 3277 736 3330 Cmtera
781 3274 923 3329 enim
966 3289 1083 3342 qua:
1124 3272 1534 3340 manducamus,
1583 3287 1864 3342 possumus

278 3371 445 3429 modo
476 3371 586 3436 illa,
614 3369 774 3424 modo
803 3368 920 3432 illa;
947 3382 1052 3421 non
1078 3366 1409 3437 semperhoc
1430 3367 1567 3433 olus,
1593 3381 1694 3420 non
1725 3381 1864 3421 Sem-

280 3482 378 3536 per
405 3464 544 3520 hanc
565 3477 803 3523 carnem,
835 3476 936 3513 non
960 3474 1169 3528 semper
1193 3457 1307 3528 lucc
1333 3473 1485 3526 poma
1511 3475 1525 3512 :
1551 3472 1760 3525 semper
1779 3473 1864 3510 au-

279 3568 387 3612 tem
435 3570 646 3624 panem.
691 3552 826 3619 Quid
851 3561 933 3607 est
961 3566 1089 3622 ergo
1107 3591 1122 3615 ,
1151 3551 1391 3604 devorant
1421 3551 1662 3618 populum
1700 3565 1863 3601 meum

276 3650 329 3702 in
362 3647 476 3708 cibo
506 3646 688 3714 panis?
715 3643 842 3698 Sine
870 3642 1284 3706 intermissione,
1312 3639 1431 3695 sine
1457 3641 1754 3694 cessatione
1773 3639 1864 3692 dc-

277 3746 473 3794 vorant
499 3778 512 3802 ,
537 3737 624 3808 qui
653 3736 888 3789 devorant
917 3733 1162 3804 populant
1190 3749 1350 3784 meum
1379 3731 1432 3784 in
1455 3731 1564 3784 cibo
1591 3731 1754 3800 panis.

349 3830 407 3886 8.
439 3827 608 3900 [uers.
640 3826 691 3888 6,
723 3824 800 3896 7.]
833 3823 1000 3878 Deum
1025 3840 1124 3877 non
1150 3824 1518 3876 invocaverunt.
1551 3821 1866 3875 Consolatnr

274 3929 603 3993 gementem,
631 3925 684 3972 et
712 3917 938 3970 maxime
967 3931 1028 3968 ex
1052 3914 1556 3967 commemoratione
1583 3915 1619 3977 ²,
1649 3930 1716 3966 ne
1744 3913 1864 3965 imi-

277 4010 446 4071 tando
482 4010 648 4062 malos
689 4009 776 4088 qui
830 4007 1139 4076 plerumque
1196 4015 1591 4073 prosperantur,
1639 4004 1867 4056 delectet

277 4104 396 4161 fieri
422 4102 640 4156 malum.
664 4101 922 4154 Servatur
963 4097 1052 4149 tibi
1083 4095 1221 4165 (μιδά
1253 4095 1344 4149 tibi
1393 4095 1707 4162 promissum
1736 4102 1816 4146 est
1849 4113 1861 4144 :

275 4211 409 4266 spes
431 4195 640 4249 illorum
667 4205 906 4260 prmsens
930 4198 1030 4251 est,
1075 4200 1160 4242 tua
1196 4187 1365 4242 futura
1394 4197 1508 4250 est;
1536 4186 1626 4239 sed
1656 4187 1864 4240 illorum

275 4291 447 4353 ﬂuxa,
481 4296 566 4340 tua
622 4294 795 4348 certa;
853 4282 1061 4336 illorum
1107 4280 1255 4344 falsa,
1285 4292 1369 4333 tua
1421 4292 1565 4334 vera.
1613 4280 1686 4332 llli
1723 4279 1865 4332 enim

279 4381 448 4434 Deum
475 4393 576 4430 non
606 4376 976 4428 invocaverunt.
1023 4372 1207 4426 Nonne
1246 4371 1480 4440 quotidie
1524 4369 1653 4424 tales
1681 4377 1869 4440 rogant

277 4468 493 4527 Deum?
524 4467 635 4544 Non
686 4473 870 4534 rogant
917 4463 1099 4516 Detnu.
1131 4461 1419 4524 Attendite,
1450 4461 1492 4513 si
1524 4475 1734 4527 possunt
1766 4460 1865 4512 hoc

277 4566 467 4620 dicere
487 4559 766 4628 adjuvante
795 4557 908 4624 ipso
940 4556 1064 4609 Deo.
1101 4554 1239 4607 Deus
1263 4553 1424 4622 gratis
1472 4567 1531 4604 se
1579 4552 1694 4603 vult
1739 4550 1864 4614 coli,

276 4656 452 4730 gratis
473 4668 532 4706 se
561 4651 668 4704 vult
691 4648 856 4718 diligi,
877 4648 977 4701 hoc
994 4654 1074 4700 est
1103 4652 1246 4697 caste
1265 4643 1461 4705 amari;
1493 4657 1595 4693 non
1628 4649 1867 4708 propter-

277 4767 342 4805 ea
401 4760 462 4800 se
491 4743 678 4805 amari,
703 4740 823 4810 quia
851 4737 942 4791 dat
970 4735 1166 4804 aliquid
1197 4743 1386 4802 praeter
1413 4749 1490 4795 se,
1519 4736 1610 4786 sed
1637 4731 1756 4800 quia
1778 4731 1869 4784 dat

277 4856 362 4896 se.
399 4835 502 4903 Qui
539 4848 667 4902 ergo
693 4832 901 4885 invocat
943 4827 1108 4882 Deum
1142 4834 1196 4879 ut
1225 4825 1373 4877 dives
1400 4825 1508 4884 tiat,
1562 4824 1722 4876 Deum
1765 4837 1868 4876 non

278 4934 534 4990 invocat;
569 4927 668 4978 hoc
708 4923 848 4977 enim
897 4923 1104 4973 invocat
1157 4917 1295 4986 quod
1343 4915 1405 4968 ad
1440 4932 1497 4969 se
1524 4916 1631 4967 vult
1665 4916 1866 4971 venire.

277 5023 428 5096 Quid
456 5020 600 5077 enim
629 5027 710 5074 est
737 5018 1002 5078 invocare,
1030 5013 1128 5066 nisi
1161 5026 1349 5065 vocare
1378 5010 1428 5062 in
1454 5010 1546 5063 se?
1583 5008 1636 5060 In
1665 5026 1720 5062 se
1743 5023 1870 5080 ergo

278 5127 504 5177 vocare,
539 5113 639 5165 hoc
664 5109 856 5163 dicitur
898 5107 1161 5160 invocare.
1188 5102 1318 5157 Nam
1361 5117 1480 5156 cum
1527 5100 1677 5165 dicis,
1731 5101 1890 5162 Deus,

276 5211 348 5265 da
383 5204 513 5259 mihi
557 5202 800 5256 divitias:
842 5214 945 5252 non
981 5197 1057 5250 vis
1103 5204 1157 5249 ut
1185 5195 1297 5263 ipse
1327 5194 1464 5248 Deus
1493 5192 1556 5246 ad
1588 5203 1637 5245 te
1676 5193 1868 5254 veniat,

276 5301 383 5357 sed
436 5297 517 5351 vis
560 5303 619 5349 ut
645 5293 843 5348 divitiae
890 5291 1100 5343 veniant
1127 5286 1192 5340 ad
1235 5289 1306 5340 te'.
1334 5286 1483 5352 Quod
1512 5287 1590 5338 vis
1629 5294 1685 5338 ut
1725 5285 1790 5339 ad
1822 5296 1871 5338 te

279 5391 492 5451 veniat,
524 5387 626 5440 boc
669 5386 906 5437 invocas.
936 5381 991 5434 Si
1017 5388 1191 5432 autem
1223 5379 1384 5430 Demn
1435 5377 1727 5435 iuvoeares,
1759 5376 1872 5444 ipse

277 5486 352 5540 ad
386 5493 441 5536 te
467 5479 692 5537 veniret,
729 5477 838 5543 ipse
876 5481 1017 5527 esset
1046 5471 1240 5523 divitia:
1269 5481 1390 5522 tum.
1421 5469 1568 5523 Nune
1589 5476 1764 5522 autem
1792 5469 1872 5520 vis

278 5575 496 5631 habere
525 5584 702 5623 arcam
726 5567 952 5635 plenam,
979 5562 1259 5650 cgnanem
1280 5561 1658 5613 con-cientium
1688 5578 1700 5612 ε
1733 5559 1871 5612 Deus

353 5738 374 5765 ι
415 5730 744 5792 aliquoties,
768 5743 828 5781 ex
866 5678 1228 5783 comptu-alioue.
1262 5716 1496 5778 Nonnulli,
1521 5729 1583 5768 ca:
1607 5728 1872 5765 commora-

277 5797 436 5847 tione.
542 5848 810 5906 PATROL.
847 5845 898 5903 Χ
915 5847 959 5903 .\'
979 5846 1024 5901 Χ
1043 5845 1140 5902 \‘l.

1410 312 1800 369 ENARRATIO
1832 311 1890 365 ΙΝ
1933 311 2249 367 ΡΒΜΜΒΜ
2295 315 2397 368 LII.

1982 443 2083 480 non
2110 429 2289 500 implet
2317 445 2514 493 aream,
2548 432 2636 485 sed
2659 442 2858 502 pectus.
2889 433 3024 501 Quid
3049 433 3140 498 tibi
3170 444 3386 502 prosunt
3413 445 3560 489 exte-

1981 520 2146 574 riores
2177 522 2374 574 divitia:
2402 523 2444 575 si
2471 534 2518 576 Ie
2542 523 2759 578 interior
2797 527 2990 595 premit
3017 524 3262 595 egestas?
3290 525 3431 595 Ergo
3471 525 3556 580 isti

1977 610 2067 676 qui
2092 622 2304 680 propter
2337 614 2609 668 smenlaria
2648 615 2948 679 conunoda,
2987 617 3074 686 qui
3106 625 3320 685 propter
3349 626 3558 671 terrena

1979 701 2134 764 bona,
2161 703 2246 772 qui
2281 713 2494 773 propter
2518 705 2677 759 vitam
2705 717 3018 776 prmsentem
3053 718 3106 761 et
3132 717 3395 764 terrenam
3439 709 3556 763 feli-

1977 795 2187 847 citatem
2218 795 2464 863 invocant
2496 798 2682 862 Deum,
2716 815 2819 852 non
2846 801 3091 854 invocant
3123 801 3306 854 Demu.

2047 887 2099 940 9.
2129 887 2413 956 Pmpterca
2441 891 2564 959 quid
2591 891 2656 946 de
2689 893 2792 946 illis
2833 894 3111 963 sequitur?
3159 893 3241 947 lbi
3288 895 3558 948 timuerunt

1978 978 2171 1043 timore,
2196 978 2278 1030 ubi
2303 995 2404 1032 non
2433 990 2538 1033 erat
2565 982 2730 1037 timor.
2757 984 3018 1054 Numquid
3057 986 3196 1039 enim
3249 987 3405 1040 timor
3449 999 3553 1047 est,

1976 1071 2018 1122 si
2049 1072 2165 1139 quis
2195 1073 2376 1141 perdat
2397 1074 2644 1130 divitias?
2670 1076 2779 1130 Non
2809 1087 2890 1131 est
2918 1078 2987 1132 ibi
3013 1079 3188 1143 timor,
3213 1089 3266 1133 et
3309 1080 3376 1133 ibi
3403 1081 3557 1133 timc-

1978 1167 2078 1214 tur.
2111 1162 2164 1216 Si
2187 1164 2304 1233 quis
2330 1173 2506 1220 autem
2533 1167 2718 1235 perdat
2743 1168 3077 1240 sapieptiam,
3112 1185 3238 1224 vere
3255 1171 3411 1225 timor
3436 1183 3552 1233 est;

1976 1265 2029 1307 et
2057 1255 2123 1308 ibi
2169 1271 2274 1309 non
2311 1258 2544 1313 timetur.
2581 1261 2736 1326 Audi,
2779 1261 3049 1330 dignosce,
3097 1263 3228 1317 tales
3279 1263 3553 1334 intelligc:

1975 1348 2576 1405 connnendatur‘nescio
2605 1353 2685 1406 cui
2707 1355 2993 1419 saccellns;
3024 1370 3127 1409 non
3161 1356 3276 1409 vult
3305 1357 3552 1418 reddere,

1976 1453 2071 1506 pro
2096 1455 2192 1491 suo
2220 1451 2511 1511 computat,
2549 1460 2652 1498 non
2701 1454 2845 1513 putat
2872 1461 3028 1515 posse
3069 1449 3261 1516 repeti,
3297 1449 3404 1518 jam
3460 1463 3555 1517 pro

1975 1543 2070 1582 sua
2118 1530 2344 1596 habebit,
2402 1534 2622 1589 reddere
2665 1537 2941 1591 detrectat.
2982 1539 3164 1593 Videat
3205 1539 3330 1608 quid
3369 1541 3556 1593 timeat

1975 1623 2239 1687 amittere,
2281 1634 2334 1678 et
2377 1626 2499 1694 quid
2533 1627 2664 1680 nolit
2696 1629 2893 1684 habere
2928 1647 2940 1681 :
2975 1631 3024 1683 in
3071 1631 3287 1684 dubiant
3338 1631 3557 1686 veniunt

1976 1715 2192 1785 pecunia
2221 1725 2274 1769 et
2305 1717 2466 1782 ﬁdes;
2501 1735 2617 1787 quae
2642 1721 2921 1787 pretiosior
2949 1731 3051 1781 est,
3087 1723 3152 1775 ibi
3178 1724 3386 1792 gravius
3401 1723 3554 1777 dam-

1975 1819 2097 1857 nunt
2130 1804 2418 1860 timendum
2446 1817 2543 1862 est.
2575 1808 2651 1860 Tu
2683 1818 2857 1862 autem
2887 1819 2939 1862 ut
2961 1827 3144 1864 aurum
3171 1822 3367 1876 teneas,
3395 1813 3551 1866 fidem

1976 1894 2150 1960 perdis
2187 1913 2198 1948 :
2229 1899 2468 1965 graviore
2498 1895 2712 1954 'damno
2765 1902 3075 1968 perculeris,
3118 1910 3171 1956 et
3219 1912 3272 1956 tu
3298 1903 3365 1956 dc
3407 1903 3552 1956 lucro

1975 1986 2178 2038 hetatus
2202 2003 2261 2041 es
2295 2005 2307 2039 :
2339 1989 2408 2041 ibi
2462 1990 2677 2044 timuisti
2725 1992 2920 2052 timore,
2959 1994 3041 2045 ubi
3080 2010 3177 2047 non
3222 2003 3328 2047 erat
3380 1995 3548 2048 timor.

1975 2077 2155 2134 Redde
2185 2081 2460 2149 pecuniam
2493 2101 2506 2133 :
2539 2098 2722 2152 parum
2754 2082 2893 2146 dico,
2931 2083 3144 2148 Redde;
3175 2086 3337 2154 perde
3382 2101 3546 2155 pecu-

1972 2169 2143 2233 niam,
2183 2187 2249 2224 ne
2303 2170 2457 2225 fidem
2506 2171 2714 2240 perdas.
2749 2173 2826 2226 Tu
2877 2173 3103 2229 reddere
3152 2175 3429 2244 pecuniam
3482 2176 3550 2228 ti-

1972 2261 2146 2314 muisti
2170 2303 2182 2324 ,
2210 2271 2264 2315 et
2294 2261 2448 2316 [idem
2475 2263 2701 2332 perde-re
2727 2264 2936 2318 voluisti
2960 2265 2972 2318 !
3000 2264 3253 2337 Martyres
3285 2282 3387 2318 non
3423 2267 3551 2320 alie-

1971 2367 2090 2405 nam
2132 2353 2383 2418 tulernnt,
2414 2355 2504 2408 sed
2538 2355 2693 2409 etiam
2730 2372 2877 2410 suam
2935 2357 3088 2412 fidem
3128 2374 3196 2412 ne
3225 2359 3548 2416 amitterent.

1970 2453 2519 2512 contempserunt:ct
2575 2462 2756 2516 parum
2804 2447 2900 2501 fuit
2970 2449 3188 2518 perdere
3249 2451 3546 2520 pecuniam,

1969 2532 2178 2603 quando
2195 2537 2471 2604 proscripti
2489 2547 2640 2601 sunt;
2673 2537 3020 2607 perdiderunt
3045 2547 3098 2594 et
3119 2541 3348 2593 animam
3373 2554 3545 2606 suam,

1969 2625 2180 2694 quando
2209 2628 2349 2695 passi
2371 2637 2494 2681 sunt
2523 2646 2534 2681 :
2567 2629 2914 2698 perdiderunt
2942 2630 3195 2690 animam,
3226 2631 3356 2684 utin
3385 2633 3544 2685 vitam

1968 2729 2220 2772 a‘ternam
2252 2720 2547 2774 invenirent
2575 2737 2690 2776 eam
2724 2722 2933 2794 (Matth.
2963 2739 3016 2789 κ,
3043 2722 3154 2793 59).
3181 2725 3317 2794 Ergo
3362 2725 3430 2778 ibi
3480 2722 3548 2778 tie
3595 2748 3598 2756 -

1969 2821 2217 2865 muernnt
2261 2812 2348 2866 ubi
2387 2814 2677 2869 timendmn
2710 2827 2813 2870 est.
2845 2817 2920 2871 llli
2971 2833 3099 2873 vero
3141 2819 3229 2888 qui
3281 2819 3549 2874 Christum

1968 2901 2234 2966 dixerunt,
2264 2903 2382 2960 Non
2407 2917 2478 2960 est
2502 2907 2658 2970 Deus,
2688 2910 2756 2962 ibi
2786 2910 3055 2963 timuerunt
3097 2911 3182 2963 ubi
3213 2927 3313 2964 non
3347 2921 3452 2964 erat
3487 2914 3551 2964 ti-

1969 3010 2100 3048 mor.
2133 2995 2388 3052 Dixernnt
2410 2997 2549 3051 enim
2588 3017 2600 3051 :
2633 3000 2691 3054 Si
2712 3001 3047 3054 dimiserimus
3071 3018 3207 3065 eum,
3234 3002 3424 3055 venient
3450 3002 3551 3056 lto-

1969 3085 2125 3147 mani,
2155 3096 2203 3138 et
2229 3087 2402 3141 tollent
2423 3088 2561 3141 nobis
2579 3101 2623 3141 et
2652 3089 2817 3142 locum
2843 3099 2888 3143 et
2904 3108 3117 3160 regnum
3133 3090 3308 3162 (Joan.
3334 3108 3407 3156 XI,
3433 3091 3548 3163 48).

1967 3176 2010 3231 0
2041 3179 2258 3232 stultitia
2291 3188 2344 3247 et
2368 3179 2742 3249 imprudentia,
2791 3182 2973 3236 dicens
3002 3183 3054 3236 in
3083 3184 3233 3236 corde
3262 3200 3353 3236 suo
3381 3199 3400 3236 :
3430 3183 3551 3237 Non

1967 3278 2039 3323 est
2066 3268 2202 3322 Deus
2221 3271 2237 3322 .’
2259 3269 2500 3325 Timuiin
2521 3271 2742 3340 perdere
2764 3283 2984 3340 terram,
3008 3273 3283 3343 perdidisti
3313 3275 3506 3328 cmlnm
3533 3293 3546 3325 ε

1969 3361 2187 3414 tinmisti
2215 3377 2281 3416 ne
2313 3363 2554 3416 venirent
2581 3363 2827 3426 Romani,
2858 3373 2911 3418 et
2954 3364 3203 3420 tollerent
3230 3365 3324 3420 tibi
3373 3365 3547 3420 locum
3636 3396 3638 3398 -

1968 3461 2019 3505 et
2048 3467 2302 3521 regnum;
2337 3453 2588 3523 numquid
2615 3455 2704 3506 tibi
2757 3456 3001 3508 tollerent
3025 3455 3229 3508 Deum?
3253 3454 3386 3522 Quid
3425 3471 3551 3526 ergo

1969 3544 2168 3597 restat?
2192 3542 2346 3610 Quid,
2382 3545 2479 3596 nisi
2512 3552 2568 3596 ut
2611 3543 2824 3598 fatearis
2864 3547 2982 3614 quia
3026 3555 3207 3600 tenere
3241 3546 3449 3600 voluisti
3497 3557 3552 3602 et

1971 3637 2199 3692 tenendo
2226 3638 2364 3691 male
2389 3639 2654 3692 amisisti?
2697 3639 2977 3692 Perdidisti
3021 3641 3162 3694 enim
3193 3651 3248 3695 et
3292 3641 3463 3695 locum
3496 3650 3550 3696 et

1969 3739 2178 3797 gentem
2226 3729 2518 3783 occidendo
2568 3730 2858 3784 Christum.
2902 3730 3157 3785 lllaluistis
3194 3731 3335 3786 enim
3393 3732 3551 3787 Chri-

1969 3830 2106 3873 stum
2139 3821 2402 3884 occidere,
2436 3837 2593 3890 quam
2634 3822 2806 3874 locum
2850 3821 3103 3891 perdere;
3151 3832 3205 3876 et
3247 3824 3550 3892 perdidistis

1923 3899 1932 3912 ’
1972 3913 2140 3965 locum
2181 3923 2234 3964 et
2265 3921 2474 3979 gentem
2529 3921 2582 3965 et
2616 3913 2908 3967 Christum.
2939 3912 3197 3966 Timendo
3238 3914 3551 3970 occiderunt

1969 4001 2234 4055 Christum
2271 4020 2284 4053 ε
2312 4002 2402 4055 sed
2433 4017 2599 4070 quare
2645 4002 2785 4054 hoc?
2818 4000 3067 4068 Quoniam
3112 4003 3243 4058 Deus
3286 4006 3551 4076 dissipavit

1970 4111 2082 4146 ossa
2104 4094 2382 4146 hominibus
2412 4093 2737 4162 placeniium.
2772 4093 3024 4146 Volentes
3060 4097 3268 4162 placere
3314 4096 3544 4152 homini-
3587 4133 3592 4140 ι

1969 4185 2087 4246 bus,
2120 4186 2403 4238 timuerunt
2435 4183 2658 4252 perdere
2708 4183 2901 4237 locum.
2934 4181 3176 4238 Christus
3217 4199 3391 4240 autem
3439 4188 3551 4257 ipse

1971 4276 2035 4328 de
2062 4291 2166 4345 quo
2195 4276 2461 4340 dixerunt,
2494 4273 2612 4326 Non
2639 4284 2709 4326 cst
2739 4274 2895 4338 Deus,
2927 4275 3109 4329 maluit
3137 4276 3422 4347 displicere
3450 4278 3550 4330 ho-

1974 4370 2202 4422 minibus
2233 4370 2443 4428 talilnts,
2501 4367 2684 4434 quales
2724 4368 2798 4420 illi
2851 4378 3038 4430 erant;
3097 4369 3216 4423 filiis
3256 4369 3547 4433 hominum,

1973 4478 2077 4516 non
2126 4461 2244 4514 [iliis
2289 4460 2377 4514 Dei
2406 4459 2590 4512 maluit
2624 4457 2927 4526 displicere.
2960 4459 3084 4514 Inde
3137 4460 3388 4528 dissipata
3428 4469 3552 4515 sunt

1971 4569 2091 4609 ossa
2121 4568 2326 4614 eorum,
2359 4551 2497 4606 illius
2526 4566 2645 4605 ossa
2679 4566 2835 4605 nemo
2861 4551 3142 4618 confregit.
3170 4549 3380 4621 Confusi
3407 4562 3548 4617 sunt,

1971 4644 2208 4716 quoniam
2236 4641 2372 4696 Deus
2391 4643 2574 4710 spreuit
2615 4659 2716 4695 cos.
2771 4642 2992 4701 licvera,
3039 4639 3247 4702 fratres,
3295 4630 3595 4710 quantum"

1973 4741 2037 4792 ad
2065 4739 2184 4792 illos
2209 4737 2416 4801 attinet,
2463 4751 2648 4820 nt'pgna
2683 4734 2787 4787 illis
2813 4733 3039 4788 accessit
3064 4732 3324 4788 confusio.
3361 4734 3415 4788 ln
3447 4752 3552 4804 quo

1975 4831 2090 4883 loco
2119 4829 2492 4882 crnciﬁxerunt
2513 4821 2820 4892 Dominum,
2851 4840 3009 4893 quem
3037 4823 3154 4878 ideo
3176 4826 3553 4880 erucilixerunt

1975 4939 2041 4976 ne
2074 4922 2354 4992 perderent
2387 4931 2440 4975 et
2471 4923 2644 4974 locum
2682 4928 2736 4971 et
2778 4934 3018 4986 regmnn,
3051 4935 3153 4970 non
3198 4917 3265 4971 ibi
3294 4927 3418 4973 sunt
3456 4919 3549 4974 Ju-

1975 5017 2094 5070 dmi.
2125 5014 2265 5068 Deus
2285 5031 2411 5084 ergo
2436 5013 2618 5082 sprevit
2657 5028 2740 5064 eos
2761 5027 2779 5064 :
2811 5020 2864 5065 et
2903 5020 3074 5064 tamen
3125 5012 3422 5080 spernendo
3459 5015 3550 5065 ad-

1977 5109 2179 5161 monuit
2227 5107 2344 5160 illos
2418 5114 2476 5157 ut
2528 5109 2927 5157 coovertantur.
2979 5097 3169 5154 Modo"
3223 5113 3550 5172 cognoscant

1976 5197 2265 5256 Christum,
2313 5203 2366 5249 ct
2403 5195 2599 5256 dicant,
2629 5194 2765 5248 Deus
2806 5201 2920 5257 est;
2952 5208 3106 5260 quem
3133 5191 3397 5251 dixerunt.
3429 5191 3552 5248 Non

1977 5305 2048 5346 est
2081 5292 2238 5347 Deus.
2264 5290 2505 5345 Redeunt
2529 5289 2593 5340 ad
2622 5286 2984 5341 Increditatem
3019 5295 3308 5353 paternam,
3346 5286 3411 5338 ad
3446 5284 3550 5337 ha»

1977 5384 2253 5438 reditatem
2289 5382 2534 5440 Abrahae,
2566 5379 2710 5433 Isaac
2756 5389 2808 5432 et
2847 5377 3046 5438 Jacob;
3092 5377 3392 5445 possideant
3431 5391 3550 5430 cum

1980 5477 2106 5546 ipsis
2133 5476 2292 5528 vitam
2321 5483 2596 5537 aeternam,
2630 5472 2727 5525 etsi
2777 5472 2936 5525 vitam
2978 5469 3319 5537 temporalem
3359 5467 3549 5520 amise-

2043 5653 2057 5683 ι
2094 5651 2245 5698 Nostri
2283 5660 2454 5698 omnes
2486 5655 2611 5706 Mss.,
2635 5654 2678 5696 et
2711 5652 2868 5695 tamen
2905 5643 3170 5708 {tangendo
3202 5636 3460 5708 admonuit.
3503 5647 3551 5691 tu

1981 5714 2202 5776 plerique
2228 5717 2582 5772 prosequuntur
2600 5703 2674 5757 sic
2699 5723 2712 5759 :
2741 5722 2834 5770 quo
2851 5703 3197 5760 erantet-tantur,
3221 5703 3452 5763 quomodo
3482 5716 3552 5750 ro-

1980 5779 2222 5840 gnoscant,
2249 5782 2342 5822 etc.

2863 5847 3155 5928 {VingL}

3457 318 3560 372 618
3624 349 3626 351 -
