4004 6200
418 271 521 327 619

423 400 542 445 runt
594 392 766 453 Quare
812 381 946 456 hoc?
972 379 1102 446 Quia
1124 394 1186 432 ex
1220 376 1339 429 ﬁliis
1368 374 1646 429 hominum
1696 370 1817 424 facti
1868 380 1988 422 sunt

419 485 510 538 lilii
542 484 644 535 Dei.
682 477 807 531 Nam
837 470 1082 543 quamdiu
1114 478 1327 524 manent
1355 476 1410 521 et
1434 465 1638 530 nolunt,
1674 479 1775 516 non
1798 472 1869 515 est
1907 461 1992 531 qui

422 574 573 643 faciat
596 572 800 631 bonum,
843 581 943 617 non
987 572 1058 614 est
1093 575 1250 627 usque
1295 558 1361 611 ad
1406 552 1821 624 unuut:confusi
1854 561 1989 613 sunt,

420 664 654 733 quoniam
680 658 809 711 Deus
829 656 1011 725 sprevit
1039 669 1135 706 eos.
1163 652 1225 705 Et
1255 659 1499 719 tanquam
1519 646 1582 699 ad
1610 646 1752 713 ipsos
1767 657 1990 699 convero

422 732 509 809 sus
538 754 630 817 ait,
666 750 788 815 Quis
824 746 958 799 dabit
1007 761 1068 796 ea:
1098 744 1224 796 Sion
1262 742 1482 794 salutare
1511 736 1715 790 Israel?
1736 733 1780 789 0
1804 732 1949 787 stulti
1974 733 1988 786 !

425 844 729 913 lncrepatis,
790 836 1073 911 insultatis,
1134 831 1498 900 colaphizatis,
1554 827 1723 896 sputis
1766 824 1989 882 illinitis,

421 940 585 1010 spinis
616 933 903 997 coronatis,
951 932 999 982 in
1031 941 1243 981 crucem
1274 922 1508 992 erigitis:
1533 917 1725 989 quem?
1750 915 1873 987 Quis
1903 913 1993 965 da-

423 1004 488 1083 bit
509 1046 570 1082 ea;
594 1026 718 1081 Sion
738 1029 959 1077 salutare
984 1016 1149 1071 Israel
1165 1017 1189 1068 Σ)
1215 1014 1399 1068 Nonne
1441 1012 1552 1081 ipse
1576 1024 1731 1080 quem
1762 1004 1990 1066 dixistis,

425 1122 545 1175 Non
573 1127 640 1172 est
680 1114 856 1169 Deus?
884 1112 948 1164 1η
978 1107 1243 1163 avertendo
1276 1105 1407 1159 Deus
1435 1102 1768 1173 captivitatem
1817 1095 1991 1168 populi

420 1218 516 1270 sui.
547 1214 659 1269 Non
687 1211 827 1265 enim
854 1180 1421 1271 avertit'captivitatem
1450 1196 1627 1268 populi
1652 1195 1754 1259 sui,
1779 1192 1877 1245 nisi
1903 1189 1992 1259 qui

425 1309 594 1361 voluit
638 1307 774 1359 inter
810 1302 1021 1357 vestras
1076 1310 1260 1350 manus
1295 1308 1415 1347 esse
1457 1291 1718 1359 captivus.
1750 1287 1853 1342 Sed
1906 1284 1993 1351 qui

426 1400 525 1451 hoc
559 1391 885 1461 intelligent?
913 1386 1197 1442 Exsultabit
1225 1382 1404 1445 λαβοῦ,
1431 1392 1475 1435 et
1522 1380 1774 1435 [celabitur
1808 1374 1991 1430 Israel.

426 1491 561 1544 Vere
589 1488 757 1559 Jaeolr
782 1492 833 1538 et
880 1497 1003 1537 vere
1059 1478 1236 1543 Israel,
1284 1477 1458 1530 minor
1512 1474 1599 1527 ille
1647 1473 1729 1526 cui
1781 1468 1996 1525 servivit

427 1580 594 1649 major
621 1577 767 1648 (Gen.
798 1592 925 1638 xxv,
958 1573 1073 1639 εὖ),
1121 1572 1233 1640 ipse
1275 1565 1580 1625 exsultabit,
1610 1564 1731 1632 quia
1765 1562 1876 1630 ipse
1901 1575 1995 1613 co-

423 1680 659 1742 gttoscet.

676 1806 1986 1832 _____________________.____.___.____

852 1914 928 1975 IN
975 1912 1113 1973 PSA
1123 1908 1349 1969 LMUM
1395 1906 1531 1965 LIII

990 2029 1402 2086 liN.\llll.\Tl0.

452 1826 673 1836 ...__——-——

924 2180 1094 2220 SlillllO
1139 2180 1204 2217 AD
1244 2173 1504 2214 PHPULUII.

502 2289 552 2341 1.
582 2285 731 2356 lucris.
760 2282 811 2339 1,
838 2276 920 2348 2.]
953 2273 1141 2329 Psalmi
1194 2271 1346 2338 hujus
1376 2267 1557 2321 titulus
1586 2265 1743 2317 habet
1772 2263 1994 2317 fructum

431 2355 743 2448 prolivitatis
770 2387 901 2434 suae,
931 2369 973 2422 si
1003 2365 1321 2433 intelligatur
1344 2378 1357 2416 :
1384 2370 1436 2413 et
1462 2359 1580 2428 quia
1610 2355 1848 2411 Psalmus
1876 2356 1997 2410 bre-

428 2446 506 2526 vis
533 2480 633 2532 est,
665 2474 1071 2534 eompcusemus
1100 2459 1149 2510 in
1183 2470 1326 2510 mora
1356 2451 1489 2506 tituli
1519 2448 1657 2520 quod
1691 2450 1741 2510 in
1790 2446 1998 2502 Psahno

428 2580 536 2617 non
582 2555 1001 2614 innuorahimur.
1032 2548 1159 2602 Inde
1188 2546 1326 2599 enim
1356 2541 1548 2613 pendet
1597 2539 1771 2593 omnis
1814 2550 2000 2591 ver-us

425 2655 512 2724 qui
541 2659 802 2706 cantatur.
835 2645 889 2699 Si
920 2641 1039 2713 quis
1068 2641 1246 2708 itaque
1287 2642 1539 2705 agnoscat
1570 2629 1710 2700 quod
1736 2630 1786 2682 in
1809 2628 1999 2682 domus

436 2722 603 2799 1ιιυιιιθ
631 2740 899 2808 prtelivmu
945 2742 1045 2797 est,
1079 2743 1298 2785 securus
1336 2725 1582 2789 intrabit;
1613 2737 1710 2776 nec
1751 2738 1870 2776 cum
1915 2722 1997 2773 in-

429 2833 664 2901 traverit,
692 2828 909 2884 errabit.
937 2822 1046 2879 Hoc
1070 2822 1209 2876 enim
1243 2820 1293 2871 in
1331 2819 1446 2886 ipso
1474 2821 1623 2881 poste
1652 2821 1998 2882 prmnotatmn

426 2936 527 2987 est,
558 2921 823 2991 quomodo
846 2916 1065 2971 interius
1092 2928 1193 2967 non
1217 2920 1444 2964 erretur.
1470 2905 1677 2962 Titulus
1707 2906 1821 2973 ejus
1846 2911 1921 2960 sic
1942 2922 2000 2960 se

430 3018 583 3069 habet
616 3033 628 3068 :
660 3012 725 3065 In
767 3011 938 3080 ﬁnem,
984 3008 1035 3058 in
1076 3001 1294 3075 hymnis,
1359 2997 1637 3081 intellectus
1678 2997 1775 3061 ipsi
1818 2994 1997 3058 David,

428 3123 541 3158 rum
568 3108 800 3156 venerunt
821 3095 1037 3167 Ziphwi,
1065 3101 1108 3146 et
1135 3092 1364 3143 dixerunt
1393 3086 1458 3139 ad
1482 3085 1610 3139 Saiil
1636 3101 1652 3137 :
1677 3082 1860 3137 Nonne
1893 3100 2002 3136 erce

431 3197 595 3251 David
618 3191 934 3247 absconditus
961 3195 1032 3239 est
1078 3182 1215 3250 apud
1241 3198 1330 3234 nos
1354 3180 1377 3232 ἴ)
1405 3178 1553 3243 Quod
1589 3177 1713 3231 Saill
1755 3190 2002 3244 persecu-

430 3299 513 3343 tor
537 3295 650 3340 erat
699 3280 864 3336 sancti
914 3275 1013 3330 viri
1065 3271 1251 3332 David,
1303 3271 1502 3338 optime
1540 3268 1787 3320 novimus
1819 3284 1831 3320 :
1860 3266 2000 3335 quod

431 3384 647 3449 tigni-am
672 3373 880 3444 gerebat
914 3368 1034 3423 Saitl
1060 3362 1364 3432 temporalis
1397 3360 1563 3428 regni,
1600 3374 1702 3409 non
1724 3356 1789 3410 ad
1820 3358 2001 3422 vitam,

428 3446 518 3526 sed
541 3469 604 3522 ad
637 3473 858 3519 mortem
907 3455 1237 3529 pertinentis,
1284 3462 1336 3506 et
1377 3450 1475 3503 hoc
1505 3448 1708 3501 Vestrae
1748 3446 2002 3500 (Iharitati

437 3578 531 3618 nos
560 3554 965 3614 commendasse
988 3545 1322 3602 meminimus
1350 3539 1443 3611 (η).
1472 3540 1705 3607 Itemque
1730 3535 1870 3607 quod
1889 3538 2003 3606 ipse

434 3652 593 3709 David
628 3649 848 3718 ﬁguram
880 3640 1095 3713 gerebat
1140 3635 1356 3696 Christi,
1388 3633 1466 3686 vel
1508 3629 1747 3699 corporis
1784 3627 2000 3692 Christi,

430 3758 482 3802 et
521 3758 676 3798 nosse
705 3738 930 3798 debetis,
967 3743 1021 3787 et
1048 3731 1284 3785 recolere
1322 3727 1409 3794 qui
1464 3724 1571 3792 jam
1627 3722 1815 3776 nostis.
1868 3721 2002 3787 Quid

433 3853 557 3903 εινριι
580 3830 811 3901 Zipluci?
842 3827 997 3881 Vicus
1037 3820 1247 3892 quidam
1273 3828 1386 3872 erat
1412 3814 1568 3884 Ziph,
1611 3813 1760 3882 cujus
1799 3812 2007 3903 habita-

436 3902 576 3982 tores
601 3921 818 3993 Ziphari,
850 3920 899 3971 in
924 3929 1145 3983 quorum
1176 3910 1392 3979 regione
1436 3921 1492 3959 se
1518 3903 1869 3957 absconderat
1900 3902 2003 3954 Da-

438 4021 549 4086 vid,
574 4032 692 4068 enm
740 4027 860 4065 eum
892 4008 1049 4062 vellet
1095 4005 1218 4057 Sai'tl
1246 3999 1480 4055 invenire
1509 4008 1563 4053 et
1609 3996 1870 4050 occidere.
1918 3995 2004 4049 lsti

436 4125 561 4179 ergo
585 4103 782 4174 Ziphtei
811 4117 931 4155 cum
961 4099 1062 4152 hoe
1084 4095 1472 4164 cognovissent,
1514 4088 1862 4158 prodiderunt
1886 4102 2006 4140 eum

438 4178 545 4270 regi
573 4191 915 4268 persecutori,
945 4189 1203 4251 dicentes,
1248 4183 1430 4237 Nonne
1472 4197 1582 4233 ecce
1599 4178 1764 4232 David
1801 4179 2008 4231 abscon-

437 4294 570 4347 ditus
614 4298 687 4343 est
738 4283 875 4355 apud
915 4298 1004 4334 nos
1054 4280 1093 4351 (1
1128 4279 1249 4344 Reg.
1281 4292 1426 4338 χχιιι,
1470 4275 1555 4337 11,
1592 4273 1677 4335 15,
1716 4271 1828 4341 19)?
1869 4270 2007 4324 Nihil

438 4385 647 4454 quidem
707 4376 899 4448 profuit
940 4372 1043 4426 illis
1094 4369 1317 4439 proditio
1354 4383 1562 4432 eorum,
1609 4375 1663 4419 et
1702 4365 1799 4433 ipsi
1848 4363 2007 4416 David

440 4476 564 4531 nihil
593 4468 780 4527 obfuit.
814 4466 1051 4532 Namque
1074 4462 1277 4512 animus
1301 4474 1483 4511 eorum
1507 4457 1764 4525 malignus
1785 4455 2004 4509 demon-

440 4580 634 4622 εει-ηεαδ
654 4574 772 4618 est:
806 4556 929 4614 Sail
983 4568 1108 4607 vero
1153 4566 1249 4603 nec
1293 4558 1413 4618 post
1445 4563 1626 4601 eorum
1658 4546 2007 4615 proditionem

441 4658 608 4727 potuit
647 4646 1098 4721 comprehendere
1147 4640 1305 4695 David
1336 4655 1349 4703 ;
1380 4637 1469 4692 sed
1522 4637 1693 4705 potius
1745 4637 1797 4689 in
1845 4637 2010 4704 ipsius

444 4746 668 4813 regionis
718 4741 941 4812 quadam
995 4736 1263 4806 spelunca,
1306 4746 1422 4784 cum
1451 4728 1565 4799 ejus
1593 4727 1835 4781 manibus
1860 4728 2011 4780 datus

443 4844 581 4889 esset
629 4830 946 4887 oeeideudus
992 4825 1137 4890 sunt,
1171 4819 1404 4892 pepercit
1455 4819 1522 4872 ibi
1566 4817 1749 4879 David,
1779 4828 1830 4871 et
1873 4817 2010 4885 quod

446 4926 670 4983 habebat
713 4926 763 4976 in
796 4930 1050 4990 potestate
1079 4934 1180 4971 non
1228 4914 1353 4969 fecit
1402 4912 1420 4983 (
1453 4909 1537 4964 Id.
1583 4927 1726 4976 ntv,
1751 4911 1784 4964 4
1811 4907 1887 4981 8).
1924 4909 2013 4963 Ille

443 5028 618 5073 autem
642 5013 908 5083 querebat
937 5009 1109 5063 facere
1135 5004 1271 5077 quod
1317 5005 1366 5058 in
1394 5011 1651 5072 potestate
1683 5017 1783 5055 non
1810 5000 2010 5053 habuit.

447 5109 642 5179 Ziphzri
672 5120 797 5174 ergo
825 5101 1049 5156 viderint
1073 5098 1253 5168 illiqui
1274 5096 1469 5151 fuerint
1494 5113 1505 5147 :
1534 5109 1666 5164 quos
1696 5092 1846 5147 nobis
1873 5091 2018 5145 l’sal-

447 5220 564 5258 llttlS
593 5215 660 5254 ex
711 5198 917 5251 illorum
951 5194 1229 5274 occasione
1276 5188 1641 5259 intelligendos
1688 5185 1893 5249 oﬂ‘erat,
1938 5184 2015 5236 vi-

446 5297 687 5349 deatnus.

516 5388 570 5440 9..
600 5384 653 5438 Si
676 5390 974 5451 (puri-amns
1000 5389 1124 5442 ergo
1160 5371 1283 5439 quid
1334 5371 1745 5438 interpretentur
1796 5365 2039 5432 Ziphmi,‘

522 5425 570 5440 α.

451 5475 743 5533 invenimus
774 5468 1066 5522 Florentes.
1104 5462 1378 5516 Florentes
1419 5476 1546 5528 ergo
1573 5458 1750 5512 nescio
1789 5457 1879 5523 qui
1935 5456 2022 5508 ini-

454 5572 575 5629 tnici
618 5575 768 5623 erant
796 5570 977 5617 sancto
1010 5556 1191 5619 David,
1245 5556 1495 5610 ﬂorentes
1545 5549 1745 5605 latenti.
1779 5548 2021 5602 lm'euia-

516 5724 585 5783 (tt)
618 5730 780 5782 Supra,
807 5720 852 5765 ln
868 5720 1001 5763 Ettttt'.
1023 5714 1069 5760 in
1094 5714 1208 5759 l’sal.
1234 5724 1294 5770 ιι,
1322 5721 1368 5755 u.
1399 5708 1415 5754 1
1444 5713 1492 5753 et
1515 5704 1562 5751 9..

1650 258 1703 312 S.
1750 251 2106 334 ΑΙἮὈἏᾙΝΙ
2148 250 2443 307 EPISCOPI

3551 247 3674 305 139.0

2103 383 2217 420 mus
2247 383 2337 419 eos
2380 368 2429 420 in
2475 382 2666 434 genere
2722 366 2969 428 humano,
3009 366 3047 417 si
3079 366 3343 421 Psalmum
3373 364 3675 435 intelligere

2101 459 2360 511 volumus.
2397 458 2732 513 luveniamns
2790 459 2872 512 hic
2904 459 3072 527 primo
3107 458 3267 512 David
3319 459 3588 518 latentem,
3621 468 3678 510 ct

2103 551 2428 605 inveniemus
2473 552 2519 603 ei
2545 551 2878 605 adversarios
2924 549 3192 605 ﬂorentes.
3227 548 3451 603 Attende
3503 549 3672 602 David

2105 641 2351 696 latentem
2386 660 2398 697 :
2434 641 2623 695 Mortui
2646 643 2776 697 enim
2796 644 2926 706 estis,
2959 643 3086 696 dicit
3108 641 3392 712 Apostolus
3419 641 3676 697 membris

2100 733 2320 798 Christi,
2343 744 2389 787 et
2426 734 2521 793 vita
2549 745 2707 787 vestra
2731 733 3021 786 abscondita
3036 742 3107 785 est
3122 748 3234 785 cum
3255 730 3450 785 Christo
3471 732 3521 784 in
3544 731 3673 785 Dea.

2105 824 2189 877 Isti
2217 840 2341 893 ergo
2375 826 2597 880 latentes
2625 825 2833 895 quando
2867 835 3022 880 erunt
3061 825 3346 880 ﬂorentes?
3373 825 3495 878 Cant
3524 824 3678 880 Clu-i-

2101 926 2197 979 tas,
2229 917 2412 985 inquit,
2437 919 2727 988 apparuerit
2760 917 2860 970 vita
2889 928 3069 981 vestra,
3116 926 3234 970 tunc
3254 927 3299 970 et
3326 934 3412 970 vos
3443 933 3555 970 cum
3581 916 3677 970 illo

2101 1010 2401 1079 apparebitis
2432 1011 2480 1063 in
2511 1010 2674 1079 gloria
2716 1009 2930 1079 (Coloss.
2963 1026 3039 1071 nt,
3068 1011 3119 1066 ὅ.
3143 1008 3220 1079 4).
3262 1008 3483 1076 Quando
3518 1019 3681 1062 erunt

2105 1101 2186 1153 isti
2222 1101 2490 1167 ﬂorentes,
2527 1112 2648 1155 tunc
2674 1111 2830 1155 erunt
2855 1101 2926 1154 illi
2959 1100 3157 1169 Ziphmi
3195 1109 3518 1154 arescentes.
3574 1099 3677 1155 Cui

2103 1210 2327 1264 namque
2358 1196 2472 1250 ﬂori
2511 1196 2716 1250 illorum
2773 1205 3108 1265 comparetur
3147 1194 3333 1266 gloria,
3373 1194 3681 1248 attendite:

2105 1285 2281 1341 Omnis
2316 1304 2433 1341 raro
2459 1289 2649 1356 fenum,
2690 1298 2734 1343 et
2769 1288 2928 1342 onmis
2956 1288 3117 1340 Itonar
3139 1286 3304 1339 carnis
3334 1294 3385 1338 ut
3426 1286 3523 1355 ﬂos
3552 1287 3685 1356 feni.

2102 1375 2230 1440 Quis
2259 1378 2413 1430 linis?
2450 1376 2495 1430 F
2498 1395 2645 1431 eumn
2683 1379 2835 1442 aruit,
2870 1389 2916 1430 et
2940 1380 3035 1447 ﬂos
3065 1378 3268 1430 decidit.
3294 1376 3390 1431 Ubi
3422 1386 3545 1443 tunc
3574 1378 3689 1429 erit

2104 1468 2303 1522 David?
2353 1470 2482 1524 Vide
2527 1469 2651 1539 quid
2700 1471 2978 1539 sequitur:
3013 1468 3225 1521 Vin-bum
3264 1479 3431 1523 autem
3470 1466 3688 1521 Domini

2103 1572 2268 1615 manet
2286 1564 2340 1616 in
2382 1571 2623 1616 (uernum
2670 1561 2823 1630 (Isai.
2856 1578 2937 1625 η,
2968 1561 3022 1627 6,
3049 1563 3123 1627 8).
3147 1561 3236 1615 Illa
3269 1576 3396 1631 ergo
3438 1561 3544 1615 duo
3585 1576 3688 1632 ge-

2104 1668 2228 1707 nera
2258 1654 2529 1708 hominum
2566 1666 2705 1718 sunt,
2737 1669 2854 1725 quze
2893 1662 2948 1708 et
2984 1653 3309 1723 distinguere
3357 1652 3581 1720 debetis,
3624 1663 3690 1707 et.
3758 1671 3764 1676 ·

2104 1760 2284 1797 eorum
2313 1745 2537 1799 alterum
2563 1745 2777 1812 eligere.
2804 1744 2938 1809 Quid
2961 1745 3103 1798 enim
3134 1743 3226 1797 tibi
3254 1742 3469 1810 prodest
3494 1758 3682 1805 nosse.

2104 1836 2147 1887 si
2174 1836 2368 1904 eligere
2397 1837 2541 1906 piger
2569 1836 2664 1887 es?
2694 1835 2755 1888 Et
2776 1834 2987 1905 quidem
3020 1849 3158 1887 nunc
3187 1831 3417 1902 eligendi
3443 1843 3689 1902 potestas

2105 1927 2309 1994 adjacet
2341 1944 2353 1980 :
2385 1927 2563 1981 veniet
2603 1935 2809 1995 tempus
2851 1925 3064 1995 quando
3118 1924 3207 1978 tibi
3238 1934 3469 1993 potestas
3507 1923 3688 1978 deerit.

2104 2018 2350 2086 eligendi,
2374 2032 2492 2071 cum
2514 2017 2622 2087 jam
2667 2018 2805 2071 Deus
2831 2017 3143 2071 sententiam
3178 2028 3279 2067 non
3309 2014 3514 2068 diﬂcret
3536 2016 3688 2083 judi-

2104 2109 2276 2161 eaudi.
2305 2108 2401 2175 Qui
2429 2118 2551 2161 sunt
2574 2109 2715 2163 enim
2748 2108 2832 2162 isti
2872 2099 3119 2162 ﬂorentes
3145 2105 3367 2175 Ziphmi,
3418 2106 3515 2160 nisi
3560 2122 3687 2160 coro

2108 2217 2203 2266 pus
2231 2201 2357 2254 illud
2406 2200 2581 2255 Doech
2624 2200 2859 2265 ldumtei,
2905 2199 2971 2254 de
3007 2215 3111 2267 quo
3148 2200 3257 2269 jam
3298 2200 3454 2253 locuti
3497 2216 3690 2256 Stiuas

2104 2292 2356 2345 Cbaritati
2392 2292 2592 2347 Vestra:
2620 2301 2742 2346 ante
2767 2306 2958 2360 paucos
2985 2292 3100 2346 dies
3118 2291 3197 2359 (ιι)
3225 2308 3238 2344 :
3268 2290 3336 2345 de
3356 2304 3462 2360 quo
3479 2290 3688 2345 dictum

2105 2392 2201 2445 est,
2234 2377 2365 2437 Ecce
2387 2385 2533 2437 homo
2558 2384 2642 2450 qui
2680 2401 2778 2437 non
2796 2384 2966 2452 posuit
2991 2382 3153 2435 Deum
3186 2383 3471 2453 adjutorem
3509 2400 3684 2446 suum,

2103 2474 2191 2529 sed
2213 2475 2424 2545 speravit
2457 2474 2509 2527 in
2536 2474 2856 2527 multitudine
2885 2474 3172 2527 divitiarum
3196 2488 3426 2536 suarum,
3462 2484 3510 2526 et
3550 2490 3692 2543 prat-

2104 2564 2258 2618 valait
2281 2565 2333 2618 in
2354 2565 2573 2617 vanitate
2600 2564 2735 2635 sua?
2767 2563 2853 2617 Isti
2888 2573 3011 2617 sunt
3048 2562 3299 2617 ﬂorentes
3346 2562 3436 2615 ﬂlii
3478 2564 3687 2627 smeuli,

2105 2670 2237 2725 quos
2260 2655 2420 2708 modo
2442 2671 2505 2708 ex
2534 2653 2820 2724 Evangelia
2857 2654 3077 2707 audistis
3107 2654 3224 2721 quia
3256 2655 3305 2706 in
3328 2667 3420 2707 sua
3457 2668 3689 2724 genera-

2110 2749 2254 2801 tione
2287 2748 2301 2777 ¹
2333 2746 2616 2801 astutiores
2645 2755 2766 2800 sunt
2796 2744 2915 2799 [iliis
2950 2744 3101 2799 lucis.
3134 2745 3340 2817 Etenim
3363 2745 3461 2814 ipsi
3496 2745 3686 2799 viden-

2109 2848 2192 2893 tur
2220 2840 2519 2908 prospicere
2561 2839 2611 2892 in
2645 2847 2937 2906 posterum,
2964 2852 3068 2906 quo
3097 2837 3341 2891 nesciunt
3380 2846 3556 2891 utrum
3592 2853 3694 2892 ve-

2109 2934 2273 2986 niant.
2303 2930 2536 2986 Audistis
2556 2929 2680 3000 quid
2708 2928 2895 2985 fecerit
2930 2927 3147 2985 domino
3190 2944 3290 2982 suo
3342 2928 3549 2983 villicus
3593 2927 3693 2983 ille

2111 3024 2308 3077 l‘aeiens
2348 3022 2446 3076 sibi
2474 3024 2495 3052 ²
2522 3021 2716 3076 b0uum
2739 3021 2807 3075 de
2830 3036 2890 3075 re
2915 3019 3111 3074 domini
3138 3019 3240 3083 sui,
3267 3028 3322 3074 et
3339 3020 3565 3088 largiens
3588 3020 3689 3074 de-

2112 3112 2369 3167 bitoribus
2402 3112 2558 3176 itlius,
2590 3120 2648 3165 ut
2679 3126 2797 3165 eum
2841 3121 3051 3165 amotus
3095 3119 3238 3165 esset
3264 3124 3294 3163 a
3338 3110 3688 3172 villieatione.

2108 3206 2463 3273 susciperetur
2490 3201 2556 3257 ab
2579 3204 2677 3256 eis.
2718 3202 2784 3255 Et
2808 3202 3052 3271 quamvis
3081 3199 3317 3255 fraudem
3361 3199 3547 3256 fecerit
3584 3200 3695 3253 do-

2108 3297 2252 3351 mino
2281 3310 2397 3358 suo,
2429 3303 2601 3350 tamen
2622 3310 2716 3349 cor
2745 3294 2859 3365 ejus
2886 3293 3117 3348 laudavit
3144 3292 3393 3372 dominus
3411 3294 3549 3362 ejus,
3575 3309 3689 3350 non

2109 3387 2385 3441 attendens
2413 3387 2478 3441 ad
2522 3387 2771 3441 damnum
2817 3401 2991 3451 suum,
3023 3385 3117 3440 sed
3145 3385 3211 3439 ad
3251 3385 3366 3455 ejus
3394 3385 3689 3457 ingenium.

2110 3478 2316 3544 Quanto
2344 3478 2507 3548 magis
2537 3492 2634 3532 nos
2652 3477 2934 3539 debemus,
2959 3477 3073 3546 ipso
3093 3476 3314 3530 Domino
3348 3484 3528 3531 nostro
3555 3476 3695 3531 .lesu

2108 3571 2322 3627 Christo
2345 3570 2684 3636 admonente,
2717 3567 2891 3624 facere
2919 3569 3075 3623 nobis
3100 3568 3305 3623 amicos
3328 3567 3396 3623 de
3423 3582 3696 3623 mammo-

2112 3681 2176 3719 na
2199 3666 2487 3735 iniquitatis
2519 3663 2668 3736 (Luc.
2698 3680 2803 3728 xvi,
2828 3664 2883 3730 8,
2914 3664 2999 3731 9)?
3035 3664 3333 3719 Mammona
3371 3665 3511 3720 enim
3547 3665 3697 3719 divi-

2112 3758 2197 3811 tia:
2248 3758 2680 3826 interpretantur.
2722 3755 2926 3825 Nostras
2964 3764 3140 3809 autem
3183 3755 3383 3809 divitiae
3428 3755 3496 3809 ibi
3536 3766 3692 3822 sunt,

2112 3849 2199 3903 ubi
2220 3857 2302 3903 est
2326 3847 2517 3901 domus
2543 3856 2720 3899 nostra
2747 3841 2949 3899 acterna
2979 3845 3029 3898 in
3061 3845 3232 3911 etatis.
3266 3845 3495 3901 Proinde
3521 3860 3696 3916 pecu-

2111 3939 2250 3991 niam
2275 3937 2618 4006 temporalem
2641 3934 2714 3988 illi
2739 3934 3006 4004 appellaut
3032 3934 3262 4000 divitias,
3310 3936 3396 4004 qui
3425 3936 3523 3988 nisi
3546 3943 3698 3989 tem-

2115 4029 2367 4098 poraliter
2390 4028 2578 4083 ﬂorere
2607 4042 2710 4080 non
2739 4034 2980 4095 possunt,
3010 4040 3107 4080 nec
3136 4026 3187 4078 in
3204 4036 3464 4080 mternum
3488 4026 3588 4081 sibi
3618 4042 3699 4083 ex

2116 4121 2196 4174 his
2219 4120 2419 4174 amicos
2449 4118 2621 4172 lacere
2650 4118 2849 4180 volunt,
2879 4117 2998 4186 quia
3028 4131 3180 4170 veras
3213 4116 3428 4171 divitias
3462 4133 3567 4171 non
3592 4134 3698 4169 no-

2114 4220 2322 4265 verunt.
2360 4209 2463 4263 llas
2515 4223 2641 4277 ergo
2679 4207 2890 4262 divitias
2932 4208 3043 4262 sola
3073 4207 3093 4238 ³
3120 4208 3364 4278 iniquitas
3402 4209 3696 4277 putat,ﬂo-

2113 4317 2237 4355 rens
2281 4300 2345 4355 ad
2397 4310 2603 4368 tempus
2639 4312 2697 4354 ut
2721 4298 2920 4354 fenum.
2973 4299 3038 4353 Hi
3075 4308 3199 4354 sunt
3248 4300 3445 4371 Zipbcei
3491 4301 3696 4356 inimici

2118 4391 2301 4458 David.
2333 4391 2584 4444 ﬂorentes
2606 4390 2657 4443 in
2688 4390 2903 4444 sazeulo.

2186 4486 2237 4537 5.
2282 4483 2387 4535 llos
2414 4480 2696 4551 aliquando
2715 4481 2992 4536 attendunt
3013 4486 3171 4537 etiam
3201 4481 3295 4537 11111
3317 4476 3446 4538 lucis
3468 4484 3692 4550 inﬁrmi,

2115 4584 2167 4627 et
2190 4581 2373 4626 nutant
2394 4573 2470 4625 eis
2494 4571 2673 4640 pedes,
2703 4587 2824 4626 eum
2854 4571 3084 4625 viderint
3112 4573 3280 4627 mans
3310 4572 3560 4629 felicitate
3590 4576 3695 4628 llo-

2118 4658 2268 4724 rere‘;
2300 4671 2356 4716 et
2381 4662 2563 4716 dicunt
2590 4662 2728 4731 apud
2765 4662 2968 4731 seipsos
2994 4678 3006 4714 :
3032 4662 3168 4728 Quid
3200 4663 3328 4717 mihi
3354 4664 3569 4733 prodest
3608 4666 3696 4717 1η-

2120 4754 2398 4810 nocentia?
2424 4754 2559 4820 Quid
2602 4756 2728 4807 mihi
2771 4754 2975 4808 confert
3002 4755 3141 4824 quod
3187 4755 3296 4810 Deo
3324 4756 3519 4820 servio,
3549 4759 3698 4826 quod

2120 4847 2361 4901 mandata
2391 4847 2505 4914 ejus
2524 4846 2783 4909 custodio,
2817 4845 2955 4915 quod
2980 4847 3243 4899 nominent
3268 4861 3470 4915 premo,
3494 4849 3702 4904 nemini

2120 4938 2316 5007 aliquid
2339 4940 2505 5007 rapio,
2538 4938 2662 4991 nulli
2695 4952 2882 5002 noceo,
2905 4938 3041 5006 quod
3077 4953 3287 5007 possum
3312 4939 3551 5009 praesto?
3570 4954 3705 4994 ecca

2125 5022 2236 5084 hinc
2290 5031 2464 5082 omnia
2505 5029 2657 5094 facio,
2711 5040 2765 5083 et
2814 5028 3003 5082 florent
3044 5028 3140 5091 illi,
3187 5043 3286 5098 ego
3330 5028 3532 5084 laboro.
3560 5028 3702 5097 Quid

2124 5121 2263 5173 enim
2286 5119 2309 5170 ‘t
2334 5119 2396 5172 Et
2422 5128 2472 5171 tu
2501 5117 2747 5187 Ziphteus
2770 5117 2934 5171 velles
2963 5117 3125 5170 esse?
3153 5116 3372 5170 Floreat
3395 5118 3447 5171 in
3475 5119 3703 5183 sacculo,

2125 5220 2365 5265 arescent
2388 5210 2439 5262 in
2467 5208 2687 5276 judicio,
2716 5218 2769 5262 et
2792 5217 2909 5277 post
2933 5208 3230 5263 ariditatezn
3261 5208 3311 5261 in
3342 5208 3516 5278 ignem
3546 5219 3708 5263 :rter-

2128 5318 2248 5355 num
2282 5301 2554 5355 mittentur
2585 5316 2599 5352 :
2627 5297 2728 5353 hoe
2771 5299 2934 5353 velles
2959 5308 3012 5352 et
3059 5299 3151 5352 tu?
3196 5298 3407 5368 Ignoras
3448 5298 3573 5368 quid
3608 5296 3706 5350 tibi

2191 5456 2206 5484 ¹
2245 5453 2405 5500 1³1⁸01)τὲ
2424 5457 2549 5499 uotae
2570 5457 2693 5508 Mss,
2717 5447 2765 5498 in
2781 5461 2865 5499 suo
2887 5448 3149 5499 astutiores.
3177 5449 3370 5508 Quidam
3412 5446 3462 5498 in
3503 5459 3589 5499 suo
3622 5458 3709 5510 ge-

2126 5527 2421 5623 nczebmnes
2440 5584 2588 5635 prope
2601 5578 2731 5635 Mssa
2755 5584 2821 5635 se.

2195 5638 2214 5669 ³
2247 5639 2317 5685 sic
2338 5632 2450 5684 Mss.
2467 5632 2684 5685 arma.
2707 5634 2846 5682 solas.

2199 5700 2269 5761 (α)
2305 5696 2417 5745 vide
2440 5707 2600 5759 supra,
2626 5701 2760 5743 Euar.
2781 5693 2898 5744 Psal.
2925 5708 2985 5755 ιι,
3011 5707 3056 5743 n.
3090 5695 3160 5744 13.
