4004 6200
334 287 424 339 tm
1427 282 1814 338 ENARRATIO
1858 285 1918 338 ix
1962 286 2280 345 essanun
2320 288 2451 346 Lllt.

330 401 637 466 promiserit
662 399 747 475 qui
776 400 840 454 ad
868 410 919 456 te
942 400 1085 455 venit
1108 400 1146 464 ί,
1175 396 1297 469 quid
1320 397 1370 451 in
1399 398 1576 466 seipse
1608 396 1691 450 hic
1716 406 1896 471 osten-

328 492 503 546 derit?
523 493 577 546 Si
603 492 697 546 ﬂos
720 492 1050 563 Ziphtcorum
1082 489 1407 561 appetendos
1433 498 1595 553 esset,
1639 489 1750 557 ipse
1800 489 1903 542 Do-

327 586 501 638 tninus
535 595 653 638 tuus
679 601 852 640 nonne
894 595 946 639 ct
989 586 1039 639 in
1080 584 1180 637 hoc
1212 581 1407 635 szeculo
1455 579 1754 634 ﬂoruisset?
1802 584 1905 635 Aut

331 694 452 731 vero
479 677 661 732 deerat
691 678 761 732 illi
793 677 874 732 hic
898 692 1050 747 posse
1071 674 1303 730 ﬂorere?
1323 673 1425 729 Sed
1460 675 1542 728 hic
1563 674 1746 727 maluit
1767 674 1904 727 inter

332 771 577 839 Ziplnros
607 771 792 837 latere,
813 784 864 824 ct
899 772 1076 824 dicere
1110 768 1296 822 Pontio
1322 767 1490 821 Pilato
1531 766 1899 835 interroganti,

326 874 579 932 tanquam
627 871 680 915 et
724 862 821 932 ipsi
874 859 991 916 ﬂori
1025 860 1391 930 Zipbzeot'um,
1438 867 1491 911 et
1535 866 1780 925 suspecto
1835 856 1903 910 de

325 968 490 1021 regno
534 952 647 1023 ejus
677 970 690 1004 :
720 953 951 1023 Regnum
996 969 1159 1005 meum
1204 967 1303 1004 non
1351 960 1422 1004 est
1467 949 1530 1003 de
1571 949 1664 1003 hoc
1715 948 1902 1001 mundo

322 1043 507 1112 (Joan.
535 1060 689 1109 xvnt,
732 1044 844 1113 56).
878 1045 1016 1113 Ergo
1056 1044 1139 1096 hic
1185 1043 1382 1098 latebat
1413 1059 1426 1092 :
1457 1050 1511 1095 et
1548 1056 1734 1094 omnes
1777 1039 1899 1094 boni

326 1138 493 1193 latent
520 1139 624 1202 hic,
656 1139 775 1209 quia
803 1138 994 1192 bonum
1023 1152 1207 1190 eorum
1234 1136 1373 1190 intus
1400 1144 1501 1213 est,
1532 1132 1900 1188 absconditum

323 1241 430 1296 est,
464 1231 516 1284 in
552 1232 714 1285 corde
740 1240 840 1295 est,
874 1230 959 1283 ubi
1006 1229 1158 1293 lides,
1188 1228 1278 1283 ubi
1325 1225 1577 1293 charitas,
1622 1224 1712 1279 ubi
1755 1212 1898 1293 spes,

326 1325 415 1377 ubi
460 1327 738 1379 thesaurus
770 1325 1000 1377 illorum.
1041 1319 1305 1390 Numquid
1338 1319 1455 1374 hcce
1481 1319 1615 1373 bona
1645 1324 1902 1387 apparent

327 1416 380 1467 in
413 1415 650 1468 sarculo?
685 1416 747 1468 Et
774 1413 887 1468 haec
922 1414 1057 1467 bona
1088 1414 1272 1479 latent,
1315 1421 1369 1464 et
1410 1410 1597 1464 borum
1639 1409 1898 1463 bonorum

327 1522 536 1561 merces
567 1507 712 1561 latet.
738 1509 804 1560 At
833 1488 958 1559 vero
996 1505 1224 1573 dignitas
1264 1504 1443 1559 surculi
1470 1503 1736 1573 quomodo
1781 1502 1899 1555 alba

323 1599 447 1653 est?
467 1597 607 1651 Nitet
635 1597 699 1651 ad
729 1611 934 1666 tempus
967 1615 979 1650 :
1007 1596 1257 1666 nmnquid
1289 1611 1499 1663 semper
1527 1594 1745 1649 nitebit?
1770 1594 1900 1647 Iler-

324 1691 393 1745 ba
425 1703 505 1745 est
525 1690 785 1751 hiemalis,
808 1704 974 1760 usque
994 1689 1059 1743 ad
1088 1698 1325 1744 aestatem
1346 1688 1498 1744 viret.
1523 1687 1634 1742 Non
1663 1703 1788 1756 ergo
1812 1689 1903 1740 tiat

326 1783 379 1835 in
422 1782 599 1834 animo
639 1781 776 1851 quod
816 1782 866 1834 in
898 1782 1003 1834 alio
1035 1782 1236 1850 p5almo
1258 1780 1574 1835 invenimus.
1606 1779 1901 1833 Cotiﬂtetut‘

324 1872 468 1926 enim
498 1871 708 1943 quidam
739 1886 902 1941 proiie
927 1886 985 1926 se
1008 1870 1264 1937 cecidisse
1287 1880 1581 1934 nutantem,
1607 1880 1661 1926 et
1693 1871 1899 1924 labassc

320 1978 537 2033 gressus
565 1978 692 2018 suos
735 1964 1062 2017 ambulantes
1101 1964 1150 2016 in
1196 1964 1278 2016 via
1329 1963 1438 2030 Dei,
1481 1963 1603 2017 dum
1640 1963 1901 2032 aspiceret

322 2054 507 2110 ﬂorem
534 2054 814 2124 quemdam
843 2053 1249 2123 felicitatemque
1279 2053 1573 2123 iniquorum
1623 2072 1635 2108 :
1682 2063 1734 2108 et
1759 2063 1900 2123 post-

319 2163 545 2217 eaquam
599 2150 847 2216 Cognovit
908 2146 1032 2215 quid
1097 2146 1288 2215 iniquis
1338 2146 1390 2199 in
1451 2146 1604 2200 linem
1661 2156 1900 2199 servaret

322 2238 488 2304 Deus,
512 2250 565 2293 et
592 2237 716 2308 quid
756 2237 916 2308 justis
939 2237 1300 2291 laborantibus
1324 2237 1655 2307 promitteret
1682 2239 1769 2306 qui
1799 2237 1897 2290 hil-

316 2330 433 2383 lere
460 2344 562 2383 non
594 2337 783 2399 potest.
814 2342 976 2396 agens
1003 2326 1199 2396 gratias
1228 2326 1293 2381 de
1319 2329 1416 2381 hac
1440 2327 1762 2397 cognitione,
1784 2329 1855 2379 ait
1883 2346 1896 2381 :

316 2418 488 2487 Quam
518 2420 673 2473 bonus
693 2417 824 2471 Dens
850 2416 1013 2471 Israel
1034 2418 1180 2470 rectis
1207 2418 1393 2472 corde!
1420 2418 1592 2484 Quare
1614 2418 1711 2472 hoc
1732 2416 1900 2473 (ill‘i.\?

316 2509 428 2563 Mei
472 2520 657 2572 autent,
700 2508 887 2578 inquit,
921 2524 1043 2577 pene
1079 2508 1310 2563 commoti
1356 2521 1469 2560 sunt
1508 2509 1672 2577 pedes.
1712 2508 1899 2563 Unde?

316 2601 456 2669 Quia
481 2600 637 2653 εειαυὶ
662 2599 713 2652 in
741 2598 1096 2668 peccatoribus,
1124 2615 1293 2668 pacem
1322 2612 1634 2666 peccatorum
1678 2602 1894 2653 intuens.

312 2691 625 2746 Conlirmati
658 2702 780 2744 sunt
800 2700 974 2744 autem
999 2705 1212 2759 gressus
1243 2690 1376 2756 ejus,
1414 2703 1594 2759 postea
1626 2708 1781 2759 quam
1815 2692 1897 2744 in-

316 2784 523 2839 tellexit
548 2784 598 2836 in
631 2781 942 2836 noviSsima.
985 2780 1136 2846 Quod
1176 2781 1315 2834 enim
1369 2780 1421 2833 in
1453 2781 1638 2835 eodem
1692 2783 1897 2851 psalmo

312 2878 476 2947 paulo
511 2886 627 2945 post
655 2876 803 2940 dicit,
844 2874 951 2929 Hoc
979 2873 1120 2927 labor
1144 2884 1215 2927 est
1240 2885 1356 2927 ante
1380 2890 1497 2928 me:
1545 2875 1594 2928 id
1642 2884 1739 2940 est,
1785 2892 1896 2928 ma-

311 2986 416 3042 gna
455 2970 582 3024 mihi
633 2969 856 3040 qumstio
897 2968 1127 3023 surrexit
1156 2968 1204 3020 in
1242 2967 1423 3032 corde,
1457 2983 1619 3037 quare
1656 2969 1897 3023 Ιιιιιιιίιιιιε

312 3064 452 3117 male
494 3062 709 3121 faciunt,
738 3071 792 3114 et
818 3060 870 3113 in
901 3059 1099 3115 Stcculo
1128 3058 1350 3122 ﬂorent;
1382 3057 1529 3113 multi
1560 3071 1733 3113 autem
1759 3061 1895 3115 bene

309 3163 495 3224 agunt,
525 3164 576 3206 et
598 3153 648 3205 in
673 3152 770 3205 hac
798 3124 934 3205 terra
964 3150 1222 3205 laborant.
1242 3149 1476 3216 Qumstio
1496 3166 1622 3220 ergo
1649 3151 1744 3203 ista
1770 3165 1891 3205 cum
1920 3167 1926 3173 '

310 3261 502 3315 niagna
551 3254 695 3299 esset
727 3255 851 3298 ante
872 3242 1072 3298 'oeulos
1102 3257 1272 3307 meos,
1304 3252 1356 3297 et
1387 3242 1649 3296 laboriosa
1697 3242 1761 3296 ad
1809 3243 1892 3295 in-

310 3338 677 3408 vestigandum
699 3353 714 3401 ;
735 3335 901 3390 Labor
913 3346 1005 3400 est,
1026 3335 1211 3405 inquit,
1229 3346 1344 3389 ante
1361 3352 1457 3401 me,
1474 3335 1631 3389 donec
1650 3335 1893 3388 introeant

309 3435 361 3485 in
389 3431 733 3485 sanctuarium
776 3427 888 3495 Dei,
929 3437 974 3481 et
1016 3427 1291 3498 intelligam
1318 3428 1369 3480 in
1414 3427 1680 3481 novissima
1720 3422 1888 3496 (Psnl.

310 3540 489 3584 uxn,
547 3523 720 3591 l-l7).
768 3520 896 3588 Qua:
940 3527 1065 3573 sunt
1111 3520 1208 3573 ista
1242 3518 1571 3574 novissima?
1616 3518 1764 3584 Quir,
1791 3518 1889 3571 nisi

274 3630 279 3633 ‘
306 3632 429 3685 quae
456 3613 654 3668 scimus
678 3613 784 3681 jam
812 3612 862 3666 in
895 3610 1177 3680 Evangelia
1197 3611 1540 3679 przenltntiala
1559 3609 1591 3677 ζ
1610 3604 1734 3663 Cum
1762 3611 1892 3661 enim

304 3707 498 3762 venerit
524 3704 688 3757 Filius
719 3703 950 3767 hominis,
977 3701 1411 3772 congregabantur
1436 3712 1551 3754 ante
1584 3717 1695 3752 cum
1723 3717 1891 3753 omnes

305 3813 517 3873 gentes;
540 3809 588 3852 et
622 3797 869 3865 separabit
896 3811 997 3856 eos,
1038 3795 1163 3847 sicut
1206 3804 1375 3863 pastor
1417 3801 1791 3863 scgrcgatpves
1828 3793 1889 3844 ab

308 3895 473 3948 turdis
504 3908 522 3947 :
550 3907 662 3945 oves
693 3899 843 3959 ponet
887 3887 955 3939 ad
1006 3888 1284 3949 dexteram,
1310 3885 1483 3938 laedas
1528 3885 1595 3936 ad
1636 3885 1891 3937 sinistram

311 3984 528 4057 (Matth.
578 3998 699 4043 xxv,
757 3980 970 4046 3l-55).
1023 3978 1156 4031 Ecce
1178 3976 1286 4047 jam
1329 3975 1401 4029 illi
1429 3973 1625 4044 Zipbaﬁ
1674 3990 1889 4044 separa-

310 4078 510 4131 buntur
543 4092 556 4127 :
594 4073 801 4127 ﬂamma
833 4071 1070 4139 sequitur
1093 4068 1500 4137 separationem.
1541 4066 1639 4122 Ubi
1670 4077 1751 4121 est
1795 4066 1892 4120 ﬂos

307 4185 496 4225 eorum
526 4167 615 4236 qui
646 4165 755 4236 jam
786 4164 851 4216 ad
878 4162 1147 4215 sinistram
1171 4157 1420 4215 stabunt?
1445 4157 1638 4231 Nonne.
1660 4167 1783 4214 tunc
1811 4161 1892 4211 in-

307 4258 643 4334 gemiscent?
666 4272 840 4312 nonne
868 4267 989 4310 tunc
1014 4271 1130 4309 sera
1158 4253 1463 4335 poenitentia
1489 4253 1888 4322 torquebuntnr,

307 4367 367 4411 et
387 4356 608 4408 dicent:
642 4351 775 4419 Quid
803 4350 944 4403 nobis
982 4347 1171 4418 profuit
1221 4347 1473 4415 superbia,
1517 4355 1561 4398 et
1606 4338 1893 4398 divitiarum

302 4448 559 4523 iactantia
600 4444 719 4513 quid
768 4442 976 4497 contulit
1017 4440 1193 4494 nobis?
1233 4438 1561 4492 Transierunt
1591 4438 1761 4491 omnia
1802 4438 1893 4490 illa

305 4552 555 4603 tanquam
583 4534 760 4588 umbra
793 4532 946 4604 (Sap.
980 4547 1032 4598 ν,
1064 4531 1116 4595 8,
1146 4530 1221 4601 9).
1254 4528 1296 4584 0
1316 4529 1508 4598 Ziphari
1531 4528 1597 4583 ad
1623 4529 1891 4583 sinistram

307 4641 542 4696 stantes,
573 4644 693 4683 sero
724 4627 945 4697 ptenitet
972 4640 1069 4678 vos
1108 4626 1158 4677 in
1189 4624 1369 4676 umbra
1396 4620 1666 4674 ﬂoruisse!
1696 4620 1894 4687 ,Quare

315 4724 502 4787 David,
529 4736 685 4792 quem
715 4706 1015 4789 prodebatis
1036 4717 1172 4769 inter
1192 4730 1286 4767 vos
1316 4714 1497 4771 latere,
1526 4726 1627 4765 non
1641 4723 1896 4780 agnosce-

314 4819 492 4872 hatis?
521 4815 674 4869 Tunc
698 4812 839 4868 cnim
860 4811 904 4866 si
937 4806 1355 4876 corrigeremini,
1389 4803 1543 4858 dolor
1593 4803 1693 4857 iste
1731 4802 1894 4857 infru-

312 4922 535 4965 ctuosus
562 4924 664 4960 non
695 4913 854 4960 esset.
885 4903 975 4957 Est
1004 4901 1142 4955 enim
1165 4898 1317 4953 dolor
1348 4897 1669 4958 fructuosus,
1705 4904 1787 4949 est
1809 4894 1892 4948 in-

314 5001 653 5060 fructuosus;
675 4995 972 5050 fructuosus
997 4991 1150 5045 dolor
1180 5002 1317 5042 nunc
1344 4995 1564 5040 estcutn
1580 4995 1630 5038 te
1645 5000 1892 5047 accusas,

312 5108 438 5148 cum
457 5091 573 5145 inte
591 5087 934 5158 reprehendis
949 5084 1112 5138 malos
1126 5096 1301 5135 mores
1320 5090 1453 5141 tuos,
1471 5093 1589 5133 cum
1615 5078 1896 5148 reprehen-

312 5198 408 5238 sos
434 5182 788 5253 persequeris,
818 5184 1121 5247 persecutos
1149 5172 1401 5235 excludis,
1433 5172 1636 5240 illisque
1668 5170 1895 5225 exclusis

316 5274 556 5337 mularis,
573 5286 772 5328 exuens
787 5280 836 5325 le
848 5276 1080 5323 veterem
1097 5265 1427 5331 bominetnct
1441 5261 1660 5317 induens
1679 5272 1892 5323 novum,

315 5359 519 5429 eligens
534 5358 705 5426 potius
717 5354 913 5409 Christi
927 5351 1268 5422 opprobrium
1281 5364 1436 5419 quam
1458 5348 1636 5400 ﬂorem
1664 5346 1897 5416 Ziphteo-

316 5467 457 5505 rum.
483 5449 647 5504 Porro
685 5446 730 5502 si
770 5444 860 5499 tibi
888 5443 1166 5512 contigerit
1212 5440 1422 5495 babenti
1454 5440 1504 5493 in
1544 5438 1753 5492 occulto
1803 5438 1900 5492 bo-

318 5563 446 5599 num
499 5555 642 5599 tuum
673 5552 725 5597 et
761 5537 940 5595 latenti
989 5537 1124 5597 inter
1164 5534 1439 5605 Ziphaeos,
1486 5530 1696 5585 habenti
1735 5530 1897 5584 etiam

322 5640 373 5692 in
400 5638 610 5691 occulto
631 5631 1033 5703 promissionem
1073 5628 1333 5683 mercedis
1363 5636 1484 5690 tum,
1529 5622 1702 5691 aliqua
1731 5619 1896 5675 subli-

384 5733 398 5761 ι
422 5730 493 5776 sic
516 5735 586 5776 t'r.
607 5735 659 5776 et
681 5725 906 5788 plerique
926 5729 1030 5771 Mss.
1056 5718 1274 5770 Nonnulli
1295 5731 1428 5780 vero,
1449 5728 1481 5765 α
1501 5724 1594 5765 Deo
1614 5718 1897 5773 t'cmt.Lov.,

321 5794 383 5840 ad
407 5799 452 5841 te
475 5790 634 5841 renic.’.
1022 5793 1028 5797 “
1091 5790 1096 5795 ’

3482 294 3585 349 623
3612 351 3617 355 .

2014 400 2170 454 mitas
2192 398 2391 469 smculi,
2411 403 2517 457 noli
2542 404 2720 459 extolli
2748 422 2761 458 :
2792 420 2910 460 nam
2934 407 2975 462 si
3004 408 3172 462 elatus
3201 422 3265 463 ex
3288 407 3371 463 illa
3402 411 3581 475 lueris,

2008 493 2165 546 eades
2209 494 2258 546 in
2300 492 2482 549 ﬂorem
2510 495 2859 565 Ziphmorum.
2900 499 3171 555 Sic'cnim
3212 502 3399 556 mulier
3440 519 3583 573 qure-

2008 581 2126 634 dam
2172 594 2352 638 sancta
2399 584 2592 659 Esther
2636 588 2687 640 in
2736 587 2825 641 illo
2870 597 2996 643 tunc
3036 589 3231 659 populo
3253 590 3581 657 Judaeorum,

2007 687 2124 725 cum
2146 682 2288 727 esset
2312 691 2445 729 uxor
2468 678 2605 746 regis
2634 678 2963 749 alienigenas,
2991 690 3204 734 ventum
3233 692 3313 734 est
3351 681 3414 735 ad
3448 685 3585 750 peri-

1958 804 1961 811 .
2006 764 2179 818 culum
2233 766 2448 830 civium,
2505 778 2560 821 ut
2605 770 2976 839 deprecaretur
3023 787 3199 840 regem
3248 788 3342 842 pro
3382 773 3585 827 civibus

2007 857 2145 931 suis;
2177 859 2336 926 cmpit
2361 877 2536 924 orare,
2568 871 2621 915 ct
2643 863 2692 914 in
2717 862 2825 931 ipsa
2848 862 3090 918 oratione
3110 863 3349 917 confessa
3391 876 3470 919 est
3495 865 3580 919 illa

2007 949 2182 1002 omnia
2239 950 2460 1019 insignia
2506 953 2699 1021 regalia
2740 954 2816 1008 sic
2862 953 2960 1007 sibi
3008 970 3126 1009 esse
3168 954 3315 1009 velut
3350 970 3581 1024 pannum

2008 1046 2345 1092 menstruam:
2379 1038 2583 1111 (Esther
2608 1056 2714 1101 xxv,
2750 1040 2862 1113 16).
2902 1041 2962 1098 Si
3003 1042 3117 1098 lucc
3155 1044 3402 1100 mulieres
3451 1060 3581 1115 pos-

2006 1138 2149 1190 sunt,
2179 1129 2277 1182 viri
2322 1146 2424 1183 non
2474 1132 2733 1200 possunt?
2765 1133 2829 1187 Et
2861 1132 2906 1187 si
2941 1133 3055 1188 lucc
3083 1135 3253 1203 potuit
3276 1136 3462 1190 mulier
3483 1135 3577 1190 Ju-

2006 1218 2139 1285 dzea,
2165 1235 2267 1275 ιιοιι
2292 1223 2482 1290 poterit
2510 1223 2744 1277 Ecclesia
2776 1224 3102 1279 christiana?
3131 1226 3241 1282 Hoc
3276 1242 3404 1298 ergo
3429 1227 3581 1283 dixe-

2006 1312 2104 1364 rim
2130 1311 2382 1366 Charitati
2415 1314 2617 1367 Vestra:
2646 1313 2882 1369 :Divitiaz
2914 1316 2956 1369 si
2980 1317 3203 1387 afﬂuant,
3233 1332 3295 1371 ne
3313 1319 3581 1388 apportatis

2004 1418 2090 1455 cor
2135 1403 2303 1475 (Psal.
2346 1422 2451 1471 LXI,
2498 1407 2606 1477 ll).
2639 1409 2919 1463 Abundent
2962 1409 3106 1475 licet,
3150 1419 3205 1464 et
3245 1419 3497 1481 sequatur
3527 1419 3579 1465 te

2004 1498 2328 1565 prosperitas
2356 1498 2556 1566 szeculi,
2590 1509 2643 1552 tu
2671 1499 2800 1552 mari
2824 1499 2932 1552 noli
2953 1499 3191 1565 credere,
3221 1514 3320 1555 nec
3361 1499 3576 1555 ridenti.
3602 1554 3607 1559 .

2011 1588 2212 1644 Divitia:
2243 1591 2285 1644 si
2311 1589 2550 1657 afﬂuant,
2580 1593 2624 1646 si
2652 1592 2941 1659 abundent,
2969 1592 3114 1646 calca
3142 1608 3252 1657 eas,
3278 1602 3331 1648 et
3356 1609 3579 1663 suspen-

2004 1680 2132 1735 dere
2156 1696 2221 1736 ex
2269 1682 2375 1737 Deo
2403 1693 2512 1735 tuo.
2540 1683 2670 1738 Cum
2698 1684 2842 1738 enim
2885 1698 2974 1737 cas
3011 1684 3192 1738 subter
3221 1696 3273 1739 te
3308 1684 3578 1754 habueris,

2003 1782 2058 1826 et
2078 1788 2140 1826 ex
2172 1774 2261 1829 illo
2290 1777 2625 1844 pependeris,
2657 1791 2776 1830 cum
2804 1775 2999 1830 fuerint
3024 1777 3331 1842 subtractte,
3355 1793 3457 1831 non
3489 1792 3577 1831 ca-

2004 1865 2115 1918 des.
2168 1865 2241 1920 Ne
2291 1867 2424 1922 forte
2473 1884 2569 1938 per
2601 1869 2791 1923 malam
2836 1870 3207 1939 cogitationem
3255 1871 3579 1940 minimeque

2004 1958 2347 2012 christianum
2396 1960 2486 2013 liat
2526 1962 2576 2013 in
2610 1971 2660 2016 te
2697 1960 2837 2031 quod
2885 1961 3079 2015 dicitur
3120 1961 3172 2014 in
3217 1962 3322 2015 alio
3353 1962 3575 2031 psalmo,

2001 2065 2413 2106 eotnmemorato
2427 2054 2554 2108 ﬂore
2569 2054 2900 2123 Ziphzcorum
2923 2054 3140 2107 istorum
3159 2053 3366 2120 :Nimis,
3391 2055 3575 2124 inquit,

2005 2146 2272 2216 profundw
2304 2151 2453 2216 [θείω
2489 2158 2602 2201 sunt
2649 2148 2973 2219 cogitationes
3018 2158 3135 2201 tum.
3187 2148 3313 2203 Dico
3363 2147 3575 2211 dicitur,

2006 2233 2174 2288 Nimis
2220 2238 2489 2308 profunda:
2524 2243 2673 2308 facta:
2706 2248 2819 2291 sunt
2845 2239 3169 2309 cogitationes
3212 2248 3312 2293 tua:
3337 2254 3356 2292 :
3379 2240 3453 2292 uir
3479 2242 3578 2292 im-

2004 2328 2224 2396 prudens
2268 2346 2369 2382 non
2409 2340 2689 2398 cognoscet,
2733 2339 2780 2383 et
2823 2331 3003 2383 stultus
3044 2346 3143 2384 non
3182 2331 3422 2402 intelliget
3450 2334 3576 2385 Iure.

2003 2419 2137 2486 Quid
2183 2436 2285 2473 non
2332 2421 2623 2490 intelliget?
2663 2421 2787 2473 Cum
2827 2422 3113 2474 exorientur
3136 2433 3416 2492 peccatores
3451 2425 3579 2475 sicut

2004 2513 2192 2580 fenum,
2239 2522 2285 2564 et
2315 2513 2693 2581 prospcazeiint‘
2723 2527 2894 2565 onmes
2923 2512 3009 2581 qui
3033 2524 3302 2583 aperantur
3343 2512 3579 2583 iniquita-

2004 2610 2119 2663 tem,
2150 2611 2201 2653 nt
2245 2603 2486 2655 intereant
2535 2604 2585 2655 in
2624 2603 2863 2655 sarculum
2893 2603 3064 2656 steculi
3093 2600 3260 2672 (Psal.
3292 2591 3401 2665 aiat,
3430 2604 3574 2672 6.8).

2005 2690 2288 2744 Delectavit
2317 2706 2410 2746 eos
2437 2691 2534 2745 llos
2561 2692 2819 2745 malorum
2853 2709 2867 2745 :
2898 2690 3147 2746 dixerunt
3170 2691 3306 2763 apud
3337 2708 3415 2756 se,
3442 2693 3580 2748 Ecce

2002 2783 2124 2835 mali
2181 2782 2389 2848 ﬂorent,
2436 2784 2773 2851 puto,malos
2815 2791 2956 2837 amat
3004 2783 3140 2838 Deus
3178 2801 3191 2835 :
3230 2792 3285 2840 et
3333 2784 3579 2840 delectati
3624 2810 3630 2827 ι

2004 2875 2278 2944 temporali
2307 2875 2435 2929 ﬂore
2463 2875 2783 2944 iniquorum,
2813 2875 3061 2931 conversi
3085 2885 3208 2930 sunt
3235 2877 3299 2930 ad
3333 2878 3580 2947 iniquita-

2002 2978 2127 3032 tem,
2185 2979 2239 3022 ιιι
2287 2969 2580 3022 interirent.
2611 2966 2727 3021 Non
2771 2966 2834 3022 ad
2866 2975 3077 3037 tempus
3100 2968 3236 3022 sicut
3264 2969 3335 3022 illi
3366 2968 3575 3034 ﬂorent,

2000 3061 2092 3115 sed
2149 3062 2198 3113 in
2229 3061 2477 3114 sacculum
2526 3059 2726 3113 smculi.
2755 3057 2908 3114 Unde
2934 3058 3073 3114 hoc?
3101 3058 3231 3125 Quia
3277 3060 3351 3112 vir
3376 3060 3575 3128 impru-

1999 3154 2119 3208 dens
2152 3170 2251 3206 non
2292 3161 2569 3224 cognoscet,
2600 3160 2646 3206 et
2675 3151 2859 3205 stultus
2898 3167 2999 3205 non
3044 3149 3286 3221 intelliget
3320 3149 3445 3211 lucc,
3471 3165 3574 3203 non

2000 3246 2200 3298 intrans
2243 3243 2598 3299 sanctuarium
2646 3242 2760 3304 Dei,
2800 3251 2857 3295 ut
2897 3241 3156 3312 intelligat
3184 3242 3234 3294 in
3267 3242 3573 3295 novissima.

2002 3337 2065 3389 Et
2089 3338 2208 3405 quia
2233 3334 2463 3389 diﬂicilis
2489 3342 2572 3387 est
2592 3333 2973 3402 aliquantulum
2999 3332 3297 3386 intellectus
3339 3331 3423 3386 hic
3453 3330 3576 3385 inde

1997 3429 2158 3498 cmpit
2186 3408 2415 3496 psalmus
2442 3427 2561 3490 iSEe,
2612 3437 2668 3479 ut
2696 3425 2858 3479 David
2889 3425 3078 3479 lateret
3121 3425 3260 3478 inter
3306 3423 3572 3494 Ziplucos,

1998 3537 2095 3576 nec
2120 3520 2476 3575 delectaretur
2518 3520 2646 3574 ﬂore
2682 3518 3056 3589 Zipbacorum;
3093 3516 3186 3571 scd
3215 3512 3433 3586 eligeret
3480 3531 3575 3584 po-

2000 3615 2103 3668 tius
2146 3613 2283 3667 inter
2323 3612 2441 3666 illos
2470 3611 2850 3674 humilitatem,
2886 3616 2942 3662 ut
2967 3609 3185 3663 haberet
3224 3591 3361 3676 apud
3408 3607 3571 3661 Deum

1996 3708 2359 3766 absconditam
2387 3708 2698 3762 claritatem.
2719 3703 2855 3770 Quid
2884 3718 3010 3773 ergo
3039 3703 3087 3757 ei
3115 3702 3358 3756 tribuitur
3390 3701 3442 3755 in
3474 3701 3575 3756 hoc

1997 3803 2190 3856 titulo?
2217 3800 2284 3855 In
2310 3801 2480 3869 ﬁnem,
2503 3799 2555 3851 in
2581 3797 2779 3867 hymnis
2798 3813 2816 3849 :
2847 3795 2948 3849 hoc
2967 3803 3049 3849 est
3073 3794 3123 3847 in
3151 3792 3410 3848 laudibus.
3441 3792 3573 3858 Qui-

1998 3895 2095 3948 bus
2121 3892 2400 3947 laudibus?
2429 3889 2682 3953 Dominus
2701 3887 2866 3952 dedit,
2891 3886 3147 3941 Dominus
3168 3883 3413 3948 abstulit;
3436 3884 3576 3939 sicut

1999 3985 2221 4039 Domino
2262 3982 2474 4053 placuit,
2521 3982 2587 4036 ita
2620 3978 2813 4034 factum
2850 3988 2931 4033 est
2978 3996 2991 4031 :
3025 3978 3091 4031 sit
3129 3992 3319 4031 nomen
3364 3975 3573 4032 Domini

1997 4076 2330 4133 benedictum
2359 4072 2478 4145 (Job
2498 4089 2512 4125 ι
2535 4113 2548 4134 ,
2578 4071 2693 4139 2|).
2717 4070 2875 4136 Quasi
2901 4070 3104 4123 aruisse
3127 4058 3420 4133 ridebatur,
3452 4081 3571 4135 per-

1998 4168 2105 4222 dita
2134 4166 2280 4221 omni
2308 4157 2643 4219 substantia?
2679 4161 2852 4216 Absit.
2886 4160 3030 4215 Folia
3072 4158 3392 4219 ceciderant,
3420 4158 3571 4212 radix

1998 4259 2227 4312 vivebat.
2258 4256 2417 4326 Ergo,
2466 4252 2531 4307 In
2558 4242 2727 4322 ﬁnem,
2767 4253 2820 4305 in
2849 4252 3065 4324 hymnis.
3094 4249 3250 4319 Quid,
3280 4247 3573 4303 Intellectus

1998 4351 2094 4419 ipsi
2139 4348 2344 4403 David?
2384 4342 2674 4402 Intellectus
2714 4355 2898 4400 contra
2941 4343 3110 4399 illud:
3145 4341 3235 4397 Vir
3281 4340 3573 4411 imprudens

1992 4428 2099 4500 non
2129 4452 2409 4517 cognoscet,
2437 4452 2483 4498 et
2512 4442 2692 4498 stultus
2732 4458 2833 4496 non
2856 4441 3093 4511 intelliget
3120 4438 3247 4492 lucc.
3279 4435 3574 4490 Intellectus

1998 4538 2099 4607 ipsi
2123 4534 2305 4603 David,
2327 4551 2439 4589 cum
2459 4542 2693 4589 venerunt
2722 4531 2940 4602 Ziphwi,
2972 4540 3018 4584 et
3045 4531 3278 4584 dixerunt
3310 4527 3377 4581 ad
3405 4527 3535 4583 Sail
3555 4544 3573 4579 :

2004 4626 2188 4681 Nonne
2212 4642 2323 4680 ecce
2352 4624 2520 4679 David
2565 4625 2885 4679 absconditus
2939 4632 3009 4676 est
3049 4620 3188 4689 apud
3213 4620 3343 4673 nos?
3386 4620 3453 4673 Et
3504 4622 3578 4673 sit

2001 4717 2340 4773 abst-auditus
2391 4717 2531 4786 apud
2575 4733 2686 4777 vos,
2735 4712 3024 4767 dummodo
3071 4726 3176 4766 non
3216 4711 3401 4766 ﬂoreat
3439 4713 3577 4766 sicut

2001 4826 2115 4863 vos.
2143 4810 2274 4863 Audi
2302 4824 2431 4879 ergo
2460 4823 2642 4863 vocem
2662 4806 2796 4876 rjits.

2072 4903 2124 4954 4.
2164 4899 2309 4971 (vers.
2354 4896 2433 4973 5.]
2466 4898 2598 4952 Deus
2641 4898 2693 4950 in
2722 4896 2921 4949 nomine
2944 4904 3029 4948 tuo
3054 4894 3248 4948 salvum
3270 4912 3348 4949 me
3374 4899 3477 4966 fac,
3528 4909 3578 4951 et

2002 4995 2052 5047 in
2075 4992 2353 5046 eirtutetua
2378 4990 2558 5060 judico
2597 5005 2692 5042 me.
2726 4987 2835 5042 lloc
2858 4987 3000 5040 dicat
3028 4987 3259 5041 Ecclesia
3296 4988 3462 5039 latens
3492 4986 3577 5039 in-

2004 5098 2086 5140 tcr
2112 5085 2373 5153 Ziphazos.
2401 5082 2511 5137 lloc
2542 5081 2682 5141 dicat
2703 5095 2896 5150 corpus
2919 5080 3262 5135 christianum
3296 5078 3496 5133 habens
3524 5079 3575 5131 in

2003 5179 2212 5234 occulto
2243 5179 2435 5231 bonum
2467 5190 2670 5227 morum
2698 5188 2936 5237 suorum,
2982 5185 3205 5242 Sperans
3255 5171 3321 5226 de
3367 5171 3580 5227 occulto

2004 5270 2301 5326 mercedem
2325 5268 2626 5321 meritorum
2646 5281 2892 5329 suorum;
2921 5264 3020 5319 hoc
3047 5264 3187 5320 dicat
3213 5282 3226 5316 :
3258 5263 3395 5316 Deus
3415 5264 3465 5315 in
3490 5279 3580 5314 no-

2004 5364 2137 5416 mine
2172 5372 2256 5415 tno
2282 5360 2472 5413 snlvnm
2505 5375 2580 5410 me
2614 5362 2727 5426 fac,
2770 5358 2893 5411 etin
2930 5357 3104 5409 uirtute
3135 5367 3220 5410 tua
3251 5353 3432 5425 judico
3476 5368 3575 5405 me.

2008 5451 2231 5516 Venisti,
2260 5466 2293 5505 ο
2317 5449 2548 5513 Christe,
2574 5448 2788 5503 humilis
2807 5447 3116 5517 apparuisti,
3145 5454 3478 5512 contemptus
3497 5455 3576 5503 es,

2007 5544 2296 5614 ﬂagellatus
2311 5559 2388 5608 es,
2417 5540 2701 5598 cruciﬁxus
2726 5556 2804 5606 es,
2826 5541 3034 5595 occisus
3063 5555 3120 5593 cs
3150 5555 3162 5590 :
3195 5535 3288 5591 scd
3316 5534 3471 5589 tertio
3492 5533 3579 5588 die

2006 5635 2360 5701 resurrexisti,
2398 5633 2802 5705 quadragesimo
2838 5632 2925 5686 die
2952 5632 3002 5684 in
3045 5629 3238 5684 caelum
3273 5623 3580 5693 ascendisti,

2072 5752 2087 5782 ¹
2123 5750 2194 5800 sic
2216 5763 2386 5800 omnes
2409 5758 2510 5799 Mss.
2533 5757 2587 5799 At
2602 5748 2740 5806 sua,
2762 5741 3027 5811 prolonged
3046 5739 3236 5805 fuerim.

3387 5863 3435 5874 ..ο
