4004 6200
401 350 501 402 0‘33

696 455 988 508 dexteram.
1010 435 1204 496 Patris,
1245 441 1298 482 et
1327 447 1479 486 nemo
1515 428 1672 480 videt.
1716 424 1964 491 Spiritum

402 468 554 520 sudus
594 458 657 512 ad

1769 511 1966 581 impleti

404 570 549 612 tuum
579 549 696 604 inde
739 540 947 600 misisti,
978 549 1132 603 quem
1164 531 1506 612 acceperunt-
1529 519 1666 586 digni
1698 533 1711 576 ;

401 665 578 704 amore
595 654 701 700 tuo,
724 634 928 690 tandem
953 628 1117 697 ipsius
1134 617 1440 676 humilitatis
1459 604 1559 665 ida:
1593 625 1685 678 per
1717 603 1964 659 iuiniduni

402 751 685 809 gentesque
718 727 1132 798 priedieavernnt
1164 734 1176 769 :
1213 727 1400 766 nomen
1445 718 1586 759 tuum
1615 700 1765 752 video
1792 695 1969 809 excel-

404 788 508 887 lere
556 787 615 880 in!
652 834 846 894 genere
894 817 1138 870 humano,
1184 805 1274 858 sed
1326 812 1497 853 tamen
1543 793 1778 847 iulirmus
1822 787 1970 839 nobis

402 880 712 994 pra-diratiis
741 930 818 967 es.
863 908 1043 974 Neque
1089 899 1228 953 enim
1283 903 1334 947 et
1377 891 1460 942 ille
1501 886 1684 939 doctor
1724 880 1968 934 Gentium

1224 992 1232 994 ι
1391 986 1400 994 .
1439 984 1447 992 .
1483 981 1534 994 ,ει
1591 980 1599 989 ·
1639 988 1648 994 .
1697 991 1738 994 η-
1776 974 1941 994 Ι,,.......

1078 1011 1134 1047 se
1163 992 1318 1046 seire,
1354 984 1449 1038 nisi
1479 980 1744 1035 Christum
1767 974 1966 1033 Jesuni,

400 1020 529 1074 dixit
549 1010 745 1081 aliquid
785 1007 922 1069 inter
953 1014 1048 1053 nos

404 1124 455 1166 et
485 1068 961 1162 hunc'erucilixnm
994 1093 1036 1157 (ι
1063 1089 1176 1141 Cor.
1208 1099 1265 1145 ii,
1311 1079 1386 1145 εἰ),
1419 1084 1474 1128 ιιι
1495 1073 1609 1140 ejus
1656 1068 1972 1166 eligeremus

400 1198 762 1272 opprobrium,
795 1187 960 1256 magis
989 1195 1142 1252 quam
1168 1174 1384 1246 gloriam
1411 1163 1709 1221 ﬂorentium
1734 1157 1972 1226 Ziphzeo-

402 1256 537 1350 γιιηιη,
567 1256 937 1345 Verumtamen
968 1277 1033 1328 de
1079 1272 1168 1326 illo
1195 1264 1320 1336 quid
1367 1259 1474 1313 ait?
1506 1256 1611 1310 Etsi
1652 1260 1875 1305 mortuus

401 1407 462 1443 ea;
488 1381 796 1452 inﬁrmitate,
829 1371 916 1426 sed
955 1367 1068 1420 vivit
1097 1380 1156 1416 ex
1182 1361 1355 1413 virtute
1388 1352 1476 1405 Dci
1505 1347 1569 1418 (ll
1597 1346 1711 1399 Cor.
1744 1357 1860 1402 xui,
1892 1337 1970 1406 Δ).

403 1439 559 1531 venit:
587 1485 712 1538 ergo
735 1476 789 1520 ut
819 1467 1109 1516 moreretur
1139 1468 1202 1505 ex
1245 1445 1567 1502 infirmitate,
1615 1444 1867 1489 venturus
1893 1439 1973 1528 est

403 1528 684 1634 iitjiiilicet
726 1559 777 1609 in
808 1555 996 1605 virtute
1026 1546 1112 1599 Dei
1146 1539 1272 1596 :sed
1301 1553 1391 1606 per
1421 1528 1774 1587 inlirmitatcm
1802 1534 1974 1634 ‘er'ucis

401 1613 744 1714 clai'iticatum
771 1655 851 1700 est
878 1655 1066 1697 nomen
1093 1635 1223 1704 ejus.
1269 1626 1517 1697 Quisquis
1543 1636 1645 1675 non
1691 1613 1975 1672 crediderit

404 1753 453 1804 in
501 1761 692 1800 nomen
719 1736 1073 1794 ‘elarilicatum
1118 1742 1210 1796 per
1253 1719 1632 1777 inﬁrmitatem,
1661 1714 1976 1779 expavescet.

399 1842 463 1896 ad
492 1838 722 1908 judicein
751 1846 868 1884 cum
893 1823 1096 1877 venerit
1116 1820 1166 1871 in
1192 1816 1401 1868 virtute.
1431 1809 1504 1862 Ne
1521 1814 1692 1859 autem
1710 1798 1971 1908 quondam

404 1887 508 1987 illeJ
530 1929 789 1987 iulirinus,
837 1934 957 1974 cum
1005 1909 1208 1967 venerit
1238 1906 1408 1966 fortis,
1440 1896 1737 1953 ventilabro
1767 1892 1856 1945 illo
1898 1887 1972 1987 ‘ad

356 2030 359 2033 ’
402 2025 668 2078 sinistram
698 2030 792 2068 nos
816 2013 1018 2069 mittat;
1052 2003 1218 2058 szilvet
1243 2012 1340 2051 nos
1363 1996 1412 2048 in
1444 1990 1655 2045 nomine
1681 2000 1798 2047 suo,
1822 1981 1974 2049 etju-

401 2117 538 2168 dieet
572 2126 666 2162 nos
716 2109 766 2158 in
804 2104 994 2154 virtute
1021 2110 1134 2148 sua.
1163 2089 1290 2158 Quis
1311 2086 1449 2139 enim
1472 2081 1570 2134 hoc
1616 2088 1720 2132 tam
1753 2087 1975 2129 tentara-

403 2211 511 2256 rius
556 2195 837 2268 Optaverit,
885 2199 940 2242 ut
965 2187 1101 2240 dicat
1130 2176 1461 2242 Deo,Judica
1507 2169 1830 2223 mc?Nonne
1882 2177 1975 2268 pro

406 2254 686 2347 iiialediirio
716 2254 984 2338 dicisolet
1005 2272 1302 2328 hominibus
1332 2286 1345 2321 :
1374 2263 1582 2320 iudicet
1626 2269 1677 2314 te
1695 2255 1873 2311 Deus?
1903 2254 1974 2306 lia

407 2387 556 2454 plane
599 2387 681 2433 est
722 2371 1081 2430 maledictum,
1125 2362 1169 2416 si
1208 2359 1409 2431 judieat
1439 2365 1489 2408 te
1519 2353 1568 2406 in
1603 2351 1794 2403 virtute
1839 2361 1972 2444 sua;

403 2448 498 2528 sed
527 2472 567 2525 si
603 2483 705 2522 non
729 2476 781 2518 te
809 2455 1090 2515 salvaverit
1120 2454 1171 2507 in
1195 2448 1407 2505 nomine
1445 2458 1541 2498 suo
1571 2459 1584 2493 τ
1610 2455 1728 2493 cum
1756 2451 1882 2490 vero
1923 2450 1972 2486 ιιι

406 2564 616 2620 nomine
641 2554 968 2628 przecedente
988 2543 1267 2602 salvaverit
1295 2547 1364 2602 te,
1399 2534 1678 2591 salubriter
1707 2531 1758 2584 in
1788 2528 1978 2581 virtute

403 2617 759 2720 consequente
794 2639 1070 2714 judiCabjt.
1099 2637 1328 2691 Securus
1355 2639 1468 2682 esto
1510 2643 1523 2679 :
1555 2622 1808 2695 judicium
1852 2617 1976 2672 illud

405 2767 506 2802 non
541 2747 631 2802 tibi
657 2745 756 2798 erit
778 2737 998 2811 punitio,
1030 2732 1122 2787 sed
1149 2721 1563 2784 discretio.Nam
1594 2728 1648 2773 et
1672 2719 1722 2771 in
1749 2713 1976 2786 quodam

406 2843 606 2912 psalmo
631 2840 700 2891 ita
720 2835 911 2889 dicitur
941 2847 954 2882 :
985 2826 1171 2880 Judica
1200 2838 1294 2882 me,
1322 2819 1474 2880 Deus,
1505 2825 1550 2867 ct
1593 2813 1814 2866 discerne
1852 2823 1977 2859 cau-

540 2946 702 2984 meam
747 2927 808 2979 de
833 2931 973 2995 gente
1008 2935 1107 2971 non
1153 2923 1324 2968 sancta
1355 2908 1524 2977 (Psal.
1554 2922 1680 2960 xui.
1726 2905 1796 2973 1).
1843 2895 1976 2968 Quid

405 3035 506 3086 est,
551 3022 739 3075 .Iudica
786 3016 911 3068 me?
961 3012 1208 3065 Discerne
1250 3018 1334 3057 me
1367 3017 1395 3054 a
1426 2997 1656 3067 Ziptizeis
1681 2996 1819 3048 inter
1847 3003 1980 3061 quos

411 3085 546 3172 lateo
572 3134 584 3168 :
617 3109 805 3182 pertuli
828 3119 1012 3160 eorum
1041 3102 1246 3159 liorem,
1271 3094 1378 3163 jam
1411 3090 1585 3144 veniat
1606 3098 1659 3142 et
1682 3085 1778 3139 llos
1809 3095 1977 3136 meus.

408 3212 471 3266 Et
499 3210 707 3262 illorum
745 3199 956 3269 quidem
989 3195 1084 3246 llos
1129 3190 1221 3242 luit
1248 3182 1575 3252 temporalis,
1609 3188 1661 3233 et
1704 3184 1980 3231 arescente

407 3302 527 3354 t'eno
560 3265 804 3350 decidit':
838 3288 936 3340 llos
973 3292 1148 3336 autem
1180 3291 1328 3330 meus
1353 3274 1472 3343 quis
1495 3270 1631 3325 erit?
1677 3266 1900 3320 Plantati
1929 3265 1979 3318 in

407 3395 554 3445 domo
586 3382 809 3444 Domini,
835 3380 888 3432 in
911 3376 1054 3429 atriis
1071 3373 1244 3424 domus
1269 3367 1356 3420 Dei
1375 3364 1529 3418 nostri
1549 3362 1792 3431 ﬂorebunt
1810 3356 1977 3428 (l’sal.

407 3499 512 3545 xei,
553 3478 659 3546 Ill).
691 3476 946 3528 lteinanet
971 3480 1096 3534 ergo
1123 3472 1175 3517 et
1204 3458 1352 3513 nobis
1378 3457 1496 3520 llos,
1527 3453 1616 3506 sed
1645 3451 1732 3520 qui
1762 3466 1864 3502 non
1891 3463 1980 3500 ca-

407 3577 516 3638 dat,
547 3572 682 3624 sicut
712 3565 892 3620 lolium
935 3555 1151 3626 plantati
1202 3551 1339 3604 illius
1371 3548 1490 3614 ligni
1519 3546 1665 3613 juxta
1691 3554 1872 3607 aquas,
1915 3538 1982 3592 de

407 3631 515 3738 quo
537 3666 733 3718 dictum
773 3666 855 3711 est
886 3672 898 3706 :
934 3652 997 3705 Et
1031 3648 1209 3718 folium
1248 3645 1355 3711 ejus
1384 3657 1480 3692 non
1509 3636 1698 3690 decidet
1744 3631 1908 3702 (I’sal.
1946 3648 1980 3692 ι,

407 3726 481 3832 ιέ).
512 3760 642 3812 Deus
665 3767 790 3822 ergo
813 3751 865 3803 in
891 3743 1088 3799 nomine
1117 3752 1198 3792 tuo
1221 3736 1411 3791 salvum
1436 3749 1510 3785 me
1538 3731 1639 3800 fac,
1670 3739 1715 3781 ct
1736 3726 1986 3802 iurirtute

409 3865 493 3906 tua
510 3849 684 3920 judico
709 3859 804 3896 me.

561 3941 710 4011 lrcrs.
740 3931 818 4003 4.]
854 3929 1004 3987 Deus,
1035 3922 1219 3977 exaudi
1244 3919 1518 3971 orationem
1556 3928 1748 3974 inuam;
1778 3908 1985 3962 auribus

414 3999 612 4103 percipe
639 4027 784 4080 verba
807 4024 909 4075 oris
932 4019 1044 4071 mei.
1077 4012 1385 4070 Perveniunt
1409 4009 1474 4061 ad
1503 4020 1660 4059 aures
1683 4015 1796 4057 luas
1825 3999 1982 4055 verba

412 4093 522 4178 oris
552 4126 674 4183 nie‘i,
703 4117 821 4186 quia
853 4128 956 4166 non
997 4111 1178 4162 liorem
1208 4103 1543 4172 Ziphaaoruin
1575 4113 1603 4150 a
1643 4107 1694 4149 te
1711 4093 1982 4149 desidero.

415 4215 631 4271 Auribus
668 4208 864 4276 percipe
902 4201 1049 4255 verba
1075 4198 1175 4249 oris
1217 4193 1310 4247 mei
1335 4209 1351 4246 :
1382 4203 1432 4246 tu
1463 4190 1670 4260 percipe
1699 4205 1712 4253 ;
1740 4201 1857 4239 nam
1902 4184 1988 4237 Ζί-

417 4307 582 4378 pha-is
609 4303 705 4355 etsi
738 4305 891 4350 sonet
930 4289 1098 4344 oratio
1131 4304 1244 4340 mea
1272 4327 1285 4347 ,
1319 4299 1422 4336 non
1453 4281 1703 4338 audiunt.
1732 4278 1852 4348 quia
1882 4290 1985 4329 non

419 4371 736 4466 intelligunt.
809 4379 1212 4452 'l'einporalibns
1275 4375 1469 4443 quippe
1533 4372 1794 4440 gaudent,
1853 4371 1987 4422 bona

419 4464 614 4547 attenta
643 4483 947 4540 desiderare
977 4490 1078 4528 non
1106 4477 1319 4526 nerunt.
1370 4467 1446 4520 Ad
1487 4476 1538 4519 te
1567 4464 1837 4533 perveniat
1865 4476 1986 4514 ora-

421 4588 492 4640 tio
518 4599 631 4636 inea
664 4622 678 4645 ,
705 4593 770 4632 cx
798 4569 1062 4627 desiderio
1099 4575 1418 4618 aeternorum
1452 4567 1658 4611 tuorum
1702 4555 1986 4609 heneliciu-

422 4695 535 4732 rum
567 4687 785 4730 excussa
815 4676 868 4721 et
891 4662 1110 4730 iaculata
1144 4676 1154 4709 :
1191 4655 1256 4708 ad
1289 4667 1446 4706 aures
1476 4663 1592 4704 tuas
1617 4651 1806 4702 emitto
1834 4664 1986 4708 eam;

421 4768 605 4835 adjiiva
637 4779 750 4814 eain
778 4770 834 4812 ut
865 4753 1133 4827 perveniat
1161 4790 1175 4809 ,
1206 4764 1271 4801 ne
1299 4744 1508 4798 deliciat
1551 4743 1600 4794 iii
1650 4742 1838 4794 itinere
1881 4755 1991 4791 ine-

420 4833 530 4916 διὸ,
572 4867 625 4908 et
669 4853 816 4922 quasi
865 4849 1092 4916 collapsa
1133 4847 1366 4896 corruat.
1409 4835 1513 4890 Sed
1563 4835 1660 4888 etsi
1709 4851 1810 4886 non
1861 4833 1989 4886 mihi

422 4948 670 5000 eveniunt
695 4943 852 4996 modo
873 4942 1005 4993 bona
1034 4953 1151 5005 qua:
1178 4930 1404 5002 postulo,
1435 4940 1653 4982 securus
1673 4941 1789 4979 sum
1818 4935 1990 4977 tanien

421 5042 544 5110 quia
569 5044 745 5106 postea
793 5031 1018 5084 venient.
1051 5027 1180 5080 Nam
1226 5034 1279 5078 et
1323 5023 1371 5076 in
1421 5019 1627 5072 delictis
1653 5017 1844 5069 dicitur
1873 5016 1991 5082 qni-

425 5106 546 5185 dani
573 5139 788 5194 rogasse
818 5122 980 5174 Deum
1006 5160 1019 5178 ,
1050 5127 1104 5170 et
1133 5132 1234 5168 non
1280 5112 1558 5167 exauditus
1587 5110 1725 5162 bono
1751 5121 1864 5159 suo.
1895 5106 1996 5158 Ite-

427 5224 621 5280 sideria
665 5218 806 5269 enim
853 5211 1122 5265 siccularia
1169 5207 1518 5259 incitaverant
1558 5201 1702 5254 illum
1742 5199 1805 5251 ad
1834 5213 1995 5250 nran-

427 5318 592 5378 duui;
639 5321 692 5365 et
749 5309 800 5360 in
852 5300 1274 5357 trilnilationibus
1317 5294 1696 5363 temporalibus
1750 5291 1950 5360 positus
1979 5330 1996 5356 ,

426 5412 702 5478 aptaverat
745 5409 799 5451 ut
841 5394 1130 5450 transirent
1172 5388 1538 5442 tribulationes
1584 5383 1900 5451 temporales
1944 5391 1998 5435 et

430 5476 624 5556 rium-ct
651 5495 745 5548 nos
773 5489 876 5543 feni
902 5530 915 5550 ,
949 5495 1002 5538 et
1027 5483 1095 5536 ait
1125 5500 1137 5535 :
1175 5479 1309 5532 Duas
1359 5495 1516 5536 meus,
1555 5476 1684 5528 Deus
1720 5492 1855 5528 meus
1879 5518 1892 5536 ,
1915 5485 1999 5527 ut-

431 5593 550 5652 quid
591 5604 667 5640 me
704 5577 1047 5650 tlereliquisti?
1076 5573 1184 5627 Vox
1222 5572 1331 5638 ipsa
1376 5569 1567 5622 Christi
1619 5577 1735 5628 est,
1770 5565 1860 5619 sed
1905 5581 2001 5633 pro

431 5683 683 5737 membris
730 5677 858 5730 suis.
883 5699 895 5711 κ
920 5669 1079 5722 Verba
1100 5709 1114 5732 ,
1149 5663 1349 5732 inquit,
1396 5660 1689 5712 delictorum
1730 5673 1950 5709 nirmum
1982 5700 1995 5711 .

435 5773 644 5828 clamavi
673 5770 736 5822 ad
768 5780 812 5820 te
842 5780 928 5835 per
951 5761 1100 5823 diem,
1131 5772 1216 5813 nec
1243 5753 1524 5818 exaudisti;
1547 5760 1592 5804 et
1621 5761 1790 5812 nocte,
1824 5760 1868 5808 et
1901 5765 2000 5802 non

1627 313 1681 363 ς.
1727 305 2077 364 AUGUSTIVI
2122 304 2419 360 EPISCOPl

3547 299 3648 355 ωι

2079 418 2146 470 ad
2167 419 2497 487 insipientium
2526 416 2647 468 milii
2689 413 2857 488 (Psal.
2893 430 3002 478 ut,
3032 413 3098 480 ἓ,
3125 411 3179 480 5)
3211 431 3224 467 :
3255 411 3305 466 id
3333 422 3435 475 est,
3470 422 3522 465 et
3549 430 3647 464 no-

2074 520 2156 564 cte
2185 510 2404 562 clamavi
2432 552 2446 574 ,
2471 517 2523 562 et
2561 522 2663 561 non
2711 507 2966 560 exaudisti
2993 522 3006 570 ;
3039 513 3093 558 et
3119 514 3290 557 tamen
3333 503 3433 556 hoc
3469 504 3643 570 ipsum

2080 601 2218 668 ql'od
2265 617 2365 655 non
2406 601 2699 660 exaudisti.
2731 617 2833 652 non
2863 600 2926 653 ad
2960 595 3316 666 insipientiam
3359 595 3486 648 milii
3536 611 3644 648 non

2075 696 2355 754 exaudisti.
2391 697 2481 749 sed
2505 695 2667 764 magis
2693 693 2759 748 ad
2787 693 3097 762 sapientiam
3129 707 3231 746 non
3261 691 3524 746 exaudisti
3545 729 3562 754 ,
3595 699 3650 742 ut

2079 791 2423 861 intelligerent
2452 790 2573 858 quid
2601 805 2628 841 a
2660 797 2708 842 te
2739 798 2918 856 petere
2946 787 3220 840 deberem.
3267 786 3340 838 Ea
3375 785 3514 838 enim
3555 797 3649 850 pe-

2079 883 2248 935 tebam
2280 898 2396 950 qua:
2427 883 2564 935 inalo
2592 896 2710 935 meo
2752 881 2988 935 fortassis
3035 880 3359 948 acciperem.
3393 878 3533 931 Petis
3563 876 3653 928 tli-

2079 974 2249 1036 viiias,
2279 991 2310 1026 o
2339 972 2496 1025 homo
2520 973 2534 1025 !
2577 973 2754 1041 quanti
2782 979 2906 1026 Sunt
2940 970 3108 1024 eversi
3137 985 3230 1039 per
3252 968 3461 1021 divitias
3493 965 3648 1022 suas!

2079 1063 2229 1117 l'nde
2257 1064 2360 1117 scis
2395 1074 2566 1116 utrum
2614 1063 2702 1116 tibi
2734 1063 2840 1116 sint
2865 1057 3154 1131 proluturze
3195 1059 3431 1114 divitiin?
3460 1057 3650 1112 Nonne

2081 1156 2227 1208 multi
2252 1171 2512 1225 pauperes
2541 1156 2701 1210 tutius
2744 1153 3014 1219 latebant;
3043 1153 3230 1208 divites
3259 1151 3382 1206 facti
3404 1193 3418 1214 ,
3445 1167 3568 1204 mox
3597 1161 3657 1206 ut

2081 1247 2259 1301 lucere
2287 1257 2586 1316 (inperant,
2620 1247 2795 1316 praeda
2840 1244 3144 1299 fortioribus
3167 1232 3414 1298 literiiiit?
3439 1243 3654 1308 Quanto

2080 1341 2268 1394 melius
2298 1340 2524 1394 laterent
2544 1381 2557 1400 ,
2583 1350 2782 1409 quanto
2813 1338 3002 1392 melius
3027 1337 3360 1390 nescirentur
3387 1377 3401 1398 ,
3425 1335 3511 1404 qui
3538 1347 3654 1388 cm-

2082 1431 2454 1501 pernntquzeri
2480 1473 2494 1496 ,
2524 1449 2626 1484 non
2653 1442 2866 1500 prepter
2897 1430 3034 1498 quod
3085 1437 3267 1492 erant,
3300 1426 3393 1481 sed
3435 1434 3656 1494 prapter

2079 1525 2219 1593 quod
2267 1524 2566 1578 habebant!
2600 1523 2653 1576 ln
2691 1523 2772 1575 his
2806 1538 2932 1589 ergo
2970 1520 3347 1589 temporalibus
3373 1561 3389 1584 ,
3423 1518 3652 1580 fratres.

2080 1617 2423 1672 admonemus
2462 1631 2554 1669 vos
2595 1625 2646 1668 et
2683 1615 3027 1684 exhortamur
3072 1613 3124 1667 in
3172 1613 3430 1674 Domino,
3462 1622 3518 1665 ut.
3548 1627 3652 1664 non

2081 1708 2270 1777 petatis
2297 1707 2489 1777 aliquid
2519 1706 2669 1777 quasi
2696 1707 2854 1760 ﬁxum
2874 1749 2888 1769 ,
2922 1703 3013 1758 sed
3045 1703 3182 1773 quod
3224 1703 3375 1757 vobis
3405 1703 3539 1756 Deus
3561 1716 3656 1754 cx-

2081 1801 2262 1870 pedire
2286 1801 2404 1854 scit.
2451 1799 2586 1868 Quid
2629 1800 2770 1852 enim
2811 1797 2958 1850 vobis
2994 1795 3264 1864 espediat,
3301 1795 3519 1847 omnino
3561 1809 3652 1846 ne-

2081 1893 2247 1948 scitis.
2297 1891 2592 1962 Aliquando
2636 1890 2776 1961 quod
2813 1891 3006 1960 putatis
3049 1887 3338 1958 prodesse,
3370 1887 3561 1948 obest;
3601 1894 3655 1938 et.

2081 1986 2220 2055 quod
2255 1985 2445 2054 putatis
2489 1983 2679 2037 obesse
2699 2025 2714 2046 ,
2748 1983 2846 2035 hoc
2874 1980 3106 2051 prodest.
3136 1977 3286 2048 Aigri
3317 1977 3457 2032 enim
3485 1976 3611 2030 estis
3635 2018 3652 2036 ,

2084 2081 2245 2133 nolite
2288 2077 2492 2132 medico
2533 2077 2736 2131 dictare
2772 2093 2886 2146 qna-~
2917 2074 3069 2128 vobis
3106 2072 3490 2126 medicamenta
3529 2069 3660 2121 velit.

2081 2184 2371 2240 apponere.
2399 2170 2450 2222 Si
2479 2167 2667 2221 doctor
2698 2166 2934 2236 gentium
2963 2163 3153 2218 Paulus
3183 2161 3456 2231 apostolus
3485 2160 3612 2213 dicit
3633 2199 3648 2219 ,

2084 2261 2220 2325 Quid
2252 2263 2382 2315 enim
2419 2275 2616 2312 oremus
2639 2258 2764 2312 sicut
2799 2267 3028 2325 oportet,
3063 2253 3307 2307 nescimus
3338 2250 3512 2321 (llam.
3543 2266 3656 2310 viii,

2081 2354 2208 2425 9.6);
2242 2361 2440 2422 quanto
2469 2352 2635 2420 magis
2677 2349 2930 2415 nosiQui
2965 2356 3136 2400 tamen
3177 2360 3296 2398 cuin
3330 2342 3430 2396 sibi
3453 2343 3662 2396 videre-

2085 2457 2168 2498 tur
2196 2446 2306 2513 ipse
2331 2444 2614 2512 prudenter
2631 2457 2805 2503 orare,
2833 2449 2888 2493 ut
2915 2439 2983 2492 ab
3007 2453 3072 2492 eo
3098 2436 3395 2490 auferretur
3411 2433 3663 2489 stimulus

2082 2535 2278 2598 carnis,
2309 2532 2532 2602 angelus
2570 2540 2767 2586 satana:
2809 2531 2894 2600 qui
2928 2545 3048 2582 eum
3079 2526 3444 2595 colaphizabat
3465 2567 3479 2591 ,
3511 2540 3578 2577 ne
3607 2526 3662 2576 ιιι

2084 2625 2443 2694 magnitudine
2470 2624 2849 2678 revelationum
2877 2621 3224 2675 extolleretur
3245 2661 3260 2685 ,
3293 2617 3418 2686 quid
3459 2617 3667 2670 audivit

2083 2735 2110 2771 τι
2138 2716 2397 2771 Domino?
2421 2714 2680 2783 Numquid
2711 2713 2903 2767 factum
2928 2721 3010 2774 est
3035 2711 3173 2781 quod
3205 2709 3449 2764 volebat?
3469 2707 3615 2762 Non'
3642 2725 3660 2769 ;

2085 2818 2141 2860 ιιι
2168 2809 2317 2860 ﬁeret
2358 2806 2496 2875 quod
2533 2803 2866 2874 expediebat.
2902 2801 3036 2869 Quid
3076 2813 3203 2870 ergo
3247 2799 3448 2853 audivit
3485 2813 3512 2852 a
3549 2799 3663 2851 Do-

2081 2897 2263 2953 mino?
2291 2897 2408 2961 Ter,
2444 2896 2629 2965 inquit,
2663 2895 2834 2964 rogavi
2863 2891 3137 2945 Dominum
3163 2931 3178 2957 ,
3209 2901 3260 2944 ut
3287 2893 3506 2962 auferret
3534 2907 3660 2942 cuni

2089 3007 2251 3054 «me;
2278 3001 2320 3043 ct
2348 2989 2474 3042 dixit
2507 2987 2628 3040 mihi
2652 3029 2664 3049 ,
2697 2985 2890 3055 Sufﬁcit
2919 2985 3006 3037 tibi
3032 2983 3193 3053 gratia
3229 2999 3339 3036 mea
3371 2999 3388 3036 :
3415 2999 3530 3035 nam
3553 2979 3667 3034 vir-

2080 3094 2164 3136 tus
2208 3083 2260 3134 in
2303 3079 2594 3148 inﬁrmitate
2640 3077 2898 3147 per/icitur
2948 3075 3012 3146 (ll
3041 3075 3160 3129 Cor.
3215 3091 3321 3137 xu,
3358 3073 3499 3144 7-9).
3545 3072 3669 3141 Ego

2086 3174 2529 3228 medicamentum
2575 3169 2639 3224 ad
2667 3169 2860 3224 vulnus
2905 3168 3058 3239 posui
3091 3186 3103 3222 :
3141 3167 3354 3236 quando
3385 3167 3663 3236 posuerim

2087 3269 2226 3329 novi,
2259 3267 2468 3336 quando
2494 3262 2836 3317 auferendum
2860 3263 2928 3316 sit
2952 3261 3094 3316 novi.
3121 3259 3231 3314 Non
3261 3258 3669 3328 recedatiegro-

2087 3371 2169 3414 tus
2197 3377 2223 3411 :i
2256 3358 2497 3412 manibus
2526 3357 2736 3420 medici,
2768 3371 2870 3408 non
2903 3355 2990 3408 det
3016 3353 3293 3407 consilium
3318 3351 3546 3405 medico.
3583 3351 3666 3404 Ita

2086 3464 2205 3507 sunt
2241 3454 2337 3505 ista
2379 3451 2555 3505 omnia
2595 3449 2920 3518 temporalia.
2979 3446 3374 3502 Tribulationes
3413 3455 3561 3506 sunt;
3611 3447 3662 3498 si

2089 3545 2221 3599 bene
2266 3544 2397 3596 colis
2433 3543 2632 3603 Deum,
2667 3542 2877 3594 noveris
2912 3540 3031 3609 quia
3091 3538 3238 3592 novit
3290 3537 3414 3607 quid
3465 3537 3668 3606 cuique,

2085 3634 2329 3705 expediat
2373 3651 2387 3688 :
2430 3633 2808 3702 prosperitates
2848 3640 3010 3694 sunt;
3045 3631 3211 3700 magis
3257 3644 3388 3684 cave
3435 3643 3500 3682 ne
3531 3628 3670 3697 ipsa:

2087 3739 2426 3797 Corrumpunt
2475 3729 2708 3781 animum
2760 3735 2937 3789 tuum,
2966 3734 3023 3778 ut
3065 3725 3132 3778 ab
3161 3739 3226 3778 eo
3252 3724 3340 3793 qui
3396 3723 3509 3777 hinc
3563 3723 3669 3776 de-

2087 3825 2164 3877 dit
2211 3822 2439 3876 ret-edat.
2499 3821 2634 3889 Ergo
2677 3819 2774 3872 iste
2827 3818 3127 3887 intelligens
3189 3816 3311 3885 quid
3335 3816 3440 3870 ait?
3487 3813 3668 3876 Dens,

2088 3916 2269 3970 arandi
2314 3914 2588 3968 orationem
2631 3927 2831 3974 meam;
2876 3910 3081 3962 auribus
3128 3908 3324 3979 percipe
3368 3907 3511 3960 verba
3559 3908 3673 3961 oris

2089 4008 2202 4061 mei.
2470 4058 2472 4060 _

2161 4105 2213 4154 υ.
2273 4099 2419 4169 lucra.
2449 4096 2526 4167 5.]
2562 4095 2810 4162 Quoniam
2837 4093 3376 4146 alieniiusurrexeruut
3403 4089 3674 4144 adticrsum

2092 4210 2188 4244 me.
2219 4193 2314 4257 Qui
2357 4190 2555 4242 alieni?
2582 4187 2767 4241 Nonne
2821 4187 2933 4254 ipse
2983 4183 3146 4238 David
3184 4183 3397 4238 Judanis
3442 4194 3558 4238 erat
3599 4184 3674 4237 de

2093 4287 2231 4340 tiilni
2263 4282 2433 4338 Juda?
2467 4282 2581 4348 Ipse
2624 4290 2797 4332 autem
2845 4278 2988 4331 locus
3021 4275 3154 4345 Ziph
3198 4274 3262 4328 ad
3309 4276 3501 4328 tribum
3532 4273 3676 4328 Juda

2093 4378 2416 4449 pertinebat,
2450 4373 2753 4428 inda-orum
2796 4381 2930 4426 erat.
2982 4369 3260 4437 Quomodo
3296 4383 3423 4437 ergo
3469 4367 3680 4420 alieni?

2095 4470 2208 4523 Non
2253 4469 2464 4521 civitate
2492 4509 2504 4529 ,
2541 4480 2642 4518 non
2672 4464 2810 4517 tribu
2833 4504 2848 4529 ,
2877 4479 2980 4515 non
3020 4460 3333 4528 cognatione
3353 4502 3365 4521 .
3397 4459 3490 4512 sed
3516 4460 3675 4511 ﬂore.

2095 4561 2222 4614 Nam
2253 4561 2329 4612 vis
2366 4574 2521 4610 nosse
2547 4556 2750 4608 alienos
2777 4552 2944 4606 istos?
2971 4551 3026 4606 In
3054 4551 3160 4604 alio
3177 4550 3380 4620 psalmo
3402 4549 3489 4602 lilii
3512 4549 3681 4602 alieni

2095 4657 2217 4710 dicti
2249 4663 2391 4716 sunt,
2422 4667 2632 4719 quarunt
2654 4666 2708 4702 os
2733 4648 2949 4700 locutum
2985 4657 3055 4700 cst
3081 4647 3372 4708 vanitatem,
3405 4645 3684 4698 ctdcxtcra

2095 4763 2265 4800 eorum
2307 4745 2510 4796 dextera
2559 4740 2854 4810 iniquitatis.
2894 4738 2961 4791 Et
3004 4743 3284 4792 enumerat
3339 4735 3524 4790 liorem
3581 4735 3685 4789 Zi-

2099 4839 2366 4908 pha-orinn
2394 4853 2407 4888 :
2436 4836 2658 4899 Quorum
2683 4831 2774 4896 lilii
2797 4846 2967 4883 corum
2993 4829 3123 4881 velut
3145 4827 3354 4881 novella:
3384 4828 3687 4881 constabili-

2100 4942 2162 4984 tu:
2186 4931 2234 4982 in
2253 4930 2510 4999 juirt'ntute
2535 4942 2626 4976 sua
2649 4939 2666 4976 :
2689 4923 2810 4990 ﬁlia:
2842 4937 3011 4974 eorum
3056 4920 3346 4991 composita:
3378 4930 3422 4972 et
3448 4930 3679 4987 ornata',

2098 5027 2223 5077 sicut
2252 5019 2528 5074 similitudo
2559 5017 2765 5084 templi;
2793 5015 2999 5067 cellaria
3025 5029 3196 5066 eorum
3218 5013 3367 5082 plena
3390 5053 3403 5071 ,
3433 5021 3688 5064 eructari-

2103 5117 2170 5168 tia
2195 5131 2260 5168 ea:
2285 5111 2448 5166 hocin
2479 5111 2571 5162 hoc
2600 5128 2618 5162 :
2643 5123 2754 5161 oves
2797 5122 2967 5159 eorum
2987 5104 3216 5176 fecunda:
3238 5146 3251 5168 ,
3283 5104 3690 5172 multiplicantes

2103 5211 2153 5268 in
2195 5207 2404 5261 exitibus
2446 5205 2584 5266 suis;
2623 5201 2766 5254 bores
2797 5215 2968 5252 eorum
3009 5199 3165 5250 crassi
3206 5212 3224 5250 :
3269 5213 3368 5250 non
3407 5207 3479 5249 est
3530 5197 3694 5250 ruina

2105 5300 2256 5368 scpis,
2286 5313 2376 5350 nec
2413 5296 2605 5357 ca‘itus,
2632 5309 2786 5361 neque
2813 5290 3004 5344 clamor
3034 5291 3086 5343 in
3130 5289 3310 5359 plateis
3347 5305 3540 5342 corum.
3574 5287 3692 5342 Sed

2108 5393 2228 5445 vide
2253 5389 2520 5458 Ziptunos,
2550 5386 2668 5439 vide
2691 5383 2756 5438 ad
2781 5394 2985 5452 tempus
3014 5381 3288 5436 ﬂorentes.
3308 5379 3515 5434 Beatum
3538 5382 3689 5433 dire-

2107 5494 2223 5538 ruut
2272 5481 2510 5551 populum
2552 5478 2632 5530 cui
2676 5478 2782 5530 Ita'c
2829 5484 2963 5529 sunt.
3008 5474 3194 5528 Merito
3239 5472 3327 5526 lilii
3373 5473 3553 5526 alieni.
3600 5470 3696 5527 Tit

2108 5573 2232 5644 quid
2259 5614 2273 5638 ,
2318 5574 2481 5623 latens
2523 5569 2657 5620 inter
2700 5565 2989 5637 Ziphieos?
3033 5563 3217 5618 Beatus
3267 5562 3481 5633 populus
3535 5564 3695 5630 cujus

2174 5757 2190 5786 ί
2217 5756 2375 5814 Abest,
2406 5759 2516 5807 Non,
2545 5761 2570 5796 a
2591 5753 2693 5796 Mss.
