4004 6200
308 334 410 397 625

305 464 553 522 Dominus
593 464 729 520 Deus
755 463 912 535 ipsius
936 458 1104 533 (Paul.
1135 475 1315 525 cunt,
1341 459 1514 529 745).
1545 458 1622 512 Es
1658 457 1760 512 hoc
1788 455 1869 509 af-

298 561 438 615 fectu
470 559 584 613 hare
608 558 778 612 oratio
807 557 1030 611 mittitur
1049 556 1114 608 ad
1136 567 1292 607 aures
1324 550 1553 614 Domini,
1581 566 1700 604 cum
1729 549 1862 603 diei-

301 665 421 707 tur:
449 651 665 704 Auribus
711 649 911 720 percipe
954 648 1098 700 verba
1131 647 1231 700 oris
1258 643 1395 710 mei;
1432 646 1671 714 quoniam
1712 642 1866 695 alieni

296 748 676 799 insurrexerunt
701 741 961 795 adversum
982 754 1079 792 nte.

372 838 425 891 7.
461 836 527 892 Et
573 845 794 905 potentes
846 834 1146 903 qmesierunt
1209 830 1429 884 animam
1480 845 1657 883 meam.
1715 827 1867 882 Novo

291 933 436 988 enim
464 928 642 994 modo,
666 927 855 980 fratres
898 923 1000 978 mei
1023 965 1038 989 ,
1072 922 1250 977 volunt
1279 920 1500 988 perdere
1538 935 1707 990 genus
1736 934 1861 972 san-

286 1030 497 1080 ctorum
524 1020 672 1077 etab
706 1018 863 1088 hujus
902 1016 1081 1072 smculi
1125 1029 1220 1085 spe
1254 1013 1627 1068 abstittenliunt
1672 1027 1860 1067 omnes

286 1115 378 1184 qui
406 1128 556 1183 spem
585 1110 780 1166 habent
808 1108 860 1163 in
888 1108 990 1162 isto
1014 1106 1229 1162 saeculo.
1261 1104 1420 1159 Certe
1448 1103 1683 1158 concreti
1708 1111 1853 1167 sunt,

283 1216 434 1261 certe
462 1203 617 1260 simul
637 1203 839 1256 vivunt.
868 1198 1222 1255 Vehementer
1244 1196 1344 1251 sibi
1365 1195 1586 1251 adversa
1609 1203 1732 1251 sunt
1758 1195 1856 1249 ista

282 1299 396 1351 duo
418 1309 617 1366 genera
643 1312 655 1348 :
679 1308 841 1348 unum
872 1306 1054 1347 eorum
1083 1282 1169 1360 qui
1196 1304 1303 1343 non
1333 1297 1532 1358 ponunt
1557 1303 1707 1358 spem
1758 1286 1855 1340 nisi

282 1391 341 1443 in
366 1388 527 1443 rebus
552 1384 896 1440 sa2eularibus
933 1393 987 1437 et
1011 1380 1287 1450 temporali
1323 1378 1573 1433 felicitate
1593 1420 1608 1442 ,
1640 1387 1692 1431 et
1720 1378 1856 1432 alte-

279 1497 402 1537 rum
433 1494 617 1536 eorum
647 1476 754 1548 qui
778 1490 925 1546 spem
963 1489 1112 1529 suam
1151 1472 1203 1526 in
1244 1471 1471 1526 Domino
1503 1471 1611 1523 Deo
1633 1484 1728 1521 suo
1761 1469 1855 1520 tir-

276 1574 442 1629 miter
489 1579 709 1641 ponunt.
752 1569 818 1624 Et
853 1583 976 1623 cum
1017 1564 1311 1621 concordes
1340 1574 1462 1619 sunt
1494 1564 1579 1618 isti
1613 1563 1809 1631 Ziphaei
1836 1603 1852 1626 ,

276 1665 390 1719 noli
419 1664 643 1718 nmltum
686 1660 907 1718 credere
943 1657 1239 1714 concordiae
1281 1670 1496 1717 eorum;
1528 1657 1852 1710 tentationes

276 1755 512 1810 desunt:
547 1752 634 1807 ubi
661 1751 865 1806 venerit
905 1750 1079 1820 aliqua
1108 1748 1326 1803 tentatio
1349 1789 1361 1810 ,
1396 1755 1456 1801 ut
1476 1755 1728 1817 arguatur
1756 1747 1854 1798 ali-

277 1846 402 1916 quis
426 1860 522 1916 pro
550 1844 684 1898 ﬂore
727 1842 908 1897 saeculi
935 1883 948 1905 ,
978 1856 1081 1894 non
1112 1840 1200 1894 tibi
1228 1839 1349 1893 dico
1387 1838 1618 1891 offendet
1641 1838 1851 1905 episco-

279 1955 349 2008 po
371 1941 409 2002 ',
440 1937 536 1994 sed
570 1952 670 1992 nec
693 1935 759 1990 ad
791 1936 958 2004 ipsam
996 1933 1283 1988 Ecclesium
1325 1930 1579 1985 accedere
1609 1931 1719 1984 vult
1741 1971 1755 1993 ,
1787 1945 1853 1985 ne

271 2030 431 2085 cadat
448 2028 645 2099 aliquid
668 2026 794 2083 feni.
814 2027 986 2094 Quare
1011 2025 1108 2079 ista
1126 2023 1255 2090 dixi,
1290 2023 1516 2079 fratres?
1537 2023 1668 2092 Quia
1693 2023 1852 2076 modo

270 2123 502 2177 libenter
527 2120 721 2175 auditis
761 2133 946 2173 omnes
971 2120 1022 2171 in
1061 2116 1272 2172 nomine
1313 2114 1544 2181 Christi,
1570 2126 1623 2171 et
1664 2131 1850 2186 quent-

268 2211 557 2268 admodum
582 2208 894 2278 intelligitis,
926 2209 995 2264 ita
1022 2208 1329 2263 exclamatis
1349 2206 1414 2261 ad
1445 2207 1662 2261 verbum
1688 2223 1702 2271 ;
1737 2223 1841 2260 non

268 2305 455 2374 utique
503 2301 901 2366 acclamaretis,
950 2299 1047 2354 nisi
1094 2299 1473 2369 intelligeretis.
1543 2298 1847 2353 Intellectus

266 2396 372 2451 iste
399 2403 574 2451 vester
595 2393 894 2448 fructuosus
922 2407 1041 2446 esse
1080 2390 1258 2445 debet.
1293 2391 1479 2446 Utrum
1517 2400 1693 2445 autem
1737 2390 1845 2444 fru-

264 2500 490 2545 ctuosus
518 2488 608 2551 sit,
640 2484 859 2540 teutatio
905 2483 1234 2554 interrogat;
1263 2498 1335 2553 ne
1361 2483 1535 2537 subito
1562 2500 1681 2536 eum
1713 2483 1845 2537 dici-

264 2580 415 2635 ntiui
440 2578 606 2632 nostri
632 2618 647 2641 ,
679 2591 772 2645 per
814 2575 1160 2630 mutationem
1207 2573 1546 2629 inveniamini
1573 2576 1727 2629 alieni
1748 2617 1763 2641 ,
1792 2585 1846 2630 et

262 2675 497 2736 dicatur,
532 2670 692 2725 Alieni
719 2669 1096 2722 insurrexerunt
1115 2666 1379 2721 adversum
1408 2684 1484 2720 me
1508 2708 1522 2730 ,
1548 2678 1596 2721 et
1619 2678 1842 2737 patentes

262 2765 572 2837 quwsieruut
617 2763 838 2814 animam
863 2773 1143 2822 meam;ne
1171 2757 1377 2812 dicatur
1392 2760 1531 2828 quod
1572 2760 1840 2828 sequitur,

264 2855 319 2911 Ν
322 2874 391 2910 ou
410 2861 775 2926 proposuerunt
792 2849 952 2904 Deum
973 2859 1089 2903 ante
1107 2859 1424 2918 conspectum
1437 2866 1602 2903 suum.
1622 2850 1842 2918 Quando

261 2949 408 3003 enim
444 2954 741 3013 ponetante
759 2952 1099 3013 conspectum
1123 2958 1274 2996 suum
1310 2944 1472 2997 Deum
1496 2984 1508 3005 ,
1543 2951 1665 2998 ante
1688 2944 1837 3012 cujus

260 3049 611 3109 consttectum
634 3052 737 3090 non
762 3046 843 3090 est
870 3036 968 3090 nisi
992 3036 1243 3091 szceulum
1264 3037 1287 3089 ?
1313 3038 1575 3106 quomodo
1595 3039 1663 3091 sit
1687 3055 1843 3093 unm-

261 3148 389 3186 DIUS
435 3146 594 3199 super
640 3144 910 3183 nummum
935 3171 950 3193 ν
979 3128 1247 3199 (ιιιοιιιυᾰυ
1288 3139 1577 3199 augeantur
1609 3146 1798 3201 greges
1821 3173 1836 3196 ,

257 3223 533 3295 quomodo
581 3222 897 3290 impleantur
937 3221 1248 3289 apotheca),
1303 3220 1570 3290 quomodo
1631 3222 1839 3276 dicatur

256 3315 459 3369 anima:
486 3330 499 3363 :
528 3311 702 3367 [labes
742 3311 902 3365 multa
936 3311 1067 3365 bona
1090 3329 1104 3375 ;
1132 3312 1423 3380 jneundare
1447 3354 1461 3378 ,
1485 3313 1718 3382 epulare,
1753 3329 1840 3368 sa-

258 3410 417 3463 tiare.
466 3404 726 3475 Numquid
772 3405 919 3474 ponit
961 3415 1084 3461 ante
1114 3414 1454 3475 conspectum
1501 3421 1653 3459 suum
1685 3407 1833 3462 illum

255 3499 347 3567 qui
381 3497 463 3551 sic
481 3495 729 3566 glorianti
755 3504 810 3549 et
839 3496 907 3548 ita
940 3496 1069 3549 [lore
1090 3495 1426 3563 Zipltaeorunt
1451 3496 1638 3551 nitenti
1659 3497 1786 3551 dicit
1816 3514 1829 3550 :

255 3590 467 3652 Stulte,
516 3588 616 3642 hoc
642 3597 722 3641 est
768 3604 871 3642 non
910 3588 1209 3656 intelligens
1230 3628 1242 3643 .
1274 3589 1355 3642 vir
1379 3589 1707 3657 imprudens,
1740 3591 1834 3645 hac

253 3693 406 3734 nocte
429 3682 683 3750 auferetur
720 3680 888 3732 anima
930 3689 1051 3740 tua;
1083 3680 1186 3732 haec
1215 3681 1385 3749 omnia
1422 3698 1533 3750 qua:
1570 3699 1833 3751 praepara-

248 3773 314 3825 sti
347 3771 499 3842 cujus
526 3779 666 3824 erunt
691 3769 839 3842 (Luc.
868 3785 958 3834 xu,
985 3769 1111 3840 20)?
1138 3768 1257 3824 Non
1281 3782 1641 3843 praposuerunt
1670 3772 1833 3827 Deum

248 3874 376 3917 ante
398 3872 717 3931 conspectum
744 3878 913 3916 suum.

322 3953 383 4008 8.
412 3951 563 4024 [rem
589 3950 667 4025 6.]
695 3951 822 4006 Ecce
844 3952 974 4005 enim
995 3950 1130 4007 Deus
1148 3955 1353 4022 adjuvat
1374 3972 1469 4009 me.
1506 3956 1570 4010 Et
1600 3958 1696 4025 ipsi
1735 3974 1830 4014 ne-

248 4047 433 4099 sciunt
481 4044 616 4098 inter
658 4059 791 4114 quos
835 4044 990 4097 lateo.
1041 4044 1095 4099 Si
1139 4055 1313 4099 autem
1355 4056 1408 4102 et
1436 4048 1531 4117 ipsi
1570 4062 1831 4117 ponerent

251 4134 425 4203 Deum
473 4143 593 4188 ante
633 4144 974 4203 eonSpectum
1014 4123 1207 4200 suum,
1237 4137 1533 4193 invenirent
1574 4140 1830 4210 quemad—

246 4226 474 4295 ntudntn
516 4243 600 4281 me
635 4227 847 4297 adjuvat
879 4228 1033 4282 Deus.
1079 4227 1276 4283 Omnes
1313 4231 1452 4284 enim
1477 4233 1641 4301 sancti
1673 4233 1826 4303 adju-

243 4326 450 4373 vantur
476 4332 504 4370 a
534 4317 672 4381 Deo,
702 4317 794 4372 sed
840 4318 982 4373 intus
1023 4319 1111 4373 uhi
1154 4337 1311 4375 nemo
1354 4323 1515 4378 videt.
1551 4324 1830 4391 Quomodo

243 4410 394 4464 enim
422 4423 606 4475 magna
635 4416 718 4462 est
747 4423 903 4476 pmna
930 4409 1205 4479 impiorum
1233 4416 1575 4481 conscientia,
1605 4416 1681 4471 sic
1712 4435 1825 4470 ma-

240 4514 413 4568 gnum
439 4497 686 4567 gaudium
716 4499 922 4568 piorum
962 4500 1072 4570 ipsa
1103 4504 1447 4559 conscientia.
1484 4507 1620 4561 Nam
1663 4510 1828 4580 gloria

242 4600 425 4643 nostra
453 4589 560 4642 Itazc
580 4598 671 4655 est,
699 4591 773 4644 ait
800 4592 1116 4659 Apostolus,
1147 4595 1480 4649 testimonium
1514 4600 1829 4654 conscientiae

240 4693 439 4737 uasti-te
469 4681 533 4751 (ll
558 4681 675 4737 Cor.
708 4699 745 4747 ι,
781 4682 890 4753 12).
917 4684 970 4738 in
1001 4685 1098 4740 hac
1125 4687 1494 4756 gloriatnriste
1529 4692 1687 4756 intus,
1721 4710 1824 4746 non

239 4775 295 4829 in
331 4773 467 4828 ﬂore
494 4774 832 4844 Ziphzeorum
876 4777 1038 4843 foris,
1065 4781 1155 4849 qui
1189 4781 1348 4836 modo
1383 4784 1500 4834 ait:
1537 4782 1662 4837 Ecce
1693 4787 1826 4839 enim

237 4864 389 4919 Deus
409 4865 618 4935 adjuvat
656 4883 752 4920 me.
796 4867 1020 4923 Prorsus
1063 4873 1302 4940 quamvis
1344 4873 1499 4942 longe
1527 4873 1694 4929 futura
1720 4879 1830 4934 sint

234 4972 367 5026 quae
398 4955 675 5025 promittit,
700 4957 855 5012 hodie
883 4960 1012 5014 mihi
1038 4960 1192 5016 dulce
1216 4973 1270 5015 et
1304 4977 1538 5030 praesens
1566 4976 1646 5019 est
1668 4967 1823 5035 adju-

235 5048 443 5102 torium
470 5089 485 5112 ,
517 5047 675 5103 hodie
696 5050 746 5104 in
769 5050 944 5106 cordis
969 5052 1070 5105 mei
1092 5052 1282 5121 gaudio
1314 5054 1524 5109 invenio
1559 5059 1679 5126 quia
1708 5050 1823 5112 sine

230 5156 402 5197 causn
442 5142 626 5196 dicunt
663 5143 917 5212 quidam:
954 5146 1080 5211 Quis
1105 5148 1322 5200 ostendit
1360 5150 1498 5202 nobis
1543 5151 1707 5205 bona?
1739 5153 1824 5207 Si-

230 5243 456 5303 gnatum
478 5244 551 5287 est
590 5236 731 5289 enim
759 5252 909 5305 super
946 5254 1035 5290 nos
1067 5239 1232 5292 lumen
1263 5240 1427 5295 vultus
1453 5244 1542 5303 tm',
1572 5243 1820 5308 Domine;

229 5326 428 5379 dedisti
432 5326 806 5396 jucunditatem
822 5330 871 5383 in
889 5347 976 5383 cor
1001 5346 1165 5384 meum
1192 5332 1361 5402 (Psal.
1394 5351 1464 5400 tv,
1494 5337 1546 5396 ti,
1575 5336 1630 5405 7)
1665 5355 1676 5390 :
1710 5355 1813 5391 non

231 5420 287 5473 in
323 5417 537 5471 vineam
565 5434 758 5481 meam,
790 5435 893 5473 nou
922 5421 975 5473 in
1004 5436 1218 5493 gregem
1251 5441 1445 5485 meum,
1475 5443 1577 5479 non
1610 5430 1658 5480 in
1685 5443 1817 5496 cup-

233 5524 363 5576 pani
391 5523 588 5573 meam,
615 5525 718 5563 non
747 5510 797 5563 in
828 5525 1064 5564 mensam
1094 5528 1283 5576 meam,
1312 5517 1406 5569 sed
1448 5517 1497 5569 in
1527 5534 1612 5570 cor
1632 5535 1815 5570 meum.

235 5597 376 5652 Ecce
417 5600 549 5653 enim
591 5601 725 5655 Deus
760 5602 966 5670 adittvat
1006 5620 1102 5658 me.
1142 5606 1418 5673 Quomodo
1464 5618 1512 5664 te
1565 5610 1816 5679 adjuvat?

236 5690 312 5745 Et
346 5690 592 5745 Dominus
618 5705 871 5762 susceptor
891 5705 962 5748 est
992 5697 1175 5749 anima?
1206 5714 1341 5753 mear.

304 5806 319 5835 ε
360 5810 435 5853 Er.
465 5811 515 5854 et
536 5804 711 5866 aliquot
740 5814 864 5867 Mss,
890 5811 1174 5871 episcopum.

1392 336 1785 396 liNAllllATlO
1823 340 1887 395 ΙΝ
1929 339 2247 404 PSALMUSI
2290 355 2421 406 Litt.

3436 378 3541 437 626

2048 461 2100 514 9.
2132 462 2279 518 iners.
2309 466 2389 540 7.]
2417 470 2590 525 Aperte
2615 474 2747 527 mala
2769 477 2981 534 inimicis
3007 488 3144 538 meis.
3173 485 3263 542 Sic
3274 496 3543 560 quomodo

1974 554 2180 621 virent,
2212 559 2290 612 sic
2331 563 2596 628 quomodo
2621 564 2841 632 ﬂorent,
2877 571 2980 641 igni
3017 554 3315 634 servantur:
3344 583 3410 636 In
3440 602 3539 639 vir-

1972 652 2074 699 tute
2092 657 2178 701 tua
2203 651 2436 717 disperde
2474 653 2610 708 illos.
2645 657 2772 712 Puta
2815 664 2935 729 quia
2974 664 3165 723 ﬂorent
3200 671 3379 735 modo,
3413 689 3540 743 puta

1969 740 2088 807 quia
2116 742 2426 798 exoriuntur
2452 746 2587 800 sicut
2619 748 2795 806 fenum
2828 770 2843 805 :
2873 763 2925 807 ιιι
2952 758 3057 812 noli
3088 776 3208 816 esse
3238 740 3535 834 virimpru-

1968 827 2100 884 dens
2119 840 2173 883 et
2199 833 2406 897 stultus,
2438 848 2495 892 ut
2522 838 2633 893 huic
2664 846 2983 901 attendeudo
3012 850 3240 908 intereas
3284 856 3334 909 in
3364 827 3534 913 saecu-

1968 920 2078 976 lum
2104 926 2278 978 smculi
2302 926 2471 994 (Psal.
2499 947 2601 993 xei,
2629 935 2678 996 7,
2709 936 2784 1006 8).
2815 938 2994 994 Αυενιθ
3016 944 3154 997 enim
3196 948 3329 1001 mala
3358 949 3528 1005 inimi-

1967 1013 2039 1067 cis
2067 1016 2207 1069 meis.
2240 1016 2369 1071 Nam
2399 1020 2442 1073 si
2471 1030 2526 1077 tu
2556 1022 2716 1080 fueris
2756 1028 2807 1080 in
2836 1045 3058 1098 corpore
3085 1035 3247 1103 ipsius
3273 1039 3455 1107 David,
3481 1044 3535 1098 in

1967 1106 2159 1161 virtute
2198 1126 2289 1163 sua
2321 1111 2587 1183 disperdet
2635 1119 2775 1174 illos.
2812 1121 2896 1176 lsti
2940 1124 3129 1180 florent
3156 1129 3405 1188 felicitate
3434 1153 3530 1189 sa:-

1964 1199 2096 1263 culi,
2128 1213 2343 1269 pereunt
2386 1205 2436 1259 in
2484 1208 2676 1265 virtute
2704 1212 2818 1267 Dei.
2854 1214 2965 1270 Non
3000 1222 3266 1288 quomodo
3307 1224 3518 1281 ﬂorent.

1964 1293 2042 1348 sic
2099 1306 2362 1362 pereunt:
2402 1300 2591 1357 ﬂorent
2623 1306 2762 1359 enim
2816 1309 2880 1363 ad
2936 1320 3162 1381 tempus,
3216 1331 3434 1385 pereunt
3479 1322 3529 1374 in

1962 1395 2219 1441 aeternum
2248 1407 2261 1454 ;
2296 1391 2485 1447 ﬂorent
2513 1395 2656 1449 falsis
2680 1398 2850 1465 bonis,
2879 1416 3101 1471 pereunt
3132 1409 3270 1463 veris
3301 1420 3526 1467 tormen-

1966 1478 2050 1530 tis.
2085 1477 2145 1532 ln
2167 1481 2346 1536 virtute
2384 1493 2470 1538 tua
2508 1486 2744 1555 disperde
2776 1492 2890 1546 illos
2919 1510 2937 1547 :
2966 1511 3100 1565 quos
3141 1499 3191 1551 in
3223 1500 3526 1557 infirmitate

1964 1581 2049 1627 tua
2081 1573 2333 1628 tolerasti.

2035 1664 2116 1718 l0.
2194 1664 2341 1737 [verm
2393 1668 2480 1740 8.]
2559 1669 2849 1729 Voluntarie
2884 1680 3177 1746 sacriﬁcabo
3218 1684 3324 1735 tibi.
3354 1696 3364 1708 '
3391 1686 3522 1751 Quis
3604 1720 3610 1725 -

1961 1752 2063 1810 hoc
2111 1755 2304 1811 bonum
2372 1760 2550 1813 cordis
2597 1763 2678 1815 vel
2734 1763 2779 1819 in
2804 1767 3028 1835 elligere
3070 1781 3241 1837 potest
3282 1775 3389 1828 alio
3439 1776 3523 1831 (ii-

1959 1855 2150 1908 ccnle.
2220 1849 2261 1902 si
2314 1865 2415 1904 non
2481 1852 2530 1904 in
2592 1868 2650 1907 se
2721 1856 2834 1921 ipso
2904 1861 3162 1926 gustarit?
3229 1863 3361 1931 Quid
3411 1877 3518 1930 est.

1971 1934 2262 1990 Voluntarie
2302 1941 2598 2005 sacrificabo
2663 1944 2787 1998 tibi?
2857 1947 3036 2001 Dicam
3078 1958 3283 2017 tamen;
3348 1955 3519 2023 capiat

1956 2029 2044 2097 qui
2091 2039 2300 2098 potest,
2342 2036 2609 2102 quomodo
2649 2044 2864 2102 potest:
2912 2040 3094 2096 credat
3141 2044 3229 2110 qui
3280 2062 3384 2099 tum
3437 2063 3530 2115 po-

1956 2129 2079 2187 test,
2121 2131 2173 2176 et
2211 2133 2327 2177 oret
2379 2134 2432 2177 ttt
2491 2126 2673 2193 possit.
2703 2127 2961 2199 Numquid
3001 2141 3174 2186 tamen
3222 2135 3378 2191 istmu
3407 2155 3524 2193 ver-

1955 2229 2070 2268 sum
2101 2215 2169 2270 ita
2199 2217 2468 2282 prmterire
2493 2218 2769 2285 debemus,
2809 2232 2864 2277 ut
2892 2240 3015 2280 eum
3058 2228 3207 2281 vobis
3238 2246 3342 2285 non
3379 2248 3528 2286 com-

1955 2305 2302 2361 mendemus?
2344 2309 2470 2363 Dico
2505 2311 2757 2366 Charitati
2796 2313 3016 2377 Vestae.
3057 2317 3240 2374 invitat
3269 2337 3355 2376 me
3398 2325 3528 2378 satis

1952 2414 2103 2451 amor
2135 2400 2299 2468 ipsius
2327 2401 2521 2471 aliquid
2551 2403 2618 2459 de
2643 2404 2733 2459 illo
2768 2406 2943 2475 loqui;
2987 2418 3042 2463 et
3065 2412 3261 2477 gratias
3289 2429 3386 2481 ago
3414 2414 3527 2468 Deo

1953 2492 2091 2561 quod
2125 2494 2325 2550 intente
2352 2496 2566 2551 auditis.
2594 2497 2649 2553 Si
2676 2509 2852 2555 autem
2870 2515 2965 2555 vos
2994 2501 3319 2558 fastidientes
3342 2507 3526 2561 audire

1952 2586 2336 2653 conspicerem,
2367 2587 2561 2643 invitus
2585 2589 2653 2644 ab
2685 2591 2784 2644 hoc
2808 2608 2962 2646 versu
2990 2595 3237 2660 silerem;
3266 2605 3319 2650 et
3347 2607 3523 2653 tamen

1953 2674 2004 2728 in
2033 2676 2192 2730 corde
2232 2692 2370 2744 meo,
2399 2690 2650 2749 quantum
2694 2681 2944 2736 Dominus
2974 2682 3283 2753 dignaretur
3322 2703 3519 2742 conre-

1951 2766 2100 2828 dere,
2123 2783 2226 2821 non
2244 2768 2475 2823 silerem.
2499 2769 2829 2843 Veniatergo
2846 2774 2896 2826 in
2920 2774 3149 2845 linguam
3170 2779 3308 2846 quod
3361 2752 3523 2834 corde

1912 2892 1921 2906 ι
1949 2865 2265 2927 conceptum
2293 2869 2410 2925 est;
2440 2872 2710 2931 promatur
2729 2880 2858 2919 voce
2882 2866 3021 2933 quod
3045 2878 3222 2922 mente
3249 2881 3519 2925 servatur:

1949 2948 2189 3004 dicamus
2218 2958 2275 3004 ut
2300 2966 2601 3020 possumus,
2627 2954 2751 3023 quid
2780 2956 2868 3022 sit,
2911 2955 3203 3012 Voluntarie
3226 2963 3521 3030 sacriﬁcabo

1950 3038 2056 3093 tibi.
2088 3039 2237 3107 Quod
2264 3042 2403 3096 enim
2429 3042 2743 3115 sacrificium
2776 3046 2863 3100 hic
2880 3048 3156 3116 accipiam,
3181 3049 3407 3106 fratres?
3431 3064 3523 3106 aut

1947 3132 2070 3205 quid
2099 3132 2257 3201 digne
2298 3133 2515 3189 offeram
2563 3136 2790 3191 Domino
2828 3153 2923 3206 pro
2970 3139 3329 3196 misericordia
3369 3143 3522 3211 ejus?

1948 3224 2201 3280 Victimas
2238 3241 2472 3295 quaeram
2502 3227 2568 3283 de
2607 3244 2767 3298 grege
2792 3231 2991 3296 ovium,
3037 3233 3255 3287 arietem
3305 3235 3518 3305 eligant.

1947 3323 2155 3371 taurum
2182 3317 2408 3388 aliquem
2449 3319 2501 3373 in
2545 3321 2799 3375 armentis
2824 3324 3162 3391 proSpiciam,
3195 3324 3346 3379 thura
3376 3336 3522 3381 certe

1948 3407 2014 3462 de
2047 3421 2183 3463 terra
2226 3409 2531 3465 Saturarum
2563 3411 2820 3467 aﬂ‘erant'?
2846 3414 2980 3480 Quid
3017 3414 3244 3469 faciam?
3279 3416 3413 3484 Quid
3440 3419 3519 3472 ol—

1944 3500 2134 3565 feram,
2165 3503 2265 3557 nisi
2290 3503 2431 3571 quod
2473 3506 2567 3567 ait,
2616 3505 2941 3573 Sacriﬁcium
2971 3507 3137 3561 laudis
3167 3509 3517 3576 honori/icabit

1944 3609 2023 3646 me
2051 3590 2224 3659 (Psal.
2270 3610 2413 3656 xux,
2440 3594 2571 3663 25)?
2614 3596 2787 3662 Quare
2830 3613 2978 3664 ergo,
3022 3598 3344 3653 uoluntarie?
3386 3602 3516 3667 Quia

1942 3685 2108 3753 gratis
2133 3702 2252 3736 amo
2283 3686 2420 3753 quod
2448 3685 2620 3738 laudo.
2646 3685 2826 3739 Laudo
2852 3687 3039 3752 Deum,
3067 3699 3119 3743 et
3148 3689 3200 3742 in
3231 3690 3341 3758 ipsa
3365 3691 3518 3745 laude

1943 3775 2150 3844 gaudeo
2188 3794 2201 3828 :
2232 3776 2395 3845 ipsius
2433 3776 2587 3830 laude
2615 3776 2839 3844 gaudeo,
2877 3793 2983 3847 quo
3013 3779 3222 3834 laudato
3251 3797 3353 3834 non
3395 3799 3515 3835 eru-

1941 3865 2122 3923 besco.
2153 3865 2269 3920 Non
2312 3867 2452 3920 enim
2479 3866 2920 3935 quemadmodum
2952 3868 3191 3924 laudatur
3215 3871 3281 3925 ab
3309 3872 3508 3925 studio-

1942 3957 2016 4010 sis
2036 3956 2409 4011 thcatricarutn
2436 3958 2691 4026 nugarum
2718 3957 2801 4012 vel
2830 3960 3030 4028 auriga,
3060 3960 3141 4014 vel
3166 3972 3406 4025 venator,
3432 3965 3513 4016 vel

1941 4048 2162 4117 quilibet
2193 4048 2399 4113 histrio,
2430 4058 2484 4103 et
2511 4064 2539 4101 a
2572 4049 2936 4104 laudatoribus
2963 4053 3073 4106 suis
3104 4052 3390 4107 invitantur
3424 4056 3512 4108 alii

1941 4140 2261 4206 laudatores,
2307 4142 2654 4197 exhortantur
2682 4151 2738 4197 ιιι
2768 4144 2963 4212 pariter
2998 4146 3265 4209 clament;
3303 4159 3356 4201 et
3391 4164 3512 4202 cum

1939 4251 2126 4291 omnes
2151 4239 2514 4305 clamaveriut,
2559 4241 2869 4312 plerumque
2895 4243 2983 4298 illo
3005 4246 3143 4298 victo
3171 4261 3357 4299 omnes
3387 4262 3511 4300 eru'

1941 4328 2201 4384 Descunt:
2234 4348 2336 4386 non
2380 4334 2449 4386 ita
2489 4341 2573 4388 est
2615 4333 2755 4389 Deus
2802 4346 3011 4401 noster;
3060 4338 3299 4392 laudetur
3328 4340 3512 4391 volun-

1941 4431 2069 4486 tate,
2097 4432 2305 4477 ametur
2346 4422 2639 4491 charitate;
2682 4429 2968 4497 gratuitum
3010 4430 3243 4498 sitquod
3283 4439 3511 4495 ainatur,

1936 4525 1990 4567 et
2016 4515 2152 4581 quod
2194 4514 2451 4569 laudatur.
2497 4516 2633 4582 Quid
2676 4527 2757 4572 est
2798 4522 3120 4589 gratuitum?
3153 4520 3265 4589 Ipse
3300 4532 3513 4590 propter

1937 4622 2015 4665 se.
2052 4624 2153 4659 non
2191 4618 2405 4676 prapter
2432 4609 2590 4662 aliud.
2643 4609 2697 4663 Si
2741 4613 2881 4664 enim
2917 4613 3097 4664 laudas
3131 4614 3294 4664 lit-um
3330 4624 3382 4665 ιιι
3422 4614 3509 4665 ιιι-ι

1940 4697 2029 4749 tibi
2065 4697 2259 4766 aliqttid
2298 4697 2460 4761 aliud,
2488 4698 2597 4766 jam
2641 4714 2743 4752 non
2774 4700 2940 4768 gratis
2986 4715 3132 4753 amas
3164 4702 3346 4754 Deum.
3382 4703 3511 4754 lirtt-
3548 4712 3555 4715 '

1939 4790 2184 4845 hesceres
2227 4792 2270 4845 si
2299 4800 2350 4845 te
2390 4809 2522 4867 uxor
2555 4804 2640 4846 tua
2686 4802 2902 4861 pr0pter
2935 4793 3145 4846 divitias
3191 4805 3424 4869 amaret;
3457 4807 3512 4849 et

1936 4880 2075 4938 forte
2104 4884 2146 4937 si
2179 4882 2270 4937 tibi
2299 4896 2581 4952 paupertas
2622 4884 2906 4946 accideret,
2934 4884 2999 4936 de
3023 4884 3285 4939 adulterio
3307 4886 3508 4954 cogita-

1935 4986 2033 5029 ret.
2083 4977 2212 5029 (lum
2257 4992 2384 5045 ergo
2415 4985 2465 5030 te
2507 4991 2536 5028 a
2585 4976 2809 5043 conjuge
2853 4976 3016 5043 gratis
3056 4977 3219 5029 amari
3253 4979 3399 5037 velis,
3454 4990 3508 5030 ttt

1936 5066 2100 5120 Deum
2132 5078 2348 5136 propter
2383 5067 2526 5121 aliud
2569 5067 2813 5120 amabis?
2856 5069 3002 5133 Quod
3039 5070 3307 5137 pra-miunt
3353 5085 3508 5123 acce—

1935 5168 2118 5227 pturus
2145 5175 2204 5213 es
2244 5176 2272 5211 a
2306 5160 2436 5223 Deo,
2468 5175 2501 5211 o
2526 5160 2721 5212 avare?
2763 5159 2876 5213 Non
2906 5161 2997 5215 tibi
3031 5172 3243 5224 terram,
3277 5163 3369 5214 sed
3424 5176 3508 5215 Se-

1936 5255 2104 5321 ipsum
2144 5263 2320 5306 servat
2360 5254 2445 5321 qui
2475 5252 2810 5308 fecitctelum
2855 5263 2907 5307 et
2944 5264 3159 5309 terram.
3212 5254 3511 5307 Voluntaria

1931 5345 2227 5412 sacriﬁcabo
2252 5345 2338 5398 tibi
2368 5360 2385 5397 :
2416 5346 2524 5399 noli
2563 5361 2628 5400 cx
2673 5349 3004 5402 necessitate.
3036 5348 3090 5402 Si
3119 5348 3259 5401 enim
3292 5354 3506 5413 propter

1931 5436 2071 5489 aliud
2096 5434 2278 5488 laudas
2311 5435 2495 5499 Deum,
2525 5452 2591 5490 ex
2626 5440 2943 5493 necessitate
2974 5439 3175 5492 laudas.
3208 5437 3260 5492 Si
3293 5437 3508 5488 adesset

1934 5525 2026 5579 tibi
2068 5525 2210 5596 quod
2240 5541 2406 5590 amas,
2441 5541 2544 5581 non
2574 5528 2816 5584 laudares
2864 5531 3047 5582 Deum.
3089 5529 3215 5581 Vide.
3243 5527 3367 5596 quid
3420 5526 3502 5577 di-

1931 5635 2046 5675 cam
2078 5638 2091 5672 :
2123 5619 2305 5673 laudas
2334 5621 2518 5684 Deum,
2551 5622 2693 5675 verbi
2737 5623 2924 5691 gratia,
2957 5632 3011 5675 ιιι
3039 5622 3128 5700 tibi
3159 5622 3243 5673 det
3274 5619 3505 5688 amplam

1913 5712 2241 5780 .pecuuiam;
2274 5713 2316 5765 si
2342 5712 2563 5765 haberes
2585 5712 2795 5767 aliunde
2814 5712 3041 5779 amplam
3073 5712 3368 5780 pecuniam,
3401 5725 3505 5762 non

1938 5821 1965 5859 a
1996 5804 2124 5869 Deo,
2155 5804 2401 5871 numquid
2428 5804 2669 5857 laudares
2704 5806 2906 5857 Deum?
2933 5803 2985 5856 Si
3019 5818 3143 5870 ergo
3173 5815 3384 5870 propter
3418 5817 3504 5869 pe-
