4004 6200
429 363 531 415 6'97

429 477 639 529 cnniam
680 470 862 525 laudas
889 469 1073 528 Deum,
1112 478 1216 517 non
1250 457 1542 515 voluntarie
1572 455 1837 511 sacrificas
1867 455 1991 510 υνο,

429 569 523 625 sed
541 584 603 621 ex
632 563 944 619 necessitate
967 558 1266 614 sacrificas:
1295 555 1415 625 quia
1443 551 1795 624 praeterillnm
1823 561 2001 600 nescio

430 658 554 729 quid
584 655 724 709 aliud
753 667 919 707 amas.
949 651 1074 705 inde
1111 650 1309 703 dictum
1337 656 1437 711 est,
1488 641 1784 697 Voluntarie
1808 639 2004 706 sacri/i-

433 753 552 807 cabo
585 749 689 803 tibi.
733 749 1029 802 Contemnc
1079 744 1276 804 omnia,
1305 743 1475 810 ipsum
1518 736 1750 792 attende.
1799 734 1864 788 Et
1894 732 2006 786 lucc

434 859 551 913 que
580 840 744 904 dedit,
775 846 989 908 propter
1016 836 1226 889 dantem
1253 835 1387 885 bona
1413 838 1554 884 sunt.
1584 827 1713 882 Nam
1745 826 1835 879 dat
1860 840 2008 894 pror-

435 949 547 996 sus,
572 932 661 985 dat
690 931 792 985 ista
823 925 1166 996 temporalia;
1214 932 1267 977 et
1292 919 1605 991 quibusdam
1636 918 1775 971 bono
1801 930 2007 977 eorum,

437 1023 752 1096 quibusdam
798 1020 939 1075 malo
980 1033 1186 1077 eorum,
1233 1013 1523 1069 secundum
1576 1009 1905 1064 altitudinem
1961 1015 2015 1061 et

443 1112 849 1188 profunditatem
874 1108 1192 1180 judiciorum
1239 1119 1477 1159 suorum.
1520 1101 1576 1155 in
1615 1113 1841 1171 quorum
1868 1097 2012 1167 judi-

438 1206 643 1260 ciorum
678 1204 871 1275 abysso
898 1200 1110 1270 expavit
1135 1197 1422 1267 Apostolus
1451 1194 1636 1248 dicens
1668 1211 1683 1246 :
1717 1191 1764 1245 0
1800 1190 2014 1243 altitudo

443 1297 727 1365 diuitiarum
750 1293 1009 1363 sapiattite
1032 1301 1077 1344 et
1104 1290 1321 1342 scientite
1348 1286 1460 1351 Dei,
1490 1300 1641 1357 quam
1668 1279 2018 1335 inscrutabilia

443 1383 767 1457 suntjudicia
793 1385 921 1455 ejus,
950 1391 995 1436 ct
1017 1377 1379 1450 inuestigabiles
1408 1377 1502 1430 via:
1523 1376 1681 1443 ipsius
1700 1374 1723 1426 .'
1738 1373 1864 1439 Quis
1889 1373 2019 1424 enim

442 1475 759 1546 ircestigabit
799 1475 904 1528 vius
946 1475 1076 1543 ejus,
1119 1481 1208 1524 aut
1249 1470 1360 1541 quis
1401 1466 1781 1538 comprehendet
1810 1465 2021 1518 consilia

447 1571 556 1635 (ius
586 1566 762 1637 (Rom.
793 1581 871 1629 XI,
901 1566 990 1629 53,
1018 1563 1151 1632 δικ)
1196 1561 1350 1615 Novit
1391 1558 1603 1628 quando
1630 1557 1736 1620 det,
1778 1556 1863 1609 cui
1891 1555 2017 1619 det;

451 1658 665 1727 quando
689 1657 913 1719 auferat,
954 1665 1006 1708 et
1031 1655 1115 1709 cui
1145 1651 1370 1706 auferat.
1402 1651 1533 1705 Pete
1575 1658 1630 1703 tu
1659 1649 1710 1702 in
1756 1649 1857 1702 hoc
1887 1659 2033 1701 tem—‘

450 1765 578 1821 pore
608 1749 750 1820 quod
791 1750 881 1802 tibi
926 1747 1091 1817 prosit
1127 1747 1179 1801 in
1210 1754 1501 1815 posterum,
1532 1752 1654 1814 pete
1680 1741 1817 1812 quod
1852 1750 1902 1795 te
1926 1741 2024 1793 ad-

445 1843 596 1911 juvet
635 1843 689 1895 in
727 1838 1213 1906 :elernum.‘lpsmn
1261 1844 1436 1889 autem
1467 1833 1631 1903 gratis
1671 1832 1829 1901 dilige
1860 1850 1872 1885 :
1901 1832 2021 1901 quia

450 1935 642 1988 melius
676 1934 743 1987 ab
776 1948 844 1988 eo
885 1946 986 1986 non
1026 1930 1228 1984 invenis
1260 1927 1399 1998 quod
1441 1927 1531 1981 det
1565 1942 1722 1997 quam
1761 1928 2020 1993 seipsum;

452 2035 545 2079 aut
564 2025 607 2079 si
641 2025 846 2078 invenis
872 2021 1082 2085 melius,
1107 2020 1208 2072 hoc
1238 2027 1378 2085 pete.
1411 2016 1704 2077 Voluntaria
1728 2017 2025 2085 sacriﬁcabo

452 2116 559 2169 tibi.
584 2114 758 2182 Quare
782 2111 1100 2166 voluntarie?
1128 2110 1259 2176 Quia
1287 2108 1468 2178 gratis.
1506 2107 1648 2173 Quid
1686 2116 1790 2173 est,
1819 2106 2026 2177 gratis?

457 2204 522 2258 lit
546 2203 818 2272 conﬁtebor
838 2202 1028 2255 nomini
1058 2211 1162 2265 tuo,
1188 2198 1421 2263 Domine,
1452 2198 1690 2269 quonimn
1715 2197 1897 2250 bonum
1919 2207 2028 2252 est:

454 2296 523 2349 oh
563 2295 691 2349 nihil
745 2293 910 2357 aliud,
950 2292 1049 2346 nisi
1077 2292 1197 2361 quia
1243 2290 1439 2344 bonum
1484 2298 1584 2343 est.
1614 2287 1875 2357 Numquid
1912 2288 2023 2342 ait:

454 2385 755 2440 (linilitebor
783 2383 985 2438 nomini
1032 2391 1142 2445 tuo,
1176 2380 1416 2446 Domine,
1454 2379 1576 2449 quia
1617 2378 1713 2433 das
1748 2377 1877 2433 mihi
1921 2377 2031 2433 fru-

455 2488 637 2532 ctuosa
678 2476 894 2547 prmdia,
938 2476 1059 2545 quia
1100 2473 1196 2527 das
1236 2471 1365 2526 mihi
1412 2486 1598 2527 aurum
1635 2480 1690 2525 et
1731 2453 2024 2539 argentum,

459 2569 582 2638 quia
611 2567 708 2621 das
756 2565 882 2620 mihi
913 2566 1045 2619 latas
1071 2563 1306 2625 divitias,
1338 2563 1570 2632 amplam
1606 2562 1905 2631 pecuniam,
1936 2578 2029 2616 ex-

452 2661 883 2715 cellentissimam
912 2655 1258 2727 dignitatem?
1282 2653 1418 2708 Non.
1450 2653 1554 2709 Sed
1585 2652 1747 2723 quid?
1777 2652 2028 2720 Quoniam

452 2755 636 2808 bonum
659 2762 753 2806 est.
792 2750 981 2805 Melius
1018 2747 1148 2803 nihil
1178 2746 1390 2800 invenio
1416 2759 1573 2815 quam
1614 2758 1809 2798 nomen
1838 2746 1985 2797 tuun‘i
2013 2762 2027 2797 :

455 2846 574 2901 ideo
601 2844 871 2909 conﬁtebor
896 2840 1083 2894 nomini
1111 2850 1218 2904 tuo,
1254 2837 1485 2898 Domine,
1515 2836 1632 2898 quia
1658 2834 1839 2888 bonum
1859 2848 1952 2889 est.

526 2937 612 2990 il.
656 2935 805 3005 luerit.
832 2930 913 3003 9.]
955 2930 1206 2997 Quoniam
1231 2945 1294 2982 ex
1319 2927 1456 2981 omni
1491 2926 1812 2979 tribulatione
1837 2925 2028 2996 eripui-

455 3030 520 3082 sti
546 3045 643 3081 me.
671 3025 794 3080 ldeo
831 3023 1068 3079 intellexi
1107 3022 1227 3092 quia
1259 3022 1454 3075 bonum
1492 3029 1577 3074 est
1615 3033 1808 3072 nomen
1836 3028 1979 3072 tuum
2013 3035 2028 3071 :

458 3137 577 3174 nam
599 3120 641 3173 si
666 3119 767 3172 hoc
785 3119 1003 3186 “possem
1028 3124 1152 3168 ante
1172 3112 1541 3167 trilmlationes
1565 3125 1873 3179 agnoscere,
1895 3109 2032 3165 forte

459 3210 586 3265 mihi
609 3208 920 3264 necessaria:
949 3220 1055 3259 non
1086 3203 1329 3258 fuissent.
1357 3200 1465 3256 Sed
1490 3199 1728 3255 adhibita
1754 3208 1838 3255 est
1863 3200 2033 3255 tribu-

460 3303 585 3357 latio
613 3301 680 3355 ad
706 3298 1144 3363 admonitionem,
1176 3294 1470 3349 admonitio
1495 3291 1632 3346 facta
1662 3301 1746 3347 est
1782 3290 1848 3345 ad
1889 3301 2031 3346 tuam

461 3391 838 3447 laudationem.
869 3387 982 3443 Nor.
1013 3386 1154 3442 enim
1184 3384 1535 3455 intelligerem
1581 3382 1667 3437 ubi
1708 3396 1904 3447 essem,
1933 3382 2032 3436 nisi

460 3485 527 3538 de
568 3480 874 3537 infirmitate
917 3462 1379 3533 meaiadmonitus
1423 3488 1620 3529 essem.
1664 3475 1741 3528 Ex
1787 3473 2035 3529 omnibus

461 3592 591 3645 ergo
619 3571 1047 3631 tribulationibus
1087 3567 1327 3638 eripuisti
1373 3582 1477 3620 me.
1527 3565 1591 3619 Et
1619 3582 1771 3633 super
1809 3565 2037 3621 inimicos

462 3684 598 3722 meos
639 3665 856 3734 respexit
883 3662 1056 3718 oculus
1098 3676 1237 3714 meus
1263 3675 1283 3713 :
1311 3672 1472 3729 super
1499 3657 1618 3711 illos
1660 3655 1905 3726 Ziphmos
1945 3672 2035 3711 re-

463 3758 640 3830 spexit
675 3756 862 3812 oculus
906 3768 1077 3809 meus.
1111 3751 1325 3807 Florem
1366 3751 1560 3821 quippe
1607 3750 1820 3804 illorum
1850 3750 2037 3804 transii

465 3848 742 3905 altitudine
766 3845 963 3911 cordis,
994 3844 1059 3898 ad
1100 3853 1151 3898 te
1180 3841 1418 3912 perveni,
1454 3851 1507 3896 et
1544 3840 1669 3895 inde
1694 3840 1903 3907 respexi
1944 3855 2038 3893 su—

470 3958 562 4010 per
582 3942 722 4004 illos,
750 3948 806 3994 et
830 3937 935 3993 vidi
962 3937 1082 4007 quia
1113 3934 1275 3988 omnis
1298 3950 1417 3987 cano
1445 3937 1638 4005 fenum,
1666 3942 1710 3985 et
1744 3932 1905 3986 omnis
1933 3935 2039 3985 cla-

467 4032 591 4083 ritas
615 4027 830 4082 hominis
869 4028 996 4080 sicut
1033 4026 1130 4096 ﬂos
1155 4025 1257 4097 feni
1289 4021 1437 4096 (Isai.
1474 4038 1565 4088 XL,
1594 4020 1684 4093 6):
1732 4023 1868 4076 sicut
1903 4037 2039 4092 quo-

472 4121 594 4175 dam
626 4121 743 4172 loco
786 4119 911 4172 item
943 4117 1165 4177 'dicitur,
1200 4113 1316 4167 Vidi
1359 4113 1568 4182 impium
1600 4113 1966 4181 super-exaltari
1993 4122 2039 4165 et

473 4210 660 4267 elevari
696 4212 822 4264 sicut
856 4209 1030 4263 cedros
1058 4207 1237 4261 Libani
1264 4224 1283 4260 :
1308 4207 1503 4273 trnnsii,
1542 4217 1587 4260 et
1631 4222 1744 4259 ecce
1771 4224 1871 4260 non
1908 4217 2035 4261 erat.

467 4312 664 4374 Quare,
692 4321 792 4358 non
819 4300 1104 4369 erat?Quia
1134 4300 1406 4354 transisti?
1431 4299 1565 4367 Quid
1594 4309 1694 4364 est,
1722 4299 2039 4368 qnialrans-

469 4402 578 4456 isti.
625 4397 757 4465 Quia
787 4411 891 4450 non
919 4393 1035 4449 sine
1062 4407 1241 4457 causa,
1263 4394 1482 4447 Sursum
1503 4407 1617 4453 cor,
1641 4391 1889 4456 audisti’,
1919 4393 2039 4461 quia

470 4508 573 4546 non
607 4492 659 4547 in
687 4500 825 4545 terra
857 4487 942 4541 ubi
970 4496 1306 4558 putresceres
1335 4485 1658 4550 remansisti,
1689 4485 1809 4554 quia
1855 4485 2038 4539 levasti

467 4583 698 4637 animam
725 4590 867 4635 tuam
903 4578 969 4632 ad
1002 4578 1185 4638 Deum,
1224 4584 1278 4630 et
1316 4576 1687 4630 trauscendisti
1726 4576 1916 4631 cedros
1949 4576 2039 4630 Li-

469 4672 613 4737 bani,
656 4672 812 4726 etde
859 4669 947 4724 illa
993 4664 1307 4722 celsitudine
1362 4664 1740 4719 attendisti:et
1782 4682 1891 4720 ecce
1941 4683 2042 4719 non

468 4775 595 4824 erat,
625 4774 677 4817 et
703 4762 936 4833 quatsisti
982 4776 1124 4821 cum,
1170 4768 1217 4810 et
1261 4775 1360 4811 non
1402 4766 1472 4811 est
1501 4757 1729 4811 inventus
1756 4758 1894 4811 locus
1933 4760 2043 4826 ejus

473 4852 847 4917 lPsal.xxxw,
877 4852 966 4915 55,
999 4850 1110 4920 36).
1157 4848 1272 4914 Jam
1321 4848 1472 4902 labor
1516 4862 1621 4901 non
1661 4857 1745 4902 est
1788 4858 1910 4903 ante
1955 4859 2039 4911 te;

469 4945 590 5014 quia
633 4944 835 4996 intrasti
888 4943 938 4996 in
984 4941 1342 4996 sanctuarium
1376 4938 1488 4999 Dei,
1541 4948 1594 4994 et
1636 4939 1942 4993 intellexisti
1990 4940 2040 4993 in

472 5035 756 5091 novissima
783 5034 955 5103 (Psal.
988 5050 1150 5096 Lxxn,
1185 5033 1270 5096 16,
1305 5034 1412 5102 l7).
1457 5031 1544 5088 Sic
1589 5041 1644 5085 ct
1692 5031 1777 5085 hic
1816 5033 1886 5085 ita
1916 5048 2043 5086 con-

468 5128 670 5183 cludit:
704 5124 768 5179 Et
807 5142 958 5195 super
984 5126 1210 5179 inimicos
1246 5140 1382 5179 meos
1423 5125 1639 5193 respexit
1669 5125 1842 5179 oculus
1881 5142 2040 5179 mens.

473 5220 584 5274 "0‘3
607 5217 749 5286 agile
782 5230 931 5283 0⁸⁸8ον
962 5214 1175 5281 fratres.
1207 5229 1328 5270 cum
1373 5216 1567 5270 animis
1594 5217 1785 5270 vestris
1810 5232 1822 5268 :
1853 5217 2041 5283 erigite

467 5312 628 5366 corda
650 5319 869 5373 .vestra,
901 5308 1135 5374 expolite
1176 5308 1342 5362 aciem
1382 5310 1579 5364 mentis
1609 5321 1820 5374 vestrae,
1852 5310 2044 5364 discite

470 5404 636 5473 gratis
680 5400 903 5470 diligere
957 5398 1142 5462 Deum,
1192 5398 1380 5454 discite
1417 5416 1652 5469 prmsens
1696 5411 2042 5455 contemnere

468 5495 743 5559 ειεοιιιιιιιι,
780 5491 968 5545 discite
997 5488 1296 5543 voluntarie
1334 5491 1634 5545 sacrilicare
1665 5491 1892 5545 hostiam
1925 5493 2034 5545 lau-

465 5590 578 5652 dis;
612 5594 669 5641 ut
695 5583 1129 5639 transcendentes
1165 5581 1348 5636 liorem
1380 5580 1835 5654 fenihrcSpiciatis
1886 5598 2044 5651 super

466 5680 709 5737 iitillliCtlS
733 5687 959 5731 vestros.

528 5830 542 5859 ‘
581 5842 649 5878 sic
670 5838 766 5878 uss.
792 5836 842 5878 ,ιι
861 5829 991 5886 me,
1010 5838 1198 5877 sursum
1221 5837 1301 5874 cor
1324 5822 1542 5874 Imbut’sti.

1639 344 1691 399 S.
1736 334 2102 398 AUGUSTINI
2145 335 2444 391 EPISCOPI

3576 335 3683 389 628

2542 558 2621 618 ΙΝ
2665 558 2801 617 PSA
2812 557 3041 618 LMUM
3093 557 3228 617 LIV

2697 699 3115 755 ENAKRATIU.

2618 827 2788 868 εειιιιο
2840 831 2908 868 ΔΙ)
2957 829 3178 867 ΡιΙ-ῖῐιευ.
3231 844 3236 848 ·

2190 954 2240 1006 1.
2283 951 2429 1025 [vei-3.
2464 948 2541 1023 1.]
2582 949 2775 1004 Psalmi
2807 949 2961 1018 hujus
2984 949 3167 1004 titulus
3194 959 3314 1006 est:
3351 949 3410 1005 in
3440 953 3691 1021 [insanin

2121 1045 2337 1115 hymnis,
2368 1043 2645 1096 intellectus
2671 1041 2769 1113 ipsi
2806 1040 2991 1094 David.
3024 1042 3152 1109 Quis
3194 1043 3264 1096 sit
3287 1042 3406 1098 linis
3454 1059 3699 1099 comme-

2120 1154 2389 1194 moramus
2439 1137 2692 1201 breviter,
2751 1136 2869 1205 quia
2921 1137 3107 1191 nostis.
3168 1135 3315 1190 Finis
3364 1138 3499 1190 etaim
3544 1136 3700 1208 Legi:

2121 1232 2350 1290 Christus
2379 1240 2481 1295 est,
2528 1229 2596 1282 ad
2612 1228 2866 1304 justitiam
2893 1228 3029 1281 omni
3057 1228 3277 1281 credenti
3315 1230 3490 1300 (Rom.
3525 1246 3581 1294 ι,
3617 1232 3700 1300 4).

2122 1322 2349 1378 intentio
2387 1335 2515 1391 ergo
2555 1320 2810 1389 dirigatur
2852 1321 2904 1373 in
2937 1319 3118 1379 linem,
3156 1320 3413 1390 dirigatur
3451 1323 3503 1375 in
3534 1322 3699 1378 Chri-

2124 1425 2285 1469 stum.
2312 1413 2485 1481 Quare
2507 1412 2629 1466 linis
2651 1411 2875 1466 dicitur?
2901 1411 3160 1478 Quoniam
3190 1413 3440 1483 quidquid
3466 1416 3702 1484 agimus,

2095 1509 2190 1563 ’ad
2223 1509 2369 1563 illum
2410 1488 2716 1569 referimus;
2749 1515 2804 1560 et
2841 1521 2959 1559 cum
3003 1504 3069 1559 ad
3114 1521 3234 1560 cum
3281 1509 3706 1575 pervenerimus,

2126 1600 2261 1655 ultra
2292 1598 2434 1669 quod
2459 1591 2773 1668 qua-ramus
2799 1612 2903 1651 non
2951 1596 3282 1659 habebimus.
3318 1599 3520 1655 Dicitur
3557 1602 3705 1656 enim

2128 1691 2248 1743 linis
2287 1690 2373 1759 qui
2417 1688 2702 1755 Consumit,
2744 1687 2942 1741 dicitur
2989 1687 3105 1742 linis
3145 1689 3233 1758 qui
3265 1689 3489 1758 perlicit.
3531 1691 3711 1746 Aliter

2127 1782 2321 1851 quippe
2352 1780 2693 1849 intelligimus
2732 1794 2852 1834 cum
2889 1778 3155 1843 audimus,
3197 1777 3402 1834 Finitus
3441 1791 3524 1835 est
3553 1783 3710 1838 cilms

2128 1875 2214 1943 qui
2244 1871 2696 1937 manducabatur;
2728 1879 2783 1925 et
2818 1871 2971 1924 aliter
3008 1871 3349 1941 intelligimus
3378 1888 3500 1926 cum
3547 1875 3709 1927 audi-

2128 1980 2266 2030 mus,
2298 1963 2470 2019 Finita
2499 1973 2581 2016 est
2605 1963 2766 2019 vestis
2790 1977 2908 2032 qua:
2934 1962 3245 2017 texebatur:
3273 1964 3325 2018 in
3356 1978 3580 2041 iureque
3605 1983 3708 2020 au-

2129 2055 2323 2117 dinms,
2353 2054 2583 2107 Finitum
2616 2065 2730 2117 est;
2760 2052 2851 2107 sed
2881 2052 3031 2107 cibus
3052 2065 3108 2107 ut
3131 2053 3240 2123 jam
3282 2048 3384 2109 non
3415 2067 3579 2123 esset,
3613 2073 3709 2113 ve-

2130 2149 2229 2204 stis
2273 2157 2331 2202 ut
2373 2145 2604 2217 perfecta
2651 2155 2813 2201 esset.
2866 2144 3014 2201 Finis
3055 2162 3182 2216 ergo
3222 2158 3403 2202 noster
3450 2150 3713 2220 perfectio

2133 2249 2314 2293 nostra
2345 2253 2465 2291 esse
2503 2236 2689 2301 debet;
2732 2235 2989 2306 perfectio
3025 2248 3206 2293 nostra
3233 2238 3498 2295 Christus.
3528 2241 3585 2296 ln
3614 2244 3711 2298 illo

2133 2330 2273 2383 enim
2306 2328 2629 2398 perlicimur,
2657 2328 2776 2397 quia
2819 2328 2984 2398 ipsius
3014 2328 3205 2399 capitis
3230 2331 3467 2386 membra
3498 2348 3709 2387 sumus.

2134 2422 2202 2475 Et
2226 2420 2398 2475 dictus
2424 2431 2506 2473 est
2532 2418 2652 2472 linis
2683 2419 2856 2486 chis,
2896 2420 3016 2489 quia
3045 2420 3162 2474 sine
3192 2421 3284 2475 illo
3314 2437 3471 2478 nemo
3502 2424 3717 2493 perfurit

2132 2512 2347 2582 Legem.
2376 2511 2505 2565 Cum
2532 2526 2659 2581 ergo
2686 2510 2879 2565 auditis
2902 2510 2956 2563 in
2984 2511 3228 2591 Psalmis,
3256 2511 3324 2566 1n
3341 2514 3514 2582 ﬁnem,
3548 2518 3710 2570 multi

2132 2606 2274 2658 enim
2300 2603 2485 2673 psalmi
2513 2603 2581 2657 ita
2608 2603 2949 2672 superscripti
2973 2616 3117 2669 sunt,
3146 2619 3251 2658 non
3274 2607 3343 2659 sit
3362 2616 3537 2660 vestra
3565 2609 3720 2677 cogi-

2136 2695 2264 2749 tatio
2290 2695 2343 2748 in
2366 2692 2845 2761 consumptionem,
2877 2691 2971 2746 sed
3002 2693 3053 2746 in
3079 2697 3613 2751 consummationem.

2202 2789 2257 2842 9..
2296 2787 2363 2841 In
2391 2787 2588 2858 hymnis
2617 2801 2636 2839 :
2663 2786 2714 2838 in
2742 2784 3004 2839 laudibus.
3050 2785 3173 2841 Sive
3216 2788 3356 2842 enim
3398 2790 3725 2846 tribulctnnr

2133 2889 2187 2933 et
2215 2888 2574 2948 angnstemur,
2617 2876 2728 2930 sive
2754 2875 2992 2929 lictemur
3019 2886 3072 2931 et
3101 2878 3448 2945 exsultemus,
3483 2881 3571 2933 ille
3594 2881 3722 2934 lau-

2135 2971 2338 3024 dandus
2359 2977 2457 3032 est,
2482 2969 2567 3036 qui
2595 2977 2647 3021 et
2669 2968 2719 3020 in
2746 2967 3173 3041 tribulationibus
3198 2970 3395 3037 erudit,
3422 2983 3475 3026 et
3498 2973 3547 3026 in
3579 2972 3728 3027 huti-

2138 3064 2205 3117 tia
2231 3061 2554 3116 consolatur.
2586 3057 2725 3112 Laus
2767 3059 2907 3112 enim
2951 3059 3043 3113 Dei
3082 3074 3111 3113 a
3146 3062 3309 3115 corde
3347 3073 3401 3115 et
3428 3079 3521 3118 ore
3562 3064 3722 3120 chri-

2136 3155 2293 3208 stiani
2342 3152 2594 3206 recedere
2643 3165 2746 3202 non
2782 3149 2980 3203 debet:
3014 3165 3118 3203 non
3170 3160 3224 3203 ut
3267 3152 3445 3205 laudet
3497 3158 3544 3206 in
3590 3170 3729 3222 pro-

2136 3245 2327 3316 speris,
2369 3253 2423 3298 et
2449 3241 2721 3297 maledicat
2761 3242 2812 3295 in
2842 3241 3079 3297 adversis
3106 3260 3119 3307 ;
3145 3242 3237 3296 sed
3268 3245 3726 3313 qnetmtdmodum

2140 3337 2373 3409 psalmus
2400 3335 2487 3388 ille
2519 3332 2832 3402 prtescribit,
2854 3331 3158 3387 Benedicam
3187 3333 3452 3388 Dominum
3484 3336 3535 3388 in
3574 3340 3726 3391 omni

2140 3440 2377 3498 tempore,
2405 3442 2599 3495 semper
2626 3425 2737 3478 laus
2763 3426 2870 3493 ejus
2893 3424 2946 3477 in
2974 3440 3059 3477 ore
3084 3441 3189 3476 meo
3213 3424 3386 3493 (Psal.
3414 3442 3605 3492 χχχιιι,
3634 3430 3725 3498 1).

2139 3520 2382 3581 Gaudes,-
2430 3533 2656 3587 agumce
2710 3526 2910 3585 patrem
2970 3516 3360 3582 blandientem;
3414 3520 3730 3588 tribularis,

2140 3627 2367 3684 agnosce
2414 3621 2616 3681 patrem
2654 3609 3043 3669 emendantem.
3090 3608 3212 3665 Sive
3251 3611 3566 3678 blandiatur,
3605 3616 3736 3672 ςίιο

2141 3703 2404 3763 emendet,
2435 3717 2557 3757 eum
2583 3702 2756 3755 erudit
2785 3701 2865 3755 cui
2897 3712 3043 3770 parat
3070 3700 3450 3757 hmreditatem.

2214 3797 2270 3850 3.
2308 3793 2444 3861 Quid
2482 3806 2560 3846 e5t
2589 3807 2736 3861 ergo,
2766 3790 3057 3845 Intellectus
3083 3793 3179 3862 ipsi
3206 3792 3412 3847 David?
3442 3794 3569 3849 Erat
3597 3798 3735 3865 qui-

2144 3886 2265 3940 dem
2291 3884 2474 3949 David,
2499 3893 2555 3937 ut
2577 3884 2840 3947 novimus,
2869 3882 3122 3952 propheta
3149 3895 3385 3951 sanctus,
3414 3902 3501 3939 res
3532 3886 3735 3953 Israel,

2144 3976 2282 4031 ﬁlius
2302 3975 2452 4031 Jesse
2479 3974 2519 4043 (Ι
2544 3974 2670 4044 Reg.
2698 3989 2807 4035 χιι,
2841 3973 2929 4044 18)
2963 3991 2977 4030 :
3007 3972 3101 4028 sed
3131 3975 3250 4044 quia
3279 3992 3343 4031 ex
3376 3977 3490 4045 ejus
3516 3979 3742 4035 semine

2144 4068 2288 4122 venit
2309 4066 2373 4119 ad
2404 4066 2624 4119 salutem
2655 4074 2886 4119 nostram
2913 4066 3201 4119 secundum
3224 4082 3444 4121 carnem
3469 4068 3742 4126 Dominus

2144 4159 2299 4215 Jesns
2330 4158 2567 4213 Christus
2602 4156 2774 4223 (Rom.
2803 4173 2839 4215 ι.
2871 4155 2948 4227 5),
2973 4174 3113 4223 saepe
3152 4161 3253 4212 isto
3284 4160 3497 4214 nomine
3537 4135 3624 4216 ille
3660 4165 3741 4217 li-

2143 4265 2381 4323 guratur,
2413 4260 2467 4305 et
2498 4249 2659 4304 David
2689 4266 2782 4319 pro
2810 4251 3020 4304 Christo
3049 4249 3098 4304 in
3133 4254 3292 4319 ligura
3333 4252 3567 4320 ponitur,
3596 4269 3742 4324 pro-

2145 4357 2263 4416 pter
2298 4345 2553 4414 originem
2595 4344 2769 4416 carnis
2796 4343 2978 4412 ipsius.
3021 4343 3150 4396 Nam
3193 4344 3483 4399 secundum
3522 4348 3739 4415 aliquid

2149 4438 2287 4491 filius
2317 4445 2399 4490 est
2427 4411 2629 4498 David,‘
2651 4435 2941 4489 secundum
2988 4436 3184 4506 aliquid
3232 4437 3484 4492 Dominus
3512 4450 3593 4493 est
3624 4441 3743 4493 Da-

2150 4530 2235 4583 vid
2265 4528 2436 4583 :lilius
2466 4527 2626 4581 David
2672 4526 2960 4592 secundum
2996 4542 3229 4593 carnem,
3274 4528 3528 4583 Dominus
3561 4531 3741 4589 David

2148 4622 2436 4676 secundum
2462 4618 2813 4673 divinitatem.
2851 4616 2905 4672 Si
2935 4619 3073 4671 enim
3104 4634 3196 4685 per
3224 4619 3392 4688 ipsum
3431 4619 3566 4674 facta
3600 4636 3747 4679 sum

2149 4714 2325 4766 omnia
2349 4710 2522 4784 (Joon.
2552 4726 2589 4774 ι,
2611 4709 2687 4779 5),
2712 4725 2807 4779 per
2828 4709 2995 4778 ipsum
3019 4720 3069 4763 et
3100 4710 3210 4778 ipse
3236 4710 3399 4764 David
3432 4710 3598 4766 lactus
3619 4726 3740 4779 est,

2151 4820 2213 4858 ex
2247 4803 2395 4871 cujus
2431 4803 2633 4856 semine
2672 4802 2815 4857 venit
2844 4801 2909 4854 ad
2953 4800 3213 4856 homines.
3240 4801 3468 4857 Proinde
3503 4818 3625 4859 cum
3658 4806 3747 4863 in-

2150 4906 2473 4967 tcrrogasSet
2508 4896 2761 4971 Dominus
2794 4895 3027 4962 Judzeos,
3067 4896 3214 4966 cujus
3262 4897 3424 4950 tilium
3456 4897 3744 4956 Christum

2152 5006 2268 5045 esse
2299 4990 2569 5052 dicerent;
2593 4988 2994 5059 responderunt:
3025 4987 3203 5041 Darid.
3232 4988 3374 5041 Vidit
3399 5004 3497 5044 eos
3524 5006 3749 5061 reman-

2150 5082 2284 5134 sisse
2314 5082 2362 5133 in
2391 5096 2571 5145 carne,
2599 5092 2653 5134 et
2679 5078 3258 5133 amisissedivinitatem
3281 5095 3295 5142 ;
3319 5089 3372 5133 et
3397 5082 3749 5150 corrigiteos

2150 5175 2438 5243 qua-stione
2489 5171 2754 5241 proposita
2789 5188 2800 5222 :
2839 5169 3101 5236 Quomodo
3148 5188 3265 5239 ergo
3307 5170 3415 5239 ipse
3452 5168 3623 5224 David
3686 5177 3749 5229 in

2153 5268 2333 5336 spiritu
2372 5267 2494 5319 dicit
2538 5282 2649 5318 eum
2698 5264 2982 5325 Dominum,
3032 5266 3171 5317 Dixit
3223 5264 3468 5320 Dominus
3512 5265 3750 5322 Domino

2153 5377 2282 5423 meo,
2314 5358 2444 5412 Sede
2470 5359 2535 5407 ad
2560 5358 2815 5409 dexteram
2845 5373 3024 5420 meum,
3053 5358 3376 5425 quoadusque
3415 5375 3599 5426 ponunt
3628 5360 3750 5411 ini-

2153 5452 2305 5504 micos
2335 5460 2443 5523 tuos
2471 5449 2559 5501 sub
2592 5450 2797 5517 pedibus
2825 5449 2967 5502 tuis?
2996 5450 3056 5503 Si
3082 5467 3197 5519 ergo
3227 5450 3310 5504 ille
3333 5451 3385 5503 in
3416 5453 3596 5519 spiritu
3622 5451 3751 5505 Ua-

2154 5539 2340 5594 ntinnm
2365 5558 2474 5593 eum
2502 5540 2641 5603 dicit,
2663 5530 2912 5608 quomodo
2941 5542 3078 5609 ﬁlius
3105 5547 3211 5611 ejus
3238 5553 3306 5595 est
3350 5542 3561 5610 (.llnttlt.
3590 5559 3745 5609 nn,

2153 5631 2755 5699 42-55)?Qnmstionem
2807 5633 3099 5700 proposuit,
3141 5649 3242 5684 non
3287 5632 3447 5685 lilium
3498 5638 3745 5701 negavit.

2152 5724 2385 5776 Audistis
2430 5724 2705 5786 llmninum
2733 5740 2746 5783 ;
2783 5723 2940 5775 dicite
2969 5723 3236 5790 quomodo
3278 5722 3413 5774 filius
3442 5725 3503 5775 sit
3539 5744 3549 5771 :
3583 5727 3745 5779 audi.

2152 5827 2247 5870 stts
2286 5816 2483 5879 lilium;
2516 5814 2675 5868 dicite
2721 5812 2984 5883 quomodo
3018 5813 3266 5868 Dominus
3295 5815 3380 5869 sit.
3415 5814 3560 5868 llanc
3587 5831 3745 5885 qius:-
