4004 6200
269 380 371 435 829

263 499 488 546 stionem
534 487 689 542 Solvit
737 488 865 542 ﬁdes
908 487 1182 542 catholica.
1225 485 1501 550 Quomodo
1548 485 1837 537 Dominus?

262 587 394 652 Quia
424 586 473 637 in
515 584 762 654 principio
803 592 906 636 erat
953 579 1187 644 Verbum,
1234 589 1277 632 et
1321 577 1530 631 Verbum
1569 589 1673 632 erat
1703 579 1842 643 apud

267 677 452 740 licam,
488 686 532 729 et
577 675 710 726 Deus
752 683 858 726 erat
901 672 1128 724 Verbum.
1176 671 1451 736 Quomodo
1496 671 1676 724 ﬁlius?
1708 671 1838 736 Quia

277 769 491 822 Verbum
519 782 636 819 caro
667 771 851 835 factum
887 773 973 825 est,
1005 773 1049 815 ct
1081 762 1318 814 habitavit
1345 763 1398 814 in
1429 762 1567 814 nobis
1594 761 1770 830 (Joan.
1802 778 1836 820 i.

265 865 318 926 1,
357 860 463 929 14).
507 858 635 922 Quia
675 872 800 925 ergo
831 854 989 907 David
1019 854 1068 907 in
1097 856 1256 923 ligura
1289 854 1530 908 Christus
1559 863 1659 916 est,
1688 852 1839 904 Chri-

261 963 378 1004 stus
417 960 612 1006 autem.
665 957 724 1000 ut
759 962 899 1015 sa'pe
940 944 1471 998 commemoravimus
1519 943 1837 996 Cliaritateiii

266 1043 532 1100 Vestram,
568 1051 619 1092 et
657 1048 813 1107 caput
854 1047 905 1092 et
934 1052 1129 1107 corpus
1154 1045 1271 1091 est:
1303 1052 1400 1090 nec
1429 1053 1525 1089 nos
1565 1052 1591 1088 a
1630 1035 1841 1090 Christo

259 1136 468 1189 alienos
509 1132 684 1185 dicere
724 1131 997 1194 debemus,
1042 1128 1191 1196 cujus
1236 1128 1469 1182 membra
1506 1143 1703 1188 sumus,
1747 1142 1842 1180 nec

263 1242 363 1280 nos
388 1224 535 1292 quasi
559 1223 780 1276 alterum
811 1229 1151 1288 Computare;
1180 1220 1298 1288 quia
1330 1229 1469 1270 erant
1493 1222 1591 1271 (lno
1622 1219 1670 1270 in
1692 1235 1843 1270 carne

265 1333 388 1368 una.
417 1314 800 1368 Sacramcntum
832 1312 924 1363 hoc
951 1327 1185 1380 maguum
1215 1320 1302 1370 est,
1329 1311 1399 1362 ait
1423 1311 1723 1377 Apostolus,
1753 1325 1840 1376 ego

263 1419 436 1460 autem
462 1407 573 1459 dico
598 1406 650 1457 in
681 1404 874 1456 Christo
899 1413 943 1454 et
974 1404 1022 1454 in
1057 1401 1281 1454 Ecclesia
1305 1399 1518 1470 (Ep/tes.
1539 1417 1588 1464 v,
1613 1401 1700 1461 3|,
1726 1399 1838 1452 59.).

268 1498 404 1562 Quia
447 1510 576 1565 ergo
619 1503 757 1548 totus
786 1492 1028 1546 Christus
1068 1501 1223 1560 caput
1257 1500 1309 1545 et
1352 1506 1544 1559 Corpus
1573 1501 1691 1554 est;
1723 1505 1841 1543 cum

264 1590 530 1653 audimus,
555 1585 848 1643 Intellectus
875 1585 972 1654 ipsi
1005 1583 1186 1643 David,
1212 1583 1569 1652 intelligamus
1590 1592 1642 1636 et
1664 1597 1760 1635 nos
1791 1583 1840 1634 iu

266 1681 452 1736 David.
504 1678 796 1747 lntelligant
843 1677 1075 1729 membra
1121 1675 1339 1734 Christi,
1387 1684 1440 1727 et
1490 1675 1540 1727 in
1593 1673 1842 1727 membris

266 1775 380 1828 suis
407 1771 661 1839 intelligat
685 1769 949 1832 Christus,
981 1777 1032 1820 et
1063 1766 1296 1819 membra
1327 1766 1520 1819 Christi
1552 1764 1846 1834 intelligant

269 1866 321 1919 in
369 1863 618 1917 Christo:
647 1863 767 1930 quia
817 1869 973 1928 caput
1017 1868 1070 1911 et
1116 1857 1352 1910 membra
1402 1872 1536 1908 unus
1573 1855 1838 1909 Christus.

267 1958 440 2023 Caput
471 1956 518 2006 in
549 1953 686 2006 cudo
730 1960 861 2015 erat,
908 1959 960 2002 et
999 1950 1223 2012 diccbat,
1262 1948 1400 2014 Quid
1435 1964 1512 1998 me
1541 1948 1845 2016 persequeris

270 2048 408 2113 (Act.
440 2063 513 2109 ix,
543 2047 639 2114 4)?
662 2044 764 2096 Nos
792 2060 910 2096 cum
945 2043 1033 2093 illo
1061 2040 1109 2094 in
1133 2042 1268 2095 cmlo
1292 2055 1384 2108 per
1413 2055 1580 2108 spem,
1610 2041 1719 2107 ipse
1748 2057 1844 2090 ue-

269 2140 473 2193 bisciim
508 2139 556 2190 in
590 2147 725 2190 terra
757 2150 851 2202 per
879 2133 1210 2186 charitatem.
1247 2132 1401 2200 Ergo,
1437 2131 1716 2183 intellectus
1751 2131 1846 2198 ipsi

273 2229 458 2282 David.
489 2227 880 2282 Admoucauiur
907 2239 1025 2275 cum
1067 2222 1328 2285 audimus,
1380 2231 1432 2273 ct
1462 2222 1715 2286 intelligat
1750 2221 1848 2273 Ερ-

268 2319 429 2371 clesia
464 2336 476 2370 :
509 2317 732 2386 pertinet
760 2314 899 2368 enim
930 2314 992 2365 ad
1024 2328 1119 2364 nos
1147 2327 1331 2380 inigua
1359 2327 1483 2364 cura
1518 2311 1843 2378 intelligendi

271 2413 320 2462 in
347 2426 456 2479 quo
496 2408 635 2462 malo
667 2422 803 2459 nunc
847 2421 1049 2465 sumus,
1100 2413 1151 2456 et
1183 2403 1248 2455 de
1278 2420 1380 2470 quo
1409 2402 1550 2456 uizilo
1578 2412 1630 2454 ut
1658 2402 1848 2455 libere-

269 2520 390 2557 niur
411 2510 675 2570 optamus,
720 2497 1118 2552 reminiscentes
1156 2496 1408 2548 orationis
1435 2495 1734 2557 dominicae,
1758 2497 1844 2548 ubi

270 2596 322 2649 iu
357 2597 460 2647 line
491 2592 733 2653 dicimus,
780 2589 958 2642 Libera
1002 2605 1091 2640 nos
1133 2604 1164 2639 ιι
1194 2586 1325 2638 malo
1357 2586 1567 2656 (Matth.
1613 2603 1686 2645 vi,
1736 2585 1841 2654 15).

272 2687 414 2738 Inter
440 2686 629 2738 multas
659 2698 786 2751 ergo
813 2680 1177 2734 trihiilatioues
1219 2679 1373 2745 hujus
1418 2679 1618 2742 szceuli,
1651 2680 1848 2748 plangit

269 2777 467 2846 aliquid
509 2775 738 2844 psalmus
777 2773 874 2825 iste
897 2771 964 2824 de
1008 2770 1295 2823 intellectu.
1331 2768 1419 2822 Ille
1448 2785 1567 2822 cum
1612 2770 1712 2821 isto
1742 2778 1859 2822 iion'

270 2871 463 2940 plorat,
493 2866 582 2934 qui
615 2879 715 2918 non
745 2862 900 2916 habet
934 2863 1280 2916 intellectum.
1310 2861 1472 2913 Porro
1497 2872 1693 2923 autem,
1721 2860 1847 2914 cha-

271 2957 491 3021 rissimi,
533 2955 832 3010 meminisse
875 2953 1130 3006 debemus
1173 2952 1236 3004 ad
1289 2952 1566 3018 imaginem
1617 2953 1705 3004 Dei
1748 2968 1846 3004 nos

269 3067 391 3105 esse
410 3050 595 3111 laetos,
620 3062 717 3101 nec
741 3045 864 3098 alibi
895 3061 1052 3114 quam
1095 3045 1144 3097 in
1175 3045 1289 3112 ipso
1321 3043 1607 3096 intellectu.
1636 3043 1763 3096 Nam
1794 3044 1843 3095 in

223 3129 236 3143 ’
272 3142 451 3195 multis
484 3138 642 3192 rebus
676 3153 702 3189 a
734 3137 915 3190 bestiis
942 3134 1289 3204 superamur‘
1327 3152 1340 3187 :
1371 3133 1456 3187 ubi
1481 3142 1658 3187 autem
1687 3134 1845 3186 homo

269 3235 335 3288 ad
365 3232 644 3301 imaginem
679 3229 768 3281 Dei
809 3227 1002 3280 factum
1047 3240 1105 3280 se
1155 3226 1319 3287 novit,
1366 3224 1434 3277 ibi
1463 3224 1656 3293 aliquid
1692 3225 1740 3275 in
1773 3240 1844 3291 pse

269 3324 512 3393 agnoscit
554 3321 779 3391 amplius
822 3334 941 3373 esse
985 3333 1142 3387 quam
1188 3317 1367 3371 datum
1417 3325 1499 3370 est
1544 3316 1841 3384 pecoribus.

266 3414 633 3470 Consideratis
659 3426 787 3464 vero
816 3409 1060 3462 omnibus
1103 3393 1261 3463 rebus
1301 3423 1432 3476 quas
1478 3406 1632 3460 habet
1664 3407 1842 3474 homo,

272 3508 472 3561 invenit
501 3520 560 3558 se
598 3519 662 3558 eo
690 3503 904 3573 proprie
927 3501 1212 3555 discretum
1257 3514 1286 3551 a
1325 3513 1537 3566 pecore,
1566 3497 1704 3566 quod
1737 3500 1846 3566 ipse
1903 3497 1908 3502 ’

271 3602 464 3655 habeat
501 3597 844 3651 intellectmn.
877 3593 1025 3648 Unde
1062 3591 1316 3661 quosdam
1361 3600 1766 3644 contemnentes
1794 3591 1842 3642 in

267 3712 327 3748 se
352 3692 494 3762 quod
529 3691 796 3759 proprium
828 3695 879 3740 et
907 3687 1223 3754 praicipnuin
1254 3701 1281 3736 a
1317 3684 1604 3737 Conditore
1629 3699 1846 3751 accepe-

269 3796 414 3850 runt,
443 3785 679 3850 increpat
710 3781 820 3851 ipse
844 3778 1098 3832 Conditor
1128 3777 1306 3829 dicens
1340 3793 1352 3828 :
1391 3774 1564 3828 Nolite
1589 3776 1694 3841 ﬁeri
1721 3775 1844 3825 sicut

268 3897 425 3948 (quas
464 3886 509 3930 et
534 3875 719 3935 multis,
748 3872 923 3940 quibus
951 3887 1050 3922 non
1085 3877 1155 3921 est
1185 3867 1467 3919 intellectus
1494 3864 1662 3933 (Paul.
1694 3881 1842 3928 χχχι,

270 3974 348 4039 9).
381 3969 444 4021 Et
472 3967 575 4018 alio
603 3965 716 4016 loco
747 3961 874 4015 dicit
900 3978 911 4011 :
948 3957 1110 4010 Ilomo
1132 3958 1182 4010 in
1210 3956 1397 4008 honore
1426 3956 1632 4024 positas.
1661 3956 1716 4007 In
1744 3973 1847 4022 quo

274 4065 499 4123 honore,
539 4057 637 4110 nisi
666 4057 781 4124 quia
813 4055 977 4106 laetus
1019 4051 1083 4104 ad
1133 4051 1411 4117 imaginem
1443 4048 1570 4102 Dei?
1609 4049 1763 4116 Ergo,
1796 4049 1845 4098 in

271 4157 463 4206 honore
493 4165 682 4217 positus
725 4164 822 4200 non
866 4143 1130 4205 intellexit,
1173 4142 1264 4203 ait,
1306 4150 1626 4208 comparatus
1667 4149 1734 4193 est
1753 4141 1846 4208 ju-

273 4249 453 4300 nieiitis
481 4241 766 4304 insensatis,
791 4249 834 4292 ct
864 4237 1041 4291 similis
1063 4239 1226 4305 factus
1249 4244 1319 4288 est
1344 4233 1448 4287 illis
1476 4231 1644 4305 (Psal.
1668 4248 1844 4293 xcvui,

269 4339 384 4406 2|).
421 4343 782 4404 Agnoscaunis
821 4345 947 4398 ergo
973 4327 1227 4381 honorem
1260 4336 1523 4388 nostrum,
1556 4333 1610 4379 et
1654 4324 1847 4378 intelli-

271 4443 480 4496 gamus.
513 4424 568 4478 Si
615 4422 973 4489 intelligimus,
1017 4418 1254 4472 videmus
1299 4433 1402 4469 non
1433 4431 1550 4470 esse
1581 4417 1732 4469 istam
1768 4433 1850 4469 re-

271 4522 484 4588 giooein
511 4513 794 4585 gaudendi,
826 4511 917 4565 sed
953 4509 1230 4580 gemendi;
1267 4523 1372 4561 non
1399 4508 1506 4574 jam
1529 4507 1846 4568 exsuliaiidi,

272 4609 368 4662 sed
413 4602 590 4660 adhuc
633 4600 935 4672 plaugcndi.
985 4599 1089 4654 Sed
1139 4598 1236 4652 etsi
1281 4595 1562 4652 exsultatio
1609 4597 1848 4664 quaulam

273 4698 478 4752 habitat
508 4696 557 4748 in
582 4693 828 4746 cordibus
858 4691 1071 4754 uestris,
1106 4687 1339 4741 nondum
1368 4695 1448 4738 est
1477 4686 1526 4737 in
1567 4701 1646 4746 re,
1679 4685 1769 4738 Sed
1800 4686 1847 4736 in

269 4808 389 4861 spe.
425 4791 498 4844 Ex
529 4788 788 4856 promisso
817 4785 1072 4846 laetamur,
1105 4782 1224 4850 quia
1253 4780 1449 4833 scimus
1479 4793 1582 4830 non
1626 4791 1718 4828 nos
1752 4776 1817 4831 fal

269 4885 387 4939 lere
425 4879 842 4950 promittentem.
877 4874 1072 4928 Verum
1112 4869 1252 4940 quod
1299 4870 1490 4922 attinet
1524 4866 1588 4920 ad
1620 4883 1850 4934 pl'HBSOIIS‘

269 4987 504 5042 tempus,
539 4971 589 5022 in
630 4984 734 5037 quo
765 4968 926 5028 malo,
978 4965 1027 5017 in
1065 4962 1254 5031 quibus
1284 4959 1544 5029 angustiis
1574 4959 1738 5010 simus
1766 4975 1850 5009 au-

266 5069 415 5123 dite;
450 5075 504 5118 et
534 5062 577 5116 si
603 5062 744 5115 .viaui
778 5060 928 5112 istam
968 5056 1182 5117 tenetis,
1211 5051 1348 5122 quod
1392 5051 1584 5104 auditis
1625 5051 1675 5102 in
1703 5053 1850 5103 vobis

262 5157 564 5224 agnoscite.
590 5152 835 5219 Quisquis
866 5149 1005 5205 enim
1056 5145 1287 5198 nondum
1322 5149 1464 5196 tenet
1492 5141 1590 5194 iter
1618 5141 1845 5210 pietatis,

267 5253 497 5303 miratur
519 5246 637 5314 quia
669 5244 790 5296 talia
826 5248 1042 5310 gemunt
1069 5236 1306 5291 membra
1350 5233 1512 5286 David
1539 5250 1551 5284 :
1578 5247 1679 5286 non
1708 5236 1847 5287 enini

265 5342 414 5394 videt
444 5341 494 5391 iu
527 5353 583 5390 se
614 5337 731 5390 ista.
756 5331 1016 5401 Quamdiu
1039 5339 1090 5382 et
1116 5329 1166 5381 in
1205 5343 1262 5382 se
1293 5327 1388 5380 ista
1425 5341 1527 5379 non
1551 5325 1690 5378 videt
1721 5340 1852 5377 tion-

265 5435 397 5486 ilum
425 5441 508 5485 est
532 5429 600 5482 ibi
627 5446 640 5482 :
670 5443 774 5480 non
801 5424 962 5478 sentit
981 5421 1121 5490 quod
1147 5435 1337 5486 corpus
1359 5418 1515 5470 sentit
1537 5435 1550 5478 ;
1575 5417 1695 5486 quia
1727 5434 1850 5484 prr-

265 5537 351 5578 im-
379 5536 574 5589 corpus
618 5527 701 5573 est
731 5536 743 5570 :
777 5517 1164 5582 incorporetur,
1212 5521 1266 5564 et
1294 5510 1504 5563 sentiet.
1539 5509 1687 5561 Dicat
1722 5523 1848 5574 ergo

261 5625 319 5667 et
349 5612 642 5670 audiamus,
671 5608 945 5660 audiamus
971 5615 1024 5657 et
1052 5602 1277 5654 dicamut
1315 5617 1326 5651 :

345 5706 392 5760 -i.
424 5704 576 5774 [verm
605 5697 749 5770 22-5.]
787 5695 1005 5756 [Cx—audi,
1044 5693 1176 5745 Dea:
1227 5693 1618 5765 damnationem
1647 5704 1804 5740 meam
1831 5728 1842 5750 ,

337 5816 352 5847 ³
386 5820 456 5863 sic.
478 5820 583 5862 )tss.
612 5821 659 5861 At
679 5811 808 5865 Filii,
835 5823 861 5856 u
879 5806 1033 5857 bestiis
1053 5819 1140 5854 non
1165 5814 1453 5864 separamur,

1425 370 1814 423 ENMll‘iA'i'IU
1859 370 1922 424 ΙΝ
1965 373 2278 430 ξ’ξὶίὶιωιυῖιί
2325 375 2451 428 LIV.

3409 383 3514 433 630

1949 499 1994 540 et
2023 507 2082 541 ne
2111 491 2391 559 despexeris
2423 509 2612 556 precem
2644 510 2800 546 meam
2830 510 2848 548 :
2875 496 3069 547 ίηίνιίίύ
3095 494 3236 559 mihi,
3264 505 3308 546 ct
3333 495 3514 546 exaudi

1947 595 2040 630 me.
2071 579 2395 649 Satageutis,
2445 585 2675 646 solliciti,
2708 585 2755 638 in
2789 585 3121 638 tribulatione
3155 586 3325 652 positi.
3358 586 3514 637 verba

1947 682 2068 724 sunt
2102 674 2216 724 ista.
2247 672 2371 726 Orat
2403 675 2562 727 multa
2597 677 2826 743 patiens,
2869 678 2935 729 de
2977 677 3111 730 malo
3141 676 3346 729 liberari
3377 675 3517 728 desi-

1947 761 2138 815 derans
2174 783 2186 816 :
2218 777 2456 832 superest
2499 776 2550 818 ut
2596 766 2870 820 audiamus
2913 768 2960 819 in
3003 784 3106 835 quo
3149 768 3291 820 malo
3318 769 3419 828 sit;
3468 778 3519 818 et

1947 869 2063 906 cum
2093 854 2269 909 dicere
2293 861 2531 925 cmperit.
2551 875 2897 925 agnoscamus
2919 861 2985 912 ibi
3017 876 3110 913 nos
3137 863 3275 920 esse,
3293 871 3345 914 ut
3375 876 3520 912 cotu—

1948 947 2209 999 muuicata
2231 948 2581 1005 tribulatione.
2599 951 2976 1018 conjiiugauius
3004 951 3521 1004 orationem.Contri-

1946 1047 2102 1089 statas
2130 1054 2235 1089 sam
2259 1040 2306 1089 in
2335 1041 2682 1093 exercitatione
2706 1059 2832 1106 mea,
2857 1053 2900 1093 ct
2921 1043 3240 1094 conturbatus
3261 1059 3387 1094 Sam.
3418 1041 3517 1096 Ubi

1946 1130 2323 1181 contristatus?
2365 1129 2449 1182 ubi
2491 1133 2867 1184 οοιιιιιιᾟιιιιιςῗ)
2907 1132 2970 1183 1η
3011 1134 3358 1185 exercitatione
3389 1147 3519 1192 mea,

1949 1218 2132 1287 inquit.
2169 1220 2417 1274 Homines
2445 1225 2608 1275 malos
2635 1238 2767 1291 quos
2800 1223 2989 1290 patitur
3011 1234 3524 1276 coimuemoraturus

1947 1323 2026 1364 est
2051 1313 2089 1377 ¹,
2108 1311 2454 1380 eamdemque
2477 1314 2770 1380 passionem
2794 1315 3047 1366 malorum
3074 1313 3342 1367 hominum
3364 1328 3523 1363 exer-

1947 1401 2248 1453 citationem
2281 1419 2426 1454 suam
2456 1403 2604 1456 dixit.
2636 1403 2708 1455 Ne
2741 1405 2932 1470 putetis
2958 1405 3116 1471 gratis
3142 1419 3257 1456 esse
3280 1404 3445 1456 malos
3471 1405 3542 1454 in'

1951 1492 2047 1545 hoc
2072 1494 2285 1555 mundo,
2319 1503 2372 1545 et
2402 1493 2528 1545 nihil
2554 1494 2673 1547 boni
2699 1495 2763 1546 de
2796 1496 2895 1547 illis
2921 1511 3076 1564 agere
3107 1496 3289 1546 Πιιιιιιι.
3337 1493 3520 1545 Omnis

1950 1583 2117 1636 maliis
2159 1593 2249 1636 aut
2288 1582 2405 1635 ideo
2433 1583 2557 1636 vivit
2601 1596 2654 1636 ut
2695 1586 3006 1653 Cttl'l'lgﬂllll',
3042 1584 3274 1636 antideo
3313 1583 3437 1636 vivit
3469 1593 3524 1635 ιιι

1951 1691 2044 1742 per
2090 1675 2230 1726 illiiin
2279 1675 2448 1728 bonus
2494 1685 2818 1728 exerceatur.
2868 1675 3079 1730 Utinam
3121 1690 3245 1743 ergo
3293 1676 3378 1743 qni
3427 1689 3522 1726 nos

1949 1768 2106 1820 modo
2134 1775 2404 1829 exercent,
2436 1777 2828 1832 convi'rtantur,
2853 1779 2902 1820 et
2936 1767 3207 1820 nobiscum
3234 1782 3522 1820 exercean-

1953 1869 2071 1911 tur:
2105 1869 2276 1911 tamen
2309 1858 2555 1925 quamdiu
2598 1859 2663 1911 ita
2708 1869 2829 1912 sunt
2868 1869 2922 1911 ut
2958 1868 3268 1922 exerceant,
3301 1872 3402 1910 non
3431 1873 3524 1910 etis

1949 1952 2245 2014 oderimus;
2291 1953 2410 2018 quia
2457 1951 2504 2003 in
2543 1966 2607 2004 eo
2649 1951 2785 2017 quod
2828 1951 2994 2004 malus
3039 1959 3118 2002 est
3160 1951 3276 2018 quis
3315 1965 3520 2012 eorum,

1952 2053 2125 2094 utrum
2148 2057 2312 2108 usque
2341 2043 2390 2095 in
2421 2041 3038 2110 linemperseveraturus
3065 2042 3151 2102 sit,
3188 2042 3518 2108 ignoramus;

1950 2141 2001 2184 ct
2029 2133 2333 2201 ιιΙυιίιιιιιιιιρ
2353 2148 2471 2186 cum
2505 2133 2594 2185 tibi
2624 2121 2815 2185 videris
2855 2132 3030 2185 odisse
3071 2132 3372 2192 inimicum,
3415 2130 3522 2183 fra-

1954 2235 2084 2277 trem
2112 2224 2289 2286 odisti,
2322 2233 2370 2277 et
2405 2226 2594 2278 nescis.
2623 2225 2870 2276 Diabolus
2889 2234 2937 2276 et
2961 2225 3130 2293 angeli
3158 2223 3272 2291 ejus
3299 2223 3348 2274 in
3376 2224 3521 2276 Scri-

1952 2316 2117 2384 pturis
2147 2316 2342 2368 sanctis
2370 2315 2684 2373 manifestati
2725 2327 2848 2369 sunt
2887 2317 3059 2378 nobis,
3092 2315 3227 2381 quod
3257 2314 3519 2383 ad'ignein

1950 2415 2205 2458 a-ternum
2233 2407 2338 2459 sint
2368 2406 2632 2459 destinati.
2678 2408 2910 2475 Ipsorum
2955 2415 3156 2459 tantum
3196 2405 3522 2473 desperanda

1950 2507 2030 2550 est
2059 2500 2320 2551 covrectio
2341 2517 2351 2549 :
2373 2510 2553 2552 contra
2581 2515 2713 2566 quos
2741 2500 2993 2552 habemus
3023 2499 3281 2552 occultam
3307 2497 3520 2557 luctam,

1951 2591 2014 2644 ad
2046 2608 2201 2658 quam
2233 2593 2421 2644 luctam
2451 2607 2547 2644 nos
2585 2601 2754 2644 armat
2784 2592 3067 2659 Apostolus
3088 2632 3102 2654 ,
3145 2591 3325 2644 dicens
3354 2609 3373 2642 ε-
3403 2588 3521 2642 Non

1951 2691 2019 2735 est
2058 2681 2197 2735 trabis
2225 2684 2506 2735 colluctatio
2537 2683 2772 2735 adversus
2809 2699 3009 2734 carnem
3037 2691 3082 2734 et
3112 2683 3440 2751 sanguinem,
3472 2683 3521 2733 id

1950 2785 2029 2827 est
2053 2774 2305 2827 adversus
2334 2773 2573 2826 homines
2595 2789 2727 2841 quos
2751 2773 2968 2834 videtis;
3001 2773 3088 2825 sed
3117 2774 3352 2826 mlcet-siis
3380 2774 3519 2839 priu-

1949 2869 2082 2935 cipcs
2117 2877 2161 2919 ct
2189 2870 2453 2936 potestates
2479 2875 2522 2917 ct
2551 2877 2762 2918 rectores
2785 2865 2979 2928 mundi,
3005 2865 3316 2917 tenebrarmn
3345 2865 3524 2915 Irarum

1951 2958 2164 3028 (lz'plies.
2192 2975 2263 3021 Vl,
2300 2958 2404 3025 19.).
2439 2958 2514 3012 Ne
2541 2959 2672 3010 forte
2695 2973 2812 3010 eum
2837 2957 3070 3015 dixisset,
3107 2956 3301 3017 mandi,
3335 2955 3526 3008 inteili-

1949 3067 2101 3119 geres
2143 3051 2412 3103 diemones
2453 3065 2569 3103 esse
2611 3059 2844 3102 rectores
2871 3049 2989 3102 coeli
3030 3060 3083 3099 et
3124 3058 3308 3110 terrze;
3353 3046 3526 3099 mundi

1950 3142 2112 3207 dixit,
2163 3141 2473 3194 tenebrarum
2520 3141 2730 3201 liarnin;
2787 3140 2961 3191 mundi
3011 3139 3176 3199 dixit,
3229 3148 3522 3190 amatorum

1951 3234 2164 3295 mundi;
2199 3232 2370 3284 mundi
2401 3231 2558 3294 dixit,
2595 3231 2873 3298 impiorum
2904 3241 2955 3280 et
2985 3230 3317 3296 iniquorum;
3347 3229 3524 3280 immiti

1949 3327 2100 3389 dixit,
2125 3326 2190 3380 de
2216 3341 2320 3394 quo
2345 3325 2472 3377 dicit
2495 3324 2838 3389 Evangeliuiu
2877 3339 2886 3373 :
2921 3320 2984 3372 Et
3021 3324 3239 3373 mundus
3276 3339 3386 3374 eam
3426 3339 3525 3394 non

1949 3419 2175 3486 cognovit
2208 3416 2395 3488 (Joan.
2427 3432 2461 3478 ι,
2486 3415 2607 3477 10).
2637 3413 2690 3467 Si
2721 3413 2860 3466 ciiiin
2895 3411 3120 3464 mundus
3147 3427 3251 3464 non
3276 3389 3524 3479 cognovit

1953 3509 2118 3560 lucem
2144 3549 2156 3568 ,
2203 3508 2322 3574 quia
2365 3507 2449 3558 lux
2483 3506 2530 3556 in
2565 3503 2795 3557 tenebris
2837 3503 3008 3561 lucet,
3039 3515 3088 3555 et
3133 3502 3364 3555 tenebrie
3405 3518 3522 3552 eam

1953 3613 2052 3650 non
2079 3594 2612 3664 eoinprehenderunt,
2637 3604 2690 3645 et
2713 3593 2838 3659 ipsa?
2862 3592 3092 3645 tenebra:
3119 3608 3234 3659 qua:
3257 3608 3358 3644 non
3381 3605 3524 3642 coni-

1951 3685 2344 3755 prehenderunt
2392 3686 2559 3736 lucem
2603 3691 2940 3750 przeseutem,
2975 3683 3155 3734 mundi
3185 3683 3396 3734 nomine
3424 3697 3519 3748 ap-

1954 3779 2244 3845 pellantur;
2278 3777 2457 3827 harum
2491 3775 2826 3828 tenebrarum
2874 3783 2993 3825 sunt
3030 3773 3100 3824 i!li
3147 3781 3397 3824 rectores.
3449 3771 3522 3824 De

1953 3872 2078 3940 ipsis
2105 3886 2230 3938 ergo
2259 3868 2549 3922 rCCIOI’lDlh‘
2573 3867 2828 3922 habemus
2854 3866 3258 3919 determinatam
3289 3863 3522 3932 Scripta.-

1951 3981 2125 4018 raruin
2152 3963 2490 4028 sententiain,
2519 3961 2656 4031 quod
2687 3960 2902 4014 omnino
2925 3959 3044 4011 inde
3075 3958 3275 4011 reditus
3301 3957 3523 4025 alicujus

1951 4071 2133 4109 eorum
2173 4053 2466 4121 Sperandus
2497 4068 2600 4105 non
2630 4063 2729 4105 est.
2765 4053 2829 4103 At
2861 4065 2988 4103 vero
3016 4049 3081 4102 de
3113 4050 3238 4118 ipsis
3289 4051 3524 4105 tenebris

1951 4163 2172 4217 quarum
2213 4145 2287 4200 illi
2327 4154 2560 4198 rectores
2590 4153 2730 4206 sunt,
2761 4161 2862 4196 non
2899 4159 3082 4195 smnus
3112 4143 3239 4196 certi
3281 4160 3345 4195 ne
3387 4145 3523 4196 toi-ie

1952 4238 2040 4307 qui
2078 4245 2230 4291 erant
2274 4237 2538 4298 tenebrae,
2575 4235 2697 4287 ﬁant
2737 4235 2844 4286 lux.
2897 4233 3162 4286 Fidelibus
3191 4234 3381 4301 quippe
3415 4232 3522 4301 jaiu

1955 4333 2101 4385 tactis
2125 4331 2250 4383 dicit
2283 4329 2585 4397 Apostolus,
2625 4326 2810 4378 Fuistis
2833 4325 3106 4394 aliquando
3129 4323 3360 4390 tenebrae,
3390 4338 3523 4375 nunc

1952 4434 2116 4478 autem
2139 4424 2226 4477 lua:
2245 4425 2295 4475 in
2327 4421 2537 4474 Domino
2565 4419 2777 4490 (Ep/res.
2810 4437 2858 4480 ν,
2885 4420 2938 4487 8)
2972 4436 2984 4472 :
3013 4417 3245 4471 tenebris
3271 4418 3324 4470 in
3356 4415 3528 4477 vobis,

1955 4520 2043 4573 lux
2073 4521 2122 4571 in
2154 4517 2396 4571 Domino.
2433 4517 2585 4584 Ergo,
2621 4513 2824 4574 fratres,
2857 4529 2994 4564 omir
3019 4527 3044 4563 s
3077 4511 3222 4573 mali,
3250 4525 3367 4561 cum
3400 4509 3524 4560 mali

1955 4621 2073 4664 sunt
2099 4653 2112 4674 ,
2143 4617 2392 4662 exercent
2420 4607 2602 4659 bonos.
2649 4606 2784 4658 Ecce
2809 4605 2947 4656 enim
2981 4601 3208 4654 breviter
3231 4600 3407 4651 audite
3427 4641 3440 4662 ,
3477 4610 3528 4650 et

1956 4702 2244 4769 intelligite.
2287 4700 2343 4752 Si
2391 4699 2558 4751 bonus
2602 4712 2677 4756 es,
2724 4695 2991 4747 inimicum
3035 4708 3137 4744 non
3184 4690 3400 4743 habebis
3431 4689 3529 4742 nisi

1956 4793 2171 4846 malum.
2215 4791 2377 4844 Porro
2410 4789 2497 4843 tibi
2529 4804 2587 4841 ea
2619 4787 2797 4854 regula
2829 4783 3078 4836 bonitatis
3106 4783 3318 4849 prmlixa
3343 4789 3441 4840 est,
3476 4791 3529 4831 iit

1957 4887 2174 4939 imiteris
2197 4885 2480 4938 bonitatem
2507 4881 2676 4935 Patris
2701 4879 2792 4941 Ini,
2819 4879 2903 4947 qui
2926 4877 3046 4946 facit
3066 4876 3219 4930 solent
3239 4889 3385 4927 suum
3405 4875 3527 4925 oriri

1955 4995 2105 5041 super
2135 4977 2297 5034 bonos
2333 4985 2377 5026 et
2419 4974 2574 5024 malos
2593 5011 2610 5035 ,
2641 4981 2691 5023 et
2724 4968 2849 5038 pluit
2879 4985 3028 5036 super
3051 4968 3217 5035 justas
3244 4975 3288 5018 et
3318 4965 3529 5034 injustas

1954 5072 1973 5139 (
2002 5069 2179 5122 .llattlt.
2211 5083 2258 5129 v,
2293 5064 2417 5136 45).
2459 5063 2636 5131 Neque
2681 5063 2819 5114 enim
2862 5069 2914 5111 tu
2960 5059 3124 5110 babes
3159 5056 3446 5112 inimicum,
3477 5065 3528 5106 et

1960 5163 2094 5214 Deus
2121 5175 2224 5212 non
2250 5158 2422 5210 habet.
2449 5155 2526 5208 Tn
2557 5153 2768 5223 quidem
2797 5167 2917 5206 eum
2948 5150 3110 5203 habes
3137 5148 3409 5204 inimicum
3437 5145 3524 5212 qui

1959 5261 2129 5306 letum
2161 5259 2370 5302 creatus
2395 5257 2507 5307 est;
2551 5246 2636 5299 ille
2668 5259 2796 5298 vero
2821 5257 2941 5296 eum
2967 5257 3123 5309 quem
3152 5240 3372 5293 creavit.
3422 5235 3524 5288 liii-

1958 5346 2122 5398 micos
2161 5356 2287 5411 ergo
2332 5339 2422 5392 Dei
2471 5339 2632 5390 malos
2661 5347 2712 5391 et
2741 5335 2946 5403 iniquos
2986 5350 3128 5403 saepe
3156 5331 3210 5386 iu
3238 5329 3525 5395 Seripturis

1956 5436 2177 5505 legimus
2207 5453 2219 5486 :
2244 5443 2296 5488 et
2321 5433 2485 5502 parcit
2512 5431 2588 5486 eis
2614 5431 2699 5485 ille
2725 5428 2813 5498 qui
2842 5444 2944 5480 non
2979 5425 3135 5478 habet
3161 5421 3303 5493 quod
3326 5419 3394 5476 illi
3423 5419 3523 5502 im:

1956 5540 2101 5600 putet
2138 5529 2382 5582 inimicus
2405 5568 2419 5588 ,
2452 5526 2533 5578 cui
2575 5523 2748 5577 omnis
2778 5521 3021 5576 inimicus
3056 5517 3291 5583 ingratus
3313 5522 3424 5571 est;
3455 5506 3524 5560 ab

2018 5733 2032 5760 ι
2069 5729 2138 5775 sic
2160 5732 2231 5772 Er.
2260 5731 2309 5771 et
2336 5721 2690 5775 ura’stautiores
2735 5721 2838 5763 Mss.
2888 5721 2937 5759 ,ιιι
2973 5716 3103 5760 t.ov.,
3137 5703 3525 5752 amummbratns

1955 5800 2019 5841 est
2027 5829 2035 5838 .
