  <div class='ocr_page' id='page_1' title='image "/cluster/home/n/w/nwhite01/storage/ocr_20150623/36/hvd.32044096580584/323.png"; bbox 0 0 4004 6200; ppageno 0'>
   <div class='ocr_carea' id='block_1_1' title="bbox 420 336 521 396">
    <p class='ocr_par' dir='ltr' id='par_1_1' title="bbox 420 336 521 396">
     <span class='ocr_line' id='line_1_1' title="bbox 420 336 521 396; baseline -0.02 0"><span class='ocrx_word' id='word_1_1' title='bbox 420 336 521 396; x_wconf 67' lang='grc'><strong>651</strong></span> 
     </span>
    </p>
   </div>
   <div class='ocr_carea' id='block_1_2' title="bbox 420 441 1995 516">
    <p class='ocr_par' dir='ltr' id='par_1_2' title="bbox 420 441 1995 516">
     <span class='ocr_line' id='line_1_2' title="bbox 420 441 1995 516; baseline -0.006 -10"><span class='ocrx_word' id='word_1_2' title='bbox 420 451 513 506; x_wconf 83' lang='lat' dir='ltr'><strong>illo</strong></span> <span class='ocrx_word' id='word_1_3' title='bbox 540 446 680 506; x_wconf 88' lang='lat' dir='ltr'><strong>enim</strong></span> <span class='ocrx_word' id='word_1_4' title='bbox 710 446 866 508; x_wconf 75' lang='lat' dir='ltr'><strong>habet</strong></span> <span class='ocrx_word' id='word_1_5' title='bbox 906 442 1163 516; x_wconf 76' lang='lat' dir='ltr'><strong>quidquid</strong></span> <span class='ocrx_word' id='word_1_6' title='bbox 1202 443 1323 499; x_wconf 83' lang='lat' dir='ltr'><strong>huni</strong></span> <span class='ocrx_word' id='word_1_7' title='bbox 1363 442 1540 498; x_wconf 85' lang='lat' dir='ltr'><strong>habet.</strong></span> <span class='ocrx_word' id='word_1_8' title='bbox 1583 441 1663 496; x_wconf 77' lang='lat' dir='ltr'><strong>Ab</strong></span> <span class='ocrx_word' id='word_1_9' title='bbox 1707 443 1820 510; x_wconf 83' lang='lat' dir='ltr'><strong>ipso</strong></span> <span class='ocrx_word' id='word_1_10' title='bbox 1854 442 1995 498; x_wconf 88' lang='lat' dir='ltr'><strong>enim</strong></span> 
     </span>
    </p>
   </div>
   <div class='ocr_carea' id='block_1_3' title="bbox 422 535 1999 608">
    <p class='ocr_par' dir='ltr' id='par_1_3' title="bbox 422 535 1999 608">
     <span class='ocr_line' id='line_1_3' title="bbox 422 535 1999 608; baseline -0.006 -11"><span class='ocrx_word' id='word_1_11' title='bbox 422 543 582 599; x_wconf 81' lang='lat' dir='ltr'><strong>habet</strong></span> <span class='ocrx_word' id='word_1_12' title='bbox 607 538 1021 597; x_wconf 82' lang='lat' dir='ltr'><strong>misericordiam</strong></span> <span class='ocrx_word' id='word_1_13' title='bbox 1039 579 1054 603; x_wconf 93' lang='lat'><strong>,</strong></span> <span class='ocrx_word' id='word_1_14' title='bbox 1085 536 1338 608; x_wconf 81' lang='lat' dir='ltr'><strong>quidquid</strong></span> <span class='ocrx_word' id='word_1_15' title='bbox 1366 545 1448 590; x_wconf 85' lang='lat' dir='ltr'><strong>cst</strong></span> <span class='ocrx_word' id='word_1_16' title='bbox 1475 536 1635 591; x_wconf 86' lang='lat' dir='ltr'><strong>etiam</strong></span> <span class='ocrx_word' id='word_1_17' title='bbox 1664 535 1802 588; x_wconf 87' lang='lat' dir='ltr'><strong>unde</strong></span> <span class='ocrx_word' id='word_1_18' title='bbox 1833 535 1999 589; x_wconf 88' lang='lat' dir='ltr'><strong>tribu-</strong></span> 
     </span>
    </p>
   </div>
   <div class='ocr_carea' id='block_1_4' title="bbox 424 626 1997 695">
    <p class='ocr_par' dir='ltr' id='par_1_4' title="bbox 424 626 1997 695">
     <span class='ocr_line' id='line_1_4' title="bbox 424 626 1997 695; baseline -0.006 -4"><span class='ocrx_word' id='word_1_19' title='bbox 424 639 579 693; x_wconf 89' lang='lat' dir='ltr'><strong>Iatur.</strong></span> <span class='ocrx_word' id='word_1_20' title='bbox 607 634 688 690; x_wconf 78' lang='lat' dir='ltr'><strong>Ad</strong></span> <span class='ocrx_word' id='word_1_21' title='bbox 714 633 815 689; x_wconf 87' lang='lat' dir='ltr'><strong>hoc</strong></span> <span class='ocrx_word' id='word_1_22' title='bbox 853 632 995 687; x_wconf 87' lang='lat' dir='ltr'><strong>enim</strong></span> <span class='ocrx_word' id='word_1_23' title='bbox 1043 631 1341 694; x_wconf 84' lang='lat' dir='ltr'><strong>tribulatur,</strong></span> <span class='ocrx_word' id='word_1_24' title='bbox 1375 646 1441 683; x_wconf 90' lang='lat' dir='ltr'><strong>ne</strong></span> <span class='ocrx_word' id='word_1_25' title='bbox 1465 627 1763 695; x_wconf 72' lang='lat' dir='ltr'><strong>superbiat;</strong></span> <span class='ocrx_word' id='word_1_26' title='bbox 1800 626 1865 680; x_wconf 85' lang='lat' dir='ltr'><strong>ad</strong></span> <span class='ocrx_word' id='word_1_27' title='bbox 1896 626 1997 681; x_wconf 89' lang='lat' dir='ltr'><strong>hoc</strong></span> 
     </span>
    </p>
   </div>
   <div class='ocr_carea' id='block_1_5' title="bbox 422 717 1997 793">
    <p class='ocr_par' dir='ltr' id='par_1_5' title="bbox 422 717 1997 793">
     <span class='ocr_line' id='line_1_5' title="bbox 422 717 1997 793; baseline -0.008 -11"><span class='ocrx_word' id='word_1_28' title='bbox 422 726 724 792; x_wconf 86' lang='lat' dir='ltr'><strong>tribulatur,</strong></span> <span class='ocrx_word' id='word_1_29' title='bbox 747 735 803 780; x_wconf 93' lang='lat' dir='ltr'><strong>ut</strong></span> <span class='ocrx_word' id='word_1_30' title='bbox 825 723 1040 780; x_wconf 83' lang='lat' dir='ltr'><strong>humilis</strong></span> <span class='ocrx_word' id='word_1_31' title='bbox 1059 731 1310 793; x_wconf 80' lang='lat' dir='ltr'><strong>agnoscat</strong></span> <span class='ocrx_word' id='word_1_32' title='bbox 1327 719 1613 787; x_wconf 79' lang='lat' dir='ltr'><strong>excelsum.</strong></span> <span class='ocrx_word' id='word_1_33' title='bbox 1645 719 1724 772; x_wconf 92' lang='lat' dir='ltr'><strong>&#39;I‘u</strong></span> <span class='ocrx_word' id='word_1_34' title='bbox 1751 732 1879 788; x_wconf 81' lang='lat' dir='ltr'><strong>ergo</strong></span> <span class='ocrx_word' id='word_1_35' title='bbox 1898 717 1997 771; x_wconf 89' lang='lat' dir='ltr'><strong>ini-</strong></span> 
     </span>
    </p>
   </div>
   <div class='ocr_carea' id='block_1_6' title="bbox 420 812 1996 888">
    <p class='ocr_par' dir='ltr' id='par_1_6' title="bbox 420 812 1996 888">
     <span class='ocr_line' id='line_1_6' title="bbox 420 812 1996 888; baseline -0.006 -14"><span class='ocrx_word' id='word_1_36' title='bbox 420 821 560 875; x_wconf 86' lang='lat' dir='ltr'><strong>mico</strong></span> <span class='ocrx_word' id='word_1_37' title='bbox 593 828 701 881; x_wconf 91' lang='lat' dir='ltr'><strong>tuo,</strong></span> <span class='ocrx_word' id='word_1_38' title='bbox 731 832 887 888; x_wconf 84' lang='lat' dir='ltr'><strong>quem</strong></span> <span class='ocrx_word' id='word_1_39' title='bbox 918 814 1322 870; x_wconf 73' lang='lat' dir='ltr'><strong>intolerabiliter</strong></span> <span class='ocrx_word' id='word_1_40' title='bbox 1350 813 1567 882; x_wconf 87' lang='lat' dir='ltr'><strong>pateris,</strong></span> <span class='ocrx_word' id='word_1_41' title='bbox 1598 812 1722 882; x_wconf 89' lang='lat' dir='ltr'><strong>quid</strong></span> <span class='ocrx_word' id='word_1_42' title='bbox 1746 812 1996 881; x_wconf 70' lang='lat' dir='ltr'><strong>praestiti-</strong></span> 
     </span>
    </p>
   </div>
   <div class='ocr_carea' id='block_1_7' title="bbox 418 903 1993 976">
    <p class='ocr_par' dir='ltr' id='par_1_7' title="bbox 418 903 1993 976">
     <span class='ocr_line' id='line_1_7' title="bbox 418 903 1993 976; baseline -0.005 -11"><span class='ocrx_word' id='word_1_43' title='bbox 418 912 521 966; x_wconf 78' lang='lat' dir='ltr'><strong>sti?</strong></span> <span class='ocrx_word' id='word_1_44' title='bbox 544 910 600 965; x_wconf 89' lang='lat' dir='ltr'><strong>Si</strong></span> <span class='ocrx_word' id='word_1_45' title='bbox 629 909 717 964; x_wconf 83' lang='lat' dir='ltr'><strong>ille</strong></span> <span class='ocrx_word' id='word_1_46' title='bbox 742 924 864 964; x_wconf 92' lang='lat' dir='ltr'><strong>cum</strong></span> <span class='ocrx_word' id='word_1_47' title='bbox 893 907 1051 962; x_wconf 85' lang='lat' dir='ltr'><strong>habet</strong></span> <span class='ocrx_word' id='word_1_48' title='bbox 1078 907 1345 961; x_wconf 81' lang='lat' dir='ltr'><strong>inimicum</strong></span> <span class='ocrx_word' id='word_1_49' title='bbox 1376 906 1462 976; x_wconf 89' lang='lat' dir='ltr'><strong>qui</strong></span> <span class='ocrx_word' id='word_1_50' title='bbox 1491 904 1540 958; x_wconf 86' lang='lat' dir='ltr'><strong>ei</strong></span> <span class='ocrx_word' id='word_1_51' title='bbox 1562 914 1703 958; x_wconf 83' lang='lat' dir='ltr'><strong>tanta</strong></span> <span class='ocrx_word' id='word_1_52' title='bbox 1731 903 1993 973; x_wconf 75' lang='lat' dir='ltr'><strong>prtestitit,</strong></span> 
     </span>
    </p>
   </div>
   <div class='ocr_carea' id='block_1_8' title="bbox 416 996 1999 1075">
    <p class='ocr_par' dir='ltr' id='par_1_8' title="bbox 416 996 1999 1075">
     <span class='ocr_line' id='line_1_8' title="bbox 416 996 1999 1075; baseline -0.007 -16"><span class='ocrx_word' id='word_1_53' title='bbox 416 1016 475 1060; x_wconf 87' lang='lat' dir='ltr'><strong>et</strong></span> <span class='ocrx_word' id='word_1_54' title='bbox 499 1006 621 1075; x_wconf 79' lang='lat' dir='ltr'><strong>facit</strong></span> <span class='ocrx_word' id='word_1_55' title='bbox 642 1003 797 1057; x_wconf 79' lang='lat' dir='ltr'><strong>solem</strong></span> <span class='ocrx_word' id='word_1_56' title='bbox 822 1018 973 1055; x_wconf 86' lang='lat' dir='ltr'><strong>suum</strong></span> <span class='ocrx_word' id='word_1_57' title='bbox 1008 1001 1129 1055; x_wconf 85' lang='lat' dir='ltr'><strong>oriri</strong></span> <span class='ocrx_word' id='word_1_58' title='bbox 1153 1015 1306 1068; x_wconf 88' lang='lat' dir='ltr'><strong>super</strong></span> <span class='ocrx_word' id='word_1_59' title='bbox 1331 1000 1485 1053; x_wconf 85' lang='lat' dir='ltr'><strong>bonos</strong></span> <span class='ocrx_word' id='word_1_60' title='bbox 1511 1008 1558 1052; x_wconf 87' lang='lat' dir='ltr'><strong>et</strong></span> <span class='ocrx_word' id='word_1_61' title='bbox 1577 996 1768 1061; x_wconf 84' lang='lat' dir='ltr'><strong>malos,</strong></span> <span class='ocrx_word' id='word_1_62' title='bbox 1797 1005 1840 1049; x_wconf 91' lang='lat' dir='ltr'><strong>et</strong></span> <span class='ocrx_word' id='word_1_63' title='bbox 1870 996 1999 1065; x_wconf 96' lang='lat' dir='ltr'><strong>pluit</strong></span> 
     </span>
    </p>
   </div>
   <div class='ocr_carea' id='block_1_9' title="bbox 418 1087 1997 1167">
    <p class='ocr_par' dir='ltr' id='par_1_9' title="bbox 418 1087 1997 1167">
     <span class='ocr_line' id='line_1_9' title="bbox 418 1087 1997 1167; baseline -0.006 -16"><span class='ocrx_word' id='word_1_64' title='bbox 418 1112 571 1167; x_wconf 68' lang='lat' dir='ltr'><strong>meper</strong></span> <span class='ocrx_word' id='word_1_65' title='bbox 595 1096 764 1166; x_wconf 69' lang='lat' dir='ltr'><strong>justas</strong></span> <span class='ocrx_word' id='word_1_66' title='bbox 793 1103 839 1147; x_wconf 88' lang='lat' dir='ltr'><strong>et</strong></span> <span class='ocrx_word' id='word_1_67' title='bbox 867 1093 1114 1163; x_wconf 78' lang='lat' dir='ltr'><strong>injustas;</strong></span> <span class='ocrx_word' id='word_1_68' title='bbox 1144 1100 1198 1145; x_wconf 92' lang='lat' dir='ltr'><strong>tu</strong></span> <span class='ocrx_word' id='word_1_69' title='bbox 1224 1090 1312 1160; x_wconf 88' lang='lat' dir='ltr'><strong>qui</strong></span> <span class='ocrx_word' id='word_1_70' title='bbox 1344 1104 1443 1144; x_wconf 89' lang='lat' dir='ltr'><strong>nec</strong></span> <span class='ocrx_word' id='word_1_71' title='bbox 1468 1090 1633 1145; x_wconf 90' lang='lat' dir='ltr'><strong>solem</strong></span> <span class='ocrx_word' id='word_1_72' title='bbox 1672 1096 1825 1156; x_wconf 89' lang='lat' dir='ltr'><strong>potes</strong></span> <span class='ocrx_word' id='word_1_73' title='bbox 1869 1087 1997 1141; x_wconf 89' lang='lat' dir='ltr'><strong>oriri</strong></span> 
     </span>
    </p>
   </div>
   <div class='ocr_carea' id='block_1_10' title="bbox 420 1183 2000 1258">
    <p class='ocr_par' dir='ltr' id='par_1_10' title="bbox 420 1183 2000 1258">
     <span class='ocr_line' id='line_1_10' title="bbox 420 1183 2000 1258; baseline -0.004 -15"><span class='ocrx_word' id='word_1_74' title='bbox 420 1188 615 1254; x_wconf 51' lang='lat' dir='ltr'><strong>ﬁcere,</strong></span> <span class='ocrx_word' id='word_1_75' title='bbox 643 1202 742 1243; x_wconf 77' lang='lat' dir='ltr'><strong>nec</strong></span> <span class='ocrx_word' id='word_1_76' title='bbox 765 1201 923 1258; x_wconf 78' lang='lat' dir='ltr'><strong>super</strong></span> <span class='ocrx_word' id='word_1_77' title='bbox 952 1198 1119 1241; x_wconf 88' lang='lat' dir='ltr'><strong>terras</strong></span> <span class='ocrx_word' id='word_1_78' title='bbox 1150 1185 1347 1255; x_wconf 83' lang='lat' dir='ltr'><strong>pluere,</strong></span> <span class='ocrx_word' id='word_1_79' title='bbox 1378 1183 1572 1253; x_wconf 87' lang='lat' dir='ltr'><strong>aliquid</strong></span> <span class='ocrx_word' id='word_1_80' title='bbox 1604 1198 1763 1237; x_wconf 85' lang='lat' dir='ltr'><strong>unum</strong></span> <span class='ocrx_word' id='word_1_81' title='bbox 1786 1196 2000 1236; x_wconf 84' lang='lat' dir='ltr'><strong>scrvare</strong></span> 
     </span>
    </p>
   </div>
   <div class='ocr_carea' id='block_1_11' title="bbox 421 1275 2000 1350">
    <p class='ocr_par' dir='ltr' id='par_1_11' title="bbox 421 1275 2000 1350">
     <span class='ocr_line' id='line_1_11' title="bbox 421 1275 2000 1350; baseline -0.003 -16"><span class='ocrx_word' id='word_1_82' title='bbox 421 1281 638 1336; x_wconf 85' lang='lat' dir='ltr'><strong>inimico</strong></span> <span class='ocrx_word' id='word_1_83' title='bbox 662 1295 765 1335; x_wconf 91' lang='lat' dir='ltr'><strong>non</strong></span> <span class='ocrx_word' id='word_1_84' title='bbox 793 1289 944 1350; x_wconf 87' lang='lat' dir='ltr'><strong>potes</strong></span> <span class='ocrx_word' id='word_1_85' title='bbox 962 1321 978 1345; x_wconf 91' lang='lat'><strong>,</strong></span> <span class='ocrx_word' id='word_1_86' title='bbox 1010 1286 1071 1333; x_wconf 91' lang='lat' dir='ltr'><strong>ut</strong></span> <span class='ocrx_word' id='word_1_87' title='bbox 1090 1278 1161 1333; x_wconf 88' lang='lat' dir='ltr'><strong>sit</strong></span> <span class='ocrx_word' id='word_1_88' title='bbox 1183 1278 1273 1333; x_wconf 92' lang='lat' dir='ltr'><strong>tibi</strong></span> <span class='ocrx_word' id='word_1_89' title='bbox 1301 1293 1403 1348; x_wconf 77' lang='lat' dir='ltr'><strong>pax</strong></span> <span class='ocrx_word' id='word_1_90' title='bbox 1429 1277 1481 1331; x_wconf 93' lang='lat' dir='ltr'><strong>in</strong></span> <span class='ocrx_word' id='word_1_91' title='bbox 1511 1284 1651 1332; x_wconf 75' lang='lat' dir='ltr'><strong>terra</strong></span> <span class='ocrx_word' id='word_1_92' title='bbox 1673 1276 1873 1329; x_wconf 88' lang='lat' dir='ltr'><strong>homini</strong></span> <span class='ocrx_word' id='word_1_93' title='bbox 1903 1275 2000 1330; x_wconf 83' lang='lat' dir='ltr'><strong>bo-</strong></span> 
     </span>
    </p>
   </div>
   <div class='ocr_carea' id='block_1_12' title="bbox 424 1367 1997 1442">
    <p class='ocr_par' dir='ltr' id='par_1_12' title="bbox 424 1367 1997 1442">
     <span class='ocr_line' id='line_1_12' title="bbox 424 1367 1997 1442; baseline -0.004 -13"><span class='ocrx_word' id='word_1_94' title='bbox 424 1389 506 1429; x_wconf 78' lang='lat' dir='ltr'><strong>mc</strong></span> <span class='ocrx_word' id='word_1_95' title='bbox 528 1372 818 1427; x_wconf 68' lang='lat' dir='ltr'><strong>voluntatis</strong></span> <span class='ocrx_word' id='word_1_96' title='bbox 843 1371 861 1441; x_wconf 90' lang='lat'><strong>(</strong></span> <span class='ocrx_word' id='word_1_97' title='bbox 890 1370 1011 1424; x_wconf 86' lang='lat' dir='ltr'><strong>Luc.</strong></span> <span class='ocrx_word' id='word_1_98' title='bbox 1046 1387 1104 1436; x_wconf 86' lang='lat' dir='ltr'><strong>tt,</strong></span> <span class='ocrx_word' id='word_1_99' title='bbox 1134 1370 1203 1424; x_wconf 76' lang='lat' dir='ltr'><strong>M</strong></span> <span class='ocrx_word' id='word_1_100' title='bbox 1222 1367 1278 1442; x_wconf 88' lang='lat'><strong>)?</strong></span> <span class='ocrx_word' id='word_1_101' title='bbox 1314 1369 1457 1440; x_wconf 83' lang='lat' dir='ltr'><strong>Ergo</strong></span> <span class='ocrx_word' id='word_1_102' title='bbox 1485 1368 1733 1438; x_wconf 87' lang='lat' dir='ltr'><strong>quoniam</strong></span> <span class='ocrx_word' id='word_1_103' title='bbox 1764 1367 1878 1423; x_wconf 82' lang='lat' dir='ltr'><strong>lure</strong></span> <span class='ocrx_word' id='word_1_104' title='bbox 1905 1368 1997 1422; x_wconf 90' lang='lat' dir='ltr'><strong>tibi</strong></span> 
     </span>
    </p>
   </div>
   <div class='ocr_carea' id='block_1_13' title="bbox 414 1459 2000 1532">
    <p class='ocr_par' dir='ltr' id='par_1_13' title="bbox 414 1459 2000 1532">
     <span class='ocr_line' id='line_1_13' title="bbox 414 1459 2000 1532; baseline -0.001 -16"><span class='ocrx_word' id='word_1_105' title='bbox 414 1464 722 1520; x_wconf 66' lang='lat' dir='ltr'><strong>dilectionis</strong></span> <span class='ocrx_word' id='word_1_106' title='bbox 767 1461 949 1532; x_wconf 76' lang='lat' dir='ltr'><strong>regula</strong></span> <span class='ocrx_word' id='word_1_107' title='bbox 994 1461 1190 1532; x_wconf 78' lang='lat' dir='ltr'><strong>ﬁgitur,</strong></span> <span class='ocrx_word' id='word_1_108' title='bbox 1217 1470 1276 1516; x_wconf 91' lang='lat' dir='ltr'><strong>ut</strong></span> <span class='ocrx_word' id='word_1_109' title='bbox 1311 1461 1524 1516; x_wconf 90' lang='lat' dir='ltr'><strong>imitans</strong></span> <span class='ocrx_word' id='word_1_110' title='bbox 1565 1461 1774 1516; x_wconf 90' lang='lat' dir='ltr'><strong>Patrem</strong></span> <span class='ocrx_word' id='word_1_111' title='bbox 1811 1459 2000 1529; x_wconf 83' lang='lat' dir='ltr'><strong>diligas</strong></span> 
     </span>
    </p>
   </div>
   <div class='ocr_carea' id='block_1_14' title="bbox 426 1550 1996 1624">
    <p class='ocr_par' dir='ltr' id='par_1_14' title="bbox 426 1550 1996 1624">
     <span class='ocr_line' id='line_1_14' title="bbox 426 1550 1996 1624; baseline -0.002 -17"><span class='ocrx_word' id='word_1_112' title='bbox 426 1555 694 1609; x_wconf 88' lang='lat' dir='ltr'><strong>inimicum</strong></span> <span class='ocrx_word' id='word_1_113' title='bbox 728 1572 742 1609; x_wconf 86' lang='lat'><strong>:</strong></span> <span class='ocrx_word' id='word_1_114' title='bbox 778 1553 983 1624; x_wconf 74' lang='lat' dir='ltr'><strong>Diligite</strong></span> <span class='ocrx_word' id='word_1_115' title='bbox 1007 1556 1167 1617; x_wconf 88' lang='lat' dir='ltr'><strong>enim,</strong></span> <span class='ocrx_word' id='word_1_116' title='bbox 1193 1552 1382 1623; x_wconf 84' lang='lat' dir='ltr'><strong>inquit,</strong></span> <span class='ocrx_word' id='word_1_117' title='bbox 1399 1552 1629 1606; x_wconf 86' lang='lat' dir='ltr'><strong>inimicos</strong></span> <span class='ocrx_word' id='word_1_118' title='bbox 1652 1562 1837 1606; x_wconf 75' lang='lat' dir='ltr'><strong>uestros</strong></span> <span class='ocrx_word' id='word_1_119' title='bbox 1863 1551 1880 1620; x_wconf 98' lang='lat'><strong>(</strong></span> <span class='ocrx_word' id='word_1_120' title='bbox 1909 1550 1996 1605; x_wconf 88' lang='lat' dir='ltr'><strong>Id.</strong></span> 
     </span>
    </p>
   </div>
   <div class='ocr_carea' id='block_1_15' title="bbox 423 1643 1996 1715">
    <p class='ocr_par' dir='ltr' id='par_1_15' title="bbox 423 1643 1996 1715">
     <span class='ocr_line' id='line_1_15' title="bbox 423 1643 1996 1715; baseline 0 -18"><span class='ocrx_word' id='word_1_121' title='bbox 423 1661 475 1699; x_wconf 82' lang='lat' dir='ltr'><strong>vi</strong></span> <span class='ocrx_word' id='word_1_122' title='bbox 491 1687 506 1707; x_wconf 85' lang='lat'>.</span> <span class='ocrx_word' id='word_1_123' title='bbox 552 1646 644 1709; x_wconf 74' lang='lat'><strong>27,</strong></span> <span class='ocrx_word' id='word_1_124' title='bbox 683 1646 754 1700; x_wconf 78' lang='lat'><strong>&#39;55</strong></span> <span class='ocrx_word' id='word_1_125' title='bbox 778 1644 796 1715; x_wconf 91' lang='lat'>)</span> <span class='ocrx_word' id='word_1_126' title='bbox 821 1662 835 1698; x_wconf 89' lang='lat'><strong>:</strong></span> <span class='ocrx_word' id='word_1_127' title='bbox 862 1646 912 1698; x_wconf 92' lang='lat' dir='ltr'><strong>in</strong></span> <span class='ocrx_word' id='word_1_128' title='bbox 936 1645 1037 1700; x_wconf 91' lang='lat' dir='ltr'><strong>hoc</strong></span> <span class='ocrx_word' id='word_1_129' title='bbox 1064 1653 1327 1715; x_wconf 72' lang='lat' dir='ltr'><strong>praecepto</strong></span> <span class='ocrx_word' id='word_1_130' title='bbox 1348 1643 1615 1712; x_wconf 80' lang='lat' dir='ltr'><strong>qttomodo</strong></span> <span class='ocrx_word' id='word_1_131' title='bbox 1636 1644 1961 1698; x_wconf 82' lang='lat' dir='ltr'><strong>exercereris</strong></span> <span class='ocrx_word' id='word_1_132' title='bbox 1982 1686 1996 1709; x_wconf 95' lang='lat'><strong>,</strong></span> 
     </span>
    </p>
   </div>
   <div class='ocr_carea' id='block_1_16' title="bbox 423 1734 2002 1806">
    <p class='ocr_par' dir='ltr' id='par_1_16' title="bbox 423 1734 2002 1806">
     <span class='ocr_line' id='line_1_16' title="bbox 423 1734 2002 1806; baseline 0 -16"><span class='ocrx_word' id='word_1_133' title='bbox 423 1740 467 1791; x_wconf 86' lang='lat' dir='ltr'><strong>si</strong></span> <span class='ocrx_word' id='word_1_134' title='bbox 507 1737 707 1792; x_wconf 90' lang='lat' dir='ltr'><strong>nullum</strong></span> <span class='ocrx_word' id='word_1_135' title='bbox 756 1737 1026 1799; x_wconf 86' lang='lat' dir='ltr'><strong>inimicum</strong></span> <span class='ocrx_word' id='word_1_136' title='bbox 1064 1735 1355 1806; x_wconf 83' lang='lat' dir='ltr'><strong>patereris?</strong></span> <span class='ocrx_word' id='word_1_137' title='bbox 1385 1734 1545 1789; x_wconf 84' lang='lat' dir='ltr'><strong>Vides</strong></span> <span class='ocrx_word' id='word_1_138' title='bbox 1581 1749 1710 1804; x_wconf 84' lang='lat' dir='ltr'><strong>ergo</strong></span> <span class='ocrx_word' id='word_1_139' title='bbox 1749 1734 2002 1804; x_wconf 78' lang='lat' dir='ltr'><strong>prodesse</strong></span> 
     </span>
    </p>
   </div>
   <div class='ocr_carea' id='block_1_17' title="bbox 431 1826 2001 1900">
    <p class='ocr_par' dir='ltr' id='par_1_17' title="bbox 431 1826 2001 1900">
     <span class='ocr_line' id='line_1_17' title="bbox 431 1826 2001 1900; baseline -0.002 -17"><span class='ocrx_word' id='word_1_140' title='bbox 431 1830 523 1884; x_wconf 89' lang='lat' dir='ltr'><strong>tibi</strong></span> <span class='ocrx_word' id='word_1_141' title='bbox 559 1828 757 1900; x_wconf 89' lang='lat' dir='ltr'><strong>aliquid</strong></span> <span class='ocrx_word' id='word_1_142' title='bbox 784 1847 798 1883; x_wconf 87' lang='lat'><strong>:</strong></span> <span class='ocrx_word' id='word_1_143' title='bbox 827 1838 881 1884; x_wconf 90' lang='lat' dir='ltr'><strong>et</strong></span> <span class='ocrx_word' id='word_1_144' title='bbox 902 1828 1047 1898; x_wconf 85' lang='lat' dir='ltr'><strong>quod</strong></span> <span class='ocrx_word' id='word_1_145' title='bbox 1076 1829 1213 1883; x_wconf 88' lang='lat' dir='ltr'><strong>Deus</strong></span> <span class='ocrx_word' id='word_1_146' title='bbox 1239 1828 1405 1897; x_wconf 81' lang='lat' dir='ltr'><strong>parcit</strong></span> <span class='ocrx_word' id='word_1_147' title='bbox 1430 1827 1602 1892; x_wconf 86' lang='lat' dir='ltr'><strong>malis,</strong></span> <span class='ocrx_word' id='word_1_148' title='bbox 1627 1827 1792 1896; x_wconf 90' lang='lat' dir='ltr'><strong>prosit</strong></span> <span class='ocrx_word' id='word_1_149' title='bbox 1819 1826 1912 1880; x_wconf 90' lang='lat' dir='ltr'><strong>tibi</strong></span> <span class='ocrx_word' id='word_1_150' title='bbox 1934 1826 2001 1880; x_wconf 86' lang='lat' dir='ltr'><strong>ad</strong></span> 
     </span>
    </p>
   </div>
   <div class='ocr_carea' id='block_1_18' title="bbox 426 1918 2002 1989">
    <p class='ocr_par' dir='ltr' id='par_1_18' title="bbox 426 1918 2002 1989">
     <span class='ocr_line' id='line_1_18' title="bbox 426 1918 2002 1989; baseline -0.003 -15"><span class='ocrx_word' id='word_1_151' title='bbox 426 1919 720 1976; x_wconf 84' lang='lat' dir='ltr'><strong>habendam</strong></span> <span class='ocrx_word' id='word_1_152' title='bbox 750 1919 1202 1984; x_wconf 85' lang='lat' dir='ltr'><strong>misericordiam;</strong></span> <span class='ocrx_word' id='word_1_153' title='bbox 1245 1920 1367 1989; x_wconf 87' lang='lat' dir='ltr'><strong>quia</strong></span> <span class='ocrx_word' id='word_1_154' title='bbox 1406 1928 1460 1973; x_wconf 90' lang='lat' dir='ltr'><strong>et</strong></span> <span class='ocrx_word' id='word_1_155' title='bbox 1489 1927 1546 1973; x_wconf 88' lang='lat' dir='ltr'><strong>tu</strong></span> <span class='ocrx_word' id='word_1_156' title='bbox 1586 1919 1721 1973; x_wconf 80' lang='lat' dir='ltr'><strong>forte</strong></span> <span class='ocrx_word' id='word_1_157' title='bbox 1757 1919 1801 1974; x_wconf 90' lang='lat' dir='ltr'><strong>si</strong></span> <span class='ocrx_word' id='word_1_158' title='bbox 1830 1918 2002 1974; x_wconf 85' lang='lat' dir='ltr'><strong>bonus</strong></span> 
     </span>
    </p>
   </div>
   <div class='ocr_carea' id='block_1_19' title="bbox 427 2010 2003 2080">
    <p class='ocr_par' dir='ltr' id='par_1_19' title="bbox 427 2010 2003 2080">
     <span class='ocr_line' id='line_1_19' title="bbox 427 2010 2003 2080; baseline -0.001 -14"><span class='ocrx_word' id='word_1_159' title='bbox 427 2027 506 2076; x_wconf 85' lang='lat' dir='ltr'><strong>es,</strong></span> <span class='ocrx_word' id='word_1_160' title='bbox 537 2028 602 2068; x_wconf 81' lang='lat' dir='ltr'><strong>ex</strong></span> <span class='ocrx_word' id='word_1_161' title='bbox 626 2012 770 2068; x_wconf 86' lang='lat' dir='ltr'><strong>malo</strong></span> <span class='ocrx_word' id='word_1_162' title='bbox 796 2012 964 2068; x_wconf 83' lang='lat' dir='ltr'><strong>factus</strong></span> <span class='ocrx_word' id='word_1_163' title='bbox 989 2026 1048 2068; x_wconf 90' lang='lat' dir='ltr'><strong>es</strong></span> <span class='ocrx_word' id='word_1_164' title='bbox 1076 2011 1275 2076; x_wconf 90' lang='lat' dir='ltr'><strong>bonus;</strong></span> <span class='ocrx_word' id='word_1_165' title='bbox 1310 2019 1362 2066; x_wconf 91' lang='lat' dir='ltr'><strong>et</strong></span> <span class='ocrx_word' id='word_1_166' title='bbox 1387 2011 1432 2065; x_wconf 91' lang='lat' dir='ltr'><strong>si</strong></span> <span class='ocrx_word' id='word_1_167' title='bbox 1463 2010 1604 2065; x_wconf 87' lang='lat' dir='ltr'><strong>Deus</strong></span> <span class='ocrx_word' id='word_1_168' title='bbox 1629 2026 1734 2064; x_wconf 90' lang='lat' dir='ltr'><strong>non</strong></span> <span class='ocrx_word' id='word_1_169' title='bbox 1765 2021 2003 2080; x_wconf 80' lang='lat' dir='ltr'><strong>parceret</strong></span> 
     </span>
    </p>
   </div>
   <div class='ocr_carea' id='block_1_20' title="bbox 428 2103 2005 2177">
    <p class='ocr_par' dir='ltr' id='par_1_20' title="bbox 428 2103 2005 2177">
     <span class='ocr_line' id='line_1_20' title="bbox 428 2103 2005 2177; baseline -0.003 -14"><span class='ocrx_word' id='word_1_170' title='bbox 428 2108 602 2173; x_wconf 69' lang='lat' dir='ltr'><strong>anilis,</strong></span> <span class='ocrx_word' id='word_1_171' title='bbox 634 2122 733 2164; x_wconf 84' lang='lat' dir='ltr'><strong>nec</strong></span> <span class='ocrx_word' id='word_1_172' title='bbox 767 2115 826 2162; x_wconf 84' lang='lat' dir='ltr'><strong>tu</strong></span> <span class='ocrx_word' id='word_1_173' title='bbox 864 2107 952 2177; x_wconf 84' lang='lat' dir='ltr'><strong>qui</strong></span> <span class='ocrx_word' id='word_1_174' title='bbox 989 2107 1187 2176; x_wconf 83' lang='lat' dir='ltr'><strong>gratias</strong></span> <span class='ocrx_word' id='word_1_175' title='bbox 1224 2119 1430 2176; x_wconf 79' lang='lat' dir='ltr'><strong>ageres,</strong></span> <span class='ocrx_word' id='word_1_176' title='bbox 1466 2119 1770 2175; x_wconf 76' lang='lat' dir='ltr'><strong>apparares.</strong></span> <span class='ocrx_word' id='word_1_177' title='bbox 1816 2103 2005 2160; x_wconf 86' lang='lat' dir='ltr'><strong>Pareat</strong></span> 
     </span>
    </p>
   </div>
   <div class='ocr_carea' id='block_1_21' title="bbox 427 2195 2005 2270">
    <p class='ocr_par' dir='ltr' id='par_1_21' title="bbox 427 2195 2005 2270">
     <span class='ocr_line' id='line_1_21' title="bbox 427 2195 2005 2270; baseline -0.004 -15"><span class='ocrx_word' id='word_1_178' title='bbox 427 2212 556 2269; x_wconf 84' lang='lat' dir='ltr'><strong>ergo</strong></span> <span class='ocrx_word' id='word_1_179' title='bbox 573 2200 691 2254; x_wconf 88' lang='lat' dir='ltr'><strong>aliis</strong></span> <span class='ocrx_word' id='word_1_180' title='bbox 713 2200 801 2270; x_wconf 89' lang='lat' dir='ltr'><strong>qui</strong></span> <span class='ocrx_word' id='word_1_181' title='bbox 833 2198 1070 2268; x_wconf 89' lang='lat' dir='ltr'><strong>pepercit</strong></span> <span class='ocrx_word' id='word_1_182' title='bbox 1094 2208 1144 2252; x_wconf 88' lang='lat' dir='ltr'><strong>et</strong></span> <span class='ocrx_word' id='word_1_183' title='bbox 1171 2197 1286 2252; x_wconf 91' lang='lat' dir='ltr'><strong>tibi.</strong></span> <span class='ocrx_word' id='word_1_184' title='bbox 1312 2196 1428 2251; x_wconf 85' lang='lat' dir='ltr'><strong>Non</strong></span> <span class='ocrx_word' id='word_1_185' title='bbox 1458 2196 1600 2252; x_wconf 89' lang='lat' dir='ltr'><strong>enim</strong></span> <span class='ocrx_word' id='word_1_186' title='bbox 1627 2210 1749 2251; x_wconf 88' lang='lat' dir='ltr'><strong>cum</strong></span> <span class='ocrx_word' id='word_1_187' title='bbox 1780 2195 2005 2250; x_wconf 85' lang='lat' dir='ltr'><strong>transie-</strong></span> 
     </span>
    </p>
   </div>
   <div class='ocr_carea' id='block_1_22' title="bbox 428 2288 1419 2360">
    <p class='ocr_par' dir='ltr' id='par_1_22' title="bbox 428 2288 1419 2360">
     <span class='ocr_line' id='line_1_22' title="bbox 428 2288 1419 2360; baseline -0.001 -15"><span class='ocrx_word' id='word_1_188' title='bbox 428 2293 524 2357; x_wconf 87' lang='lat' dir='ltr'><strong>ris,</strong></span> <span class='ocrx_word' id='word_1_189' title='bbox 553 2291 950 2348; x_wconf 86' lang='lat' dir='ltr'><strong>intercludenda</strong></span> <span class='ocrx_word' id='word_1_190' title='bbox 976 2300 1057 2345; x_wconf 91' lang='lat' dir='ltr'><strong>est</strong></span> <span class='ocrx_word' id='word_1_191' title='bbox 1074 2291 1156 2345; x_wconf 84' lang='lat' dir='ltr'><strong>via</strong></span> <span class='ocrx_word' id='word_1_192' title='bbox 1187 2288 1419 2360; x_wconf 86' lang='lat' dir='ltr'><strong>pietatis.</strong></span> 
     </span>
    </p>
   </div>
   <div class='ocr_carea' id='block_1_23' title="bbox 499 2382 2003 2456">
    <p class='ocr_par' dir='ltr' id='par_1_23' title="bbox 499 2382 2003 2456">
     <span class='ocr_line' id='line_1_23' title="bbox 499 2382 2003 2456; baseline -0.002 -16"><span class='ocrx_word' id='word_1_193' title='bbox 499 2386 553 2440; x_wconf 84' lang='lat'><strong>5.</strong></span> <span class='ocrx_word' id='word_1_194' title='bbox 577 2384 729 2441; x_wconf 87' lang='lat' dir='ltr'><strong>Unde</strong></span> <span class='ocrx_word' id='word_1_195' title='bbox 748 2399 875 2456; x_wconf 87' lang='lat' dir='ltr'><strong>ergo</strong></span> <span class='ocrx_word' id='word_1_196' title='bbox 901 2385 1003 2439; x_wconf 87' lang='lat' dir='ltr'><strong>iste</strong></span> <span class='ocrx_word' id='word_1_197' title='bbox 1027 2391 1143 2438; x_wconf 87' lang='lat' dir='ltr'><strong>orat</strong></span> <span class='ocrx_word' id='word_1_198' title='bbox 1168 2383 1370 2453; x_wconf 88' lang='lat' dir='ltr'><strong>positus</strong></span> <span class='ocrx_word' id='word_1_199' title='bbox 1396 2383 1533 2438; x_wconf 88' lang='lat' dir='ltr'><strong>inter</strong></span> <span class='ocrx_word' id='word_1_200' title='bbox 1560 2382 1752 2447; x_wconf 87' lang='lat' dir='ltr'><strong>malos,</strong></span> <span class='ocrx_word' id='word_1_201' title='bbox 1779 2398 2003 2453; x_wconf 89' lang='lat' dir='ltr'><strong>quorum</strong></span> 
     </span>
    </p>
   </div>
   <div class='ocr_carea' id='block_1_24' title="bbox 431 2468 2004 2546">
    <p class='ocr_par' dir='ltr' id='par_1_24' title="bbox 431 2468 2004 2546">
     <span class='ocr_line' id='line_1_24' title="bbox 431 2468 2004 2546; baseline -0.002 -15"><span class='ocrx_word' id='word_1_202' title='bbox 431 2476 719 2533; x_wconf 85' lang='lat' dir='ltr'><strong>inimicitiis</strong></span> <span class='ocrx_word' id='word_1_203' title='bbox 748 2468 1131 2532; x_wconf 75' lang='lat' dir='ltr'><strong>exercebatur?</strong></span> <span class='ocrx_word' id='word_1_204' title='bbox 1156 2475 1281 2546; x_wconf 91' lang='lat' dir='ltr'><strong>quid</strong></span> <span class='ocrx_word' id='word_1_205' title='bbox 1308 2476 1419 2530; x_wconf 85' lang='lat' dir='ltr'><strong>ait?</strong></span> <span class='ocrx_word' id='word_1_206' title='bbox 1456 2474 1790 2531; x_wconf 85' lang='lat' dir='ltr'><strong>Contristatus</strong></span> <span class='ocrx_word' id='word_1_207' title='bbox 1817 2493 1928 2531; x_wconf 85' lang='lat' dir='ltr'><strong>sum</strong></span> <span class='ocrx_word' id='word_1_208' title='bbox 1954 2478 2004 2529; x_wconf 88' lang='lat' dir='ltr'><strong>in</strong></span> 
     </span>
    </p>
   </div>
   <div class='ocr_carea' id='block_1_25' title="bbox 429 2567 2008 2633">
    <p class='ocr_par' dir='ltr' id='par_1_25' title="bbox 429 2567 2008 2633">
     <span class='ocr_line' id='line_1_25' title="bbox 429 2567 2008 2633; baseline 0 -10"><span class='ocrx_word' id='word_1_209' title='bbox 429 2570 781 2625; x_wconf 71' lang='lat' dir='ltr'><strong>exercitatione</strong></span> <span class='ocrx_word' id='word_1_210' title='bbox 815 2585 946 2633; x_wconf 85' lang='lat' dir='ltr'><strong>mea,</strong></span> <span class='ocrx_word' id='word_1_211' title='bbox 985 2578 1033 2622; x_wconf 84' lang='lat' dir='ltr'><strong>et</strong></span> <span class='ocrx_word' id='word_1_212' title='bbox 1072 2568 1394 2622; x_wconf 77' lang='lat' dir='ltr'><strong>conturbatus</strong></span> <span class='ocrx_word' id='word_1_213' title='bbox 1420 2585 1551 2622; x_wconf 86' lang='lat' dir='ltr'><strong>sum.</strong></span> <span class='ocrx_word' id='word_1_214' title='bbox 1596 2567 1729 2622; x_wconf 90' lang='lat' dir='ltr'><strong>Cum</strong></span> <span class='ocrx_word' id='word_1_215' title='bbox 1771 2568 2008 2623; x_wconf 79' lang='lat' dir='ltr'><strong>extendit</strong></span> 
     </span>
    </p>
   </div>
   <div class='ocr_carea' id='block_1_26' title="bbox 429 2660 2002 2732">
    <p class='ocr_par' dir='ltr' id='par_1_26' title="bbox 429 2660 2002 2732">
     <span class='ocr_line' id='line_1_26' title="bbox 429 2660 2002 2732; baseline -0.001 -15"><span class='ocrx_word' id='word_1_216' title='bbox 429 2663 767 2719; x_wconf 85' lang='lat' dir='ltr'><strong>dilectionem</strong></span> <span class='ocrx_word' id='word_1_217' title='bbox 813 2672 873 2717; x_wconf 86' lang='lat' dir='ltr'><strong>ut</strong></span> <span class='ocrx_word' id='word_1_218' title='bbox 910 2661 1094 2732; x_wconf 81' lang='lat' dir='ltr'><strong>diligat</strong></span> <span class='ocrx_word' id='word_1_219' title='bbox 1137 2661 1399 2727; x_wconf 87' lang='lat' dir='ltr'><strong>inimicos,</strong></span> <span class='ocrx_word' id='word_1_220' title='bbox 1440 2660 1659 2716; x_wconf 63' lang='lat' dir='ltr'><strong>allectus</strong></span> <span class='ocrx_word' id='word_1_221' title='bbox 1703 2669 1785 2716; x_wconf 82' lang='lat' dir='ltr'><strong>est</strong></span> <span class='ocrx_word' id='word_1_222' title='bbox 1829 2661 2002 2725; x_wconf 65' lang='lat' dir='ltr'><strong>taedio,</strong></span> 
     </span>
    </p>
   </div>
   <div class='ocr_carea' id='block_1_27' title="bbox 430 2752 1998 2820">
    <p class='ocr_par' dir='ltr' id='par_1_27' title="bbox 430 2752 1998 2820">
     <span class='ocr_line' id='line_1_27' title="bbox 430 2752 1998 2820; baseline -0.004 -10"><span class='ocrx_word' id='word_1_223' title='bbox 430 2757 718 2812; x_wconf 86' lang='lat' dir='ltr'><strong>multorum</strong></span> <span class='ocrx_word' id='word_1_224' title='bbox 745 2754 1051 2820; x_wconf 89' lang='lat' dir='ltr'><strong>inimicitiis,</strong></span> <span class='ocrx_word' id='word_1_225' title='bbox 1072 2752 1356 2808; x_wconf 88' lang='lat' dir='ltr'><strong>multorum</strong></span> <span class='ocrx_word' id='word_1_226' title='bbox 1383 2752 1530 2808; x_wconf 84' lang='lat' dir='ltr'><strong>rabie</strong></span> <span class='ocrx_word' id='word_1_227' title='bbox 1553 2752 1998 2817; x_wconf 81' lang='lat' dir='ltr'><strong>circumlatratus,</strong></span> 
     </span>
    </p>
   </div>
   <div class='ocr_carea' id='block_1_28' title="bbox 431 2842 2010 2918">
    <p class='ocr_par' dir='ltr' id='par_1_28' title="bbox 431 2842 2010 2918">
     <span class='ocr_line' id='line_1_28' title="bbox 431 2842 2010 2918; baseline -0.002 -16"><span class='ocrx_word' id='word_1_228' title='bbox 431 2858 486 2902; x_wconf 85' lang='lat' dir='ltr'><strong>ct</strong></span> <span class='ocrx_word' id='word_1_229' title='bbox 532 2848 757 2918; x_wconf 83' lang='lat' dir='ltr'><strong>quadam</strong></span> <span class='ocrx_word' id='word_1_230' title='bbox 802 2846 1029 2900; x_wconf 77' lang='lat' dir='ltr'><strong>humana</strong></span> <span class='ocrx_word' id='word_1_231' title='bbox 1076 2843 1381 2899; x_wconf 77' lang='lat' dir='ltr'><strong>infirmitate</strong></span> <span class='ocrx_word' id='word_1_232' title='bbox 1416 2844 1711 2899; x_wconf 86' lang='lat' dir='ltr'><strong>succubuit.</strong></span> <span class='ocrx_word' id='word_1_233' title='bbox 1758 2842 1897 2899; x_wconf 86' lang='lat' dir='ltr'><strong>Vidit</strong></span> <span class='ocrx_word' id='word_1_234' title='bbox 1951 2859 2010 2899; x_wconf 87' lang='lat' dir='ltr'><strong>se</strong></span> 
     </span>
    </p>
   </div>
   <div class='ocr_carea' id='block_1_29' title="bbox 429 2935 2004 3010">
    <p class='ocr_par' dir='ltr' id='par_1_29' title="bbox 429 2935 2004 3010">
     <span class='ocr_line' id='line_1_29' title="bbox 429 2935 2004 3010; baseline -0.001 -18"><span class='ocrx_word' id='word_1_235' title='bbox 429 2942 536 3010; x_wconf 85' lang='lat' dir='ltr'><strong>jam</strong></span> <span class='ocrx_word' id='word_1_236' title='bbox 581 2939 813 3007; x_wconf 85' lang='lat' dir='ltr'><strong>incipere</strong></span> <span class='ocrx_word' id='word_1_237' title='bbox 853 2937 1113 3006; x_wconf 87' lang='lat' dir='ltr'><strong>penetrari</strong></span> <span class='ocrx_word' id='word_1_238' title='bbox 1156 2936 1292 2989; x_wconf 88' lang='lat' dir='ltr'><strong>mala</strong></span> <span class='ocrx_word' id='word_1_239' title='bbox 1333 2935 1673 3003; x_wconf 85' lang='lat' dir='ltr'><strong>persuasione</strong></span> <span class='ocrx_word' id='word_1_240' title='bbox 1712 2935 2004 2999; x_wconf 83' lang='lat' dir='ltr'><strong>diabolica,</strong></span> 
     </span>
    </p>
   </div>
   <div class='ocr_carea' id='block_1_30' title="bbox 432 3028 2011 3087">
    <p class='ocr_par' dir='ltr' id='par_1_30' title="bbox 432 3028 2011 3087">
     <span class='ocr_line' id='line_1_30' title="bbox 432 3028 2011 3087; baseline 0 -3"><span class='ocrx_word' id='word_1_241' title='bbox 432 3043 490 3085; x_wconf 88' lang='lat' dir='ltr'><strong>ut</strong></span> <span class='ocrx_word' id='word_1_242' title='bbox 510 3032 690 3087; x_wconf 87' lang='lat' dir='ltr'><strong>odium</strong></span> <span class='ocrx_word' id='word_1_243' title='bbox 710 3030 921 3084; x_wconf 82' lang='lat' dir='ltr'><strong>inducat</strong></span> <span class='ocrx_word' id='word_1_244' title='bbox 943 3031 959 3061; x_wconf 78' lang='grc'>⁸</span> <span class='ocrx_word' id='word_1_245' title='bbox 986 3029 1264 3084; x_wconf 88' lang='lat' dir='ltr'><strong>adversum</strong></span> <span class='ocrx_word' id='word_1_246' title='bbox 1292 3028 1533 3084; x_wconf 88' lang='lat' dir='ltr'><strong>inimicos</strong></span> <span class='ocrx_word' id='word_1_247' title='bbox 1557 3047 1570 3082; x_wconf 94' lang='lat'><strong>:</strong></span> <span class='ocrx_word' id='word_1_248' title='bbox 1594 3030 1863 3084; x_wconf 88' lang='lat' dir='ltr'><strong>reluctans</strong></span> <span class='ocrx_word' id='word_1_249' title='bbox 1887 3029 2011 3084; x_wconf 90' lang='lat' dir='ltr'><strong>odio</strong></span> 
     </span>
    </p>
   </div>
   <div class='ocr_carea' id='block_1_31' title="bbox 434 3119 2009 3193">
    <p class='ocr_par' dir='ltr' id='par_1_31' title="bbox 434 3119 2009 3193">
     <span class='ocr_line' id='line_1_31' title="bbox 434 3119 2009 3193; baseline -0.001 -16"><span class='ocrx_word' id='word_1_250' title='bbox 434 3134 495 3177; x_wconf 90' lang='lat' dir='ltr'><strong>ut</strong></span> <span class='ocrx_word' id='word_1_251' title='bbox 520 3124 798 3193; x_wconf 84' lang='lat' dir='ltr'><strong>perliceret</strong></span> <span class='ocrx_word' id='word_1_252' title='bbox 823 3123 987 3190; x_wconf 87' lang='lat' dir='ltr'><strong>ipsam</strong></span> <span class='ocrx_word' id='word_1_253' title='bbox 1026 3120 1384 3181; x_wconf 83' lang='lat' dir='ltr'><strong>dilectionem,</strong></span> <span class='ocrx_word' id='word_1_254' title='bbox 1414 3119 1466 3174; x_wconf 89' lang='lat' dir='ltr'><strong>in</strong></span> <span class='ocrx_word' id='word_1_255' title='bbox 1508 3120 1621 3189; x_wconf 89' lang='lat' dir='ltr'><strong>ipsa</strong></span> <span class='ocrx_word' id='word_1_256' title='bbox 1649 3134 1822 3190; x_wconf 89' lang='lat' dir='ltr'><strong>pugna</strong></span> <span class='ocrx_word' id='word_1_257' title='bbox 1843 3130 1898 3176; x_wconf 90' lang='lat' dir='ltr'><strong>et</strong></span> <span class='ocrx_word' id='word_1_258' title='bbox 1924 3122 2009 3175; x_wconf 91' lang='lat' dir='ltr'><strong>lu-</strong></span> 
     </span>
    </p>
   </div>
   <div class='ocr_carea' id='block_1_32' title="bbox 433 3211 2009 3281">
    <p class='ocr_par' dir='ltr' id='par_1_32' title="bbox 433 3211 2009 3281">
     <span class='ocr_line' id='line_1_32' title="bbox 433 3211 2009 3281; baseline -0.001 -13"><span class='ocrx_word' id='word_1_259' title='bbox 433 3226 518 3268; x_wconf 77' lang='lat' dir='ltr'><strong>cta</strong></span> <span class='ocrx_word' id='word_1_260' title='bbox 540 3213 778 3268; x_wconf 86' lang='lat' dir='ltr'><strong>turbatus</strong></span> <span class='ocrx_word' id='word_1_261' title='bbox 800 3221 899 3267; x_wconf 92' lang='lat' dir='ltr'><strong>est.</strong></span> <span class='ocrx_word' id='word_1_262' title='bbox 929 3211 1052 3281; x_wconf 77' lang='lat' dir='ltr'><strong>Ejus</strong></span> <span class='ocrx_word' id='word_1_263' title='bbox 1076 3211 1216 3265; x_wconf 90' lang='lat' dir='ltr'><strong>enim</strong></span> <span class='ocrx_word' id='word_1_264' title='bbox 1246 3225 1343 3265; x_wconf 81' lang='lat' dir='ltr'><strong>vox</strong></span> <span class='ocrx_word' id='word_1_265' title='bbox 1372 3219 1453 3265; x_wconf 89' lang='lat' dir='ltr'><strong>est</strong></span> <span class='ocrx_word' id='word_1_266' title='bbox 1473 3220 1525 3265; x_wconf 92' lang='lat' dir='ltr'><strong>et</strong></span> <span class='ocrx_word' id='word_1_267' title='bbox 1554 3211 1604 3263; x_wconf 92' lang='lat' dir='ltr'><strong>in</strong></span> <span class='ocrx_word' id='word_1_268' title='bbox 1636 3211 1739 3265; x_wconf 90' lang='lat' dir='ltr'><strong>alio</strong></span> <span class='ocrx_word' id='word_1_269' title='bbox 1765 3212 1968 3280; x_wconf 86' lang='lat' dir='ltr'><strong>psalmo</strong></span> <span class='ocrx_word' id='word_1_270' title='bbox 1996 3231 2009 3266; x_wconf 92' lang='lat'><strong>:</strong></span> 
     </span>
    </p>
   </div>
   <div class='ocr_carea' id='block_1_33' title="bbox 438 3303 2014 3374">
    <p class='ocr_par' dir='ltr' id='par_1_33' title="bbox 438 3303 2014 3374">
     <span class='ocr_line' id='line_1_33' title="bbox 438 3303 2014 3374; baseline -0.002 -12"><span class='ocrx_word' id='word_1_271' title='bbox 438 3308 687 3363; x_wconf 76' lang='lat' dir='ltr'><strong>Turbatus</strong></span> <span class='ocrx_word' id='word_1_272' title='bbox 714 3316 784 3360; x_wconf 83' lang='lat' dir='ltr'><strong>cst</strong></span> <span class='ocrx_word' id='word_1_273' title='bbox 805 3320 911 3374; x_wconf 68' lang='lat' dir='ltr'><strong>prae</strong></span> <span class='ocrx_word' id='word_1_274' title='bbox 929 3306 1006 3358; x_wconf 85' lang='lat' dir='ltr'><strong>ira</strong></span> <span class='ocrx_word' id='word_1_275' title='bbox 1026 3304 1198 3358; x_wconf 78' lang='lat' dir='ltr'><strong>oculus</strong></span> <span class='ocrx_word' id='word_1_276' title='bbox 1218 3319 1374 3357; x_wconf 86' lang='lat' dir='ltr'><strong>meus.</strong></span> <span class='ocrx_word' id='word_1_277' title='bbox 1406 3303 1473 3358; x_wconf 85' lang='lat' dir='ltr'><strong>Et</strong></span> <span class='ocrx_word' id='word_1_278' title='bbox 1500 3303 1623 3373; x_wconf 87' lang='lat' dir='ltr'><strong>quid</strong></span> <span class='ocrx_word' id='word_1_279' title='bbox 1650 3304 1719 3358; x_wconf 91' lang='lat' dir='ltr'><strong>ibi</strong></span> <span class='ocrx_word' id='word_1_280' title='bbox 1740 3306 2014 3374; x_wconf 67' lang='lat' dir='ltr'><strong>sequitur?</strong></span> 
     </span>
    </p>
   </div>
   <div class='ocr_carea' id='block_1_34' title="bbox 438 3395 2013 3469">
    <p class='ocr_par' dir='ltr' id='par_1_34' title="bbox 438 3395 2013 3469">
     <span class='ocr_line' id='line_1_34' title="bbox 438 3395 2013 3469; baseline -0.002 -13"><span class='ocrx_word' id='word_1_281' title='bbox 438 3401 719 3457; x_wconf 79' lang='lat' dir='ltr'><strong>Inveteravi</strong></span> <span class='ocrx_word' id='word_1_282' title='bbox 742 3398 797 3454; x_wconf 84' lang='lat' dir='ltr'><strong>in</strong></span> <span class='ocrx_word' id='word_1_283' title='bbox 825 3397 1052 3453; x_wconf 82' lang='lat' dir='ltr'><strong>omnibus</strong></span> <span class='ocrx_word' id='word_1_284' title='bbox 1076 3397 1294 3451; x_wconf 87' lang='lat' dir='ltr'><strong>inimicis</strong></span> <span class='ocrx_word' id='word_1_285' title='bbox 1318 3398 1438 3451; x_wconf 88' lang='lat' dir='ltr'><strong>meis</strong></span> <span class='ocrx_word' id='word_1_286' title='bbox 1464 3397 1483 3466; x_wconf 94' lang='lat'><strong>(</strong></span> <span class='ocrx_word' id='word_1_287' title='bbox 1514 3396 1654 3451; x_wconf 86' lang='lat' dir='ltr'><strong>Psal.</strong></span> <span class='ocrx_word' id='word_1_288' title='bbox 1683 3413 1755 3460; x_wconf 85' lang='lat' dir='ltr'><strong>vt,</strong></span> <span class='ocrx_word' id='word_1_289' title='bbox 1788 3395 1885 3469; x_wconf 91' lang='lat'><strong>8).</strong></span> <span class='ocrx_word' id='word_1_290' title='bbox 1912 3398 2013 3453; x_wconf 77' lang='lat' dir='ltr'><strong>Ve-</strong></span> 
     </span>
    </p>
   </div>
   <div class='ocr_carea' id='block_1_35' title="bbox 440 3487 2018 3561">
    <p class='ocr_par' dir='ltr' id='par_1_35' title="bbox 440 3487 2018 3561">
     <span class='ocr_line' id='line_1_35' title="bbox 440 3487 2018 3561; baseline -0.004 -11"><span class='ocrx_word' id='word_1_291' title='bbox 440 3495 533 3550; x_wconf 85' lang='lat' dir='ltr'><strong>luti</strong></span> <span class='ocrx_word' id='word_1_292' title='bbox 577 3496 631 3548; x_wconf 89' lang='lat' dir='ltr'><strong>in</strong></span> <span class='ocrx_word' id='word_1_293' title='bbox 672 3499 985 3561; x_wconf 84' lang='lat' dir='ltr'><strong>tempestate</strong></span> <span class='ocrx_word' id='word_1_294' title='bbox 1021 3499 1075 3544; x_wconf 88' lang='lat' dir='ltr'><strong>et</strong></span> <span class='ocrx_word' id='word_1_295' title='bbox 1119 3487 1366 3543; x_wconf 81' lang='lat' dir='ltr'><strong>ﬂuctibus</strong></span> <span class='ocrx_word' id='word_1_296' title='bbox 1406 3489 1570 3558; x_wconf 87' lang='lat' dir='ltr'><strong>mergi</strong></span> <span class='ocrx_word' id='word_1_297' title='bbox 1599 3496 1852 3557; x_wconf 77' lang='lat' dir='ltr'><strong>cmperat,</strong></span> <span class='ocrx_word' id='word_1_298' title='bbox 1881 3489 2018 3544; x_wconf 90' lang='lat' dir='ltr'><strong>sicut</strong></span> 
     </span>
    </p>
   </div>
   <div class='ocr_carea' id='block_1_36' title="bbox 439 3578 2018 3655">
    <p class='ocr_par' dir='ltr' id='par_1_36' title="bbox 439 3578 2018 3655">
     <span class='ocr_line' id='line_1_36' title="bbox 439 3578 2018 3655; baseline -0.005 -13"><span class='ocrx_word' id='word_1_299' title='bbox 439 3584 666 3655; x_wconf 84' lang='lat' dir='ltr'><strong>I‘elrus(</strong></span> <span class='ocrx_word' id='word_1_300' title='bbox 695 3582 879 3638; x_wconf 74' lang='lat' dir='ltr'><strong>Matth.</strong></span> <span class='ocrx_word' id='word_1_301' title='bbox 908 3596 1017 3647; x_wconf 79' lang='lat' dir='ltr'><strong>xiv,</strong></span> <span class='ocrx_word' id='word_1_302' title='bbox 1049 3578 1119 3635; x_wconf 78' lang='lat'><strong>50</strong></span> <span class='ocrx_word' id='word_1_303' title='bbox 1139 3579 1177 3649; x_wconf 88' lang='lat'><strong>).</strong></span> <span class='ocrx_word' id='word_1_304' title='bbox 1231 3579 1321 3635; x_wconf 88' lang='lat' dir='ltr'><strong>Ille</strong></span> <span class='ocrx_word' id='word_1_305' title='bbox 1340 3580 1481 3635; x_wconf 90' lang='lat' dir='ltr'><strong>enim</strong></span> <span class='ocrx_word' id='word_1_306' title='bbox 1509 3579 1680 3635; x_wconf 85' lang='lat' dir='ltr'><strong>calcat</strong></span> <span class='ocrx_word' id='word_1_307' title='bbox 1704 3579 1895 3636; x_wconf 83' lang='lat' dir='ltr'><strong>ﬂuctus</strong></span> <span class='ocrx_word' id='word_1_308' title='bbox 1923 3580 2018 3634; x_wconf 90' lang='lat' dir='ltr'><strong>bu-</strong></span> 
     </span>
    </p>
   </div>
   <div class='ocr_carea' id='block_1_37' title="bbox 434 3670 2019 3746">
    <p class='ocr_par' dir='ltr' id='par_1_37' title="bbox 434 3670 2019 3746">
     <span class='ocr_line' id='line_1_37' title="bbox 434 3670 2019 3746; baseline -0.004 -15"><span class='ocrx_word' id='word_1_309' title='bbox 434 3680 523 3746; x_wconf 84' lang='lat' dir='ltr'><strong>jus</strong></span> <span class='ocrx_word' id='word_1_310' title='bbox 550 3676 750 3742; x_wconf 72' lang='lat' dir='ltr'><strong>smculi,</strong></span> <span class='ocrx_word' id='word_1_311' title='bbox 774 3674 864 3745; x_wconf 85' lang='lat' dir='ltr'><strong>qui</strong></span> <span class='ocrx_word' id='word_1_312' title='bbox 888 3672 1057 3744; x_wconf 89' lang='lat' dir='ltr'><strong>diligit</strong></span> <span class='ocrx_word' id='word_1_313' title='bbox 1082 3672 1344 3727; x_wconf 90' lang='lat' dir='ltr'><strong>inimicos.</strong></span> <span class='ocrx_word' id='word_1_314' title='bbox 1387 3670 1631 3726; x_wconf 84' lang='lat' dir='ltr'><strong>Christus</strong></span> <span class='ocrx_word' id='word_1_315' title='bbox 1657 3671 1711 3727; x_wconf 88' lang='lat' dir='ltr'><strong>in</strong></span> <span class='ocrx_word' id='word_1_316' title='bbox 1741 3672 1873 3725; x_wconf 87' lang='lat' dir='ltr'><strong>mari</strong></span> <span class='ocrx_word' id='word_1_317' title='bbox 1904 3687 2019 3725; x_wconf 68' lang='lat' dir='ltr'><strong>amo</strong></span> 
     </span>
    </p>
   </div>
   <div class='ocr_carea' id='block_1_38' title="bbox 441 3761 2017 3835">
    <p class='ocr_par' dir='ltr' id='par_1_38' title="bbox 441 3761 2017 3835">
     <span class='ocr_line' id='line_1_38' title="bbox 441 3761 2017 3835; baseline -0.003 -13"><span class='ocrx_word' id='word_1_318' title='bbox 441 3768 655 3824; x_wconf 79' lang='lat' dir='ltr'><strong>bulabat</strong></span> <span class='ocrx_word' id='word_1_319' title='bbox 701 3766 1015 3835; x_wconf 82' lang='lat' dir='ltr'><strong>intrepidus,</strong></span> <span class='ocrx_word' id='word_1_320' title='bbox 1061 3763 1212 3832; x_wconf 86' lang='lat' dir='ltr'><strong>cujus</strong></span> <span class='ocrx_word' id='word_1_321' title='bbox 1251 3763 1466 3817; x_wconf 88' lang='lat' dir='ltr'><strong>omnino</strong></span> <span class='ocrx_word' id='word_1_322' title='bbox 1509 3762 1576 3817; x_wconf 88' lang='lat' dir='ltr'><strong>de</strong></span> <span class='ocrx_word' id='word_1_323' title='bbox 1622 3761 1783 3819; x_wconf 91' lang='lat' dir='ltr'><strong>corde</strong></span> <span class='ocrx_word' id='word_1_324' title='bbox 1824 3761 2017 3817; x_wconf 87' lang='lat' dir='ltr'><strong>auferri</strong></span> 
     </span>
    </p>
   </div>
   <div class='ocr_carea' id='block_1_39' title="bbox 442 3852 2019 3928">
    <p class='ocr_par' dir='ltr' id='par_1_39' title="bbox 442 3852 2019 3928">
     <span class='ocr_line' id='line_1_39' title="bbox 442 3852 2019 3928; baseline -0.003 -16"><span class='ocrx_word' id='word_1_325' title='bbox 442 3874 548 3912; x_wconf 85' lang='lat' dir='ltr'><strong>non</strong></span> <span class='ocrx_word' id='word_1_326' title='bbox 590 3867 797 3928; x_wconf 90' lang='lat' dir='ltr'><strong>poterat</strong></span> <span class='ocrx_word' id='word_1_327' title='bbox 841 3855 1037 3911; x_wconf 90' lang='lat' dir='ltr'><strong>inimici</strong></span> <span class='ocrx_word' id='word_1_328' title='bbox 1085 3854 1342 3909; x_wconf 88' lang='lat' dir='ltr'><strong>dilectio:</strong></span> <span class='ocrx_word' id='word_1_329' title='bbox 1374 3853 1459 3924; x_wconf 88' lang='lat' dir='ltr'><strong>qui</strong></span> <span class='ocrx_word' id='word_1_330' title='bbox 1494 3852 1728 3922; x_wconf 85' lang='lat' dir='ltr'><strong>pendens</strong></span> <span class='ocrx_word' id='word_1_331' title='bbox 1770 3853 1821 3907; x_wconf 90' lang='lat' dir='ltr'><strong>in</strong></span> <span class='ocrx_word' id='word_1_332' title='bbox 1861 3868 2019 3908; x_wconf 87' lang='lat' dir='ltr'><strong>cruce</strong></span> 
     </span>
    </p>
   </div>
   <div class='ocr_carea' id='block_1_40' title="bbox 441 3944 2021 4017">
    <p class='ocr_par' dir='ltr' id='par_1_40' title="bbox 441 3944 2021 4017">
     <span class='ocr_line' id='line_1_40' title="bbox 441 3944 2021 4017; baseline -0.001 -17"><span class='ocrx_word' id='word_1_333' title='bbox 441 3948 668 4013; x_wconf 85' lang='lat' dir='ltr'><strong>diccbat,</strong></span> <span class='ocrx_word' id='word_1_334' title='bbox 700 3946 874 4012; x_wconf 80' lang='lat' dir='ltr'><strong>Pater,</strong></span> <span class='ocrx_word' id='word_1_335' title='bbox 905 3948 1108 4016; x_wconf 78' lang='lat' dir='ltr'><strong>ignosce</strong></span> <span class='ocrx_word' id='word_1_336' title='bbox 1132 3944 1253 4008; x_wconf 81' lang='lat' dir='ltr'><strong>illis,</strong></span> <span class='ocrx_word' id='word_1_337' title='bbox 1284 3945 1403 4017; x_wconf 86' lang='lat' dir='ltr'><strong>quia</strong></span> <span class='ocrx_word' id='word_1_338' title='bbox 1428 3945 1653 3998; x_wconf 84' lang='lat' dir='ltr'><strong>nesciunt</strong></span> <span class='ocrx_word' id='word_1_339' title='bbox 1679 3944 1802 4015; x_wconf 82' lang='lat' dir='ltr'><strong>quid</strong></span> <span class='ocrx_word' id='word_1_340' title='bbox 1826 3944 2021 4013; x_wconf 78' lang='lat' dir='ltr'><strong>faciunt</strong></span> 
     </span>
    </p>
   </div>
   <div class='ocr_carea' id='block_1_41' title="bbox 446 4035 2020 4109">
    <p class='ocr_par' dir='ltr' id='par_1_41' title="bbox 446 4035 2020 4109">
     <span class='ocr_line' id='line_1_41' title="bbox 446 4035 2020 4109; baseline -0.003 -15"><span class='ocrx_word' id='word_1_341' title='bbox 446 4040 607 4107; x_wconf 87' lang='lat' dir='ltr'><strong>(Luc.</strong></span> <span class='ocrx_word' id='word_1_342' title='bbox 633 4054 788 4104; x_wconf 64' lang='grc' dir='ltr'>χχιιι,</span> <span class='ocrx_word' id='word_1_343' title='bbox 819 4040 886 4093; x_wconf 67' lang='grc'><strong>54</strong></span> <span class='ocrx_word' id='word_1_344' title='bbox 905 4038 944 4109; x_wconf 95' lang='grc'><strong>).</strong></span> <span class='ocrx_word' id='word_1_345' title='bbox 976 4040 1040 4092; x_wconf 85' lang='lat' dir='ltr'><strong>Et</strong></span> <span class='ocrx_word' id='word_1_346' title='bbox 1068 4037 1256 4092; x_wconf 86' lang='lat' dir='ltr'><strong>Petrus</strong></span> <span class='ocrx_word' id='word_1_347' title='bbox 1277 4036 1441 4091; x_wconf 88' lang='lat' dir='ltr'><strong>voluit</strong></span> <span class='ocrx_word' id='word_1_348' title='bbox 1463 4036 1755 4091; x_wconf 88' lang='lat' dir='ltr'><strong>ambulare.</strong></span> <span class='ocrx_word' id='word_1_349' title='bbox 1785 4035 1878 4090; x_wconf 85' lang='lat' dir='ltr'><strong>ille</strong></span> <span class='ocrx_word' id='word_1_350' title='bbox 1906 4045 2020 4090; x_wconf 87' lang='lat' dir='ltr'><strong>tan-</strong></span> 
     </span>
    </p>
   </div>
   <div class='ocr_carea' id='block_1_42' title="bbox 443 4116 2021 4202">
    <p class='ocr_par' dir='ltr' id='par_1_42' title="bbox 443 4116 2021 4202">
     <span class='ocr_line' id='line_1_42' title="bbox 443 4116 2021 4202; baseline -0.002 -17"><span class='ocrx_word' id='word_1_351' title='bbox 443 4116 599 4202; x_wconf 83' lang='lat' dir='ltr'><strong>quam</strong></span> <span class='ocrx_word' id='word_1_352' title='bbox 624 4138 800 4199; x_wconf 85' lang='lat' dir='ltr'><strong>caput,</strong></span> <span class='ocrx_word' id='word_1_353' title='bbox 819 4130 1008 4185; x_wconf 85' lang='lat' dir='ltr'><strong>Petrus</strong></span> <span class='ocrx_word' id='word_1_354' title='bbox 1033 4137 1280 4199; x_wconf 89' lang='lat' dir='ltr'><strong>tauquam</strong></span> <span class='ocrx_word' id='word_1_355' title='bbox 1301 4142 1496 4198; x_wconf 87' lang='lat' dir='ltr'><strong>corpus</strong></span> <span class='ocrx_word' id='word_1_356' title='bbox 1524 4147 1536 4182; x_wconf 90' lang='lat'>:</span> <span class='ocrx_word' id='word_1_357' title='bbox 1566 4129 1685 4198; x_wconf 84' lang='lat' dir='ltr'><strong>quia</strong></span> <span class='ocrx_word' id='word_1_358' title='bbox 1711 4146 1863 4198; x_wconf 81' lang='lat' dir='ltr'><strong>super</strong></span> <span class='ocrx_word' id='word_1_359' title='bbox 1890 4130 2021 4182; x_wconf 85' lang='lat' dir='ltr'><strong>hanc</strong></span> 
     </span>
    </p>
   </div>
   <div class='ocr_carea' id='block_1_43' title="bbox 445 4220 2021 4294">
    <p class='ocr_par' dir='ltr' id='par_1_43' title="bbox 445 4220 2021 4294">
     <span class='ocr_line' id='line_1_43' title="bbox 445 4220 2021 4294; baseline 0.001 -16"><span class='ocrx_word' id='word_1_360' title='bbox 445 4234 635 4294; x_wconf 80' lang='lat' dir='ltr'><strong>petram</strong></span> <span class='ocrx_word' id='word_1_361' title='bbox 659 4264 675 4287; x_wconf 95' lang='lat'><strong>,</strong></span> <span class='ocrx_word' id='word_1_362' title='bbox 702 4222 890 4292; x_wconf 84' lang='lat' dir='ltr'><strong>inquit,</strong></span> <span class='ocrx_word' id='word_1_363' title='bbox 918 4220 1179 4290; x_wconf 66' lang='lat' dir='ltr'><strong>aediﬁcabo</strong></span> <span class='ocrx_word' id='word_1_364' title='bbox 1207 4221 1485 4276; x_wconf 82' lang='lat' dir='ltr'><strong>Ecclesiam</strong></span> <span class='ocrx_word' id='word_1_365' title='bbox 1516 4239 1697 4277; x_wconf 84' lang='lat' dir='ltr'><strong>meam.</strong></span> <span class='ocrx_word' id='word_1_366' title='bbox 1723 4222 1911 4278; x_wconf 82' lang='lat' dir='ltr'><strong>Jussus</strong></span> <span class='ocrx_word' id='word_1_367' title='bbox 1939 4234 2021 4279; x_wconf 89' lang='lat' dir='ltr'><strong>est</strong></span> 
     </span>
    </p>
   </div>
   <div class='ocr_carea' id='block_1_44' title="bbox 442 4313 2019 4383">
    <p class='ocr_par' dir='ltr' id='par_1_44' title="bbox 442 4313 2019 4383">
     <span class='ocr_line' id='line_1_44' title="bbox 442 4313 2019 4383; baseline 0.002 -14"><span class='ocrx_word' id='word_1_368' title='bbox 442 4316 746 4381; x_wconf 85' lang='lat' dir='ltr'><strong>ambulare,</strong></span> <span class='ocrx_word' id='word_1_369' title='bbox 778 4324 832 4368; x_wconf 89' lang='lat' dir='ltr'><strong>et</strong></span> <span class='ocrx_word' id='word_1_370' title='bbox 870 4313 1174 4367; x_wconf 88' lang='lat' dir='ltr'><strong>ambulabat</strong></span> <span class='ocrx_word' id='word_1_371' title='bbox 1210 4314 1375 4380; x_wconf 80' lang='lat' dir='ltr'><strong>gratia</strong></span> <span class='ocrx_word' id='word_1_372' title='bbox 1406 4313 1661 4383; x_wconf 87' lang='lat' dir='ltr'><strong>jubentis,</strong></span> <span class='ocrx_word' id='word_1_373' title='bbox 1689 4330 1792 4369; x_wconf 91' lang='lat' dir='ltr'><strong>non</strong></span> <span class='ocrx_word' id='word_1_374' title='bbox 1825 4315 2019 4372; x_wconf 87' lang='lat' dir='ltr'><strong>viribus</strong></span> 
     </span>
    </p>
   </div>
   <div class='ocr_carea' id='block_1_45' title="bbox 442 4404 2024 4489">
    <p class='ocr_par' dir='ltr' id='par_1_45' title="bbox 442 4404 2024 4489">
     <span class='ocr_line' id='line_1_45' title="bbox 442 4404 2024 4489; baseline -0.001 -27"><span class='ocrx_word' id='word_1_375' title='bbox 442 4409 573 4489; x_wconf 61' lang='grc' dir='ltr'>διῄει.</span> <span class='ocrx_word' id='word_1_376' title='bbox 618 4407 723 4464; x_wconf 91' lang='lat' dir='ltr'><strong>Sed</strong></span> <span class='ocrx_word' id='word_1_377' title='bbox 767 4422 887 4463; x_wconf 92' lang='lat' dir='ltr'><strong>cum</strong></span> <span class='ocrx_word' id='word_1_378' title='bbox 936 4404 1142 4459; x_wconf 88' lang='lat' dir='ltr'><strong>videret</strong></span> <span class='ocrx_word' id='word_1_379' title='bbox 1182 4414 1396 4459; x_wconf 90' lang='lat' dir='ltr'><strong>ventum</strong></span> <span class='ocrx_word' id='word_1_380' title='bbox 1437 4405 1691 4473; x_wconf 86' lang='lat' dir='ltr'><strong>validum,</strong></span> <span class='ocrx_word' id='word_1_381' title='bbox 1736 4407 1937 4470; x_wconf 85' lang='lat' dir='ltr'><strong>timuit;</strong></span> <span class='ocrx_word' id='word_1_382' title='bbox 1970 4416 2024 4461; x_wconf 90' lang='lat' dir='ltr'><strong>et</strong></span> 
     </span>
    </p>
   </div>
   <div class='ocr_carea' id='block_1_46' title="bbox 443 4495 2019 4571">
    <p class='ocr_par' dir='ltr' id='par_1_46' title="bbox 443 4495 2019 4571">
     <span class='ocr_line' id='line_1_46' title="bbox 443 4495 2019 4571; baseline -0.002 -16"><span class='ocrx_word' id='word_1_383' title='bbox 443 4500 609 4571; x_wconf 80' lang='lat' dir='ltr'><strong>mergi</strong></span> <span class='ocrx_word' id='word_1_384' title='bbox 634 4501 742 4569; x_wconf 84' lang='lat' dir='ltr'><strong>jam</strong></span> <span class='ocrx_word' id='word_1_385' title='bbox 771 4506 1028 4568; x_wconf 73' lang='lat' dir='ltr'><strong>cmperat,</strong></span> <span class='ocrx_word' id='word_1_386' title='bbox 1057 4495 1403 4551; x_wconf 89' lang='lat' dir='ltr'><strong>conturbatus</strong></span> <span class='ocrx_word' id='word_1_387' title='bbox 1426 4496 1475 4549; x_wconf 92' lang='lat' dir='ltr'><strong>in</strong></span> <span class='ocrx_word' id='word_1_388' title='bbox 1501 4498 1882 4552; x_wconf 80' lang='lat' dir='ltr'><strong>exercitatione</strong></span> <span class='ocrx_word' id='word_1_389' title='bbox 1903 4513 2019 4552; x_wconf 76' lang='lat' dir='ltr'><strong>sua.</strong></span> 
     </span>
    </p>
   </div>
   <div class='ocr_carea' id='block_1_47' title="bbox 443 4587 2024 4662">
    <p class='ocr_par' dir='ltr' id='par_1_47' title="bbox 443 4587 2024 4662">
     <span class='ocr_line' id='line_1_47' title="bbox 443 4587 2024 4662; baseline -0.001 -17"><span class='ocrx_word' id='word_1_390' title='bbox 443 4595 484 4645; x_wconf 80' lang='grc' dir='ltr'><strong>Α</strong></span> <span class='ocrx_word' id='word_1_391' title='bbox 516 4608 621 4662; x_wconf 89' lang='lat' dir='ltr'><strong>quo</strong></span> <span class='ocrx_word' id='word_1_392' title='bbox 648 4602 805 4648; x_wconf 87' lang='lat' dir='ltr'><strong>vento</strong></span> <span class='ocrx_word' id='word_1_393' title='bbox 832 4589 1051 4645; x_wconf 80' lang='lat' dir='ltr'><strong>valido?</strong></span> <span class='ocrx_word' id='word_1_394' title='bbox 1083 4587 1127 4641; x_wconf 83' lang='grc' dir='ltr'><em>Α</em></span> <span class='ocrx_word' id='word_1_395' title='bbox 1153 4603 1271 4642; x_wconf 83' lang='lat' dir='ltr'><strong>voce</strong></span> <span class='ocrx_word' id='word_1_396' title='bbox 1297 4588 1524 4651; x_wconf 85' lang='lat' dir='ltr'><strong>inimici,</strong></span> <span class='ocrx_word' id='word_1_397' title='bbox 1564 4599 1609 4642; x_wconf 85' lang='lat' dir='ltr'><strong>et</strong></span> <span class='ocrx_word' id='word_1_398' title='bbox 1639 4606 1670 4642; x_wconf 91' lang='lat' dir='ltr'><strong>a</strong></span> <span class='ocrx_word' id='word_1_399' title='bbox 1702 4589 2024 4644; x_wconf 81' lang='lat' dir='ltr'><strong>tribulatione</strong></span> 
     </span>
    </p>
   </div>
   <div class='ocr_carea' id='block_1_48' title="bbox 446 4678 2018 4753">
    <p class='ocr_par' dir='ltr' id='par_1_48' title="bbox 446 4678 2018 4753">
     <span class='ocr_line' id='line_1_48' title="bbox 446 4678 2018 4753; baseline 0.001 -20"><span class='ocrx_word' id='word_1_400' title='bbox 446 4686 734 4749; x_wconf 77' lang='lat' dir='ltr'><strong>peccatoris.</strong></span> <span class='ocrx_word' id='word_1_401' title='bbox 780 4683 921 4753; x_wconf 81' lang='lat' dir='ltr'><strong>Ergo</strong></span> <span class='ocrx_word' id='word_1_402' title='bbox 957 4680 1224 4752; x_wconf 86' lang='lat' dir='ltr'><strong>quomodo</strong></span> <span class='ocrx_word' id='word_1_403' title='bbox 1249 4679 1336 4734; x_wconf 90' lang='lat' dir='ltr'><strong>ille</strong></span> <span class='ocrx_word' id='word_1_404' title='bbox 1375 4678 1621 4734; x_wconf 83' lang='lat' dir='ltr'><strong>clamavit</strong></span> <span class='ocrx_word' id='word_1_405' title='bbox 1663 4681 1715 4734; x_wconf 90' lang='lat' dir='ltr'><strong>in</strong></span> <span class='ocrx_word' id='word_1_406' title='bbox 1757 4680 2018 4749; x_wconf 79' lang='lat' dir='ltr'><strong>fluctibus,</strong></span> 
     </span>
    </p>
   </div>
   <div class='ocr_carea' id='block_1_49' title="bbox 448 4771 2022 4845">
    <p class='ocr_par' dir='ltr' id='par_1_49' title="bbox 448 4771 2022 4845">
     <span class='ocr_line' id='line_1_49' title="bbox 448 4771 2022 4845; baseline 0.001 -19"><span class='ocrx_word' id='word_1_407' title='bbox 448 4774 676 4837; x_wconf 82' lang='lat' dir='ltr'><strong>Domine,</strong></span> <span class='ocrx_word' id='word_1_408' title='bbox 704 4792 871 4844; x_wconf 69' lang='lat' dir='ltr'><strong>pereo,</strong></span> <span class='ocrx_word' id='word_1_409' title='bbox 900 4775 1041 4829; x_wconf 81' lang='lat' dir='ltr'><strong>salva</strong></span> <span class='ocrx_word' id='word_1_410' title='bbox 1065 4790 1143 4827; x_wconf 88' lang='lat' dir='ltr'><strong>me</strong></span> <span class='ocrx_word' id='word_1_411' title='bbox 1169 4771 1379 4845; x_wconf 77' lang='lat' dir='ltr'><strong>(Matth.</strong></span> <span class='ocrx_word' id='word_1_412' title='bbox 1407 4788 1521 4838; x_wconf 78' lang='lat' dir='ltr'><strong>xw,</strong></span> <span class='ocrx_word' id='word_1_413' title='bbox 1556 4773 1673 4840; x_wconf 79' lang='lat'><strong>50);</strong></span> <span class='ocrx_word' id='word_1_414' title='bbox 1703 4774 1822 4826; x_wconf 88' lang='lat' dir='ltr'><strong>talis</strong></span> <span class='ocrx_word' id='word_1_415' title='bbox 1846 4784 1897 4827; x_wconf 90' lang='lat' dir='ltr'><strong>et</strong></span> <span class='ocrx_word' id='word_1_416' title='bbox 1925 4773 2022 4827; x_wconf 80' lang='lat' dir='ltr'><strong>Itu-</strong></span> 
     </span>
    </p>
   </div>
   <div class='ocr_carea' id='block_1_50' title="bbox 439 4865 2020 4936">
    <p class='ocr_par' dir='ltr' id='par_1_50' title="bbox 439 4865 2020 4936">
     <span class='ocr_line' id='line_1_50' title="bbox 439 4865 2020 4936; baseline 0.001 -17"><span class='ocrx_word' id='word_1_417' title='bbox 439 4868 527 4936; x_wconf 85' lang='lat' dir='ltr'><strong>jus</strong></span> <span class='ocrx_word' id='word_1_418' title='bbox 554 4882 652 4920; x_wconf 74' lang='lat' dir='ltr'><strong>Vux</strong></span> <span class='ocrx_word' id='word_1_419' title='bbox 685 4869 974 4936; x_wconf 70' lang='lat' dir='ltr'><strong>prtecessit,</strong></span> <span class='ocrx_word' id='word_1_420' title='bbox 992 4866 1217 4928; x_wconf 71' lang='lat' dir='ltr'><strong>Exaudi.</strong></span> <span class='ocrx_word' id='word_1_421' title='bbox 1240 4865 1395 4931; x_wconf 79' lang='lat' dir='ltr'><strong>Deus,</strong></span> <span class='ocrx_word' id='word_1_422' title='bbox 1422 4866 1818 4934; x_wconf 75' lang='lat' dir='ltr'><strong>deprecationem</strong></span> <span class='ocrx_word' id='word_1_423' title='bbox 1838 4883 2020 4932; x_wconf 87' lang='lat' dir='ltr'><strong>meam,</strong></span> 
     </span>
    </p>
   </div>
   <div class='ocr_carea' id='block_1_51' title="bbox 441 4958 2023 5029">
    <p class='ocr_par' dir='ltr' id='par_1_51' title="bbox 441 4958 2023 5029">
     <span class='ocr_line' id='line_1_51' title="bbox 441 4958 2023 5029; baseline 0 -16"><span class='ocrx_word' id='word_1_424' title='bbox 441 4970 490 5013; x_wconf 83' lang='lat' dir='ltr'><strong>et</strong></span> <span class='ocrx_word' id='word_1_425' title='bbox 519 4975 582 5012; x_wconf 86' lang='lat' dir='ltr'><strong>ne</strong></span> <span class='ocrx_word' id='word_1_426' title='bbox 604 4960 888 5027; x_wconf 73' lang='lat' dir='ltr'><strong>despexeris</strong></span> <span class='ocrx_word' id='word_1_427' title='bbox 920 4978 1111 5029; x_wconf 88' lang='lat' dir='ltr'><strong>precem</strong></span> <span class='ocrx_word' id='word_1_428' title='bbox 1138 4976 1299 5014; x_wconf 87' lang='lat' dir='ltr'><strong>meam</strong></span> <span class='ocrx_word' id='word_1_429' title='bbox 1323 4976 1341 5014; x_wconf 90' lang='lat'><strong><em>:</em></strong></span> <span class='ocrx_word' id='word_1_430' title='bbox 1367 4958 1568 5013; x_wconf 84' lang='lat' dir='ltr'><strong>intende</strong></span> <span class='ocrx_word' id='word_1_431' title='bbox 1596 4960 1741 5026; x_wconf 88' lang='lat' dir='ltr'><strong>mihi,</strong></span> <span class='ocrx_word' id='word_1_432' title='bbox 1765 4969 1814 5014; x_wconf 81' lang='lat' dir='ltr'><strong>et</strong></span> <span class='ocrx_word' id='word_1_433' title='bbox 1838 4962 2023 5014; x_wconf 69' lang='lat' dir='ltr'><strong>exaudi</strong></span> 
     </span>
    </p>
   </div>
   <div class='ocr_carea' id='block_1_52' title="bbox 444 5050 2022 5121">
    <p class='ocr_par' dir='ltr' id='par_1_52' title="bbox 444 5050 2022 5121">
     <span class='ocr_line' id='line_1_52' title="bbox 444 5050 2022 5121; baseline 0.001 -18"><span class='ocrx_word' id='word_1_434' title='bbox 444 5062 545 5106; x_wconf 85' lang='lat' dir='ltr'><strong>me.‘</strong></span> <span class='ocrx_word' id='word_1_435' title='bbox 587 5050 802 5115; x_wconf 80' lang='lat' dir='ltr'><strong>Quare?</strong></span> <span class='ocrx_word' id='word_1_436' title='bbox 839 5051 961 5120; x_wconf 86' lang='lat' dir='ltr'><strong>quid</strong></span> <span class='ocrx_word' id='word_1_437' title='bbox 988 5053 1128 5105; x_wconf 90' lang='lat' dir='ltr'><strong>enim</strong></span> <span class='ocrx_word' id='word_1_438' title='bbox 1160 5051 1393 5119; x_wconf 85' lang='lat' dir='ltr'><strong>pateris?</strong></span> <span class='ocrx_word' id='word_1_439' title='bbox 1434 5050 1557 5121; x_wconf 91' lang='lat' dir='ltr'><strong>quid</strong></span> <span class='ocrx_word' id='word_1_440' title='bbox 1584 5051 1792 5121; x_wconf 81' lang='lat' dir='ltr'><strong>gemis?</strong></span> <span class='ocrx_word' id='word_1_441' title='bbox 1819 5051 2022 5105; x_wconf 84' lang='lat' dir='ltr'><strong>Contri-</strong></span> 
     </span>
    </p>
   </div>
   <div class='ocr_carea' id='block_1_53' title="bbox 441 5142 2019 5211">
    <p class='ocr_par' dir='ltr' id='par_1_53' title="bbox 441 5142 2019 5211">
     <span class='ocr_line' id='line_1_53' title="bbox 441 5142 2019 5211; baseline 0.001 -15"><span class='ocrx_word' id='word_1_442' title='bbox 441 5153 597 5196; x_wconf 84' lang='lat' dir='ltr'><strong>status</strong></span> <span class='ocrx_word' id='word_1_443' title='bbox 632 5158 740 5194; x_wconf 78' lang='lat' dir='ltr'><strong>sum</strong></span> <span class='ocrx_word' id='word_1_444' title='bbox 767 5143 821 5194; x_wconf 88' lang='lat' dir='ltr'><strong>iu</strong></span> <span class='ocrx_word' id='word_1_445' title='bbox 858 5143 1208 5196; x_wconf 74' lang='lat' dir='ltr'><strong>exercitatione</strong></span> <span class='ocrx_word' id='word_1_446' title='bbox 1232 5159 1361 5197; x_wconf 88' lang='lat' dir='ltr'><strong>mea.</strong></span> <span class='ocrx_word' id='word_1_447' title='bbox 1394 5142 1644 5199; x_wconf 81' lang='lat' dir='ltr'><strong>Exerceri</strong></span> <span class='ocrx_word' id='word_1_448' title='bbox 1684 5159 1770 5198; x_wconf 88' lang='lat' dir='ltr'><strong>me</strong></span> <span class='ocrx_word' id='word_1_449' title='bbox 1806 5145 2019 5211; x_wconf 87' lang='lat' dir='ltr'><strong>quidem</strong></span> 
     </span>
    </p>
   </div>
   <div class='ocr_carea' id='block_1_54' title="bbox 445 5234 2019 5307">
    <p class='ocr_par' dir='ltr' id='par_1_54' title="bbox 445 5234 2019 5307">
     <span class='ocr_line' id='line_1_54' title="bbox 445 5234 2019 5307; baseline 0.001 -19"><span class='ocrx_word' id='word_1_450' title='bbox 445 5234 582 5295; x_wconf 82' lang='lat' dir='ltr'><strong>inter</strong></span> <span class='ocrx_word' id='word_1_451' title='bbox 606 5235 774 5288; x_wconf 88' lang='lat' dir='ltr'><strong>malos</strong></span> <span class='ocrx_word' id='word_1_452' title='bbox 803 5235 1018 5302; x_wconf 85' lang='lat' dir='ltr'><strong>posuisti</strong></span> <span class='ocrx_word' id='word_1_453' title='bbox 1043 5276 1057 5295; x_wconf 86' lang='lat'><strong>,</strong></span> <span class='ocrx_word' id='word_1_454' title='bbox 1097 5234 1188 5288; x_wconf 80' lang='lat' dir='ltr'><strong>sed</strong></span> <span class='ocrx_word' id='word_1_455' title='bbox 1230 5235 1387 5289; x_wconf 89' lang='lat' dir='ltr'><strong>nimis</strong></span> <span class='ocrx_word' id='word_1_456' title='bbox 1419 5249 1835 5292; x_wconf 69' lang='lat' dir='ltr'><strong>CXSUI&#39;I&#39;CXCI‘IIIII.</strong></span> <span class='ocrx_word' id='word_1_457' title='bbox 1862 5252 2019 5307; x_wconf 88' lang='lat' dir='ltr'><strong>supra</strong></span> 
     </span>
    </p>
   </div>
   <div class='ocr_carea' id='block_1_55' title="bbox 442 5324 2021 5392">
    <p class='ocr_par' dir='ltr' id='par_1_55' title="bbox 442 5324 2021 5392">
     <span class='ocr_line' id='line_1_55' title="bbox 442 5324 2021 5392; baseline 0.002 -14"><span class='ocrx_word' id='word_1_458' title='bbox 442 5329 584 5381; x_wconf 86' lang='lat' dir='ltr'><strong>vires</strong></span> <span class='ocrx_word' id='word_1_459' title='bbox 611 5339 793 5379; x_wconf 86' lang='lat' dir='ltr'><strong>meas:</strong></span> <span class='ocrx_word' id='word_1_460' title='bbox 825 5324 1101 5392; x_wconf 86' lang='lat' dir='ltr'><strong>tranquilla</strong></span> <span class='ocrx_word' id='word_1_461' title='bbox 1136 5325 1519 5392; x_wconf 83' lang='lat' dir='ltr'><strong>perturbatum,</strong></span> <span class='ocrx_word' id='word_1_462' title='bbox 1553 5344 1764 5381; x_wconf 88' lang='lat' dir='ltr'><strong>manum</strong></span> <span class='ocrx_word' id='word_1_463' title='bbox 1796 5329 2021 5383; x_wconf 74' lang='lat' dir='ltr'><strong>extende</strong></span> 
     </span>
    </p>
   </div>
   <div class='ocr_carea' id='block_1_56' title="bbox 445 5413 2072 5483">
    <p class='ocr_par' dir='ltr' id='par_1_56' title="bbox 445 5413 2072 5483">
     <span class='ocr_line' id='line_1_56' title="bbox 445 5413 2072 5483; baseline 0.001 -13"><span class='ocrx_word' id='word_1_464' title='bbox 445 5416 721 5483; x_wconf 71' lang='lat' dir='ltr'><strong>mergenti.</strong></span> <span class='ocrx_word' id='word_1_465' title='bbox 744 5413 1075 5469; x_wconf 80' lang='lat' dir='ltr'><strong>Contristatns</strong></span> <span class='ocrx_word' id='word_1_466' title='bbox 1095 5429 1207 5466; x_wconf 85' lang='lat' dir='ltr'><strong>sum</strong></span> <span class='ocrx_word' id='word_1_467' title='bbox 1231 5415 1283 5467; x_wconf 81' lang='lat' dir='ltr'><strong>in</strong></span> <span class='ocrx_word' id='word_1_468' title='bbox 1302 5418 1654 5471; x_wconf 75' lang='lat' dir='ltr'><strong>exercitatione</strong></span> <span class='ocrx_word' id='word_1_469' title='bbox 1674 5436 1802 5483; x_wconf 84' lang='lat' dir='ltr'><strong>mea,</strong></span> <span class='ocrx_word' id='word_1_470' title='bbox 1827 5431 1871 5471; x_wconf 85' lang='lat' dir='ltr'><strong>et</strong></span> <span class='ocrx_word' id='word_1_471' title='bbox 1901 5437 2020 5472; x_wconf 85' lang='lat' dir='ltr'><strong>con-</strong></span> <span class='ocrx_word' id='word_1_472' title='bbox 2065 5443 2072 5451; x_wconf 88' lang='lat'><strong><em>-</em></strong></span> 
     </span>
    </p>
   </div>
   <div class='ocr_carea' id='block_1_57' title="bbox 442 5504 2021 5578">
    <p class='ocr_par' dir='ltr' id='par_1_57' title="bbox 442 5504 2021 5578">
     <span class='ocr_line' id='line_1_57' title="bbox 442 5504 2021 5578; baseline 0.003 -18"><span class='ocrx_word' id='word_1_473' title='bbox 442 5511 667 5565; x_wconf 77' lang='lat' dir='ltr'><strong>turbatus</strong></span> <span class='ocrx_word' id='word_1_474' title='bbox 688 5521 797 5560; x_wconf 84' lang='lat' dir='ltr'><strong>sum</strong></span> <span class='ocrx_word' id='word_1_475' title='bbox 821 5522 851 5556; x_wconf 90' lang='lat' dir='ltr'><strong>a</strong></span> <span class='ocrx_word' id='word_1_476' title='bbox 872 5519 990 5557; x_wconf 77' lang='lat' dir='ltr'><strong>voce</strong></span> <span class='ocrx_word' id='word_1_477' title='bbox 1014 5504 1221 5567; x_wconf 83' lang='lat' dir='ltr'><strong>inimici,</strong></span> <span class='ocrx_word' id='word_1_478' title='bbox 1242 5514 1288 5558; x_wconf 83' lang='lat' dir='ltr'><strong>et</strong></span> <span class='ocrx_word' id='word_1_479' title='bbox 1310 5523 1342 5559; x_wconf 91' lang='lat' dir='ltr'><strong>a</strong></span> <span class='ocrx_word' id='word_1_480' title='bbox 1368 5507 1687 5561; x_wconf 81' lang='lat' dir='ltr'><strong>tribulatione</strong></span> <span class='ocrx_word' id='word_1_481' title='bbox 1709 5514 1979 5578; x_wconf 80' lang='lat' dir='ltr'><strong>peccatoris</strong></span> <span class='ocrx_word' id='word_1_482' title='bbox 2001 5528 2021 5565; x_wconf 90' lang='lat'><strong><em>:</em></strong></span> 
     </span>
    </p>
   </div>
   <div class='ocr_carea' id='block_1_58' title="bbox 439 5597 2017 5667">
    <p class='ocr_par' dir='ltr' id='par_1_58' title="bbox 439 5597 2017 5667">
     <span class='ocr_line' id='line_1_58' title="bbox 439 5597 2017 5667; baseline 0.003 -18"><span class='ocrx_word' id='word_1_483' title='bbox 439 5602 675 5666; x_wconf 83' lang='lat' dir='ltr'><strong>quoniam</strong></span> <span class='ocrx_word' id='word_1_484' title='bbox 700 5598 1069 5652; x_wconf 80' lang='lat' dir='ltr'><strong>declinaverunt</strong></span> <span class='ocrx_word' id='word_1_485' title='bbox 1097 5597 1146 5649; x_wconf 87' lang='lat' dir='ltr'><strong>in</strong></span> <span class='ocrx_word' id='word_1_486' title='bbox 1173 5613 1249 5650; x_wconf 88' lang='lat' dir='ltr'><strong>me</strong></span> <span class='ocrx_word' id='word_1_487' title='bbox 1268 5598 1577 5667; x_wconf 71' lang='lat' dir='ltr'><strong>iniquitate»:</strong></span> <span class='ocrx_word' id='word_1_488' title='bbox 1601 5602 1643 5667; x_wconf 76' lang='lat'><strong>’,</strong></span> <span class='ocrx_word' id='word_1_489' title='bbox 1676 5611 1720 5653; x_wconf 84' lang='lat' dir='ltr'><strong>et</strong></span> <span class='ocrx_word' id='word_1_490' title='bbox 1743 5603 1791 5653; x_wconf 86' lang='lat' dir='ltr'><strong>in</strong></span> <span class='ocrx_word' id='word_1_491' title='bbox 1819 5604 1895 5652; x_wconf 81' lang='lat' dir='ltr'><strong>ira</strong></span> <span class='ocrx_word' id='word_1_492' title='bbox 1923 5604 2017 5654; x_wconf 84' lang='lat' dir='ltr'><strong>ml-</strong></span> 
     </span>
    </p>
   </div>
   <div class='ocr_carea' id='block_1_59' title="bbox 506 5712 1096 5775">
    <p class='ocr_par' dir='ltr' id='par_1_59' title="bbox 506 5712 1096 5775">
     <span class='ocr_line' id='line_1_59' title="bbox 506 5712 1096 5775; baseline 0 -15"><span class='ocrx_word' id='word_1_493' title='bbox 506 5718 519 5745; x_wconf 75' lang='grc' dir='ltr'>ί</span> <span class='ocrx_word' id='word_1_494' title='bbox 560 5716 737 5775; x_wconf 59' lang='lat' dir='ltr'><strong>aliquot</strong></span> <span class='ocrx_word' id='word_1_495' title='bbox 767 5721 888 5767; x_wconf 79' lang='lat' dir='ltr'><strong>\tss.,</strong></span> <span class='ocrx_word' id='word_1_496' title='bbox 911 5712 1096 5763; x_wconf 83' lang='lat' dir='ltr'><strong>induat.</strong></span> 
     </span>
    </p>
   </div>
   <div class='ocr_carea' id='block_1_60' title="bbox 505 5775 2015 5840">
    <p class='ocr_par' dir='ltr' id='par_1_60' title="bbox 505 5775 2015 5840">
     <span class='ocr_line' id='line_1_60' title="bbox 505 5775 2015 5840; baseline 0.002 -14"><span class='ocrx_word' id='word_1_497' title='bbox 505 5778 526 5807; x_wconf 78' lang='grc'>³</span> <span class='ocrx_word' id='word_1_498' title='bbox 559 5790 628 5826; x_wconf 56' lang='grc' dir='ltr'><strong>τις</strong></span> <span class='ocrx_word' id='word_1_499' title='bbox 653 5782 863 5839; x_wconf 57' lang='lat' dir='ltr'><strong>(mlieres</strong></span> <span class='ocrx_word' id='word_1_500' title='bbox 884 5781 985 5824; x_wconf 65' lang='lat' dir='ltr'><strong>Mss.</strong></span> <span class='ocrx_word' id='word_1_501' title='bbox 1007 5777 1146 5837; x_wconf 79' lang='lat' dir='ltr'><strong>juxta</strong></span> <span class='ocrx_word' id='word_1_502' title='bbox 1172 5778 1323 5829; x_wconf 69' lang='lat' dir='ltr'><strong>Graec.</strong></span> <span class='ocrx_word' id='word_1_503' title='bbox 1340 5783 1465 5827; x_wconf 75' lang='lat' dir='ltr'><strong>LXX.</strong></span> <span class='ocrx_word' id='word_1_504' title='bbox 1491 5785 1545 5829; x_wconf 80' lang='lat' dir='ltr'><strong>At</strong></span> <span class='ocrx_word' id='word_1_505' title='bbox 1566 5778 1659 5829; x_wconf 61' lang='grc' dir='ltr'>ω]</span> <span class='ocrx_word' id='word_1_506' title='bbox 1686 5813 1700 5839; x_wconf 83' lang='grc'>,</span> <span class='ocrx_word' id='word_1_507' title='bbox 1726 5775 2015 5840; x_wconf 59' lang='lat' dir='ltr'><strong>inanitates.</strong></span> 
     </span>
    </p>
   </div>
   <div class='ocr_carea' id='block_1_61' title="bbox 1649 325 2451 388">
    <p class='ocr_par' dir='ltr' id='par_1_61' title="bbox 1649 325 2451 388">
     <span class='ocr_line' id='line_1_61' title="bbox 1649 325 2451 388; baseline 0.002 -7"><span class='ocrx_word' id='word_1_508' title='bbox 1649 328 1705 382; x_wconf 86' lang='lat' dir='ltr'><strong>S.</strong></span> <span class='ocrx_word' id='word_1_509' title='bbox 1748 325 2116 388; x_wconf 70' lang='grc' dir='ltr'>Αυουδτιιιι</span> <span class='ocrx_word' id='word_1_510' title='bbox 2154 327 2451 384; x_wconf 78' lang='lat' dir='ltr'><strong>EPlSOOPl</strong></span> 
     </span>
    </p>
   </div>
   <div class='ocr_carea' id='block_1_62' title="bbox 3586 326 3695 381">
    <p class='ocr_par' dir='ltr' id='par_1_62' title="bbox 3586 326 3695 381">
     <span class='ocr_line' id='line_1_62' title="bbox 3586 326 3695 381; baseline -0.009 0"><span class='ocrx_word' id='word_1_511' title='bbox 3586 326 3695 381; x_wconf 70' lang='lat'><strong>652</strong></span> 
     </span>
    </p>
   </div>
   <div class='ocr_carea' id='block_1_63' title="bbox 2105 441 3692 513">
    <p class='ocr_par' dir='ltr' id='par_1_63' title="bbox 2105 441 3692 513">
     <span class='ocr_line' id='line_1_63' title="bbox 2105 441 3692 513; baseline 0.004 -20"><span class='ocrx_word' id='word_1_512' title='bbox 2105 441 2401 495; x_wconf 84' lang='lat' dir='ltr'><strong>umbrabant</strong></span> <span class='ocrx_word' id='word_1_513' title='bbox 2442 458 2536 495; x_wconf 83' lang='lat' dir='ltr'><strong>me.</strong></span> <span class='ocrx_word' id='word_1_514' title='bbox 2587 442 2824 498; x_wconf 67' lang='lat' dir='ltr'><strong>Audistis</strong></span> <span class='ocrx_word' id='word_1_515' title='bbox 2870 443 3060 498; x_wconf 81' lang='lat' dir='ltr'><strong>ﬂuctus</strong></span> <span class='ocrx_word' id='word_1_516' title='bbox 3104 455 3158 499; x_wconf 87' lang='lat' dir='ltr'><strong>et</strong></span> <span class='ocrx_word' id='word_1_517' title='bbox 3189 454 3692 513; x_wconf 76' lang='lat' dir='ltr'><strong>ventusztanquatn</strong></span> 
     </span>
    </p>
   </div>
   <div class='ocr_carea' id='block_1_64' title="bbox 2104 533 3687 606">
    <p class='ocr_par' dir='ltr' id='par_1_64' title="bbox 2104 533 3687 606">
     <span class='ocr_line' id='line_1_64' title="bbox 2104 533 3687 606; baseline 0.005 -22"><span class='ocrx_word' id='word_1_518' title='bbox 2104 533 2378 587; x_wconf 85' lang='lat' dir='ltr'><strong>lutmiliato</strong></span> <span class='ocrx_word' id='word_1_519' title='bbox 2402 534 2745 600; x_wconf 87' lang='lat' dir='ltr'><strong>insultabant,</strong></span> <span class='ocrx_word' id='word_1_520' title='bbox 2769 545 2822 591; x_wconf 87' lang='lat' dir='ltr'><strong>et</strong></span> <span class='ocrx_word' id='word_1_521' title='bbox 2842 535 2930 591; x_wconf 87' lang='lat' dir='ltr'><strong>ille</strong></span> <span class='ocrx_word' id='word_1_522' title='bbox 2949 536 3165 600; x_wconf 69' lang='lat' dir='ltr'><strong>orabat;</strong></span> <span class='ocrx_word' id='word_1_523' title='bbox 3192 537 3421 606; x_wconf 84' lang='lat' dir='ltr'><strong>undique</strong></span> <span class='ocrx_word' id='word_1_524' title='bbox 3446 537 3518 591; x_wconf 85' lang='lat' dir='ltr'><strong>illi</strong></span> <span class='ocrx_word' id='word_1_525' title='bbox 3546 545 3687 592; x_wconf 85' lang='lat' dir='ltr'><strong>stre-</strong></span> 
     </span>
    </p>
   </div>
   <div class='ocr_carea' id='block_1_65' title="bbox 2101 624 3683 694">
    <p class='ocr_par' dir='ltr' id='par_1_65' title="bbox 2101 624 3683 694">
     <span class='ocr_line' id='line_1_65' title="bbox 2101 624 3683 694; baseline 0.004 -17"><span class='ocrx_word' id='word_1_526' title='bbox 2101 624 2213 694; x_wconf 89' lang='lat' dir='ltr'><strong>pitu</strong></span> <span class='ocrx_word' id='word_1_527' title='bbox 2258 624 2611 679; x_wconf 88' lang='lat' dir='ltr'><strong>insultationis</strong></span> <span class='ocrx_word' id='word_1_528' title='bbox 2637 626 2945 693; x_wconf 72' lang='lat' dir='ltr'><strong>stcviebant,</strong></span> <span class='ocrx_word' id='word_1_529' title='bbox 2992 637 3048 681; x_wconf 90' lang='lat' dir='ltr'><strong>at</strong></span> <span class='ocrx_word' id='word_1_530' title='bbox 3089 626 3181 681; x_wconf 76' lang='lat' dir='ltr'><strong>ille</strong></span> <span class='ocrx_word' id='word_1_531' title='bbox 3218 627 3360 680; x_wconf 90' lang='lat' dir='ltr'><strong>intus</strong></span> <span class='ocrx_word' id='word_1_532' title='bbox 3405 627 3683 683; x_wconf 78' lang='lat' dir='ltr'><strong>invocabat</strong></span> 
     </span>
    </p>
   </div>
   <div class='ocr_carea' id='block_1_66' title="bbox 2100 715 2687 784">
    <p class='ocr_par' dir='ltr' id='par_1_66' title="bbox 2100 715 2687 784">
     <span class='ocr_line' id='line_1_66' title="bbox 2100 715 2687 784; baseline 0 -13"><span class='ocrx_word' id='word_1_533' title='bbox 2100 729 2256 784; x_wconf 86' lang='lat' dir='ltr'><strong>quem</strong></span> <span class='ocrx_word' id='word_1_534' title='bbox 2287 731 2393 771; x_wconf 90' lang='lat' dir='ltr'><strong>non</strong></span> <span class='ocrx_word' id='word_1_535' title='bbox 2422 715 2687 771; x_wconf 85' lang='lat' dir='ltr'><strong>videbant.</strong></span> 
     </span>
    </p>
   </div>
   <div class='ocr_carea' id='block_1_67' title="bbox 2173 804 3688 879">
    <p class='ocr_par' dir='ltr' id='par_1_67' title="bbox 2173 804 3688 879">
     <span class='ocr_line' id='line_1_67' title="bbox 2173 804 3688 879; baseline 0.007 -22"><span class='ocrx_word' id='word_1_536' title='bbox 2173 804 2226 858; x_wconf 88' lang='lat'><strong>6.</strong></span> <span class='ocrx_word' id='word_1_537' title='bbox 2257 805 2385 861; x_wconf 83' lang='lat' dir='ltr'><strong>Cum</strong></span> <span class='ocrx_word' id='word_1_538' title='bbox 2421 807 2617 877; x_wconf 89' lang='lat' dir='ltr'><strong>aliquid</strong></span> <span class='ocrx_word' id='word_1_539' title='bbox 2657 808 2762 863; x_wconf 86' lang='lat' dir='ltr'><strong>tale</strong></span> <span class='ocrx_word' id='word_1_540' title='bbox 2797 808 2992 879; x_wconf 86' lang='lat' dir='ltr'><strong>patitur</strong></span> <span class='ocrx_word' id='word_1_541' title='bbox 3019 808 3364 874; x_wconf 77' lang='lat' dir='ltr'><strong>christianos,</strong></span> <span class='ocrx_word' id='word_1_542' title='bbox 3396 824 3501 865; x_wconf 87' lang='lat' dir='ltr'><strong>non</strong></span> <span class='ocrx_word' id='word_1_543' title='bbox 3525 809 3688 868; x_wconf 86' lang='lat' dir='ltr'><strong>debet</strong></span> 
     </span>
    </p>
   </div>
   <div class='ocr_carea' id='block_1_68' title="bbox 2103 894 3689 972">
    <p class='ocr_par' dir='ltr' id='par_1_68' title="bbox 2103 894 3689 972">
     <span class='ocr_line' id='line_1_68' title="bbox 2103 894 3689 972; baseline 0.007 -23"><span class='ocrx_word' id='word_1_544' title='bbox 2103 894 2259 951; x_wconf 88' lang='lat' dir='ltr'><strong>facile</strong></span> <span class='ocrx_word' id='word_1_545' title='bbox 2294 897 2438 953; x_wconf 87' lang='lat' dir='ltr'><strong>velut</strong></span> <span class='ocrx_word' id='word_1_546' title='bbox 2471 897 2595 953; x_wconf 91' lang='lat' dir='ltr'><strong>odio</strong></span> <span class='ocrx_word' id='word_1_547' title='bbox 2626 900 2717 971; x_wconf 52' lang='lat' dir='ltr'><strong>~ire</strong></span> <span class='ocrx_word' id='word_1_548' title='bbox 2757 900 2808 953; x_wconf 92' lang='lat' dir='ltr'><strong>in</strong></span> <span class='ocrx_word' id='word_1_549' title='bbox 2848 916 2976 955; x_wconf 88' lang='lat' dir='ltr'><strong>eum</strong></span> <span class='ocrx_word' id='word_1_550' title='bbox 3018 916 3050 956; x_wconf 85' lang='grc' dir='ltr'><strong>ιι</strong></span> <span class='ocrx_word' id='word_1_551' title='bbox 3087 917 3194 972; x_wconf 91' lang='lat' dir='ltr'><strong>quo</strong></span> <span class='ocrx_word' id='word_1_552' title='bbox 3223 903 3441 972; x_wconf 86' lang='lat' dir='ltr'><strong>patitur,</strong></span> <span class='ocrx_word' id='word_1_553' title='bbox 3470 914 3526 957; x_wconf 90' lang='lat' dir='ltr'><strong>et</strong></span> <span class='ocrx_word' id='word_1_554' title='bbox 3550 904 3689 961; x_wconf 86' lang='lat' dir='ltr'><strong>velle</strong></span> 
     </span>
    </p>
   </div>
   <div class='ocr_carea' id='block_1_69' title="bbox 2100 989 3692 1061">
    <p class='ocr_par' dir='ltr' id='par_1_69' title="bbox 2100 989 3692 1061">
     <span class='ocr_line' id='line_1_69' title="bbox 2100 989 3692 1061; baseline 0.007 -22"><span class='ocrx_word' id='word_1_555' title='bbox 2100 997 2316 1042; x_wconf 89' lang='lat' dir='ltr'><strong>ventum</strong></span> <span class='ocrx_word' id='word_1_556' title='bbox 2346 989 2594 1056; x_wconf 83' lang='lat' dir='ltr'><strong>vincere;</strong></span> <span class='ocrx_word' id='word_1_557' title='bbox 2624 989 2720 1045; x_wconf 88' lang='lat' dir='ltr'><strong>sed</strong></span> <span class='ocrx_word' id='word_1_558' title='bbox 2753 1001 3067 1048; x_wconf 85' lang='lat' dir='ltr'><strong>convertere</strong></span> <span class='ocrx_word' id='word_1_559' title='bbox 3086 1007 3145 1047; x_wconf 88' lang='lat' dir='ltr'><strong>se</strong></span> <span class='ocrx_word' id='word_1_560' title='bbox 3169 993 3234 1047; x_wconf 90' lang='lat' dir='ltr'><strong>ad</strong></span> <span class='ocrx_word' id='word_1_561' title='bbox 3265 997 3586 1061; x_wconf 76' lang='lat' dir='ltr'><strong>orationem,</strong></span> <span class='ocrx_word' id='word_1_562' title='bbox 3617 1011 3692 1051; x_wconf 86' lang='lat' dir='ltr'><strong>ne</strong></span> 
     </span>
    </p>
   </div>
   <div class='ocr_carea' id='block_1_70' title="bbox 2100 1079 3692 1153">
    <p class='ocr_par' dir='ltr' id='par_1_70' title="bbox 2100 1079 3692 1153">
     <span class='ocr_line' id='line_1_70' title="bbox 2100 1079 3692 1153; baseline 0.006 -22"><span class='ocrx_word' id='word_1_563' title='bbox 2100 1079 2305 1133; x_wconf 84' lang='lat' dir='ltr'><strong>amittat</strong></span> <span class='ocrx_word' id='word_1_564' title='bbox 2330 1080 2686 1151; x_wconf 78' lang='lat' dir='ltr'><strong>dilectionem.</strong></span> <span class='ocrx_word' id='word_1_565' title='bbox 2708 1081 2892 1153; x_wconf 88' lang='lat' dir='ltr'><strong>Neque</strong></span> <span class='ocrx_word' id='word_1_566' title='bbox 2912 1084 3054 1138; x_wconf 90' lang='lat' dir='ltr'><strong>enim</strong></span> <span class='ocrx_word' id='word_1_567' title='bbox 3080 1083 3371 1139; x_wconf 87' lang='lat' dir='ltr'><strong>timendum</strong></span> <span class='ocrx_word' id='word_1_568' title='bbox 3397 1094 3482 1140; x_wconf 91' lang='lat' dir='ltr'><strong>est</strong></span> <span class='ocrx_word' id='word_1_569' title='bbox 3502 1101 3571 1141; x_wconf 87' lang='lat' dir='ltr'><strong>ne</strong></span> <span class='ocrx_word' id='word_1_570' title='bbox 3589 1086 3692 1141; x_wconf 82' lang='lat' dir='ltr'><strong>ali-</strong></span> 
     </span>
    </p>
   </div>
   <div class='ocr_carea' id='block_1_71' title="bbox 2103 1170 3693 1243">
    <p class='ocr_par' dir='ltr' id='par_1_71' title="bbox 2103 1170 3693 1243">
     <span class='ocr_line' id='line_1_71' title="bbox 2103 1170 3693 1243; baseline 0.005 -20"><span class='ocrx_word' id='word_1_571' title='bbox 2103 1171 2227 1239; x_wconf 89' lang='lat' dir='ltr'><strong>quid</strong></span> <span class='ocrx_word' id='word_1_572' title='bbox 2257 1170 2412 1226; x_wconf 86' lang='lat' dir='ltr'><strong>faciat</strong></span> <span class='ocrx_word' id='word_1_573' title='bbox 2438 1173 2598 1228; x_wconf 89' lang='lat' dir='ltr'><strong>homo</strong></span> <span class='ocrx_word' id='word_1_574' title='bbox 2625 1174 2889 1229; x_wconf 90' lang='lat' dir='ltr'><strong>inimicus.</strong></span> <span class='ocrx_word' id='word_1_575' title='bbox 2932 1174 3069 1243; x_wconf 83' lang='lat' dir='ltr'><strong>Quid</strong></span> <span class='ocrx_word' id='word_1_576' title='bbox 3098 1174 3240 1231; x_wconf 90' lang='lat' dir='ltr'><strong>enim</strong></span> <span class='ocrx_word' id='word_1_577' title='bbox 3281 1175 3518 1233; x_wconf 79' lang='lat' dir='ltr'><strong>facturus</strong></span> <span class='ocrx_word' id='word_1_578' title='bbox 3558 1178 3693 1233; x_wconf 76' lang='lat' dir='ltr'><strong>est?</strong></span> 
     </span>
    </p>
   </div>
   <div class='ocr_carea' id='block_1_72' title="bbox 2101 1259 3693 1337">
    <p class='ocr_par' dir='ltr' id='par_1_72' title="bbox 2101 1259 3693 1337">
     <span class='ocr_line' id='line_1_72' title="bbox 2101 1259 3693 1337; baseline 0.007 -23"><span class='ocrx_word' id='word_1_579' title='bbox 2101 1259 2261 1315; x_wconf 80' lang='lat' dir='ltr'><strong>Multa</strong></span> <span class='ocrx_word' id='word_1_580' title='bbox 2291 1263 2430 1317; x_wconf 84' lang='lat' dir='ltr'><strong>mala</strong></span> <span class='ocrx_word' id='word_1_581' title='bbox 2455 1262 2717 1331; x_wconf 88' lang='lat' dir='ltr'><strong>dicturus,</strong></span> <span class='ocrx_word' id='word_1_582' title='bbox 2746 1265 3030 1335; x_wconf 88' lang='lat' dir='ltr'><strong>opprobria</strong></span> <span class='ocrx_word' id='word_1_583' title='bbox 3047 1267 3398 1337; x_wconf 78' lang='lat' dir='ltr'><strong>jaculaturus,</strong></span> <span class='ocrx_word' id='word_1_584' title='bbox 3421 1270 3474 1325; x_wconf 93' lang='lat' dir='ltr'><strong>in</strong></span> <span class='ocrx_word' id='word_1_585' title='bbox 3505 1271 3693 1325; x_wconf 87' lang='lat' dir='ltr'><strong>eonvi-</strong></span> 
     </span>
    </p>
   </div>
   <div class='ocr_carea' id='block_1_73' title="bbox 2103 1353 3691 1431">
    <p class='ocr_par' dir='ltr' id='par_1_73' title="bbox 2103 1353 3691 1431">
     <span class='ocr_line' id='line_1_73' title="bbox 2103 1353 3691 1431; baseline 0.006 -24"><span class='ocrx_word' id='word_1_586' title='bbox 2103 1353 2199 1408; x_wconf 90' lang='lat' dir='ltr'><strong>ciis</strong></span> <span class='ocrx_word' id='word_1_587' title='bbox 2222 1355 2502 1411; x_wconf 62' lang='lat' dir='ltr'><strong>serviturus</strong></span> <span class='ocrx_word' id='word_1_588' title='bbox 2533 1374 2546 1410; x_wconf 90' lang='lat'>:</span> <span class='ocrx_word' id='word_1_589' title='bbox 2575 1356 2668 1412; x_wconf 89' lang='lat' dir='ltr'><strong>sed</strong></span> <span class='ocrx_word' id='word_1_590' title='bbox 2697 1358 2820 1428; x_wconf 88' lang='lat' dir='ltr'><strong>quid</strong></span> <span class='ocrx_word' id='word_1_591' title='bbox 2851 1359 2981 1414; x_wconf 81' lang='lat' dir='ltr'><strong>tibi?</strong></span> <span class='ocrx_word' id='word_1_592' title='bbox 3026 1357 3271 1428; x_wconf 82' lang='lat' dir='ltr'><strong>Gaudete,</strong></span> <span class='ocrx_word' id='word_1_593' title='bbox 3303 1362 3489 1431; x_wconf 85' lang='lat' dir='ltr'><strong>inquit,</strong></span> <span class='ocrx_word' id='word_1_594' title='bbox 3521 1372 3569 1415; x_wconf 89' lang='lat' dir='ltr'><strong>et</strong></span> <span class='ocrx_word' id='word_1_595' title='bbox 3594 1379 3691 1416; x_wconf 73' lang='lat' dir='ltr'><strong>ex-</strong></span> 
     </span>
    </p>
   </div>
   <div class='ocr_carea' id='block_1_74' title="bbox 2103 1444 3688 1522">
    <p class='ocr_par' dir='ltr' id='par_1_74' title="bbox 2103 1444 3688 1522">
     <span class='ocr_line' id='line_1_74' title="bbox 2103 1444 3688 1522; baseline 0.006 -25"><span class='ocrx_word' id='word_1_596' title='bbox 2103 1444 2286 1498; x_wconf 87' lang='lat' dir='ltr'><strong>sultate</strong></span> <span class='ocrx_word' id='word_1_597' title='bbox 2295 1447 2530 1517; x_wconf 87' lang='lat' dir='ltr'><strong>quoniam</strong></span> <span class='ocrx_word' id='word_1_598' title='bbox 2552 1465 2737 1503; x_wconf 84' lang='lat' dir='ltr'><strong>merces</strong></span> <span class='ocrx_word' id='word_1_599' title='bbox 2749 1458 2908 1503; x_wconf 80' lang='lat' dir='ltr'><strong>vestra</strong></span> <span class='ocrx_word' id='word_1_600' title='bbox 2930 1466 3116 1522; x_wconf 85' lang='lat' dir='ltr'><strong>magna</strong></span> <span class='ocrx_word' id='word_1_601' title='bbox 3140 1464 3215 1505; x_wconf 84' lang='lat' dir='ltr'><strong>est</strong></span> <span class='ocrx_word' id='word_1_602' title='bbox 3231 1452 3282 1505; x_wconf 82' lang='lat' dir='ltr'><strong>in</strong></span> <span class='ocrx_word' id='word_1_603' title='bbox 3307 1453 3447 1506; x_wconf 77' lang='lat' dir='ltr'><strong>cwlis</strong></span> <span class='ocrx_word' id='word_1_604' title='bbox 3467 1452 3688 1522; x_wconf 76' lang='lat' dir='ltr'><strong>(Matth.</strong></span> 
     </span>
    </p>
   </div>
   <div class='ocr_carea' id='block_1_75' title="bbox 2105 1536 3695 1611">
    <p class='ocr_par' dir='ltr' id='par_1_75' title="bbox 2105 1536 3695 1611">
     <span class='ocr_line' id='line_1_75' title="bbox 2105 1536 3695 1611; baseline 0.007 -22"><span class='ocrx_word' id='word_1_605' title='bbox 2105 1550 2162 1600; x_wconf 86' lang='lat' dir='ltr'><strong>v,</strong></span> <span class='ocrx_word' id='word_1_606' title='bbox 2194 1536 2319 1607; x_wconf 71' lang='lat' dir='ltr'><strong>l2).</strong></span> <span class='ocrx_word' id='word_1_607' title='bbox 2358 1536 2450 1593; x_wconf 89' lang='lat' dir='ltr'><strong>Ille</strong></span> <span class='ocrx_word' id='word_1_608' title='bbox 2477 1539 2527 1593; x_wconf 91' lang='lat' dir='ltr'><strong>in</strong></span> <span class='ocrx_word' id='word_1_609' title='bbox 2556 1548 2693 1594; x_wconf 89' lang='lat' dir='ltr'><strong>terra</strong></span> <span class='ocrx_word' id='word_1_610' title='bbox 2720 1541 2956 1611; x_wconf 80' lang='lat' dir='ltr'><strong>geminat</strong></span> <span class='ocrx_word' id='word_1_611' title='bbox 2985 1541 3245 1610; x_wconf 86' lang='lat' dir='ltr'><strong>convicia,</strong></span> <span class='ocrx_word' id='word_1_612' title='bbox 3278 1552 3331 1598; x_wconf 90' lang='lat' dir='ltr'><strong>tu</strong></span> <span class='ocrx_word' id='word_1_613' title='bbox 3364 1545 3416 1598; x_wconf 93' lang='lat' dir='ltr'><strong>in</strong></span> <span class='ocrx_word' id='word_1_614' title='bbox 3445 1546 3581 1606; x_wconf 67' lang='lat' dir='ltr'><strong>coelo</strong></span> <span class='ocrx_word' id='word_1_615' title='bbox 3608 1546 3695 1600; x_wconf 63' lang='lat' dir='ltr'><strong>luo</strong></span> 
     </span>
    </p>
   </div>
   <div class='ocr_carea' id='block_1_76' title="bbox 2104 1629 3687 1706">
    <p class='ocr_par' dir='ltr' id='par_1_76' title="bbox 2104 1629 3687 1706">
     <span class='ocr_line' id='line_1_76' title="bbox 2104 1629 3687 1706; baseline 0.006 -24"><span class='ocrx_word' id='word_1_616' title='bbox 2104 1642 2216 1682; x_wconf 90' lang='lat' dir='ltr'><strong>cra.</strong></span> <span class='ocrx_word' id='word_1_617' title='bbox 2257 1629 2360 1685; x_wconf 84' lang='lat' dir='ltr'><strong>Sed</strong></span> <span class='ocrx_word' id='word_1_618' title='bbox 2390 1631 2572 1684; x_wconf 66' lang='lat' dir='ltr'><strong>saeviat</strong></span> <span class='ocrx_word' id='word_1_619' title='bbox 2598 1633 2845 1702; x_wconf 87' lang='lat' dir='ltr'><strong>amplius,</strong></span> <span class='ocrx_word' id='word_1_620' title='bbox 2882 1633 3049 1704; x_wconf 88' lang='lat' dir='ltr'><strong>possit</strong></span> <span class='ocrx_word' id='word_1_621' title='bbox 3086 1643 3140 1689; x_wconf 91' lang='lat' dir='ltr'><strong>et</strong></span> <span class='ocrx_word' id='word_1_622' title='bbox 3175 1634 3372 1705; x_wconf 88' lang='lat' dir='ltr'><strong>aliquid</strong></span> <span class='ocrx_word' id='word_1_623' title='bbox 3403 1637 3634 1706; x_wconf 88' lang='lat' dir='ltr'><strong>amplius</strong></span> <span class='ocrx_word' id='word_1_624' title='bbox 3672 1655 3687 1691; x_wconf 90' lang='lat'><strong>:</strong></span> 
     </span>
    </p>
   </div>
   <div class='ocr_carea' id='block_1_77' title="bbox 2104 1721 3694 1800">
    <p class='ocr_par' dir='ltr' id='par_1_77' title="bbox 2104 1721 3694 1800">
     <span class='ocr_line' id='line_1_77' title="bbox 2104 1721 3694 1800; baseline 0.006 -26"><span class='ocrx_word' id='word_1_625' title='bbox 2104 1721 2231 1789; x_wconf 88' lang='lat' dir='ltr'><strong>quid</strong></span> <span class='ocrx_word' id='word_1_626' title='bbox 2261 1731 2313 1778; x_wconf 91' lang='lat' dir='ltr'><strong>te</strong></span> <span class='ocrx_word' id='word_1_627' title='bbox 2341 1724 2600 1790; x_wconf 87' lang='lat' dir='ltr'><strong>securius,</strong></span> <span class='ocrx_word' id='word_1_628' title='bbox 2622 1727 2704 1780; x_wconf 91' lang='lat' dir='ltr'><strong>cui</strong></span> <span class='ocrx_word' id='word_1_629' title='bbox 2730 1725 2925 1781; x_wconf 88' lang='lat' dir='ltr'><strong>dictum</strong></span> <span class='ocrx_word' id='word_1_630' title='bbox 2954 1737 3036 1783; x_wconf 87' lang='lat' dir='ltr'><strong>est</strong></span> <span class='ocrx_word' id='word_1_631' title='bbox 3060 1770 3074 1791; x_wconf 88' lang='lat'><strong>,</strong></span> <span class='ocrx_word' id='word_1_632' title='bbox 3103 1726 3278 1782; x_wconf 85' lang='lat' dir='ltr'><strong>Nolite</strong></span> <span class='ocrx_word' id='word_1_633' title='bbox 3298 1729 3473 1783; x_wconf 81' lang='lat' dir='ltr'><strong>timere</strong></span> <span class='ocrx_word' id='word_1_634' title='bbox 3496 1745 3580 1784; x_wconf 87' lang='lat' dir='ltr'><strong>eos</strong></span> <span class='ocrx_word' id='word_1_635' title='bbox 3601 1732 3694 1800; x_wconf 78' lang='lat' dir='ltr'><strong>qui</strong></span> 
     </span>
    </p>
   </div>
   <div class='ocr_carea' id='block_1_78' title="bbox 2105 1815 3696 1889">
    <p class='ocr_par' dir='ltr' id='par_1_78' title="bbox 2105 1815 3696 1889">
     <span class='ocr_line' id='line_1_78' title="bbox 2105 1815 3696 1889; baseline 0.006 -24"><span class='ocrx_word' id='word_1_636' title='bbox 2105 1827 2288 1883; x_wconf 86' lang='lat' dir='ltr'><strong>corpus</strong></span> <span class='ocrx_word' id='word_1_637' title='bbox 2331 1815 2585 1877; x_wconf 84' lang='lat' dir='ltr'><strong>occidunt.</strong></span> <span class='ocrx_word' id='word_1_638' title='bbox 2616 1817 2838 1871; x_wconf 83' lang='lat' dir='ltr'><strong>animam</strong></span> <span class='ocrx_word' id='word_1_639' title='bbox 2874 1828 3040 1872; x_wconf 87' lang='lat' dir='ltr'><strong>autem</strong></span> <span class='ocrx_word' id='word_1_640' title='bbox 3080 1834 3182 1872; x_wconf 85' lang='lat' dir='ltr'><strong>non</strong></span> <span class='ocrx_word' id='word_1_641' title='bbox 3225 1829 3433 1889; x_wconf 86' lang='lat' dir='ltr'><strong>possunt</strong></span> <span class='ocrx_word' id='word_1_642' title='bbox 3462 1820 3696 1875; x_wconf 85' lang='lat' dir='ltr'><strong>occidere</strong></span> 
     </span>
    </p>
   </div>
   <div class='ocr_carea' id='block_1_79' title="bbox 2108 1903 3694 1982">
    <p class='ocr_par' dir='ltr' id='par_1_79' title="bbox 2108 1903 3694 1982">
     <span class='ocr_line' id='line_1_79' title="bbox 2108 1903 3694 1982; baseline 0.006 -25"><span class='ocrx_word' id='word_1_643' title='bbox 2108 1903 2216 1976; x_wconf 84' lang='lat' dir='ltr'><strong>(Id.</strong></span> <span class='ocrx_word' id='word_1_644' title='bbox 2249 1922 2297 1970; x_wconf 75' lang='grc' dir='ltr'>ι,</span> <span class='ocrx_word' id='word_1_645' title='bbox 2321 1905 2457 1978; x_wconf 74' lang='lat'><strong>28)?</strong></span> <span class='ocrx_word' id='word_1_646' title='bbox 2494 1907 2627 1976; x_wconf 87' lang='lat' dir='ltr'><strong>Quid</strong></span> <span class='ocrx_word' id='word_1_647' title='bbox 2656 1919 2740 1964; x_wconf 87' lang='lat' dir='ltr'><strong>est</strong></span> <span class='ocrx_word' id='word_1_648' title='bbox 2770 1925 2897 1979; x_wconf 84' lang='lat' dir='ltr'><strong>ergo</strong></span> <span class='ocrx_word' id='word_1_649' title='bbox 2923 1910 3215 1966; x_wconf 88' lang='lat' dir='ltr'><strong>timendum</strong></span> <span class='ocrx_word' id='word_1_650' title='bbox 3251 1911 3465 1981; x_wconf 78' lang='lat' dir='ltr'><strong>quando</strong></span> <span class='ocrx_word' id='word_1_651' title='bbox 3491 1912 3694 1982; x_wconf 82' lang='lat' dir='ltr'><strong>pateris</strong></span> 
     </span>
    </p>
   </div>
   <div class='ocr_carea' id='block_1_80' title="bbox 2106 1997 3694 2072">
    <p class='ocr_par' dir='ltr' id='par_1_80' title="bbox 2106 1997 3694 2072">
     <span class='ocr_line' id='line_1_80' title="bbox 2106 1997 3694 2072; baseline 0.002 -21"><span class='ocrx_word' id='word_1_652' title='bbox 2106 1997 2377 2053; x_wconf 88' lang='lat' dir='ltr'><strong>inimicum</strong></span> <span class='ocrx_word' id='word_1_653' title='bbox 2395 1998 2420 2051; x_wconf 69' lang='grc' dir='ltr'><strong>’ἒ</strong></span> <span class='ocrx_word' id='word_1_654' title='bbox 2437 1998 2516 2054; x_wconf 85' lang='grc' dir='ltr'>Νε</span> <span class='ocrx_word' id='word_1_655' title='bbox 2543 2002 2889 2056; x_wconf 87' lang='lat' dir='ltr'><strong>conturbctur</strong></span> <span class='ocrx_word' id='word_1_656' title='bbox 2909 2002 3000 2055; x_wconf 89' lang='lat' dir='ltr'><strong>tibi</strong></span> <span class='ocrx_word' id='word_1_657' title='bbox 3026 2001 3242 2057; x_wconf 88' lang='lat' dir='ltr'><strong>dilectio</strong></span> <span class='ocrx_word' id='word_1_658' title='bbox 3266 2018 3367 2072; x_wconf 87' lang='lat' dir='ltr'><strong>qua</strong></span> <span class='ocrx_word' id='word_1_659' title='bbox 3394 2002 3570 2071; x_wconf 74' lang='lat' dir='ltr'><strong>diligis</strong></span> <span class='ocrx_word' id='word_1_660' title='bbox 3591 2005 3664 2054; x_wconf 81' lang='lat' dir='ltr'><strong>uti</strong></span> <span class='ocrx_word' id='word_1_661' title='bbox 3680 2033 3694 2039; x_wconf 86' lang='lat'><strong>-</strong></span> 
     </span>
    </p>
   </div>
   <div class='ocr_carea' id='block_1_81' title="bbox 2107 2089 3691 2165">
    <p class='ocr_par' dir='ltr' id='par_1_81' title="bbox 2107 2089 3691 2165">
     <span class='ocr_line' id='line_1_81' title="bbox 2107 2089 3691 2165; baseline 0.003 -22"><span class='ocrx_word' id='word_1_662' title='bbox 2107 2089 2326 2145; x_wconf 90' lang='lat' dir='ltr'><strong>micum.</strong></span> <span class='ocrx_word' id='word_1_663' title='bbox 2358 2092 2564 2147; x_wconf 80' lang='lat' dir='ltr'><strong>Etenim</strong></span> <span class='ocrx_word' id='word_1_664' title='bbox 2594 2093 2836 2149; x_wconf 89' lang='lat' dir='ltr'><strong>inimicus</strong></span> <span class='ocrx_word' id='word_1_665' title='bbox 2862 2093 2949 2148; x_wconf 85' lang='lat' dir='ltr'><strong>ille</strong></span> <span class='ocrx_word' id='word_1_666' title='bbox 2985 2094 3178 2160; x_wconf 88' lang='lat' dir='ltr'><strong>homo,</strong></span> <span class='ocrx_word' id='word_1_667' title='bbox 3214 2110 3339 2148; x_wconf 87' lang='lat' dir='ltr'><strong>caro</strong></span> <span class='ocrx_word' id='word_1_668' title='bbox 3368 2107 3424 2148; x_wconf 90' lang='lat' dir='ltr'><strong>et</strong></span> <span class='ocrx_word' id='word_1_669' title='bbox 3451 2095 3691 2165; x_wconf 78' lang='lat' dir='ltr'><strong>sanguis,</strong></span> 
     </span>
    </p>
   </div>
   <div class='ocr_carea' id='block_1_82' title="bbox 2109 2182 3690 2255">
    <p class='ocr_par' dir='ltr' id='par_1_82' title="bbox 2109 2182 3690 2255">
     <span class='ocr_line' id='line_1_82' title="bbox 2109 2182 3690 2255; baseline 0.006 -23"><span class='ocrx_word' id='word_1_670' title='bbox 2109 2182 2248 2250; x_wconf 80' lang='lat' dir='ltr'><strong>quod</strong></span> <span class='ocrx_word' id='word_1_671' title='bbox 2279 2182 2419 2237; x_wconf 86' lang='lat' dir='ltr'><strong>videt</strong></span> <span class='ocrx_word' id='word_1_672' title='bbox 2459 2183 2510 2237; x_wconf 91' lang='lat' dir='ltr'><strong>in</strong></span> <span class='ocrx_word' id='word_1_673' title='bbox 2550 2192 2600 2239; x_wconf 89' lang='lat' dir='ltr'><strong>te</strong></span> <span class='ocrx_word' id='word_1_674' title='bbox 2634 2184 2853 2255; x_wconf 89' lang='lat' dir='ltr'><strong>appetit.</strong></span> <span class='ocrx_word' id='word_1_675' title='bbox 2897 2185 3047 2239; x_wconf 82' lang='lat' dir='ltr'><strong>Alius</strong></span> <span class='ocrx_word' id='word_1_676' title='bbox 3086 2193 3263 2240; x_wconf 89' lang='lat' dir='ltr'><strong>autem</strong></span> <span class='ocrx_word' id='word_1_677' title='bbox 3310 2185 3557 2241; x_wconf 88' lang='lat' dir='ltr'><strong>inimicus</strong></span> <span class='ocrx_word' id='word_1_678' title='bbox 3589 2201 3690 2241; x_wconf 83' lang='lat' dir='ltr'><strong>oc-</strong></span> 
     </span>
    </p>
   </div>
   <div class='ocr_carea' id='block_1_83' title="bbox 2109 2272 3692 2346">
    <p class='ocr_par' dir='ltr' id='par_1_83' title="bbox 2109 2272 3692 2346">
     <span class='ocr_line' id='line_1_83' title="bbox 2109 2272 3692 2346; baseline 0.003 -20"><span class='ocrx_word' id='word_1_679' title='bbox 2109 2272 2282 2327; x_wconf 89' lang='lat' dir='ltr'><strong>cultus</strong></span> <span class='ocrx_word' id='word_1_680' title='bbox 2305 2315 2319 2338; x_wconf 91' lang='lat'><strong>,</strong></span> <span class='ocrx_word' id='word_1_681' title='bbox 2361 2284 2537 2329; x_wconf 81' lang='lat' dir='ltr'><strong>rector</strong></span> <span class='ocrx_word' id='word_1_682' title='bbox 2574 2274 2759 2329; x_wconf 90' lang='lat' dir='ltr'><strong>barum</strong></span> <span class='ocrx_word' id='word_1_683' title='bbox 2791 2275 3125 2331; x_wconf 88' lang='lat' dir='ltr'><strong>tenebrarum</strong></span> <span class='ocrx_word' id='word_1_684' title='bbox 3163 2290 3295 2346; x_wconf 90' lang='lat' dir='ltr'><strong>quas</strong></span> <span class='ocrx_word' id='word_1_685' title='bbox 3324 2284 3379 2330; x_wconf 92' lang='lat' dir='ltr'><strong>tu</strong></span> <span class='ocrx_word' id='word_1_686' title='bbox 3412 2277 3608 2346; x_wconf 87' lang='lat' dir='ltr'><strong>pateris</strong></span> <span class='ocrx_word' id='word_1_687' title='bbox 3634 2278 3692 2331; x_wconf 86' lang='lat' dir='ltr'><strong>in</strong></span> 
     </span>
    </p>
   </div>
   <div class='ocr_carea' id='block_1_84' title="bbox 2109 2365 3699 2438">
    <p class='ocr_par' dir='ltr' id='par_1_84' title="bbox 2109 2365 3699 2438">
     <span class='ocr_line' id='line_1_84' title="bbox 2109 2365 3699 2438; baseline 0.004 -21"><span class='ocrx_word' id='word_1_688' title='bbox 2109 2378 2267 2418; x_wconf 79' lang='lat' dir='ltr'><strong>Carne</strong></span> <span class='ocrx_word' id='word_1_689' title='bbox 2294 2374 2349 2419; x_wconf 84' lang='lat' dir='ltr'><strong>et</strong></span> <span class='ocrx_word' id='word_1_690' title='bbox 2376 2365 2650 2435; x_wconf 78' lang='lat' dir='ltr'><strong>sanguine,</strong></span> <span class='ocrx_word' id='word_1_691' title='bbox 2674 2366 2898 2421; x_wconf 89' lang='lat' dir='ltr'><strong>alterum</strong></span> <span class='ocrx_word' id='word_1_692' title='bbox 2925 2368 3188 2421; x_wconf 87' lang='lat' dir='ltr'><strong>occultum</strong></span> <span class='ocrx_word' id='word_1_693' title='bbox 3221 2377 3366 2422; x_wconf 91' lang='lat' dir='ltr'><strong>tuum</strong></span> <span class='ocrx_word' id='word_1_694' title='bbox 3401 2368 3553 2438; x_wconf 89' lang='lat' dir='ltr'><strong>petit,</strong></span> <span class='ocrx_word' id='word_1_695' title='bbox 3578 2369 3699 2423; x_wconf 54' lang='lat' dir='ltr'><strong>the-</strong></span> 
     </span>
    </p>
   </div>
   <div class='ocr_carea' id='block_1_85' title="bbox 2110 2456 3699 2527">
    <p class='ocr_par' dir='ltr' id='par_1_85' title="bbox 2110 2456 3699 2527">
     <span class='ocr_line' id='line_1_85' title="bbox 2110 2456 3699 2527; baseline 0.005 -20"><span class='ocrx_word' id='word_1_696' title='bbox 2110 2468 2296 2509; x_wconf 87' lang='lat' dir='ltr'><strong>sauros</strong></span> <span class='ocrx_word' id='word_1_697' title='bbox 2324 2465 2442 2510; x_wconf 89' lang='lat' dir='ltr'><strong>tuos</strong></span> <span class='ocrx_word' id='word_1_698' title='bbox 2469 2457 2751 2512; x_wconf 89' lang='lat' dir='ltr'><strong>interiores</strong></span> <span class='ocrx_word' id='word_1_699' title='bbox 2790 2456 3082 2527; x_wconf 76' lang='lat' dir='ltr'><strong>depmedari</strong></span> <span class='ocrx_word' id='word_1_700' title='bbox 3120 2470 3174 2513; x_wconf 91' lang='lat' dir='ltr'><strong>et</strong></span> <span class='ocrx_word' id='word_1_701' title='bbox 3214 2469 3427 2515; x_wconf 88' lang='lat' dir='ltr'><strong>vastare</strong></span> <span class='ocrx_word' id='word_1_702' title='bbox 3455 2459 3699 2515; x_wconf 91' lang='lat' dir='ltr'><strong>molitur.</strong></span> 
     </span>
    </p>
   </div>
   <div class='ocr_carea' id='block_1_86' title="bbox 2112 2545 3701 2618">
    <p class='ocr_par' dir='ltr' id='par_1_86' title="bbox 2112 2545 3701 2618">
     <span class='ocr_line' id='line_1_86' title="bbox 2112 2545 3701 2618; baseline 0.003 -18"><span class='ocrx_word' id='word_1_703' title='bbox 2112 2545 2254 2600; x_wconf 89' lang='lat' dir='ltr'><strong>Duos</strong></span> <span class='ocrx_word' id='word_1_704' title='bbox 2278 2563 2405 2618; x_wconf 85' lang='lat' dir='ltr'><strong>ergo</strong></span> <span class='ocrx_word' id='word_1_705' title='bbox 2439 2548 2683 2603; x_wconf 89' lang='lat' dir='ltr'><strong>inimicos</strong></span> <span class='ocrx_word' id='word_1_706' title='bbox 2709 2549 2972 2604; x_wconf 88' lang='lat' dir='ltr'><strong>constitue</strong></span> <span class='ocrx_word' id='word_1_707' title='bbox 3001 2550 3094 2605; x_wconf 89' lang='lat' dir='ltr'><strong>tibi</strong></span> <span class='ocrx_word' id='word_1_708' title='bbox 3131 2559 3253 2605; x_wconf 88' lang='lat' dir='ltr'><strong>ante</strong></span> <span class='ocrx_word' id='word_1_709' title='bbox 3283 2550 3502 2616; x_wconf 84' lang='lat' dir='ltr'><strong>oculos;</strong></span> <span class='ocrx_word' id='word_1_710' title='bbox 3536 2567 3701 2605; x_wconf 89' lang='lat' dir='ltr'><strong>unum</strong></span> 
     </span>
    </p>
   </div>
   <div class='ocr_carea' id='block_1_87' title="bbox 2111 2638 3700 2708">
    <p class='ocr_par' dir='ltr' id='par_1_87' title="bbox 2111 2638 3700 2708">
     <span class='ocr_line' id='line_1_87' title="bbox 2111 2638 3700 2708; baseline 0.003 -18"><span class='ocrx_word' id='word_1_711' title='bbox 2111 2646 2374 2706; x_wconf 82' lang='lat' dir='ltr'><strong>aperttmt,</strong></span> <span class='ocrx_word' id='word_1_712' title='bbox 2403 2646 2457 2692; x_wconf 88' lang='lat' dir='ltr'><strong>et</strong></span> <span class='ocrx_word' id='word_1_713' title='bbox 2484 2638 2711 2693; x_wconf 87' lang='lat' dir='ltr'><strong>alterum</strong></span> <span class='ocrx_word' id='word_1_714' title='bbox 2738 2638 3004 2694; x_wconf 88' lang='lat' dir='ltr'><strong>occultum</strong></span> <span class='ocrx_word' id='word_1_715' title='bbox 3039 2657 3051 2690; x_wconf 90' lang='lat'><strong>:</strong></span> <span class='ocrx_word' id='word_1_716' title='bbox 3083 2648 3348 2708; x_wconf 84' lang='lat' dir='ltr'><strong>apertum,</strong></span> <span class='ocrx_word' id='word_1_717' title='bbox 3382 2640 3656 2695; x_wconf 89' lang='lat' dir='ltr'><strong>hominem</strong></span> <span class='ocrx_word' id='word_1_718' title='bbox 3683 2659 3700 2701; x_wconf 84' lang='lat'><strong>:</strong></span> 
     </span>
    </p>
   </div>
   <div class='ocr_carea' id='block_1_88' title="bbox 2112 2727 3705 2801">
    <p class='ocr_par' dir='ltr' id='par_1_88' title="bbox 2112 2727 3705 2801">
     <span class='ocr_line' id='line_1_88' title="bbox 2112 2727 3705 2801; baseline 0.004 -22"><span class='ocrx_word' id='word_1_719' title='bbox 2112 2727 2395 2794; x_wconf 79' lang='lat' dir='ltr'><strong>occultum,</strong></span> <span class='ocrx_word' id='word_1_720' title='bbox 2423 2727 2712 2784; x_wconf 88' lang='lat' dir='ltr'><strong>diabolum.</strong></span> <span class='ocrx_word' id='word_1_721' title='bbox 2743 2728 2913 2784; x_wconf 84' lang='lat' dir='ltr'><strong>Homo</strong></span> <span class='ocrx_word' id='word_1_722' title='bbox 2934 2729 3022 2785; x_wconf 88' lang='lat' dir='ltr'><strong>ille</strong></span> <span class='ocrx_word' id='word_1_723' title='bbox 3049 2730 3148 2785; x_wconf 82' lang='lat' dir='ltr'><strong>hoc</strong></span> <span class='ocrx_word' id='word_1_724' title='bbox 3165 2739 3245 2785; x_wconf 76' lang='grc' dir='ltr'><strong>εει</strong></span> <span class='ocrx_word' id='word_1_725' title='bbox 3265 2729 3403 2801; x_wconf 89' lang='lat' dir='ltr'><strong>quod</strong></span> <span class='ocrx_word' id='word_1_726' title='bbox 3428 2741 3481 2785; x_wconf 91' lang='lat' dir='ltr'><strong>tu</strong></span> <span class='ocrx_word' id='word_1_727' title='bbox 3503 2746 3672 2786; x_wconf 85' lang='lat' dir='ltr'><strong>sccun</strong></span> <span class='ocrx_word' id='word_1_728' title='bbox 3690 2763 3705 2770; x_wconf 88' lang='lat'><strong>-</strong></span> 
     </span>
    </p>
   </div>
   <div class='ocr_carea' id='block_1_89' title="bbox 2112 2819 3709 2884">
    <p class='ocr_par' dir='ltr' id='par_1_89' title="bbox 2112 2819 3709 2884">
     <span class='ocr_line' id='line_1_89' title="bbox 2112 2819 3709 2884; baseline 0.003 -12"><span class='ocrx_word' id='word_1_729' title='bbox 2112 2819 2238 2873; x_wconf 82' lang='lat' dir='ltr'><strong>dum</strong></span> <span class='ocrx_word' id='word_1_730' title='bbox 2283 2830 2522 2874; x_wconf 87' lang='lat' dir='ltr'><strong>naturam</strong></span> <span class='ocrx_word' id='word_1_731' title='bbox 2567 2822 2871 2884; x_wconf 88' lang='lat' dir='ltr'><strong>humanam,</strong></span> <span class='ocrx_word' id='word_1_732' title='bbox 2904 2822 3192 2876; x_wconf 85' lang='lat' dir='ltr'><strong>secundum</strong></span> <span class='ocrx_word' id='word_1_733' title='bbox 3222 2822 3379 2877; x_wconf 86' lang='lat' dir='ltr'><strong>fidem</strong></span> <span class='ocrx_word' id='word_1_734' title='bbox 3426 2830 3604 2879; x_wconf 81' lang='lat' dir='ltr'><strong>autem</strong></span> <span class='ocrx_word' id='word_1_735' title='bbox 3648 2834 3709 2877; x_wconf 88' lang='lat' dir='ltr'><strong>ct</strong></span> 
     </span>
    </p>
   </div>
   <div class='ocr_carea' id='block_1_90' title="bbox 2115 2912 3706 2986">
    <p class='ocr_par' dir='ltr' id='par_1_90' title="bbox 2115 2912 3706 2986">
     <span class='ocr_line' id='line_1_90' title="bbox 2115 2912 3706 2986; baseline 0.001 -21"><span class='ocrx_word' id='word_1_736' title='bbox 2115 2912 2450 2969; x_wconf 77' lang='lat' dir='ltr'><strong>dilectionem</strong></span> <span class='ocrx_word' id='word_1_737' title='bbox 2469 2913 2700 2969; x_wconf 90' lang='lat' dir='ltr'><strong>nondum</strong></span> <span class='ocrx_word' id='word_1_738' title='bbox 2720 2914 2859 2985; x_wconf 90' lang='lat' dir='ltr'><strong>quod</strong></span> <span class='ocrx_word' id='word_1_739' title='bbox 2880 2923 2955 2978; x_wconf 84' lang='lat' dir='ltr'><strong>tu,</strong></span> <span class='ocrx_word' id='word_1_740' title='bbox 2977 2915 3068 2970; x_wconf 89' lang='lat' dir='ltr'><strong>sed</strong></span> <span class='ocrx_word' id='word_1_741' title='bbox 3099 2926 3238 2986; x_wconf 87' lang='lat' dir='ltr'><strong>potet</strong></span> <span class='ocrx_word' id='word_1_742' title='bbox 3251 2915 3292 2970; x_wconf 88' lang='lat' dir='ltr'><strong>it</strong></span> <span class='ocrx_word' id='word_1_743' title='bbox 3310 2931 3429 2972; x_wconf 86' lang='lat' dir='ltr'><strong>esse</strong></span> <span class='ocrx_word' id='word_1_744' title='bbox 3455 2916 3593 2986; x_wconf 83' lang='lat' dir='ltr'><strong>quod</strong></span> <span class='ocrx_word' id='word_1_745' title='bbox 3618 2924 3706 2971; x_wconf 88' lang='lat' dir='ltr'><strong>tu.</strong></span> 
     </span>
    </p>
   </div>
   <div class='ocr_carea' id='block_1_91' title="bbox 2114 2994 3706 3076">
    <p class='ocr_par' dir='ltr' id='par_1_91' title="bbox 2114 2994 3706 3076">
     <span class='ocr_line' id='line_1_91' title="bbox 2114 2994 3706 3076; baseline 0.001 -18"><span class='ocrx_word' id='word_1_746' title='bbox 2114 3001 2247 3058; x_wconf 81' lang='lat' dir='ltr'><strong>Cum</strong></span> <span class='ocrx_word' id='word_1_747' title='bbox 2290 3019 2418 3074; x_wconf 78' lang='lat' dir='ltr'><strong>ergo</strong></span> <span class='ocrx_word' id='word_1_748' title='bbox 2451 3004 2557 3058; x_wconf 88' lang='lat' dir='ltr'><strong>sint</strong></span> <span class='ocrx_word' id='word_1_749' title='bbox 2590 3003 2718 3071; x_wconf 88' lang='lat' dir='ltr'><strong>duo,</strong></span> <span class='ocrx_word' id='word_1_750' title='bbox 2751 3021 2912 3059; x_wconf 90' lang='lat' dir='ltr'><strong>unum</strong></span> <span class='ocrx_word' id='word_1_751' title='bbox 2959 3006 3100 3071; x_wconf 87' lang='lat' dir='ltr'><strong>vide,</strong></span> <span class='ocrx_word' id='word_1_752' title='bbox 3147 3006 3371 3059; x_wconf 86' lang='lat' dir='ltr'><strong>alterum</strong></span> <span class='ocrx_word' id='word_1_753' title='bbox 3417 2994 3706 3076; x_wconf 45' lang='lat' dir='ltr'><strong>inte‘llige;</strong></span> 
     </span>
    </p>
   </div>
   <div class='ocr_carea' id='block_1_92' title="bbox 2117 3096 3714 3168">
    <p class='ocr_par' dir='ltr' id='par_1_92' title="bbox 2117 3096 3714 3168">
     <span class='ocr_line' id='line_1_92' title="bbox 2117 3096 3714 3168; baseline 0.002 -18"><span class='ocrx_word' id='word_1_754' title='bbox 2117 3112 2280 3151; x_wconf 90' lang='lat' dir='ltr'><strong>unum</strong></span> <span class='ocrx_word' id='word_1_755' title='bbox 2309 3096 2488 3168; x_wconf 86' lang='lat' dir='ltr'><strong>dilige,</strong></span> <span class='ocrx_word' id='word_1_756' title='bbox 2512 3097 2741 3152; x_wconf 78' lang='lat' dir='ltr'><strong>alterum</strong></span> <span class='ocrx_word' id='word_1_757' title='bbox 2765 3112 2915 3152; x_wconf 86' lang='lat' dir='ltr'><strong>cave.</strong></span> <span class='ocrx_word' id='word_1_758' title='bbox 2962 3097 3201 3167; x_wconf 86' lang='lat' dir='ltr'><strong>Namque</strong></span> <span class='ocrx_word' id='word_1_759' title='bbox 3241 3109 3292 3152; x_wconf 84' lang='lat' dir='ltr'><strong>et</strong></span> <span class='ocrx_word' id='word_1_760' title='bbox 3335 3099 3577 3155; x_wconf 88' lang='lat' dir='ltr'><strong>inimicus</strong></span> <span class='ocrx_word' id='word_1_761' title='bbox 3612 3099 3714 3153; x_wconf 81' lang='lat' dir='ltr'><strong>ille</strong></span> 
     </span>
    </p>
   </div>
   <div class='ocr_carea' id='block_1_93' title="bbox 2116 3190 3709 3259">
    <p class='ocr_par' dir='ltr' id='par_1_93' title="bbox 2116 3190 3709 3259">
     <span class='ocr_line' id='line_1_93' title="bbox 2116 3190 3709 3259; baseline 0.001 -17"><span class='ocrx_word' id='word_1_762' title='bbox 2116 3204 2275 3259; x_wconf 89' lang='lat' dir='ltr'><strong>quem</strong></span> <span class='ocrx_word' id='word_1_763' title='bbox 2300 3190 2468 3256; x_wconf 88' lang='lat' dir='ltr'><strong>vides,</strong></span> <span class='ocrx_word' id='word_1_764' title='bbox 2502 3191 2603 3244; x_wconf 88' lang='lat' dir='ltr'><strong>hoc</strong></span> <span class='ocrx_word' id='word_1_765' title='bbox 2640 3190 2692 3244; x_wconf 92' lang='lat' dir='ltr'><strong>in</strong></span> <span class='ocrx_word' id='word_1_766' title='bbox 2736 3198 2789 3246; x_wconf 88' lang='lat' dir='ltr'><strong>te</strong></span> <span class='ocrx_word' id='word_1_767' title='bbox 2821 3190 2934 3245; x_wconf 91' lang='lat' dir='ltr'><strong>vult</strong></span> <span class='ocrx_word' id='word_1_768' title='bbox 2970 3191 3250 3246; x_wconf 87' lang='lat' dir='ltr'><strong>bumiliarc</strong></span> <span class='ocrx_word' id='word_1_769' title='bbox 3281 3191 3420 3247; x_wconf 88' lang='lat' dir='ltr'><strong>unde</strong></span> <span class='ocrx_word' id='word_1_770' title='bbox 3451 3193 3709 3247; x_wconf 88' lang='lat' dir='ltr'><strong>vincitur.</strong></span> 
     </span>
    </p>
   </div>
   <div class='ocr_carea' id='block_1_94' title="bbox 2122 3280 3708 3352">
    <p class='ocr_par' dir='ltr' id='par_1_94' title="bbox 2122 3280 3708 3352">
     <span class='ocr_line' id='line_1_94' title="bbox 2122 3280 3708 3352; baseline 0.001 -17"><span class='ocrx_word' id='word_1_771' title='bbox 2122 3281 2277 3336; x_wconf 86' lang='lat' dir='ltr'><strong>Verbi</strong></span> <span class='ocrx_word' id='word_1_772' title='bbox 2302 3281 2489 3351; x_wconf 84' lang='lat' dir='ltr'><strong>gratia,</strong></span> <span class='ocrx_word' id='word_1_773' title='bbox 2507 3281 2550 3335; x_wconf 90' lang='lat' dir='ltr'><strong>si</strong></span> <span class='ocrx_word' id='word_1_774' title='bbox 2569 3280 2766 3336; x_wconf 89' lang='lat' dir='ltr'><strong>divitiis</strong></span> <span class='ocrx_word' id='word_1_775' title='bbox 2790 3282 2894 3336; x_wconf 89' lang='lat' dir='ltr'><strong>tuis</strong></span> <span class='ocrx_word' id='word_1_776' title='bbox 2919 3283 3167 3343; x_wconf 85' lang='lat' dir='ltr'><strong>vincitur,</strong></span> <span class='ocrx_word' id='word_1_777' title='bbox 3194 3297 3481 3352; x_wconf 84' lang='lat' dir='ltr'><strong>pauperem</strong></span> <span class='ocrx_word' id='word_1_778' title='bbox 3510 3291 3563 3338; x_wconf 88' lang='lat' dir='ltr'><strong>te</strong></span> <span class='ocrx_word' id='word_1_779' title='bbox 3586 3283 3708 3337; x_wconf 85' lang='lat' dir='ltr'><strong>vult</strong></span> 
     </span>
    </p>
   </div>
   <div class='ocr_carea' id='block_1_95' title="bbox 2118 3370 3709 3439">
    <p class='ocr_par' dir='ltr' id='par_1_95' title="bbox 2118 3370 3709 3439">
     <span class='ocr_line' id='line_1_95' title="bbox 2118 3370 3709 3439; baseline 0.004 -16"><span class='ocrx_word' id='word_1_780' title='bbox 2118 3371 2321 3436; x_wconf 80' lang='lat' dir='ltr'><strong>facere;</strong></span> <span class='ocrx_word' id='word_1_781' title='bbox 2350 3371 2392 3424; x_wconf 92' lang='lat' dir='ltr'><strong>si</strong></span> <span class='ocrx_word' id='word_1_782' title='bbox 2415 3370 2618 3426; x_wconf 86' lang='lat' dir='ltr'><strong>honore</strong></span> <span class='ocrx_word' id='word_1_783' title='bbox 2641 3380 2729 3426; x_wconf 89' lang='lat' dir='ltr'><strong>tuo</strong></span> <span class='ocrx_word' id='word_1_784' title='bbox 2746 3372 2993 3439; x_wconf 88' lang='lat' dir='ltr'><strong>vincitur,</strong></span> <span class='ocrx_word' id='word_1_785' title='bbox 3015 3372 3265 3427; x_wconf 88' lang='lat' dir='ltr'><strong>humilem</strong></span> <span class='ocrx_word' id='word_1_786' title='bbox 3284 3381 3337 3427; x_wconf 87' lang='lat' dir='ltr'><strong>te</strong></span> <span class='ocrx_word' id='word_1_787' title='bbox 3356 3374 3470 3427; x_wconf 84' lang='lat' dir='ltr'><strong>vult</strong></span> <span class='ocrx_word' id='word_1_788' title='bbox 3488 3372 3672 3429; x_wconf 83' lang='lat' dir='ltr'><strong>facere</strong></span> <span class='ocrx_word' id='word_1_789' title='bbox 3692 3392 3709 3439; x_wconf 86' lang='lat'><strong>;</strong></span> 
     </span>
    </p>
   </div>
   <div class='ocr_carea' id='block_1_96' title="bbox 2112 3461 3712 3530">
    <p class='ocr_par' dir='ltr' id='par_1_96' title="bbox 2112 3461 3712 3530">
     <span class='ocr_line' id='line_1_96' title="bbox 2112 3461 3712 3530; baseline 0.002 -14"><span class='ocrx_word' id='word_1_790' title='bbox 2112 3462 2164 3516; x_wconf 88' lang='lat' dir='ltr'><strong>si</strong></span> <span class='ocrx_word' id='word_1_791' title='bbox 2190 3461 2389 3515; x_wconf 86' lang='lat' dir='ltr'><strong>viribus</strong></span> <span class='ocrx_word' id='word_1_792' title='bbox 2419 3461 2521 3517; x_wconf 88' lang='lat' dir='ltr'><strong>tuis</strong></span> <span class='ocrx_word' id='word_1_793' title='bbox 2550 3462 2776 3516; x_wconf 78' lang='lat' dir='ltr'><strong>vincitur</strong></span> <span class='ocrx_word' id='word_1_794' title='bbox 2798 3504 2815 3530; x_wconf 90' lang='lat'><strong>,</strong></span> <span class='ocrx_word' id='word_1_795' title='bbox 2857 3463 3087 3518; x_wconf 88' lang='lat' dir='ltr'><strong>debilem</strong></span> <span class='ocrx_word' id='word_1_796' title='bbox 3132 3472 3184 3518; x_wconf 88' lang='lat' dir='ltr'><strong>te</strong></span> <span class='ocrx_word' id='word_1_797' title='bbox 3226 3464 3335 3518; x_wconf 87' lang='lat' dir='ltr'><strong>vult</strong></span> <span class='ocrx_word' id='word_1_798' title='bbox 3388 3463 3562 3519; x_wconf 89' lang='lat' dir='ltr'><strong>facere</strong></span> <span class='ocrx_word' id='word_1_799' title='bbox 3593 3482 3608 3519; x_wconf 90' lang='lat'>:</span> <span class='ocrx_word' id='word_1_800' title='bbox 3639 3480 3712 3519; x_wconf 80' lang='lat' dir='ltr'><strong>ea</strong></span> 
     </span>
    </p>
   </div>
   <div class='ocr_carea' id='block_1_97' title="bbox 2120 3554 3713 3628">
    <p class='ocr_par' dir='ltr' id='par_1_97' title="bbox 2120 3554 3713 3628">
     <span class='ocr_line' id='line_1_97' title="bbox 2120 3554 3713 3628; baseline 0.003 -20"><span class='ocrx_word' id='word_1_801' title='bbox 2120 3569 2248 3625; x_wconf 81' lang='lat' dir='ltr'><strong>ergo</strong></span> <span class='ocrx_word' id='word_1_802' title='bbox 2293 3554 2516 3608; x_wconf 87' lang='lat' dir='ltr'><strong>attendit</strong></span> <span class='ocrx_word' id='word_1_803' title='bbox 2558 3555 2610 3608; x_wconf 89' lang='lat' dir='ltr'><strong>in</strong></span> <span class='ocrx_word' id='word_1_804' title='bbox 2660 3562 2712 3610; x_wconf 89' lang='lat' dir='ltr'><strong>te</strong></span> <span class='ocrx_word' id='word_1_805' title='bbox 2755 3558 2839 3611; x_wconf 85' lang='lat' dir='ltr'><strong>vel</strong></span> <span class='ocrx_word' id='word_1_806' title='bbox 2885 3555 3119 3623; x_wconf 87' lang='lat' dir='ltr'><strong>dejicere</strong></span> <span class='ocrx_word' id='word_1_807' title='bbox 3146 3557 3227 3610; x_wconf 85' lang='lat' dir='ltr'><strong>vel</strong></span> <span class='ocrx_word' id='word_1_808' title='bbox 3266 3556 3477 3612; x_wconf 80' lang='lat' dir='ltr'><strong>auferre</strong></span> <span class='ocrx_word' id='word_1_809' title='bbox 3503 3558 3713 3628; x_wconf 88' lang='lat' dir='ltr'><strong>quibus</strong></span> 
     </span>
    </p>
   </div>
   <div class='ocr_carea' id='block_1_98' title="bbox 2123 3645 3717 3704">
    <p class='ocr_par' dir='ltr' id='par_1_98' title="bbox 2123 3645 3717 3704">
     <span class='ocr_line' id='line_1_98' title="bbox 2123 3645 3717 3704; baseline 0.004 -6"><span class='ocrx_word' id='word_1_810' title='bbox 2123 3645 2368 3699; x_wconf 89' lang='lat' dir='ltr'><strong>vincitur.</strong></span> <span class='ocrx_word' id='word_1_811' title='bbox 2408 3645 2477 3699; x_wconf 86' lang='lat' dir='ltr'><strong>Et</strong></span> <span class='ocrx_word' id='word_1_812' title='bbox 2512 3645 2600 3700; x_wconf 90' lang='lat' dir='ltr'><strong>ille</strong></span> <span class='ocrx_word' id='word_1_813' title='bbox 2634 3647 2875 3701; x_wconf 85' lang='lat' dir='ltr'><strong>occultus</strong></span> <span class='ocrx_word' id='word_1_814' title='bbox 2900 3647 3146 3702; x_wconf 88' lang='lat' dir='ltr'><strong>inimicus</strong></span> <span class='ocrx_word' id='word_1_815' title='bbox 3180 3647 3312 3703; x_wconf 90' lang='lat' dir='ltr'><strong>iUud</strong></span> <span class='ocrx_word' id='word_1_816' title='bbox 3339 3649 3428 3704; x_wconf 87' lang='lat' dir='ltr'><strong>tibi</strong></span> <span class='ocrx_word' id='word_1_817' title='bbox 3454 3648 3568 3703; x_wconf 82' lang='lat' dir='ltr'><strong>vult</strong></span> <span class='ocrx_word' id='word_1_818' title='bbox 3596 3649 3717 3704; x_wconf 88' lang='lat' dir='ltr'><strong>tol-</strong></span> 
     </span>
    </p>
   </div>
   <div class='ocr_carea' id='block_1_99' title="bbox 2123 3736 3698 3796">
    <p class='ocr_par' dir='ltr' id='par_1_99' title="bbox 2123 3736 3698 3796">
     <span class='ocr_line' id='line_1_99' title="bbox 2123 3736 3698 3796; baseline 0.003 -6"><span class='ocrx_word' id='word_1_819' title='bbox 2123 3736 2233 3791; x_wconf 81' lang='lat' dir='ltr'><strong>lere</strong></span> <span class='ocrx_word' id='word_1_820' title='bbox 2259 3736 2397 3791; x_wconf 89' lang='lat' dir='ltr'><strong>unde</strong></span> <span class='ocrx_word' id='word_1_821' title='bbox 2432 3737 2678 3792; x_wconf 87' lang='lat' dir='ltr'><strong>vincitur.</strong></span> <span class='ocrx_word' id='word_1_822' title='bbox 2732 3738 2904 3793; x_wconf 84' lang='lat' dir='ltr'><strong>Homo</strong></span> <span class='ocrx_word' id='word_1_823' title='bbox 2940 3741 3083 3793; x_wconf 86' lang='lat' dir='ltr'><strong>enim</strong></span> <span class='ocrx_word' id='word_1_824' title='bbox 3124 3740 3390 3795; x_wconf 75' lang='lat' dir='ltr'><strong>hominem</strong></span> <span class='ocrx_word' id='word_1_825' title='bbox 3413 3741 3579 3795; x_wconf 87' lang='lat' dir='ltr'><strong>vincis</strong></span> <span class='ocrx_word' id='word_1_826' title='bbox 3602 3741 3698 3796; x_wconf 81' lang='lat' dir='ltr'><strong>hu-</strong></span> 
     </span>
    </p>
   </div>
   <div class='ocr_carea' id='block_1_100' title="bbox 2121 3826 3714 3895">
    <p class='ocr_par' dir='ltr' id='par_1_100' title="bbox 2121 3826 3714 3895">
     <span class='ocr_line' id='line_1_100' title="bbox 2121 3826 3714 3895; baseline 0.004 -13"><span class='ocrx_word' id='word_1_827' title='bbox 2121 3843 2277 3882; x_wconf 88' lang='lat' dir='ltr'><strong>mana</strong></span> <span class='ocrx_word' id='word_1_828' title='bbox 2321 3826 2573 3884; x_wconf 87' lang='lat' dir='ltr'><strong>felicitate</strong></span> <span class='ocrx_word' id='word_1_829' title='bbox 2595 3871 2610 3895; x_wconf 92' lang='lat'><strong>,</strong></span> <span class='ocrx_word' id='word_1_830' title='bbox 2649 3829 2917 3883; x_wconf 87' lang='lat' dir='ltr'><strong>diabolum</strong></span> <span class='ocrx_word' id='word_1_831' title='bbox 2944 3840 3120 3883; x_wconf 72' lang='lat' dir='ltr'><strong>autem</strong></span> <span class='ocrx_word' id='word_1_832' title='bbox 3144 3831 3313 3887; x_wconf 91' lang='lat' dir='ltr'><strong>vincis</strong></span> <span class='ocrx_word' id='word_1_833' title='bbox 3334 3832 3532 3886; x_wconf 90' lang='lat' dir='ltr'><strong>inimici</strong></span> <span class='ocrx_word' id='word_1_834' title='bbox 3563 3832 3714 3890; x_wconf 85' lang='lat' dir='ltr'><strong>dile-</strong></span> 
     </span>
    </p>
   </div>
   <div class='ocr_carea' id='block_1_101' title="bbox 2122 3917 3723 3990">
    <p class='ocr_par' dir='ltr' id='par_1_101' title="bbox 2122 3917 3723 3990">
     <span class='ocr_line' id='line_1_101' title="bbox 2122 3917 3723 3990; baseline 0.006 -17"><span class='ocrx_word' id='word_1_835' title='bbox 2122 3919 2317 3973; x_wconf 86' lang='lat' dir='ltr'><strong>ctione.</strong></span> <span class='ocrx_word' id='word_1_836' title='bbox 2361 3917 2638 3985; x_wconf 86' lang='lat' dir='ltr'><strong>Quomodo</strong></span> <span class='ocrx_word' id='word_1_837' title='bbox 2681 3934 2811 3990; x_wconf 84' lang='lat' dir='ltr'><strong>crgo</strong></span> <span class='ocrx_word' id='word_1_838' title='bbox 2853 3920 3014 3975; x_wconf 85' lang='lat' dir='ltr'><strong>homo</strong></span> <span class='ocrx_word' id='word_1_839' title='bbox 3044 3920 3211 3975; x_wconf 89' lang='lat' dir='ltr'><strong>ambit</strong></span> <span class='ocrx_word' id='word_1_840' title='bbox 3251 3921 3462 3978; x_wconf 86' lang='lat' dir='ltr'><strong>aulerre</strong></span> <span class='ocrx_word' id='word_1_841' title='bbox 3505 3921 3621 3990; x_wconf 86' lang='lat' dir='ltr'><strong>tibi,</strong></span> <span class='ocrx_word' id='word_1_842' title='bbox 3657 3935 3723 3982; x_wconf 90' lang='lat' dir='ltr'><strong>ct</strong></span> 
     </span>
    </p>
   </div>
   <div class='ocr_carea' id='block_1_102' title="bbox 2125 4008 3719 4086">
    <p class='ocr_par' dir='ltr' id='par_1_102' title="bbox 2125 4008 3719 4086">
     <span class='ocr_line' id='line_1_102' title="bbox 2125 4008 3719 4086; baseline 0.005 -23"><span class='ocrx_word' id='word_1_843' title='bbox 2125 4008 2462 4074; x_wconf 88' lang='lat' dir='ltr'><strong>detruncare,</strong></span> <span class='ocrx_word' id='word_1_844' title='bbox 2493 4021 2581 4064; x_wconf 89' lang='lat' dir='ltr'><strong>aut</strong></span> <span class='ocrx_word' id='word_1_845' title='bbox 2620 4014 2897 4067; x_wconf 68' lang='lat' dir='ltr'><strong>everterc‘</strong></span> <span class='ocrx_word' id='word_1_846' title='bbox 2945 4012 3247 4068; x_wconf 78' lang='lat' dir='ltr'><strong>felicitatem</strong></span> <span class='ocrx_word' id='word_1_847' title='bbox 3289 4031 3390 4083; x_wconf 87' lang='lat' dir='ltr'><strong>qua</strong></span> <span class='ocrx_word' id='word_1_848' title='bbox 3434 4015 3675 4071; x_wconf 85' lang='lat' dir='ltr'><strong>vincitur</strong></span> <span class='ocrx_word' id='word_1_849' title='bbox 3699 4063 3719 4086; x_wconf 85' lang='lat'><strong>,</strong></span> 
     </span>
    </p>
   </div>
   <div class='ocr_carea' id='block_1_103' title="bbox 2125 4100 3720 4163">
    <p class='ocr_par' dir='ltr' id='par_1_103' title="bbox 2125 4100 3720 4163">
     <span class='ocr_line' id='line_1_103' title="bbox 2125 4100 3720 4163; baseline 0.006 -10"><span class='ocrx_word' id='word_1_850' title='bbox 2125 4100 2202 4153; x_wconf 92' lang='lat' dir='ltr'><strong>sic</strong></span> <span class='ocrx_word' id='word_1_851' title='bbox 2228 4112 2281 4155; x_wconf 90' lang='lat' dir='ltr'><strong>ct</strong></span> <span class='ocrx_word' id='word_1_852' title='bbox 2309 4101 2552 4156; x_wconf 87' lang='lat' dir='ltr'><strong>diabolus</strong></span> <span class='ocrx_word' id='word_1_853' title='bbox 2580 4101 2852 4156; x_wconf 88' lang='lat' dir='ltr'><strong>hominem</strong></span> <span class='ocrx_word' id='word_1_854' title='bbox 2878 4103 2987 4157; x_wconf 91' lang='lat' dir='ltr'><strong>vult</strong></span> <span class='ocrx_word' id='word_1_855' title='bbox 3009 4106 3220 4159; x_wconf 86' lang='lat' dir='ltr'><strong>vincere</strong></span> <span class='ocrx_word' id='word_1_856' title='bbox 3243 4105 3535 4160; x_wconf 81' lang='lat' dir='ltr'><strong>auferendo</strong></span> <span class='ocrx_word' id='word_1_857' title='bbox 3563 4110 3720 4163; x_wconf 86' lang='lat' dir='ltr'><strong>unde</strong></span> 
     </span>
    </p>
   </div>
   <div class='ocr_carea' id='block_1_104' title="bbox 2125 4190 3721 4252">
    <p class='ocr_par' dir='ltr' id='par_1_104' title="bbox 2125 4190 3721 4252">
     <span class='ocr_line' id='line_1_104' title="bbox 2125 4190 3721 4252; baseline 0.006 -9"><span class='ocrx_word' id='word_1_858' title='bbox 2125 4192 2372 4244; x_wconf 86' lang='lat' dir='ltr'><strong>vincitur.</strong></span> <span class='ocrx_word' id='word_1_859' title='bbox 2413 4190 2519 4245; x_wconf 90' lang='lat' dir='ltr'><strong>Sed</strong></span> <span class='ocrx_word' id='word_1_860' title='bbox 2557 4207 2683 4245; x_wconf 90' lang='lat' dir='ltr'><strong>cura</strong></span> <span class='ocrx_word' id='word_1_861' title='bbox 2715 4193 2765 4245; x_wconf 90' lang='lat' dir='ltr'><strong>in</strong></span> <span class='ocrx_word' id='word_1_862' title='bbox 2799 4192 2962 4246; x_wconf 89' lang='lat' dir='ltr'><strong>corde</strong></span> <span class='ocrx_word' id='word_1_863' title='bbox 2987 4209 3203 4250; x_wconf 86' lang='lat' dir='ltr'><strong>servare</strong></span> <span class='ocrx_word' id='word_1_864' title='bbox 3229 4195 3426 4249; x_wconf 85' lang='lat' dir='ltr'><strong>inimici</strong></span> <span class='ocrx_word' id='word_1_865' title='bbox 3458 4196 3721 4252; x_wconf 86' lang='lat' dir='ltr'><strong>dilectio-</strong></span> 
     </span>
    </p>
   </div>
   <div class='ocr_carea' id='block_1_105' title="bbox 2125 4285 3724 4359">
    <p class='ocr_par' dir='ltr' id='par_1_105' title="bbox 2125 4285 3724 4359">
     <span class='ocr_line' id='line_1_105' title="bbox 2125 4285 3724 4359; baseline 0.004 -21"><span class='ocrx_word' id='word_1_866' title='bbox 2125 4300 2269 4351; x_wconf 89' lang='lat' dir='ltr'><strong>nem,</strong></span> <span class='ocrx_word' id='word_1_867' title='bbox 2296 4300 2396 4354; x_wconf 89' lang='lat' dir='ltr'><strong>qua</strong></span> <span class='ocrx_word' id='word_1_868' title='bbox 2422 4285 2689 4339; x_wconf 90' lang='lat' dir='ltr'><strong>diabolum</strong></span> <span class='ocrx_word' id='word_1_869' title='bbox 2713 4286 2897 4340; x_wconf 73' lang='lat' dir='ltr'><strong>vincis.</strong></span> <span class='ocrx_word' id='word_1_870' title='bbox 2929 4286 3121 4341; x_wconf 69' lang='lat' dir='ltr'><strong>Smtiat</strong></span> <span class='ocrx_word' id='word_1_871' title='bbox 3149 4288 3308 4342; x_wconf 88' lang='lat' dir='ltr'><strong>homo</strong></span> <span class='ocrx_word' id='word_1_872' title='bbox 3332 4299 3584 4359; x_wconf 90' lang='lat' dir='ltr'><strong>quantum</strong></span> <span class='ocrx_word' id='word_1_873' title='bbox 3611 4307 3724 4359; x_wconf 65' lang='lat' dir='ltr'><strong>po.</strong></span> 
     </span>
    </p>
   </div>
   <div class='ocr_carea' id='block_1_106' title="bbox 2127 4376 3723 4449">
    <p class='ocr_par' dir='ltr' id='par_1_106' title="bbox 2127 4376 3723 4449">
     <span class='ocr_line' id='line_1_106' title="bbox 2127 4376 3723 4449; baseline 0.004 -19"><span class='ocrx_word' id='word_1_874' title='bbox 2127 4385 2227 4431; x_wconf 81' lang='lat' dir='ltr'><strong>test</strong></span> <span class='ocrx_word' id='word_1_875' title='bbox 2253 4417 2267 4433; x_wconf 89' lang='lat'><strong>.</strong></span> <span class='ocrx_word' id='word_1_876' title='bbox 2299 4376 2502 4431; x_wconf 86' lang='lat' dir='ltr'><strong>auferat</strong></span> <span class='ocrx_word' id='word_1_877' title='bbox 2525 4378 2774 4446; x_wconf 81' lang='lat' dir='ltr'><strong>quidquid</strong></span> <span class='ocrx_word' id='word_1_878' title='bbox 2803 4389 3010 4447; x_wconf 89' lang='lat' dir='ltr'><strong>potest;</strong></span> <span class='ocrx_word' id='word_1_879' title='bbox 3053 4380 3095 4433; x_wconf 89' lang='lat' dir='ltr'><strong>si</strong></span> <span class='ocrx_word' id='word_1_880' title='bbox 3126 4379 3362 4449; x_wconf 80' lang='lat' dir='ltr'><strong>diligitur</strong></span> <span class='ocrx_word' id='word_1_881' title='bbox 3386 4389 3569 4449; x_wconf 86' lang='lat' dir='ltr'><strong>aperte</strong></span> <span class='ocrx_word' id='word_1_882' title='bbox 3598 4398 3723 4437; x_wconf 74' lang='lat' dir='ltr'><strong>sa:-</strong></span> 
     </span>
    </p>
   </div>
   <div class='ocr_carea' id='block_1_107' title="bbox 2125 4456 3112 4534">
    <p class='ocr_par' dir='ltr' id='par_1_107' title="bbox 2125 4456 3112 4534">
     <span class='ocr_line' id='line_1_107' title="bbox 2125 4456 3112 4534; baseline 0.001 -12"><span class='ocrx_word' id='word_1_883' title='bbox 2125 4470 2296 4534; x_wconf 59' lang='lat' dir='ltr'><strong>vicns,</strong></span> <span class='ocrx_word' id='word_1_884' title='bbox 2318 4456 2496 4523; x_wconf 67' lang='lat' dir='ltr'><strong>Victus</strong></span> <span class='ocrx_word' id='word_1_885' title='bbox 2525 4478 2607 4523; x_wconf 86' lang='lat' dir='ltr'><strong>est</strong></span> <span class='ocrx_word' id='word_1_886' title='bbox 2634 4469 2839 4524; x_wconf 81' lang='lat' dir='ltr'><strong>occulte</strong></span> <span class='ocrx_word' id='word_1_887' title='bbox 2867 4471 3112 4524; x_wconf 71' lang='lat' dir='ltr'><strong>smviens.</strong></span> 
     </span>
    </p>
   </div>
   <div class='ocr_carea' id='block_1_108' title="bbox 2198 4563 3725 4636">
    <p class='ocr_par' dir='ltr' id='par_1_108' title="bbox 2198 4563 3725 4636">
     <span class='ocr_line' id='line_1_108' title="bbox 2198 4563 3725 4636; baseline 0.002 -19"><span class='ocrx_word' id='word_1_888' title='bbox 2198 4565 2251 4617; x_wconf 85' lang='lat'><strong>7.</strong></span> <span class='ocrx_word' id='word_1_889' title='bbox 2292 4564 2360 4617; x_wconf 85' lang='lat' dir='ltr'><strong>At</strong></span> <span class='ocrx_word' id='word_1_890' title='bbox 2389 4563 2488 4616; x_wconf 69' lang='lat' dir='ltr'><strong>iste</strong></span> <span class='ocrx_word' id='word_1_891' title='bbox 2514 4564 2856 4617; x_wconf 87' lang='lat' dir='ltr'><strong>conturbatus</strong></span> <span class='ocrx_word' id='word_1_892' title='bbox 2894 4573 2948 4618; x_wconf 88' lang='lat' dir='ltr'><strong>et</strong></span> <span class='ocrx_word' id='word_1_893' title='bbox 2972 4563 3317 4636; x_wconf 84' lang='lat' dir='ltr'><strong>contristatus</strong></span> <span class='ocrx_word' id='word_1_894' title='bbox 3338 4563 3544 4630; x_wconf 87' lang='lat' dir='ltr'><strong>orabat,</strong></span> <span class='ocrx_word' id='word_1_895' title='bbox 3587 4575 3725 4620; x_wconf 61' lang='lat' dir='ltr'><strong>tan-</strong></span> 
     </span>
    </p>
   </div>
   <div class='ocr_carea' id='block_1_109' title="bbox 2126 4656 3726 4727">
    <p class='ocr_par' dir='ltr' id='par_1_109' title="bbox 2126 4656 3726 4727">
     <span class='ocr_line' id='line_1_109' title="bbox 2126 4656 3726 4727; baseline 0.004 -17"><span class='ocrx_word' id='word_1_896' title='bbox 2126 4674 2282 4727; x_wconf 87' lang='lat' dir='ltr'><strong>quam</strong></span> <span class='ocrx_word' id='word_1_897' title='bbox 2325 4658 2534 4711; x_wconf 86' lang='lat' dir='ltr'><strong>turbato</strong></span> <span class='ocrx_word' id='word_1_898' title='bbox 2565 4672 2672 4724; x_wconf 68' lang='lat' dir='ltr'><strong>prae</strong></span> <span class='ocrx_word' id='word_1_899' title='bbox 2696 4656 2771 4710; x_wconf 89' lang='lat' dir='ltr'><strong>ira</strong></span> <span class='ocrx_word' id='word_1_900' title='bbox 2797 4656 2954 4711; x_wconf 78' lang='lat' dir='ltr'><strong>oeulo</strong></span> <span class='ocrx_word' id='word_1_901' title='bbox 3001 4672 3119 4709; x_wconf 91' lang='lat' dir='ltr'><strong>suo.</strong></span> <span class='ocrx_word' id='word_1_902' title='bbox 3165 4657 3244 4710; x_wconf 88' lang='lat' dir='ltr'><strong>Ira</strong></span> <span class='ocrx_word' id='word_1_903' title='bbox 3272 4672 3405 4712; x_wconf 87' lang='lat' dir='ltr'><strong>vero</strong></span> <span class='ocrx_word' id='word_1_904' title='bbox 3440 4657 3613 4713; x_wconf 81' lang='lat' dir='ltr'><strong>fratris</strong></span> <span class='ocrx_word' id='word_1_905' title='bbox 3671 4663 3726 4716; x_wconf 85' lang='lat' dir='ltr'><strong>si</strong></span> 
     </span>
    </p>
   </div>
   <div class='ocr_carea' id='block_1_110' title="bbox 2128 4748 3723 4819">
    <p class='ocr_par' dir='ltr' id='par_1_110' title="bbox 2128 4748 3723 4819">
     <span class='ocr_line' id='line_1_110' title="bbox 2128 4748 3723 4819; baseline 0.003 -16"><span class='ocrx_word' id='word_1_906' title='bbox 2128 4749 2285 4803; x_wconf 82' lang='lat' dir='ltr'><strong>fuerit</strong></span> <span class='ocrx_word' id='word_1_907' title='bbox 2312 4750 2625 4813; x_wconf 86' lang='lat' dir='ltr'><strong>inveterata,</strong></span> <span class='ocrx_word' id='word_1_908' title='bbox 2666 4748 2774 4818; x_wconf 85' lang='lat' dir='ltr'><strong>jam</strong></span> <span class='ocrx_word' id='word_1_909' title='bbox 2802 4749 2981 4803; x_wconf 89' lang='lat' dir='ltr'><strong>odium</strong></span> <span class='ocrx_word' id='word_1_910' title='bbox 3011 4759 3112 4804; x_wconf 86' lang='lat' dir='ltr'><strong>est.</strong></span> <span class='ocrx_word' id='word_1_911' title='bbox 3161 4748 3240 4803; x_wconf 86' lang='lat' dir='ltr'><strong>Ira</strong></span> <span class='ocrx_word' id='word_1_912' title='bbox 3272 4749 3446 4803; x_wconf 88' lang='lat' dir='ltr'><strong>turbat</strong></span> <span class='ocrx_word' id='word_1_913' title='bbox 3470 4752 3723 4819; x_wconf 84' lang='lat' dir='ltr'><strong>oculum,</strong></span> 
     </span>
    </p>
   </div>
   <div class='ocr_carea' id='block_1_111' title="bbox 2126 4840 3723 4910">
    <p class='ocr_par' dir='ltr' id='par_1_111' title="bbox 2126 4840 3723 4910">
     <span class='ocr_line' id='line_1_111' title="bbox 2126 4840 3723 4910; baseline 0.002 -15"><span class='ocrx_word' id='word_1_914' title='bbox 2126 4843 2307 4897; x_wconf 87' lang='lat' dir='ltr'><strong>odium</strong></span> <span class='ocrx_word' id='word_1_915' title='bbox 2348 4841 2635 4910; x_wconf 79' lang='lat' dir='ltr'><strong>exstinguit</strong></span> <span class='ocrx_word' id='word_1_916' title='bbox 2668 4859 2679 4893; x_wconf 91' lang='lat'><strong>:</strong></span> <span class='ocrx_word' id='word_1_917' title='bbox 2714 4842 2787 4895; x_wconf 84' lang='lat' dir='ltr'><strong>ira</strong></span> <span class='ocrx_word' id='word_1_918' title='bbox 2817 4840 3014 4895; x_wconf 84' lang='lat' dir='ltr'><strong>festuca</strong></span> <span class='ocrx_word' id='word_1_919' title='bbox 3040 4852 3142 4907; x_wconf 89' lang='lat' dir='ltr'><strong>est,</strong></span> <span class='ocrx_word' id='word_1_920' title='bbox 3183 4840 3362 4894; x_wconf 84' lang='lat' dir='ltr'><strong>odium</strong></span> <span class='ocrx_word' id='word_1_921' title='bbox 3395 4842 3577 4895; x_wconf 88' lang='lat' dir='ltr'><strong>trabes</strong></span> <span class='ocrx_word' id='word_1_922' title='bbox 3604 4855 3723 4898; x_wconf 81' lang='lat' dir='ltr'><strong>est.</strong></span> 
     </span>
    </p>
   </div>
   <div class='ocr_carea' id='block_1_112' title="bbox 2128 4931 3728 5001">
    <p class='ocr_par' dir='ltr' id='par_1_112' title="bbox 2128 4931 3728 5001">
     <span class='ocr_line' id='line_1_112' title="bbox 2128 4931 3728 5001; baseline 0.003 -15"><span class='ocrx_word' id='word_1_923' title='bbox 2128 4931 2426 5001; x_wconf 71' lang='lat' dir='ltr'><strong>Aliquando</strong></span> <span class='ocrx_word' id='word_1_924' title='bbox 2464 4932 2625 4985; x_wconf 87' lang='lat' dir='ltr'><strong>odisti</strong></span> <span class='ocrx_word' id='word_1_925' title='bbox 2678 4940 2731 4985; x_wconf 89' lang='lat' dir='ltr'><strong>et</strong></span> <span class='ocrx_word' id='word_1_926' title='bbox 2782 4931 3006 5000; x_wconf 89' lang='lat' dir='ltr'><strong>corripis</strong></span> <span class='ocrx_word' id='word_1_927' title='bbox 3052 4932 3397 4997; x_wconf 85' lang='lat' dir='ltr'><strong>irascentem;</strong></span> <span class='ocrx_word' id='word_1_928' title='bbox 3448 4933 3499 4987; x_wconf 92' lang='lat' dir='ltr'><strong>in</strong></span> <span class='ocrx_word' id='word_1_929' title='bbox 3539 4943 3591 4988; x_wconf 91' lang='lat' dir='ltr'><strong>te</strong></span> <span class='ocrx_word' id='word_1_930' title='bbox 3628 4948 3728 4991; x_wconf 76' lang='lat' dir='ltr'><strong>est</strong></span> 
     </span>
    </p>
   </div>
   <div class='ocr_carea' id='block_1_113' title="bbox 2127 5024 3725 5095">
    <p class='ocr_par' dir='ltr' id='par_1_113' title="bbox 2127 5024 3725 5095">
     <span class='ocr_line' id='line_1_113' title="bbox 2127 5024 3725 5095; baseline 0 -15"><span class='ocrx_word' id='word_1_931' title='bbox 2127 5026 2329 5088; x_wconf 82' lang='lat' dir='ltr'><strong>odium,</strong></span> <span class='ocrx_word' id='word_1_932' title='bbox 2360 5026 2410 5078; x_wconf 90' lang='lat' dir='ltr'><strong>in</strong></span> <span class='ocrx_word' id='word_1_933' title='bbox 2454 5024 2545 5078; x_wconf 90' lang='lat' dir='ltr'><strong>illo</strong></span> <span class='ocrx_word' id='word_1_934' title='bbox 2578 5025 2653 5078; x_wconf 90' lang='lat' dir='ltr'><strong>ira</strong></span> <span class='ocrx_word' id='word_1_935' title='bbox 2681 5038 2838 5095; x_wconf 89' lang='lat' dir='ltr'><strong>quem</strong></span> <span class='ocrx_word' id='word_1_936' title='bbox 2863 5025 3124 5094; x_wconf 88' lang='lat' dir='ltr'><strong>corripis:</strong></span> <span class='ocrx_word' id='word_1_937' title='bbox 3157 5026 3347 5079; x_wconf 87' lang='lat' dir='ltr'><strong>merito</strong></span> <span class='ocrx_word' id='word_1_938' title='bbox 3375 5025 3465 5079; x_wconf 90' lang='lat' dir='ltr'><strong>tibi</strong></span> <span class='ocrx_word' id='word_1_939' title='bbox 3493 5024 3725 5094; x_wconf 81' lang='lat' dir='ltr'><strong>dicitur,</strong></span> 
     </span>
    </p>
   </div>
   <div class='ocr_carea' id='block_1_114' title="bbox 2128 5103 3730 5190">
    <p class='ocr_par' dir='ltr' id='par_1_114' title="bbox 2128 5103 3730 5190">
     <span class='ocr_line' id='line_1_114' title="bbox 2128 5103 3730 5190; baseline -0.001 -17"><span class='ocrx_word' id='word_1_940' title='bbox 2128 5120 2271 5190; x_wconf 78' lang='lat' dir='ltr'><strong>Ejice</strong></span> <span class='ocrx_word' id='word_1_941' title='bbox 2292 5119 2509 5190; x_wconf 86' lang='lat' dir='ltr'><strong>primum</strong></span> <span class='ocrx_word' id='word_1_942' title='bbox 2541 5121 2729 5173; x_wconf 84' lang='lat' dir='ltr'><strong>trabem</strong></span> <span class='ocrx_word' id='word_1_943' title='bbox 2755 5119 2818 5172; x_wconf 86' lang='lat' dir='ltr'><strong>de</strong></span> <span class='ocrx_word' id='word_1_944' title='bbox 2841 5120 2987 5173; x_wconf 88' lang='lat' dir='ltr'><strong>oculo</strong></span> <span class='ocrx_word' id='word_1_945' title='bbox 3011 5130 3118 5183; x_wconf 81' lang='lat' dir='ltr'><strong>tuo,</strong></span> <span class='ocrx_word' id='word_1_946' title='bbox 3150 5128 3195 5172; x_wconf 87' lang='lat' dir='ltr'><strong>et</strong></span> <span class='ocrx_word' id='word_1_947' title='bbox 3222 5119 3294 5172; x_wconf 82' lang='lat' dir='ltr'><strong>sic</strong></span> <span class='ocrx_word' id='word_1_948' title='bbox 3322 5103 3508 5171; x_wconf 77' lang='lat' dir='ltr'><strong>videbis</strong></span> <span class='ocrx_word' id='word_1_949' title='bbox 3531 5118 3730 5187; x_wconf 69' lang='lat' dir='ltr'><strong>ejicere</strong></span> 
     </span>
    </p>
   </div>
   <div class='ocr_carea' id='block_1_115' title="bbox 2128 5208 3733 5281">
    <p class='ocr_par' dir='ltr' id='par_1_115' title="bbox 2128 5208 3733 5281">
     <span class='ocr_line' id='line_1_115' title="bbox 2128 5208 3733 5281; baseline -0.002 -17"><span class='ocrx_word' id='word_1_950' title='bbox 2128 5214 2366 5281; x_wconf 77' lang='lat' dir='ltr'><strong>festucam</strong></span> <span class='ocrx_word' id='word_1_951' title='bbox 2392 5211 2454 5263; x_wconf 88' lang='lat' dir='ltr'><strong>de</strong></span> <span class='ocrx_word' id='word_1_952' title='bbox 2479 5211 2625 5263; x_wconf 89' lang='lat' dir='ltr'><strong>oculo</strong></span> <span class='ocrx_word' id='word_1_953' title='bbox 2650 5208 2824 5279; x_wconf 79' lang='lat' dir='ltr'><strong>fratris</strong></span> <span class='ocrx_word' id='word_1_954' title='bbox 2853 5210 2924 5262; x_wconf 82' lang='lat' dir='ltr'><strong>tui</strong></span> <span class='ocrx_word' id='word_1_955' title='bbox 2949 5208 3163 5279; x_wconf 78' lang='lat' dir='ltr'><strong>(Matth.</strong></span> <span class='ocrx_word' id='word_1_956' title='bbox 3192 5210 3244 5273; x_wconf 87' lang='lat'><strong>7,</strong></span> <span class='ocrx_word' id='word_1_957' title='bbox 3274 5209 3355 5278; x_wconf 80' lang='lat'><strong>5).</strong></span> <span class='ocrx_word' id='word_1_958' title='bbox 3384 5208 3513 5263; x_wconf 84' lang='lat' dir='ltr'><strong>Nam</strong></span> <span class='ocrx_word' id='word_1_959' title='bbox 3532 5219 3590 5263; x_wconf 91' lang='lat' dir='ltr'><strong>ut</strong></span> <span class='ocrx_word' id='word_1_960' title='bbox 3616 5225 3733 5265; x_wconf 74' lang='lat' dir='ltr'><strong>nu.</strong></span> 
     </span>
    </p>
   </div>
   <div class='ocr_carea' id='block_1_116' title="bbox 2125 5298 3721 5370">
    <p class='ocr_par' dir='ltr' id='par_1_116' title="bbox 2125 5298 3721 5370">
     <span class='ocr_line' id='line_1_116' title="bbox 2125 5298 3721 5370; baseline 0.002 -17"><span class='ocrx_word' id='word_1_961' title='bbox 2125 5301 2306 5355; x_wconf 88' lang='lat' dir='ltr'><strong>veritis</strong></span> <span class='ocrx_word' id='word_1_962' title='bbox 2335 5311 2589 5370; x_wconf 86' lang='lat' dir='ltr'><strong>quantum</strong></span> <span class='ocrx_word' id='word_1_963' title='bbox 2619 5299 2825 5353; x_wconf 88' lang='lat' dir='ltr'><strong>intersit</strong></span> <span class='ocrx_word' id='word_1_964' title='bbox 2854 5298 2991 5353; x_wconf 89' lang='lat' dir='ltr'><strong>inter</strong></span> <span class='ocrx_word' id='word_1_965' title='bbox 3032 5300 3165 5353; x_wconf 90' lang='lat' dir='ltr'><strong>iram</strong></span> <span class='ocrx_word' id='word_1_966' title='bbox 3199 5300 3461 5354; x_wconf 82' lang='lat' dir='ltr'><strong>etodium</strong></span> <span class='ocrx_word' id='word_1_967' title='bbox 3491 5317 3505 5351; x_wconf 90' lang='lat'><strong>:</strong></span> <span class='ocrx_word' id='word_1_968' title='bbox 3537 5305 3721 5368; x_wconf 50' lang='grc' dir='ltr'>ιιιιοιίν</span> 
     </span>
    </p>
   </div>
   <div class='ocr_carea' id='block_1_117' title="bbox 2125 5391 3733 5463">
    <p class='ocr_par' dir='ltr' id='par_1_117' title="bbox 2125 5391 3733 5463">
     <span class='ocr_line' id='line_1_117' title="bbox 2125 5391 3733 5463; baseline 0.001 -15"><span class='ocrx_word' id='word_1_969' title='bbox 2125 5396 2211 5448; x_wconf 88' lang='lat' dir='ltr'><strong>die</strong></span> <span class='ocrx_word' id='word_1_970' title='bbox 2242 5395 2483 5448; x_wconf 86' lang='lat' dir='ltr'><strong>homines</strong></span> <span class='ocrx_word' id='word_1_971' title='bbox 2514 5394 2812 5447; x_wconf 88' lang='lat' dir='ltr'><strong>irascuntur</strong></span> <span class='ocrx_word' id='word_1_972' title='bbox 2851 5391 2974 5447; x_wconf 80' lang='lat' dir='ltr'><strong>ﬁliis</strong></span> <span class='ocrx_word' id='word_1_973' title='bbox 3017 5392 3167 5456; x_wconf 88' lang='lat' dir='ltr'><strong>suis;</strong></span> <span class='ocrx_word' id='word_1_974' title='bbox 3219 5391 3343 5446; x_wconf 90' lang='lat' dir='ltr'><strong>date</strong></span> <span class='ocrx_word' id='word_1_975' title='bbox 3382 5393 3472 5463; x_wconf 91' lang='lat' dir='ltr'><strong>qui</strong></span> <span class='ocrx_word' id='word_1_976' title='bbox 3500 5393 3733 5450; x_wconf 84' lang='lat' dir='ltr'><strong>oderint</strong></span> 
     </span>
    </p>
   </div>
   <div class='ocr_carea' id='block_1_118' title="bbox 2128 5482 3729 5552">
    <p class='ocr_par' dir='ltr' id='par_1_118' title="bbox 2128 5482 3729 5552">
     <span class='ocr_line' id='line_1_118' title="bbox 2128 5482 3729 5552; baseline -0.002 -12"><span class='ocrx_word' id='word_1_977' title='bbox 2128 5488 2262 5541; x_wconf 89' lang='lat' dir='ltr'><strong>filios</strong></span> <span class='ocrx_word' id='word_1_978' title='bbox 2293 5499 2438 5539; x_wconf 89' lang='lat' dir='ltr'><strong>suos.</strong></span> <span class='ocrx_word' id='word_1_979' title='bbox 2489 5484 2844 5539; x_wconf 81' lang='lat' dir='ltr'><strong>Conturbatus</strong></span> <span class='ocrx_word' id='word_1_980' title='bbox 2883 5484 2982 5537; x_wconf 89' lang='lat' dir='ltr'><strong>istc</strong></span> <span class='ocrx_word' id='word_1_981' title='bbox 3028 5482 3216 5537; x_wconf 86' lang='lat' dir='ltr'><strong>orabat</strong></span> <span class='ocrx_word' id='word_1_982' title='bbox 3256 5493 3309 5536; x_wconf 92' lang='lat' dir='ltr'><strong>et</strong></span> <span class='ocrx_word' id='word_1_983' title='bbox 3344 5483 3729 5552; x_wconf 81' lang='lat' dir='ltr'><strong>contristatus,</strong></span> 
     </span>
    </p>
   </div>
   <div class='ocr_carea' id='block_1_119' title="bbox 2125 5574 3728 5632">
    <p class='ocr_par' dir='ltr' id='par_1_119' title="bbox 2125 5574 3728 5632">
     <span class='ocr_line' id='line_1_119' title="bbox 2125 5574 3728 5632; baseline -0.001 -1"><span class='ocrx_word' id='word_1_984' title='bbox 2125 5579 2330 5631; x_wconf 83' lang='lat' dir='ltr'><strong>luctans</strong></span> <span class='ocrx_word' id='word_1_985' title='bbox 2370 5576 2625 5629; x_wconf 89' lang='lat' dir='ltr'><strong>adversus</strong></span> <span class='ocrx_word' id='word_1_986' title='bbox 2666 5577 2842 5628; x_wconf 88' lang='lat' dir='ltr'><strong>omnia</strong></span> <span class='ocrx_word' id='word_1_987' title='bbox 2891 5576 3125 5630; x_wconf 85' lang='lat' dir='ltr'><strong>convicia</strong></span> <span class='ocrx_word' id='word_1_988' title='bbox 3164 5574 3400 5628; x_wconf 86' lang='lat' dir='ltr'><strong>omnium</strong></span> <span class='ocrx_word' id='word_1_989' title='bbox 3440 5577 3728 5632; x_wconf 82' lang='lat' dir='ltr'><strong>convicia-</strong></span> 
     </span>
    </p>
   </div>
   <div class='ocr_carea' id='block_1_120' title="bbox 2128 5665 3726 5735">
    <p class='ocr_par' dir='ltr' id='par_1_120' title="bbox 2128 5665 3726 5735">
     <span class='ocr_line' id='line_1_120' title="bbox 2128 5665 3726 5735; baseline 0.001 -14"><span class='ocrx_word' id='word_1_990' title='bbox 2128 5678 2297 5721; x_wconf 83' lang='lat' dir='ltr'><strong>torum</strong></span> <span class='ocrx_word' id='word_1_991' title='bbox 2324 5685 2337 5731; x_wconf 86' lang='lat'><strong>;</strong></span> <span class='ocrx_word' id='word_1_992' title='bbox 2371 5682 2474 5720; x_wconf 91' lang='lat' dir='ltr'><strong>non</strong></span> <span class='ocrx_word' id='word_1_993' title='bbox 2507 5677 2562 5718; x_wconf 89' lang='lat' dir='ltr'><strong>ut</strong></span> <span class='ocrx_word' id='word_1_994' title='bbox 2591 5666 2820 5735; x_wconf 88' lang='lat' dir='ltr'><strong>aliquem</strong></span> <span class='ocrx_word' id='word_1_995' title='bbox 2868 5680 3051 5721; x_wconf 88' lang='lat' dir='ltr'><strong>eorum</strong></span> <span class='ocrx_word' id='word_1_996' title='bbox 3097 5665 3395 5721; x_wconf 86' lang='lat' dir='ltr'><strong>convicium</strong></span> <span class='ocrx_word' id='word_1_997' title='bbox 3429 5666 3726 5723; x_wconf 68' lang='lat' dir='ltr'><strong>referendo</strong></span> 
     </span>
    </p>
   </div>
   <div class='ocr_carea' id='block_1_121' title="bbox 2190 5779 3108 5840">
    <p class='ocr_par' dir='ltr' id='par_1_121' title="bbox 2190 5779 3108 5840">
     <span class='ocr_line' id='line_1_121' title="bbox 2190 5779 3108 5840; baseline -0.002 -12"><span class='ocrx_word' id='word_1_998' title='bbox 2190 5781 2207 5811; x_wconf 80' lang='grc'>¹</span> <span class='ocrx_word' id='word_1_999' title='bbox 2244 5779 2372 5840; x_wconf 80' lang='lat' dir='ltr'><strong>Edd.,</strong></span> <span class='ocrx_word' id='word_1_1000' title='bbox 2399 5786 2628 5830; x_wconf 71' lang='lat' dir='ltr'><strong>(wertere.</strong></span> <span class='ocrx_word' id='word_1_1001' title='bbox 2657 5787 2710 5828; x_wconf 77' lang='grc' dir='ltr'>Αι</span> <span class='ocrx_word' id='word_1_1002' title='bbox 2735 5785 2862 5839; x_wconf 70' lang='lat' dir='ltr'><strong>Mss,</strong></span> <span class='ocrx_word' id='word_1_1003' title='bbox 2881 5784 3108 5830; x_wconf 83' lang='lat' dir='ltr'><strong>evertere.</strong></span> 
     </span>
    </p>
   </div>
  </div>
