4004 6200
280 355 386 411 635

277 475 534 540 vinceret,
585 477 679 533 sed
721 493 788 534 ne
828 479 1056 551 aliquem
1084 495 1264 536 eorum
1303 477 1524 535 odisset.
1560 476 1693 532 llinc
1715 483 1851 536 orat,

279 564 402 621 hinc
439 567 587 635 petit.
618 569 661 622 A
689 585 805 624 voce
827 571 1033 634 inimici,
1081 582 1127 626 et
1151 588 1182 623 a
1206 569 1525 634 tribulatione
1550 565 1822 638 peccatoris
1841 579 1859 616 :

275 659 515 726 quoniam
559 658 931 714 declinaverunt
981 663 1034 714 in
1075 678 1154 715 me
1199 661 1529 731 iniquitatem,
1593 671 1639 714 et
1682 659 1734 710 in
1781 657 1859 711 ira

275 748 642 804 adumbrabant
681 767 778 804 me.
826 750 924 806 Cor
967 768 1129 806 meum
1178 751 1529 805 conturbatum
1563 761 1634 804 est
1663 751 1716 802 in
1757 766 1853 802 me.

276 840 390 895 lloc
415 849 496 895 est
525 839 652 895 illud
675 842 799 895 alibi
828 841 1023 896 dictum
1051 861 1064 896 :
1098 841 1348 896 Turbatus
1367 853 1437 896 est
1459 857 1564 910 prce
1583 845 1659 894 ira
1685 839 1859 893 oculus

278 949 417 988 meus
442 933 609 1005 (Psal.
641 949 715 1000 vn,
747 933 822 1006 8).
848 934 914 988 Et
939 934 981 988 si
1009 935 1193 990 oculus
1224 935 1460 989 turbatus
1480 944 1579 1004 est.
1609 934 1735 1003 quid
1770 948 1859 987 se-

273 1028 498 1097 quitur?
526 1027 594 1082 Et
619 1039 775 1083 metus
804 1030 975 1084 mortis
1012 1029 1188 1082 cecidit
1225 1044 1372 1098 super
1397 1045 1493 1082 me.
1535 1027 1651 1080 Vita
1679 1035 1858 1080 nostra

273 1119 492 1175 dilectio
534 1131 614 1175 est
645 1138 658 1173 :
705 1121 750 1175 si
778 1121 880 1174 vita
911 1120 1147 1185 dilectio,
1197 1135 1342 1175 mors
1367 1120 1546 1175 odium
1583 1129 1683 1174 est.
1727 1119 1856 1170 Cum

273 1212 502 1282 coeperit
525 1213 685 1267 homo
713 1213 900 1267 timere
936 1228 1001 1268 ne
1022 1212 1193 1266 oderit
1221 1227 1377 1280 quem
1400 1211 1672 1280 diligebat,
1711 1225 1858 1263 mor-

275 1311 384 1358 tem
415 1304 598 1370 timet;
640 1313 694 1358 ct
719 1304 976 1358 acriorem
1018 1313 1266 1366 mortem,
1299 1313 1352 1357 et
1379 1303 1686 1357 interiorem
1718 1316 1857 1354 mor-

277 1404 408 1460 tem,
453 1411 554 1465 qua
593 1394 852 1450 occiditur
894 1395 1090 1462 anima,
1132 1410 1236 1448 non
1271 1409 1482 1464 corpus.
1536 1392 1860 1450 Attendebas

276 1484 549 1540 hominem
580 1486 884 1540 saevientem
910 1487 961 1540 in
983 1496 1033 1542 te
1058 1503 1068 1538 :
1102 1485 1226 1558 quid
1249 1495 1363 1540 erat
1391 1484 1648 1553 facturus,
1676 1492 1858 1539 contra

275 1594 434 1646 quem
465 1577 555 1631 tibi
579 1578 916 1632 securitatem
945 1587 1065 1632 tuus
1097 1578 1350 1631 Dominus
1380 1576 1618 1639 dederat,
1651 1575 1857 1636 dicens,

279 1670 457 1724 Nolite
491 1671 662 1723 timere
693 1686 776 1724 eos
811 1670 895 1738 qui
925 1687 1108 1739 corpus
1135 1670 1368 1724 occidunt
1408 1667 1619 1738 (Matth.
1649 1684 1701 1732 κ,
1729 1665 1860 1735 28)?

201 1767 204 1778 '
284 1763 377 1818 Ille
403 1761 673 1817 sazviendo
687 1777 879 1831 corpus
897 1762 1107 1826 occidit,
1135 1771 1191 1815 tu
1216 1762 1339 1816 odio
1359 1760 1608 1816 habendo
1627 1760 1858 1812 animam

279 1853 560 1918 occidisti;
600 1865 656 1908 et
683 1853 769 1906 ille
793 1867 986 1922 corpus
1025 1853 1279 1915 alienum,
1333 1863 1385 1906 tu
1423 1852 1650 1906 animant
1693 1861 1857 1904 tuam.

283 1945 447 1998 Metus
468 1960 595 2015 ergo
624 1945 798 1998 mortis
821 1944 996 1997 cecidit
1023 1961 1171 2012 super
1195 1961 1292 1996 me.

349 2038 402 2092 8.
447 2036 594 2110 [νει-ε.
629 2033 773 2108 6-8.]
817 2034 993 2088 Timor
1023 2045 1067 2088 et
1108 2045 1290 2088 trentor
1313 2043 1550 2087 uenerunt
1587 2049 1739 2101 super
1759 2048 1856 2098 me,

279 2139 322 2182 et
345 2137 674 2182 contexerant
703 2143 780 2180 me
817 2128 1049 2181 tenebrae.
1082 2124 1148 2178 Et
1177 2125 1302 2179 dixi.
1331 2125 1430 2192 Qui
1459 2124 1606 2179 audit
1640 2123 1858 2178 fratrem

280 2237 458 2286 suum,
491 2221 542 2274 in
575 2218 806 2274 tenebris
834 2227 916 2273 est
943 2232 1110 2287 usque
1139 2217 1331 2270 adhuc.
1359 2215 1413 2271 Si
1443 2215 1654 2270 dilectio
1683 2215 1858 2268 lumen

281 2325 384 2378 est,
417 2313 596 2368 odium
644 2311 874 2366 teuehra:
904 2310 948 2381 (l
981 2308 1136 2363 Joan.
1169 2324 1227 2374 ιι,
1260 2308 1438 2376 9-H).
1490 2307 1557 2361 Et
1599 2305 1722 2376 quid
1763 2305 1859 2360 sibi

281 2409 358 2460 ait
383 2407 435 2460 in
467 2406 548 2459 illa
592 2403 896 2458 inﬁrmitate
931 2403 1152 2472 positus,
1203 2409 1258 2456 et
1286 2401 1338 2454 in
1371 2401 1458 2455 illa
1484 2398 1862 2454 exercitatione

283 2498 563 2553 turbatus?
608 2497 730 2563 Quis
769 2494 906 2549 dabit
950 2495 1072 2547 mihi
1116 2510 1305 2564 pennas
1345 2493 1471 2547 sicut
1514 2491 1774 2554 columine,
1817 2498 1862 2544 et

280 2591 481 2656 volabo,
507 2599 552 2642 et
570 2587 913 2658 requiescam?
937 2587 1038 2638 Aut
1063 2594 1286 2638 mortem
1309 2584 1541 2654 optabat,
1568 2592 1657 2636 aut
1677 2581 1858 2635 solitu-

281 2685 461 2738 dinem
478 2680 830 2737 desiderabat.
853 2678 1132 2747 Quamdiu,
1154 2677 1342 2747 inquit,
1367 2677 1417 2730 id
1439 2690 1644 2730 mecum
1668 2676 1860 2744 agitur,

283 2775 334 2830 id
366 2774 493 2828 mihi
525 2773 824 2843 praecipitur
846 2781 901 2824 ut
925 2769 1166 2824 inimicos
1191 2768 1428 2838 diligam,
1459 2768 1696 2822 convicia
1732 2767 1862 2820 isto-

280 2887 401 2924 rum
453 2865 839 2922 crebrescentia
884 2873 937 2918 et
985 2863 1350 2938 adumbrantia
1397 2877 1502 2925 me,
1529 2869 1866 2916 commovent

279 2960 495 3015 oculum
546 2973 740 3022 meum,
784 2954 1094 3026 perturbant
1135 2954 1309 3008 lumen
1349 2969 1561 3018 meum,
1611 2958 1866 3020 appetunt

279 3067 378 3105 cor
425 3065 624 3115 meum,
679 3047 1001 3101 interﬁciunt
1050 3047 1280 3100 animam
1331 3060 1524 3099 meam.
1566 3043 1767 3098 Vellem
1810 3052 1866 3098 ut

280 3143 507 3206 abirem,
539 3139 631 3194 sed
660 3139 898 3193 inﬁrmus
919 3153 1055 3201 sum,
1094 3155 1162 3193 ne
1194 3137 1455 3192 manendo
1482 3151 1703 3207 augeam
1734 3150 1863 3204 pec-

277 3245 398 3289 cata
423 3234 688 3302 peccatis:
719 3241 808 3286 aut
825 3242 970 3286 certe
993 3245 1270 3300 separarer
1306 3231 1571 3300 paululum
1606 3243 1639 3286 α
1666 3244 1864 3300 genere

282 3330 539 3391 humano,
569 3342 635 3381 ne
665 3325 893 3396 patiatur
911 3326 1103 3378 vulnus
1129 3341 1302 3378 meum
1331 3325 1548 3380 crebras
1575 3324 1771 3394 plagas,
1806 3333 1865 3378 ut

278 3429 526 3472 sanatum
570 3417 929 3472 exercitationi
970 3415 1241 3470 reddatur.
1283 3416 1367 3468 Fit
1408 3415 1529 3473 hoc.
1569 3414 1779 3482 fratres,
1809 3423 1864 3470 et

279 3512 453 3579 Surgit
482 3510 792 3579 plerumque
835 3509 884 3560 in
915 3507 1092 3562 animo
1121 3507 1258 3562 servi
1289 3507 1384 3561 Dei
1421 3505 1742 3560 desiderium
1770 3520 1862 3559 so-

280 3603 541 3664 litudinis,
591 3616 698 3654 non
727 3600 794 3653 ob
822 3599 962 3654 aliud
1005 3599 1104 3653 nisi
1137 3607 1352 3668 pr0pter
1396 3599 1601 3652 turbam
1646 3598 1864 3651 tribula-

282 3699 488 3751 tionum
515 3705 567 3749 et
590 3692 982 3757 scandalorutn,
1010 3702 1063 3746 et
1085 3692 1211 3746 dicit
1237 3707 1249 3742 :
1280 3691 1403 3756 Quis
1432 3691 1556 3744 mihi
1585 3691 1722 3744 dabit
1742 3707 1862 3758 pen-

279 3787 418 3839 nas?
447 3783 600 3838 Videt
635 3797 694 3837 se
732 3783 846 3837 sine
873 3781 1083 3852 pennis,
1125 3796 1193 3835 an
1229 3781 1402 3849 potius
1439 3780 1612 3848 ligatis
1639 3779 1862 3848 pennis?

280 3880 338 3933 Si
372 3878 588 3942 desunt,
616 3874 846 3938 dentur;
896 3874 940 3928 si
979 3874 1149 3942 ligatae
1189 3879 1332 3937 sunt,
1379 3871 1697 3926 solvantur:
1741 3871 1861 3938 quia

283 3975 454 4026 etiam
497 3970 586 4039 qui
629 3968 785 4023 solvit
821 3981 1023 4036 pennas
1059 3965 1162 4027 avi,
1212 3974 1301 4018 aut
1329 3965 1418 4018 dat
1449 3974 1540 4020 aut
1587 3964 1760 4020 reddit
1785 3965 1861 4017 illi

282 4078 490 4131 peruias
517 4076 660 4116 suas.
715 4059 827 4114 Non
866 4059 1007 4113 enim
1040 4057 1270 4111 habebat
1301 4073 1390 4110 eas
1431 4065 1681 4126 tanquam
1712 4072 1858 4122 suas,

275 4156 478 4224 quibus
506 4153 684 4206 volare
725 4167 830 4205 non
871 4159 1093 4218 poterat.
1143 4148 1338 4219 Ligatze
1386 4164 1571 4218 pennas
1608 4164 1744 4203 onus
1783 4149 1862 4202 fa-

270 4246 451 4300 ciunt.
486 4245 631 4312 Quis,
670 4243 858 4313 inquit,
891 4241 1026 4295 dabit
1057 4241 1180 4293 mihi
1210 4257 1399 4311 pennas
1435 4240 1562 4294 sicut
1596 4241 1859 4308 columba),

276 4350 324 4391 et
350 4337 552 4400 volabo,
591 4345 636 4390 et
662 4336 1002 4406 requiescam?
1032 4334 1365 4402 Requiescet,
1410 4333 1541 4387 ubi?
1581 4333 1724 4388 Duos
1753 4335 1860 4388 dixi

189 4457 202 4470 -
279 4443 475 4486 seusUs
501 4429 587 4484 hic
624 4443 744 4484 esse
775 4447 786 4482 :
812 4435 902 4480 aut
936 4428 1072 4480 sicut
1100 4425 1172 4479 ait
1196 4426 1498 4494 Apostolus,
1544 4424 1780 4490 Dissolvi,
1815 4436 1862 4480 et

279 4541 395 4577 esse
415 4540 527 4576 cum
553 4522 771 4582 Christo,
803 4521 958 4573 multo
983 4519 1113 4571 enim
1147 4519 1305 4587 utagis
1344 4518 1607 4586 optimum.
1650 4517 1860 4573 Etenim

283 4626 340 4668 et
379 4617 488 4684 ipse
529 4613 773 4683 quamvis
817 4610 984 4675 fortis,
1032 4610 1276 4680 quamvis
1326 4612 1568 4677 magnus,
1620 4611 1862 4677 quamvis

279 4709 446 4763 corde
470 4706 885 4767 robustissimus,
931 4704 1177 4774 quamvis
1217 4702 1268 4755 in
1292 4700 1503 4754 Christo
1533 4700 1686 4755 miles
1725 4703 1855 4756 invi-

277 4814 420 4862 etus,
449 4799 499 4852 in
528 4797 904 4852 exercitatione
933 4810 1048 4859 sua,
1076 4802 1329 4862 quantum
1352 4791 1592 4860 legimus,
1636 4800 1858 4848 contur-

284 4895 435 4945 batus
483 4898 584 4950 est.
619 4898 672 4944 et
705 4888 820 4942 ait:
866 4885 943 4938 De
971 4896 1149 4939 ecetero
1187 4898 1329 4936 nemo
1369 4875 1491 4934 inihi
1536 4884 1768 4938 molestus
1796 4887 1859 4938 sit

311 4982 426 5035 Gal.
453 4998 526 5044 vn,
555 4981 665 5043 l7).
694 4978 964 5047 Tanquam
1003 4978 1202 5030 diceret
1238 4975 1304 5028 de
1350 4972 1438 5026 illo
1477 4973 1716 5040 psolmo:
1749 4975 1858 5029 Ta:-

297 5074 419 5125 .ium
448 5073 657 5126 detinuit
684 5088 762 5124 me
799 5088 829 5123 a
856 5068 1194 5141 peccatoribus
1221 5068 1672 5138 derclinquentibus
1699 5069 1855 5139 legem

273 5179 418 5218 tuam
453 5163 620 5233 (Psal.
655 5178 833 5225 cxvut,
864 5163 972 5231 55).
1004 5159 1240 5214 Conatur
1278 5175 1405 5229 ergo
1434 5159 1594 5213 homo
1623 5160 1854 5229 plerum-

270 5272 381 5326 que
406 5254 673 5323 corrigere
703 5251 947 5306 homines
974 5249 1246 5314 distortos,
1281 5264 1489 5318 pravos,
1532 5251 1856 5319 pertinentes

269 5345 492 5416 quidem
517 5344 582 5398 ad
611 5359 792 5399 curam
819 5357 990 5403 suam,
1032 5339 1124 5394 sed
1156 5342 1206 5394 iu
1231 5341 1421 5411 quibus
1447 5342 1660 5398 deﬁciat
1682 5345 1853 5398 onmis

269 5441 508 5494 humana
538 5435 792 5491 industria
819 5443 873 5489 et
900 5433 1162 5503 vigilantia
1191 5451 1202 5484 :
1232 5434 1497 5504 corrigere
1523 5451 1625 5488 non
1656 5445 1848 5504 potest,

267 5534 381 5601 pati
412 5546 631 5585 necesse
664 5539 763 5584 est.
816 5528 880 5582 Et
907 5527 994 5597 qui
1037 5527 1228 5596 corrigi
1260 5543 1361 5580 non
1391 5537 1565 5598 potest
1598 5541 1718 5582 tuus
1745 5539 1845 5592 est,

264 5635 364 5677 aut
386 5623 654 5677 consortio
673 5620 882 5690 generis
901 5619 1134 5680 humani,
1160 5629 1250 5673 aut
1269 5620 1576 5690 plerumque
1593 5621 1844 5675 ecclesia-

264 5716 403 5770 stica
430 5713 836 5775 communione;
889 5712 1028 5764 intus
1049 5713 1147 5773 est,
1181 5710 1301 5777 quid
1335 5711 1534 5763 facies?
1577 5727 1682 5779 quo
1711 5711 1845 5764 ibis?

276 5823 379 5876 quo
420 5819 468 5862 te
500 5805 788 5877 separabis,
820 5814 875 5859 ut
905 5807 1000 5857 ista
1050 5817 1153 5856 non
1189 5803 1442 5872 lellll'la?
1493 5802 1594 5858 Sed
1638 5804 1836 5865 adeszn,

1388 317 1810 417 ἐιιιιιιιιιτιο
1851 352 1913 408 IN
1957 353 2272 414 essurus
2314 359 2444 415 LIV.

3434 379 3539 436 654

1969 470 2208 544 loquere,
2250 477 2551 544 exhortor-0,
2587 480 2848 552 blandire,
2882 487 3104 553 minare,
3140 493 3368 564 corripe.
3418 497 3540 554 Feci

1965 566 2162 626 omnia,
2206 566 2456 636 quidquid
2489 570 2674 626 virium
2708 573 2862 630 habui
2895 577 3126 648 impendi
3175 593 3229 637 et
3271 591 3540 655 expressi.

1966 654 2096 708 nihil
2129 671 2212 709 me
2232 657 2382 711 video
2410 660 2694 729 profecisse
2719 684 2732 730 ;
2761 669 2934 722 omnis
2960 685 3120 738 opera
3151 654 3412 746 insumpta
3435 691 3540 746 est,

1964 746 2118 800 dolor
2143 751 2414 803 remansit.
2448 751 2725 819 Quomodo
2751 773 2878 828 ergo
2914 763 3209 831 requiescet
3237 782 3330 822 cor
3365 785 3540 826 meum

1964 854 1993 893 a
2023 839 2235 902 talibus,
2267 843 2364 896 uisi
2397 855 2451 897 ut
2471 846 2663 911 dicam,
2691 848 2814 914 Quis
2843 853 2978 906 dabit
3003 857 3126 909 mihi
3154 864 3390 927 pennas?
3414 866 3544 920 sicut

1964 931 2208 986 columbte
2233 944 2428 998 tamen,
2463 953 2567 990 non
2586 939 2721 993 sicut
2740 956 2918 997 corvo.
2947 944 3200 1003 Columba
3232 967 3259 1004 a
3287 943 3544 1012 molestiis

1964 1027 2150 1092 qu:crit
2172 1028 2543 1092 avolationem,
2577 1031 2670 1086 sed
2697 1049 2799 1087 non
2828 1038 3020 1093 amittit
3043 1040 3399 1100 dilectionem.
3440 1048 3549 1102 Co-

1963 1117 2138 1174 lumba
2171 1123 2312 1176 enim
2359 1140 2453 1192 pro
2497 1128 2648 1194 signo
2693 1128 2991 1186 dilectionis
3035 1136 3264 1204 ponitur,
3322 1150 3374 1195 et
3402 1143 3452 1196 in
3481 1159 3543 1200 ea

1962 1213 2190 1304 gemitus
2217 1226 2443 1271 amatur.
2490 1219 2629 1274 Nihil
2661 1229 2765 1275 tam
2793 1225 3019 1279 amicum
3064 1232 3345 1297 gemitibus
3383 1250 3540 1304 quam

1963 1303 2207 1359 columba
2234 1323 2245 1357 :
2273 1307 2358 1360 die
2381 1319 2640 1380 noctuque
2661 1315 2842 1383 gemit,
2879 1327 3122 1386 tanquam
3153 1319 3235 1375 hic
3263 1303 3426 1388 posita
3453 1326 3540 1380 ubi

1963 1394 2280 1462 gemendum
2308 1407 2408 1450 est.
2452 1399 2584 1464 Quid
2612 1417 2739 1472 ergo
2769 1405 2896 1460 dicit
2925 1406 3023 1461 iste
3049 1409 3310 1465 dilector?
3352 1414 3545 1471 Convi-

1963 1484 2042 1536 cia
2075 1484 2344 1539 hominum
2372 1487 2509 1544 ferre
2538 1507 2642 1544 non
2670 1509 2902 1561 possum,
2932 1499 3179 1565 stridunt,
3203 1504 3344 1562 rabie
3367 1505 3547 1561 ferun-

1966 1582 2070 1639 tur,
2121 1577 2485 1633 accenduntur
2522 1581 2814 1651 iracundia,
2861 1588 2912 1640 in
2960 1591 3032 1642 ira
3073 1593 3392 1652 adumbrant
3423 1615 3542 1666 me;

1965 1666 2216 1734 prodesse
2244 1669 2348 1723 illis
2388 1686 2490 1726 non
2532 1689 2746 1743 possum
2776 1695 2788 1730 :
2815 1679 3012 1734 utinam
3045 1689 3373 1753 requiescam
3406 1691 3542 1745 alic-
3573 1679 3588 1694 “

1965 1757 2051 1811 ubi
2097 1758 2165 1812 ab
2189 1761 2266 1814 eis
2292 1774 2566 1830 separatus
2609 1781 2850 1836 corpore,
2902 1788 3004 1826 non
3036 1792 3248 1844 amore;
3282 1797 3349 1836 ne
3381 1783 3430 1836 in
3459 1799 3546 1840 me

1963 1849 2306 1904 couturbetur
2335 1852 2445 1921 ipsa
2473 1853 2687 1912 dilectio
2713 1877 2725 1911 :
2754 1863 2929 1917 verbis
2960 1866 3094 1920 meis
3113 1880 3166 1923 et
3192 1872 3545 1932 collocutione

1965 1955 2080 1994 mea
2129 1942 2382 2010 prodesse
2408 1961 2512 2000 non
2546 1963 2780 2016 possum,
2838 1955 3040 2011 orando
3081 1975 3176 2028 pro
3205 1963 3282 2016 eis
3323 1964 3542 2023 forsitan

1965 2032 2214 2102 prodero,
2245 2035 2436 2090 Dicunt
2465 2039 2561 2093 ista
2586 2040 2849 2111 homines,
2887 2048 2980 2102 sed
3019 2049 3327 2123 plerumque
3366 2057 3436 2111 ita
3477 2060 3545 2113 li-

1963 2135 2155 2194 gantur
2183 2137 2238 2181 ut
2264 2130 2442 2186 volare
2482 2149 2586 2187 non
2619 2137 2837 2204 possint.
2876 2139 3036 2199 Forte
3065 2147 3204 2200 enim
3229 2164 3334 2204 non
3375 2151 3544 2223 ligan-

1965 2228 2053 2272 tur
2079 2219 2244 2312 visco,
2275 2223 2370 2277 sed
2391 2225 2624 2294 ligantur
2651 2229 2846 2286 ofﬁcio.
2877 2234 2931 2288 Si
2953 2250 3128 2292 autem
3162 2235 3392 2312 ligantur
3416 2219 3542 2302 cura

1966 2319 2022 2406 et
2047 2311 2242 2406 ofﬁcio,
2275 2323 2328 2368 et
2348 2316 2598 2373 deserere
2631 2337 2734 2375 non
2768 2338 3006 2394 possunt,
3033 2311 3219 2388 dicanti
3245 2353 3257 2388 :
3285 2335 3542 2406 Optabam

1967 2402 2190 2470 dissolvi,
2230 2415 2277 2459 et
2305 2423 2411 2461 esse
2436 2426 2550 2462 cum
2579 2412 2797 2481 Christo,
2849 2421 3007 2474 multo
3046 2425 3176 2478 enim
3211 2402 3372 2499 magis
3410 2434 3545 2502 opti-

1967 2511 2134 2595 mum;
2157 2515 2358 2555 manere
2376 2501 2426 2555 in
2442 2519 2592 2558 carne
2611 2511 2941 2565 necessariae:
2963 2527 3168 2585 prapter
3186 2521 3299 2590 vos(
3314 2501 3542 2595 Philipp.

1968 2601 2005 2649 ι,
2037 2585 2125 2682 23,
2158 2588 2270 2656 24).
2298 2591 2554 2648 Columba
2573 2596 2588 2626 ¹
2615 2598 2835 2669 religata
2861 2602 3074 2671 affectu,
3101 2624 3204 2662 non
3237 2585 3543 2682 cupiditate,

1968 2680 2147 2734 volare
2174 2697 2277 2736 non
2321 2693 2529 2753 poterat
2556 2699 2771 2758 propter
2799 2693 3121 2762 implendum
3152 2680 3404 2770 ofﬁcium,
3438 2680 3542 2761 non

1969 2782 2184 2840 propter
2209 2790 2425 2844 parvum
2454 2780 2720 2836 meritum.
2743 2783 2940 2840 Tamen
2967 2787 3285 2845 desiderium
3305 2795 3354 2848 in
3385 2799 3547 2854 corde

1968 2880 2188 2921 necesse
2213 2877 2295 2922 est
2329 2878 2390 2924 ut
2415 2871 2484 2925 sit
2516 2889 2530 2924 :
2574 2889 2673 2928 nec
2711 2876 2906 2944 patitur
2930 2879 3031 2934 hoc
3056 2882 3395 2948 desiderium.
3445 2892 3546 2946 nisi

1968 2957 2054 3050 qui
2072 2961 2292 3027 ceperit
2307 2962 2578 3018 ambulare
2593 2976 2869 3036 angustam
2897 2970 3039 3025 illam
3063 2974 3199 3028 viam
3223 2976 3429 3047 (Matth.
3449 2997 3543 3050 vu,

1970 3048 2057 3117 Μ)
2085 3067 2099 3115 ;
2129 3062 2185 3105 ιιι
2213 3056 2416 3108 noverit
2443 3056 2563 3125 quia
2591 3075 2694 3113 non
2719 3059 2912 3116 desunt
2939 3063 3191 3121 Ecclesiae
3220 3048 3543 3137 persecutio;

1969 3154 2085 3206 nes,
2116 3142 2274 3196 etiam
2307 3145 2356 3198 in
2387 3145 2487 3199 hoc
2510 3155 2748 3218 tempore
2776 3154 2988 3220 quando
3011 3161 3362 3228 tranquillitas
3395 3167 3544 3221 vidc-

1969 3239 2056 3286 tur
2101 3233 2352 3290 Ecclesiae
2387 3237 2456 3291 ab
2489 3237 2573 3293 his
2611 3243 2822 3310 quidem
2873 3252 3360 3321 persecutiouibus,
3413 3274 3548 3328 quas

1967 3333 2226 3396 martyres
2255 3329 2420 3383 nostri
2448 3332 2583 3399 passi
2611 3341 2753 3388 sunt.
2804 3335 2916 3391 Non
2943 3348 3117 3396 autem
3147 3343 3336 3400 desunt
3363 3364 3545 3417 perse-

1967 3420 2226 3484 cutiones,
2265 3419 2384 3487 quia
2411 3437 2594 3476 verum
2625 3435 2707 3478 est
2741 3427 2867 3481 illud
2894 3447 2906 3482 :
2936 3429 3121 3486 Omnes
3148 3437 3237 3502 qui
3268 3440 3438 3492 volunt
3465 3444 3546 3511 pie

1966 3509 2204 3600 ttipereiin
2236 3509 2453 3575 Christo,
2489 3517 2878 3581 persecutionem
2922 3524 3176 3590 patientur
3201 3526 3264 3596 (ΙΙ
3285 3527 3419 3582 Tim.
3463 3509 3541 3600 tu,

1968 3597 2080 3667 12).
2106 3599 2220 3652 Non
2253 3601 2443 3668 pateris
2471 3607 2888 3672 persecutionem
2917 3629 2929 3662 :
2957 3627 3059 3666 non
3085 3615 3160 3667 vis
3187 3617 3270 3684 pie
3292 3619 3468 3675 vivere
3491 3597 3543 3676 in

1967 3689 2200 3744 Christo.
2247 3691 2334 3746 Vis
2381 3695 2604 3763 probare
2635 3714 2816 3753 verum
2858 3717 2978 3756 esse
3021 3707 3160 3773 quod
3201 3709 3398 3764 dictum
3430 3717 3545 3768 est?

1968 3781 2146 3850 Incipe
2172 3783 2256 3850 pie
2291 3784 2469 3839 vivere
2497 3785 2546 3838 in
2573 3787 2804 3844 Christo.
2838 3791 2975 3858 Quid
3003 3804 3104 3860 est,
3151 3799 3236 3866 pie
3270 3801 3447 3856 vivere
3491 3806 3541 3858 in

1965 3871 2216 3927 Christo?
2259 3873 2324 3929 Ut
2345 3877 2606 3943 pertineat
2624 3881 2688 3933 ad
2718 3883 2918 3938 viscera
2946 3889 3031 3939 tua
3053 3891 3191 3956 quod
3218 3891 3290 3944 ait
3317 3890 3544 3962 Aposto-

1966 3964 2050 4019 lus
2081 3979 2096 4016 :
2144 3962 2268 4028 Quis
2293 3966 2599 4035 inﬁrmatur,
2642 3982 2688 4025 et
2714 3989 2804 4044 ego
2828 3992 2928 4029 non
2947 3977 3224 4046 in/irmor?
3262 3987 3372 4054 quis
3395 3979 3545 4042 scan-

1966 4055 2235 4121 dalizatur,
2283 4068 2330 4114 et
2359 4077 2448 4131 ego
2475 4077 2574 4116 non
2617 4081 2736 4118 uror
2774 4067 2836 4134 (ll
2860 4067 2975 4123 Cor.
3006 4087 3077 4138 XI,
3127 4074 3216 4144 29)
3249 4076 3274 4130 ἲ
3303 4078 3542 4135 Aliorum

1968 4145 2319 4217 inﬁrmitates,
2349 4149 2573 4206 aliorum
2605 4157 2871 4224 scandala,
2897 4165 3294 4228 persecutiones
3318 4170 3390 4223 illi
3423 4171 3541 4228 fue-

1967 4249 2109 4292 runt.
2157 4238 2419 4310 Numquid
2471 4259 2597 4315 ergo
2645 4246 2837 4302 desunt
2891 4251 2990 4307 hoc
3038 4259 3312 4326 tempore?
3358 4261 3543 4318 Plures

1967 4330 2238 4386 abundant
2275 4332 2378 4388 illis
2411 4335 2497 4404 qui
2537 4352 2628 4392 eas
2654 4348 2858 4394 curant.
2908 4342 2974 4397 Et
2999 4345 3306 4419 plerumque
3331 4351 3396 4407 de
3424 4353 3542 4406 lou-

1965 4422 2161 4492 ginquo
2183 4424 2390 4478 videtur
2415 4425 2594 4496 homo,
2629 4443 2682 4485 et
2707 4431 2919 4500 dicitur,
2964 4435 3105 4492 Bene
3132 4451 3213 4494 est
3241 4443 3335 4495 illi.
3368 4444 3430 4498 Et
3459 4445 3543 4502 ille

1965 4515 2053 4581 qui
2092 4514 2237 4582 dicit,
2283 4525 2376 4570 aut
2404 4534 2497 4573 sua
2527 4530 2720 4590 gustat,
2772 4533 2826 4578 et
2849 4525 3020 4580 aliena
3054 4545 3156 4583 non
3199 4542 3405 4600 potest;
3453 4549 3543 4592 aut

1965 4608 2101 4676 apud
2151 4623 2211 4663 se
2259 4611 2400 4680 quod
2437 4625 2608 4682 gustet
2649 4631 2753 4670 non
2795 4618 2971 4682 habet,
3016 4630 3068 4674 et
3109 4623 3260 4678 alteri
3286 4631 3539 4695 gustanti,

1964 4697 2073 4751 imo
2098 4698 2373 4758 devoranti
2418 4719 2519 4758 non
2551 4711 2888 4776 compatitnr.
2933 4711 3151 4780 incipiat
3192 4731 3318 4786 ergo
3355 4719 3438 4787 pie
3458 4722 3543 4774 vi-

1964 4804 2088 4844 vere
2115 4791 2167 4844 in
2197 4791 2432 4863 Christo,
2465 4807 2518 4851 et
2549 4801 2734 4866 probet
2761 4803 2903 4869 quod
2924 4802 3116 4858 dicitur
3147 4823 3161 4858 :
3191 4809 3373 4879 incipit
3398 4811 3539 4866 desi-

1962 4881 2150 4938 derare
2188 4900 2408 4954 pennas,
2460 4889 2727 4960 elongare,
2769 4891 2970 4962 fugere,
3018 4907 3316 4956 etmanere
3359 4902 3410 4956 in
3443 4903 3542 4959 de-

1961 4984 2126 5029 serto.

2031 5067 2083 5122 9.
2127 5067 2278 5124 Unde
2314 5071 2453 5124 enim
2495 5075 2707 5140 putatis,
2739 5073 2947 5142 fratres,
2988 5080 3155 5136 servis
3193 5082 3285 5138 Dei
3326 5085 3536 5155 impleta

1960 5175 2079 5214 esse
2107 5159 2359 5215 deserta?
2388 5163 2444 5217 Si
2473 5164 2606 5218 bene
2634 5167 2736 5222 illis
2761 5180 2902 5224 esset
2930 5171 3065 5228 inter
3092 5173 3356 5242 homines,
3390 5194 3537 5232 rece-

1959 5252 2143 5342 derent
2169 5253 2238 5308 ab
2266 5242 2602 5311 hominibus?
2648 5259 2714 5314 Et
2749 5273 2921 5318 tamen
2961 5266 3082 5334 quid
3115 5267 3380 5325 faciuntet
3407 5271 3540 5342 ipsi?

1959 5340 2100 5397 Ecce
2142 5343 2388 5413 elongant
2441 5346 2720 5416 fugientes,
2771 5364 2987 5408 manent
3032 5357 3086 5410 in
3138 5359 3349 5415 deserto
3387 5340 3536 5414 :‘sed

1958 5435 2210 5504 numquid
2240 5437 2536 5508 singillatim
2556 5440 2578 5492 ?
2595 5441 2760 5497 Tenet
2783 5459 2876 5500 eos
2899 5447 3148 5514 Charitas,
3173 5460 3231 5503 ut
3255 5466 3374 5504 cum
3403 5452 3538 5505 mul-

1937 5529 2025 5614 tis
2044 5539 2322 5596 maneant:
2349 5540 2402 5585 et
2425 5532 2492 5586 de
2517 5533 2641 5603 ipsis
2667 5537 2842 5592 multis
2863 5539 3098 5594 existunt
3125 5543 3209 5607 qui
3231 5553 3530 5596 exerceant.

1934 5617 2083 5682 'Quia
2118 5620 2168 5674 in
2206 5622 2348 5675 enini
2373 5628 2779 5694 congregatione
2820 5630 3169 5684 multitudinis
3203 5646 3419 5687 necesse
3452 5645 3534 5689 est

1955 5827 1981 5865 a
2006 5755 2200 5866 \zsgddq
2227 5756 2450 5807 columba
2489 5759 2710 5823 delirum,
2734 5761 2946 5828 religata,
2972 5774 3083 5822 etin;
3111 5766 3266 5825 abest,
3305 5765 3525 5824 delicata,
