4004 6200
435 327 541 386 εδδ

439 457 494 499 ιιι
516 443 843 500 inveniantur
866 441 1008 496 mali.
1043 441 1180 497 Deus
1213 442 1354 498 enim
1382 427 1472 512 qui
1503 440 1647 497 novit
1684 441 2009 497 exercendus

438 553 555 602 nos,
585 538 770 591 miscet
798 536 949 590 nobis
970 542 1023 591 et
1050 551 1156 590 non
1185 546 1631 607 perseveraturos,
1663 547 1753 589 aut
1778 547 1921 590 certe
1941 537 2010 590 ita

436 627 728 691 simulatos,
784 636 841 681 ut
885 642 982 682 nec
1036 627 1401 682 inchoaverint
1446 627 1499 681 in
1529 644 1632 696 quo
1673 642 2010 696 perseverare

437 719 708 785 deberent.
732 717 886 772 Novit
912 719 1051 773 enim
1077 719 1433 773 necessarium
1460 734 1577 774 esse
1606 719 1755 773 nobis
1786 728 1841 772 ut
1870 721 2008 774 lera-

436 825 553 864 mus
582 809 768 873 malos,
809 819 863 864 et
901 808 1140 879 proﬁciat
1175 810 1312 879 quod
1341 809 1459 862 buui
1491 824 1702 873 sumus;
1731 808 2008 879 diiigamus

436 904 697 967 inimicos,
720 903 1083 972 corripiemus,
1107 903 1442 971 castigemus,
1469 901 2005 965 cxcounnunicemus,

432 1009 553 1049 cum
583 994 863 1049 dilectione
886 1009 914 1047 a
943 993 1093 1049 nobis
1120 994 1273 1047 etiam
1300 1007 1624 1061 separemus.
1660 991 1844 1046 Videte
1864 994 2005 1046 enim

434 1086 558 1156 quid
584 1087 723 1142 dicat
742 1087 1023 1155 ApuSlulus
1054 1104 1067 1140 :
1095 1085 1154 1139 Si
1177 1085 1288 1155 quis
1315 1094 1477 1139 autem
1506 1102 1605 1137 non
1630 1084 1829 1137 obaudit
1858 1086 2003 1138 uerbo

432 1187 600 1232 nostra
620 1194 709 1249 per
734 1178 1014 1248 epistolam,
1047 1176 1179 1229 hunc
1209 1186 1394 1236 notate,
1436 1185 1481 1227 et
1520 1174 1670 1227 nolite
1698 1173 2005 1227 commisceri

427 1286 543 1322 cum
577 1286 650 1322 eo.
706 1268 808 1324 Sed
853 1284 919 1323 ne
946 1269 1256 1336 subreperet
1285 1266 1373 1320 tibi
1405 1282 1467 1320 ex
1509 1265 1607 1318 hoc
1637 1264 1922 1330 iracundia,
1952 1273 2006 1318 et

434 1362 667 1417 turbaret
701 1361 908 1416 oculum
936 1372 1104 1423 tuum,
1136 1359 1273 1424 Non,
1316 1359 1501 1428 inquit,
1533 1368 1584 1411 ut
1610 1358 1866 1411 inimicum
1892 1374 2003 1411 eum

431 1453 751 1516 eaistimetis,
813 1452 902 1506 sed
953 1452 1187 1521 corripite
1236 1460 1290 1504 ut
1341 1453 1586 1520 fratrem,
1650 1456 1704 1500 ut
1753 1447 2003 1501 erubescat

431 1545 496 1615 (ll
542 1545 717 1600 Thess.
746 1562 818 1609 ιιι,
864 1546 973 1612 14).
1008 1546 1045 1598 Α
1076 1561 1180 1614 quo
1218 1543 1403 1598 indixit
1442 1541 1852 1611 separationem,
1897 1556 2002 1605 non

430 1636 669 1707 pra-cidit
692 1636 1046 1692 dilectionem.
1074 1635 1210 1689 Vivit
1238 1633 1328 1689 ille
1355 1633 1560 1696 oculus,
1590 1632 1717 1686 vivit
1751 1631 1859 1685 vita
1891 1640 1998 1684 tua.

430 1728 639 1784 Etenim
664 1728 857 1782 amissa
876 1726 1105 1789 dilectio,
1153 1741 1298 1780 mors
1336 1736 1441 1779 tua.
1488 1724 1631 1778 lianc
1656 1723 1744 1777 ille
1763 1724 2003 1778 amittere

432 1821 602 1878 timuit
629 1821 717 1891 qui
738 1821 870 1876 dixit
897 1837 911 1874 :
948 1820 1111 1875 Metus
1135 1820 1308 1872 mortis
1334 1816 1507 1872 cecidit
1525 1833 1676 1885 super
1696 1832 1792 1868 me.
1822 1814 2002 1885 Itaque

430 1928 498 1969 ne
533 1913 770 1966 antittam
800 1912 1096 1966 dilectionis
1135 1911 1315 1972 vitam,
1354 1910 1463 1974 quis
1488 1908 1624 1962 dabit
1651 1907 1774 1961 mihi
1814 1923 2002 1977 pennas

426 2005 552 2058 sicut
591 2002 851 2071 columbae,
905 2013 950 2057 et
993 2002 1189 2066 volabo,
1228 2013 1272 2052 et
1314 1999 1656 2073 requiescam?
1692 1997 1807 2066 Quo
1834 1997 2001 2052 iturus

428 2098 525 2155 es?
571 2111 676 2165 quo
712 2094 1026 2152 volaturus?
1056 2095 1155 2149 ubi
1188 2093 1564 2162 requieturus?
1606 2088 1734 2143 Ecce
1773 2089 2002 2161 etougari

428 2190 647 2259 fugiens,
669 2198 714 2243 et
731 2189 890 2242 mansi
910 2189 961 2240 in
981 2187 1193 2240 deserto.
1218 2186 1273 2239 In
1290 2199 1393 2255 quo
1413 2183 1655 2238 deserto?
1674 2182 2000 2252 Ubicumque

429 2283 609 2347 lueris,
631 2282 1023 2351 congregabunt
1043 2294 1099 2334 se
1110 2278 1307 2341 cancri,
1324 2277 1590 2335 desertum
1610 2285 1779 2331 tecum
1800 2285 1996 2345 petent,

426 2373 745 2430 allectabtt'nt
765 2374 919 2426 vitam
947 2382 1110 2435 tuam,
1140 2380 1196 2425 tu
1225 2369 1481 2438 repellere
1522 2384 1624 2421 non
1654 2378 1801 2436 potes
1827 2368 1998 2421 socie-

429 2476 587 2521 tatem
618 2466 835 2520 fratrum
866 2482 878 2517 :
910 2464 1198 2519 miscentur
1225 2460 1315 2515 tibi
1345 2461 1501 2514 etiam
1534 2458 1687 2523 tnali;
1718 2458 1889 2513 adlmc
1907 2457 1997 2513 tibi

426 2557 734 2614 exercitatio
759 2556 1001 2612 debetur.
1030 2553 1161 2608 Ecce
1190 2552 1415 2622 elongaui
1438 2551 1657 2623 fugiens,
1681 2558 1727 2604 et
1757 2551 1918 2604 mansi
1945 2551 1998 2604 in

427 2652 639 2707 deserto.
684 2650 739 2704 In
773 2665 879 2719 quo
903 2648 1153 2703 deserto?
1194 2646 1247 2702 Si
1275 2645 1409 2701 forte
1439 2646 1491 2699 in
1520 2644 1863 2708 conscientia,
1893 2657 1998 2711 quo

427 2746 600 2800 nullus
620 2743 892 2798 hominum
915 2742 1095 2807 intrat,
1128 2739 1215 2794 ubi
1246 2753 1402 2794 nemo
1430 2748 1598 2793 tecum
1620 2745 1720 2800 est,
1751 2735 1835 2790 ubi
1861 2744 1915 2790 tu
1943 2744 1999 2790 et

429 2840 567 2894 lleus
586 2836 821 2905 es.,Nam
844 2838 887 2891 si
918 2838 968 2891 in
996 2836 1227 2900 deserto,
1256 2835 1307 2889 in
1332 2835 1507 2903 aliquo
1532 2834 1668 2896 loco,
1695 2833 1817 2902 quid
1838 2831 1998 2887 facies

424 2931 492 2986 de
524 2929 961 3000 congregantibus
995 2926 1096 2982 se?
1137 2926 1250 2981 Non
1295 2926 1435 2980 enim
1473 2941 1503 2979 a
1532 2940 1725 2994 genere
1768 2924 1997 2977 luunano

423 3031 697 3091 separatus
737 3036 856 3076 esse
886 3020 1102 3090 poteris,
1150 3012 1396 3088 quamdiu
1426 3018 1478 3072 in
1519 3016 1817 3072 hominibus
1841 3016 1993 3070 vivis.

423 3114 651 3170 Attende
687 3114 860 3184 potius
889 3111 1270 3167 consolatorem
1312 3110 1455 3182 illum
1497 3109 1774 3163 Dominum
1821 3117 1874 3162 et
1912 3124 1990 3160 rc-

420 3225 563 3280 gtfm,
611 3209 980 3277 imperatorem
1033 3213 1087 3259 et
1127 3214 1419 3258 creatorem
1459 3212 1716 3264 nostrum,
1755 3209 1992 3256 creatum

422 3288 580 3353 etiam
605 3296 740 3352 inter
766 3310 863 3350 nos
895 3313 909 3349 :
949 3294 1161 3349 attende
1189 3292 1308 3362 quia
1338 3292 1614 3347 duodecim
1655 3290 1764 3345 suis
1786 3290 1996 3345 miscuit

425 3406 582 3444 unum
612 3402 769 3459 quem
797 3396 1084 3456 pateretur.
1316 3394 1328 3406 '
1991 3374 2000 3387 '

492 3482 577 3538 10.
607 3480 755 3555 [vers.
783 3477 861 3551 9.]
891 3477 1042 3543 Dicit,
1082 3475 1211 3530 Ecce
1232 3479 1460 3546 etongaui
1479 3474 1677 3544 fugiens
1704 3515 1719 3538 ,
1749 3484 1795 3526 et
1827 3473 1991 3527 numsi

425 3576 476 3629 in
530 3574 742 3627 deserto.
794 3570 954 3626 Forte
1008 3569 1106 3623 iste
1137 3610 1150 3632 ,
1205 3576 1262 3621 ut
1303 3567 1458 3629 dixi,
1509 3565 1699 3636 fugerit
1746 3564 1813 3642 ad
1859 3580 1990 3618 cou-

425 3662 698 3723 SCientiam
726 3678 899 3727 suam,
944 3660 1014 3715 ibi
1053 3660 1377 3729 aliquantum
1405 3657 1674 3712 desertum
1721 3656 1989 3710 invenerit

421 3760 506 3817 ubi
550 3757 924 3828 requiesceret.
972 3752 1076 3807 Sed
1120 3751 1207 3805 illa
1240 3750 1452 3805 dilectio
1496 3747 1777 3803 conturbat
1816 3762 1983 3801 eum:

418 3852 563 3907 solus
588 3850 773 3906 eratin
797 3845 1141 3911 conscientia,
1171 3842 1266 3898 sed
1293 3858 1398 3898 non
1428 3841 1574 3896 solus
1610 3843 1662 3896 in
1689 3841 1982 3903 charitatc;

417 3944 561 3995 inms
584 3938 953 3994 consolabatur
977 3935 1301 3991 conscientia
1321 3973 1336 3997 ,
1365 3932 1459 3989 sed
1493 3932 1787 3988 forinsecus
1816 3932 1982 3987 tribu-

424 4032 649 4089 lationes
675 4043 777 4082 non
806 4027 1194 4097 relinquebant.
1226 4024 1406 4095 Itaque
1437 4025 1488 4079 in
1527 4038 1585 4079 se
1625 4024 1833 4094 quietus
1857 4065 1872 4087 ,
1917 4039 1988 4078 ex

416 4120 533 4176 aliis
562 4117 815 4190 pendens,
844 4132 963 4172 cum
1000 4116 1411 4170 conturbaretur
1452 4114 1626 4170 adhuc
1648 4156 1664 4181 ,
1712 4112 1837 4184 quid
1865 4114 1983 4168 ait?

418 4211 779 4283 Exspectabam
805 4225 917 4263 eum
944 4209 1027 4278 qui
1056 4224 1133 4261 me
1158 4208 1351 4261 salvum
1378 4208 1563 4278 faceret
1586 4224 1619 4260 a
1648 4207 1983 4278 pusillanimi—

415 4316 514 4358 tate
540 4304 556 4336 ⁸
590 4311 635 4356 et
664 4306 967 4371 tempestate.
1011 4298 1154 4354 Mare
1197 4307 1279 4353 est
1300 4339 1316 4361 ,
1362 4307 1647 4368 tempestas
1688 4308 1769 4352 est
1802 4316 1814 4351 :
1850 4297 1983 4351 nihil

414 4396 506 4449 tibi
534 4400 697 4450 restat
723 4390 824 4446 nisi
851 4389 1164 4455 exclamare,
1194 4387 1424 4454 Domine,
1458 4406 1602 4457 pereo
1630 4386 1839 4461 (Matt/2.
1865 4404 1978 4455 stv,

412 4484 524 4558 30).
558 4484 797 4555 Porrigat
834 4496 1049 4536 manum
1080 4479 1170 4535 ille
1196 4480 1286 4550 qui
1314 4478 1504 4535 ﬂuctus
1541 4482 1711 4535 calcat
1756 4480 1981 4550 intrepi-

409 4579 532 4645 dus,
560 4577 799 4632 sublevet
827 4572 1229 4644 trepidationem
1256 4582 1421 4637 tuam,
1453 4571 1628 4626 ﬁrmet
1656 4573 1709 4627 in
1739 4587 1798 4626 se
1823 4571 1980 4626 secu-

421 4670 634 4723 ritatem
666 4677 826 4731 tuam,
870 4665 1165 4733 alloqualur
1195 4671 1245 4718 te
1274 4663 1413 4716 intus
1437 4701 1451 4725 ,
1479 4670 1533 4715 et
1561 4661 1701 4715 dicat
1726 4662 1817 4715 tibi
1856 4681 1868 4715 :
1900 4662 1983 4716 Me

412 4758 656 4822 attende,
684 4756 806 4828 quid
836 4755 1140 4825 pertulerim
1169 4770 1182 4809 :
1213 4752 1426 4808 fratrem
1455 4752 1650 4807 malum
1680 4752 1812 4807 torte
1839 4765 1983 4822 pate—

415 4852 488 4907 ris
511 4891 527 4917 ,
580 4859 671 4904 aut
699 4850 965 4903 inimicum
997 4846 1291 4903 forinsecus
1318 4846 1541 4914 pateris;
1574 4858 1707 4914 quos
1732 4860 1834 4898 non
1865 4861 1982 4914 pas-

411 4957 505 4998 sus
529 4940 680 4997 sum?
718 4941 1037 4996 Fremebant
1077 4940 1371 4995 lorinsecu's
1412 4937 1621 5005 Judaei,
1663 4939 1981 4994 intrinsecus

412 5034 701 5103 discipulus
739 5034 994 5087 tradebat.
1039 5031 1199 5087 Saevit
1240 5048 1367 5103 ergo
1412 5039 1694 5102 tempestas
1717 5071 1732 5097 ,
1770 5032 1863 5087 scd
1893 5032 1980 5087 ille

413 5130 588 5184 salvos
611 5125 728 5180 facit
752 5141 784 5177 a
810 5124 1221 5194 pusillanimitate
1248 5137 1293 5180 et
1319 5135 1622 5193 tempestate.
1652 5125 1811 5181 Forte
1830 5126 1980 5181 navis

411 5231 502 5275 tua
535 5219 653 5274 ideo
685 5216 953 5280 turbatur,
983 5217 1102 5286 quia
1133 5218 1217 5271 ille
1258 5218 1309 5271 in
1356 5228 1410 5273 te
1457 5216 1696 5273 dormit.’
1719 5218 1980 5274 Saevicbat

412 5326 591 5375 mare,
623 5305 931 5363 turbabatur
974 5308 1208 5361 navicula
1256 5310 1305 5362 in
1350 5324 1450 5379 qua
1485 5308 1727 5378 discipuli
1769 5312 1981 5379 naviga-

412 5403 570 5465 bant,
598 5399 838 5455 Christus
867 5406 1040 5451 autem
1072 5398 1367 5452 dormiebat
1396 5418 1408 5453 :
1442 5400 1652 5454 tandem
1691 5401 1977 5471 aliquando

346 5494 352 5505 ’
412 5496 579 5549 visum
605 5502 687 5547 est
727 5490 830 5545 illis
867 5492 988 5560 quia
1032 5489 1171 5544 inter
1211 5490 1328 5544 illos
1368 5491 1665 5547 dormiebat
1702 5504 1977 5548 ventorum

415 5588 699 5657 imperator
744 5595 796 5638 et
841 5591 1086 5649 creator;
1141 5592 1479 5636 accesserunt
1521 5594 1571 5638 et
1618 5585 1982 5640 excitaverunt

416 5679 683 5731 Christum
719 5693 733 5727 :
766 5675 1044 5742 imperavit
1085 5675 1250 5727 ventis
1273 5716 1287 5737 ,
1331 5683 1386 5729 et
1414 5672 1547 5728 facta
1574 5684 1654 5728 cst
1686 5676 1979 5745 tranquilli-

480 5787 497 5817 ⁸
535 5788 606 5838 sic
628 5793 733 5838 uss.
761 5797 813 5836 ,ιι
837 5787 942 5838 Edd.
969 5764 1059 5838 hoc
1083 5786 1184 5838 loco
1201 5794 1400 5847 tantum,
1427 5801 1455 5837 α
1477 5787 1648 5851 pusula
1669 5788 1838 5841 (eritne.

1663 325 1720 382 S.
1763 325 2120 382 AL'GUSTINI
2160 328 2463 387 EPlSCUPl

2110 820 2256 925 venit
2277 822 2518 925 Christus
2542 870 2556 893 ,
2590 832 2784 891 dormit
2814 856 2826 892 :
2857 846 3024 900 excita
3056 848 3323 908 Christum
3349 900 3365 925 ,

2109 908 2253 1014 dem:
2277 913 2581 1014 Tunc‘enim
2610 926 2660 978 in
2689 936 2738 982 te
2759 930 2951 988 dormit
2979 936 3221 997 Christus
3251 948 3301 1012 ⁸,
3334 908 3377 1003 si
3405 953 3602 1011 oblitus
3623 908 3687 1014 es

2110 1003 2383 1107 passiones
2408 1008 2600 1108 Christi
2631 1034 2643 1069 :
2677 1028 2801 1074 tunc
2827 1024 2878 1077 in
2908 1035 2958 1081 te
2988 1030 3165 1100 vigilat
3192 1003 3690 1108 Christusrsiumve:

2345 1103 2651 1201 passionum
2690 1110 2905 1169 Christi.
2947 1097 3078 1175 Cum
3107 1137 3283 1184 autem
3330 1097 3687 1201 pleno—corde

2110 1185 2326 1283 int-nitus
2352 1190 2512 1246 fueris
2552 1198 2677 1266 quid
2718 1202 2807 1258 ille
2846 1208 3001 1265 fuerit
3042 1227 3266 1282 passus,
3314 1185 3491 1282 nonne
3528 1185 3688 1300 sua;

2106 1287 2284 1389 animo
2309 1290 2361 1333 et
2391 1291 2443 1385 tu
2477 1286 2727 1389 tolerabis
2749 1295 2772 1347 ἲ
2797 1305 2849 1350 et
2875 1296 3099 1360 fortasse
3122 1310 3358 1377 gaudens
3383 1357 3399 1382 ,
3438 1321 3561 1389 quia
3593 1286 3682 1378 ins

2108 1378 2298 1480 :cntus
2321 1386 2381 1428 es
2404 1374 2455 1476 in
2485 1378 2655 1449 aliqua
2682 1385 3026 1448 similitudine
3058 1374 3359 1465 passionum
3385 1374 3530 1480 regis
3577 1374 3681 1473 tui.

2418 1465 2430 1476 .
2637 1474 2649 1485 ο
3058 1451 3069 1465 ,
3391 1451 3530 1480 ,νυω
3577 1451 3680 1473 ιι...

2106 1451 2387 1571 gum—ergo
2417 1477 2514 1571 ista
2532 1483 2773 1571 cogitans
2790 1484 3061 1571 consolari
3091 1498 3145 1542 et
3171 1495 3400 1561 gaudere
3426 1508 3680 1571 caperis,

2107 1548 2195 1604 ille
2235 1559 2483 1655 surrexit,
2530 1561 2620 1618 ille
2660 1569 2831 1624 ventis
2870 1548 3205 1641 imperavit:
3258 1585 3376 1641 ideo

2108 1644 2474 1754 tranquillitas.
2504 1650 2865 1724 Exspectabam
2895 1680 3005 1719 eum
3035 1671 3121 1739 qui
3151 1689 3227 1726 me
3269 1685 3463 1734 salvum
3492 1644 3683 1754 facere;

2105 1750 2135 1786 α
2158 1739 2639 1807 pusillanimitate‘et
2667 1763 2970 1824 tempestate.

2177 1830 2205 1942 ι
2469 1835 2583 1942 1
2613 1841 2890 1942 Sabina-ge
2907 1891 2920 1911 ,
2952 1850 3190 1923 Domine,
3218 1871 3265 1916 et
3288 1861 3454 1920 diuide
3481 1869 3687 1942 linguas

2104 1934 2293 2025 eorum.
2321 1923 2560 2028 attendit
2585 1932 2898 1995 tribulantes
2925 1960 2984 1997 se
3009 1957 3062 2000 et
3087 1948 3469 2012 adumbrantes
3496 1923 3682 2028 sete;

2103 2013 2304 2080 Optavit
2328 2015 2446 2081 hoc,
2479 2035 2581 2076 non
2610 2024 2679 2079 de
2704 2026 2800 2092 ira,
2833 2030 3044 2091 fratres.
3082 2038 3182 2106 Qui
3213 2058 3271 2098 se
3300 2049 3439 2103 male
3469 2013 3683 2109 exuite:

2104 2115 2245 2172 runt,
2272 2110 2585 2179 expediteis
2608 2129 2667 2172 ut
2689 2122 3099 2197 submergantur
3128 2151 3141 2187 :
3171 2137 3258 2206 qui
3289 2141 3427 2195 male
3459 2151 3674 2216 consrvi-

2103 2209 2352 2293 raverunt
2374 2244 2387 2267 ,
2418 2208 2635 2276 expedit
2661 2212 2739 2266 eis
2781 2224 2837 2270 ut
2872 2219 3077 2289 linguae
3102 2239 3285 2283 eorum
3326 2208 3627 2292 dividantur
3659 2263 3673 2293 ;

2102 2289 2168 2394 ad
2198 2290 2393 2348 bonum
2415 2305 2770 2372 consentiant,
2799 2319 2851 2362 et
2872 2293 3195 2373 concordent
3222 2321 3414 2394 lingua:
3445 2330 3672 2385 illorum.

2102 2380 2157 2435 Si
2182 2392 2369 2487 aute-mn
2412 2389 2465 2443 in
2504 2393 2725 2464 idipsum
2764 2402 3026 2459 adversum
3072 2426 3151 2464 me
3181 2380 3530 2486 susurrabant,
3580 2436 3685 2487 ιιιιι

2100 2488 2270 2580 omnes
2297 2477 2489 2580 inimici
2514 2487 2612 2539 mei
2635 2487 2803 2580 (Psal.
2835 2510 2922 2561 ιιι,
2951 2498 3030 2568 8),
3063 2504 3287 2570 perdant
3311 2509 3331 2539 ²
3358 2511 3576 2580 idipsmn
3622 2477 3678 2571 ir;

2101 2565 2275 2661 malo;
2313 2567 2623 2661 dividantur
2663 2579 2853 2651 lingua:
2901 2602 3105 2654 eorum,
3155 2610 3258 2649 non
3304 2600 3403 2654 sibi
3434 2565 3680 2661 lconscn-

2102 2653 2251 2761 tiant.
2299 2658 2575 2736 Submerge
2597 2709 2611 2733 ,
2664 2668 2897 2740 Domine,
2940 2690 2986 2732 et
3030 2681 3195 2739 divide
3237 2688 3437 2761 linguas
3480 2653 3678 2755 eorum.

2101 2747 2395 2858 Submcrge,
2419 2762 2619 2858 quiare?
2647 2762 2777 2830 Quia
2800 2783 2858 2823 se
2879 2774 3200 2832 extulerunt.
3236 2747 3432 2849 Dibide,

2098 2838 2231 2939 Quia
2258 2843 2307 2897 in
2336 2849 2531 2904 malum
2568 2859 3028 2927 conspiraverunt.
3060 2868 3282 2928 Turrem
3314 2838 3457 2933 illam
3479 2838 3679 2939 lrecor;

2099 2931 2225 2989 dare
2264 2939 2611 3040 superborum
2642 2948 2832 3005 factam
2875 2966 2995 3024 post
3037 2960 3289 3020 diluvium
3321 2931 3679 3040 :‘quidv

2099 3036 2219 3079 runt
2244 3032 2502 3123 superbi?
2539 3036 2615 3091 Ne
2645 3054 2924 3108 pereamus
2963 3049 3192 3121 diluvio,
3223 3032 3480 3116 faciamus
3504 3064 3679 3123 altam

2100 3123 2296 3212 turrem
2326 3120 2476 3190 (Gen.
2519 3142 2589 3191 XI,
2622 3130 2701 3200 4).
2729 3131 2984 3204 Superbia
3014 3157 3073 3197 se
3113 3120 3346 3205 munitos
3379 3168 3500 3209 esse
3523 3120 3677 3212 arbi;

2100 3207 2390 3305 trabzintur,
2418 3225 2798 3279 exstruxerunt
2823 3228 2985 3284 altam
3030 3241 3265 3303 turrem;
3308 3253 3363 3296 et
3411 3207 3685 3305 Dominum

2095 3293 2273 3397 divisit
2302 3300 2507 3397 linguas
2527 3308 2782 3378 ipsorum.
2807 3316 2956 3375 Tunc
2983 3336 3042 3379 se
3067 3293 3344 3397 caperent
3374 3332 3479 3390 non

2098 3386 2258 3490 ligere
2300 3410 2313 3446 :
2352 3393 2472 3450 hinc
2523 3401 2655 3456 facta
2700 3416 2781 3461 est
2822 3411 2970 3482 origo
3014 3415 3307 3488 linguarum
3356 3428 3671 3490 multarum.

2095 3478 2262 3585 eruca
2292 3487 2430 3539 enim
2474 3507 2573 3545 una
2603 3493 2776 3565 lingua
2803 3514 2949 3568 crat;
2980 3507 3073 3561 sed
3104 3526 3205 3564 una
3235 3514 3405 3585 lingua
3436 3478 3673 3576 concor:

2093 3569 2547 3673 dibu-sproderat,
2581 3601 2681 3640 una
2727 3587 2899 3660 lingua
2950 3596 3248 3657 hominibus
3288 3569 3675 3673 p’rodcratuiat

2094 3660 2180 3716 ubi
2209 3665 2293 3719 illa
2314 3670 2565 3727 collectio
2584 3678 2634 3731 in
2657 3685 3102 3751 conspirationem
3130 3660 3392 3764 superbia:
3418 3660 3672 3772 praeripi:

2093 3762 2323 3861 tata-est,
2355 3769 2586 3861 pepercit
2612 3771 2714 3827 illis
2740 3774 2876 3830 Deus
2897 3789 2954 3834 ut
2973 3762 3234 3841 divideret
3260 3762 3481 3861 linguas,
3510 3762 3675 3855 ηιξ-ει)

2090 3845 2432 3942 intelligendo
2458 3846 2802 3926 perniciosam
2835 3868 3070 3928 facerent
3112 3845 3385 3936 unitatem.
3431 3845 3530 3940 Per
3573 3845 3675 3942 8:2:

2090 3940 2281 4047 perbos
2304 3942 2545 4003 homines
2562 3951 2744 4009 divisae
2769 3968 2891 4014 sunt
2916 3961 3126 4034 linguae,
3151 3982 3247 4037 per
3271 3969 3499 4030 humiles
3522 3981 3559 4030 Λ
3572 3940 3673 4047 po.

2089 4031 2254 4134 stulos
2281 4050 2616 4134 congregant:
2645 4056 2767 4101 sunt
2790 4031 3020 4121 lingua:
3049 4031 3265 4127 spiritus
3288 4068 3552 4134 superbiae
3644 4104 3669 4113 -

2088 4124 2275 4227 aspersit
2307 4126 2528 4227 linguas,
2561 4135 2788 4204 Spiritus
2819 4154 3031 4199 sanctus
3059 4124 3398 4221 congregavit
3430 4156 3666 4227 linguas.

2087 4212 2309 4316 Quando
2336 4219 2475 4274 enim
2498 4220 2723 4292 Spiritus
2750 4242 2962 4287 sanctus
2986 4238 3129 4291 venit
3156 4212 3317 4307 snper
3344 4212 3665 4316 discipitlos;

2086 4306 2320 4361 omnium
2361 4309 2553 4381 linguis
2598 4316 2759 4373 locuti
2803 4335 2943 4388 sunt,
2994 4327 3062 4381 ab
3108 4306 3356 4388 omnibus
3405 4306 3673 4397 intellecti

2085 4407 2210 4450 sunt
2233 4398 2371 4467 (Act.
2394 4417 2449 4463 ιι.
2476 4404 2531 4475 Ii)
2563 4422 2576 4458 :
2612 4407 2805 4479 lingua:
2831 4413 3083 4485 dispersae
3106 4463 3121 4486 ,
3152 4421 3203 4475 in
3236 4440 3399 4479 unum
3429 4443 3668 4498 congre-

2084 4496 2400 4590 gattesunt.
2441 4494 2593 4590 _Ergo
2612 4498 2655 4553 si
2685 4501 2861 4558 adhuc
2898 4508 3124 4579 saeviunt
3151 4522 3204 4566 et
3230 4516 3456 4582 gentiles
3494 4494 3617 4574 sunt
3643 4566 3664 4590 ,

2085 4579 2297 4647 expedit
2320 4584 2399 4638 eis
2424 4585 2617 4642 divisas
2649 4592 2844 4649 habere
2873 4597 3095 4667 linguas.
3131 4579 3326 4659 Volunt
3369 4625 3525 4664 uuam
3559 4579 3669 4665 lin;

2084 4685 2239 4738 gnam
2268 4714 2283 4738 ,
2314 4677 2528 4731 veniant
2557 4681 2623 4734 ad
2654 4683 2981 4754 Ecclesium;
3010 4692 3131 4760 quia
3171 4704 3226 4749 et
3273 4697 3323 4751 in
3352 4700 3670 4758 diversitate

2085 4760 2377 4833 linguarum
2412 4772 2605 4837 carnis,
2636 4790 2738 4827 una
2769 4787 2849 4830 est
2880 4779 3053 4851 lingua
3084 4784 3136 4838 in
3169 4786 3270 4842 iidc
3292 4792 3492 4848 cordis.
3524 4795 3679 4850 Sub»

2084 4867 2270 4923 merge,
2303 4855 2536 4928 Domine,
2566 4874 2612 4917 et
2637 4865 2801 4920 divide
2826 4870 3024 4941 linguas
3052 4892 3241 4931 eorum.

2158 4944 2243 4998 12.
2289 4945 2538 5012 Quoniam
2567 4955 2667 5008 vidi
2695 4957 3005 5027 iniquitatem
3048 4976 3095 5019 et
3131 4973 3577 5029 contradictionem
3604 4979 3670 5033 in

2086 5037 2302 5132 civitate.
2329 5039 2515 5127 Mprito
2545 5044 2643 5101 iste
2671 5048 2944 5108 desertum
2974 5060 3261 5126 quaerebat,
3305 5067 3554 5132 quoniam
3581 5069 3667 5121 vi-

2085 5127 2163 5182 dit
2202 5130 2530 5201 iniquitatem
2572 5148 2626 5192 et
2664 5144 3136 5204 cotitradictiuncm
3186 5153 3235 5205 in
3281 5127 3494 5215 civitate
3564 5164 3670 5220 list

2086 5221 2325 5316 quaedam
2371 5226 2558 5281 civitas
2603 5232 2899 5288 turbulenta
2942 5254 2953 5289 :
2990 5239 3100 5307 ipsa
3142 5256 3257 5298 erat
3288 5263 3407 5316 qua:
3457 5260 3667 5311 tur-rent

2087 5309 2457 5411 tediticaverat,
2476 5318 2589 5386 ipsa
2613 5322 2826 5377 confusa
2849 5337 2949 5394 est,
2973 5339 3019 5383 et
3051 5309 3318 5402 appellata.
3343 5309 3666 5411 Babylonia,

2012 5468 2025 5477 ἱ
2090 5401 2199 5505 ipsa
2224 5419 2317 5472 per
2344 5407 2749 5467 innumerabiles
2777 5428 2963 5485 gentes
2992 5401 3229 5491 dispersa
3264 5426 3416 5495 (Gen.
3452 5401 3524 5496 si,
3550 5436 3607 5499 9)

2089 5494 2211 5549 inde
2253 5511 2599 5571 congregatur
2645 5504 2880 5562 Ecclesia
2917 5512 2966 5564 in
3012 5494 3277 5570 desertum
3331 5521 3483 5576 home
3512 5494 3670 5581 ita..-

2152 5608 2170 5690 ξ
2306 5611 2486 5690 infdd;
2508 5614 2724 5690 additur,
2748 5618 2792 5669 si
2824 5634 2984 5675 verum
3020 5625 3155 5679 illum
3192 5631 3368 5682 Filium
3398 5636 3486 5685 Dei
3519 5638 3670 5690 abite.

2085 5680 2170 5731 gas
2191 5684 2290 5735 esse
2315 5675 2479 5735 :_quod
2502 5676 2643 5727 abest
2663 5693 2690 5727 a
2716 5689 2817 5731 Mss.

2300 5733 2485 5814 359“?
2512 5744 2707 5814 ﬁl
2746 5751 2872 5811 buy"
2897 5752 3156 5807 perdantur
3182 5767 3229 5803 tu
3250 5755 3478 5808 idinsum.
3508 5767 3581 5809 Er.
3613 5774 3662 5814 ot

2088 5794 2277 5854 quidam
2298 5794 2420 5854 Mss},
2446 5801 2650 5859 perdant
2672 5803 2719 5851 in
2745 5794 2967 5867 itipstim.
