4004 6200
288 334 393 390 657

292 456 546 510 scientitn.
599 454 742 511 Vidit
803 471 944 513 enim
1003 456 1470 512 contradictionem
1521 460 1573 513 in
1631 461 1860 515 civitate.

292 548 534 602 Christus
580 550 744 603 venit.
793 548 922 616 Quis
973 549 1248 614 Christus,
1297 549 1658 605 contradicis?
1703 537 1866 606 Filius

291 641 410 695 Dei.
447 640 512 695 Et
558 640 716 694 habet
757 641 915 694 ﬁlium
955 641 1129 707 Deus,
1178 642 1543 696 contradicis?
1579 642 1742 696 Natus
1784 654 1866 696 est

291 737 359 790 de
385 734 606 804 virgine,
642 749 827 803 passus
847 776 862 800 ,
891 736 1198 789 resurrexit.
1231 735 1297 788 Et
1329 734 1466 789 unde
1509 738 1606 790 hoc
1639 737 1750 790 ﬁeri
1783 751 1864 804 po-

291 838 420 894 test,
479 827 844 882 contradicis?
901 828 1126 892 Attende
1174 830 1364 882 saltem
1419 828 1636 898 gloriam
1691 829 1864 883 crucis

290 921 480 989 ipsius.
509 918 623 973 Jam
666 918 717 972 in
746 918 920 973 fronte
964 935 1143 988 regum
1174 935 1302 977 crux
1347 920 1432 972 illa
1468 922 1568 973 ﬁxa
1615 929 1736 985 est,
1779 921 1864 975 eui

288 1013 492 1066 inimici
539 1011 940 1066 iusultaverunt.
985 1013 1214 1066 Ell‘ectus
1255 1012 1538 1082 probavit‘
1568 1014 1814 1067 virtutem
1847 1031 1860 1067 :

285 1105 499 1159 domuit
524 1105 726 1168 orbem,
765 1121 868 1158 non
900 1103 1064 1170 ferro,
1109 1105 1201 1160 sed
1235 1106 1393 1176 ligno.
1439 1106 1661 1176 Lignum
1689 1108 1864 1160 crucis

286 1197 624 1259 contumeliis
652 1196 864 1266 dignum
891 1198 1058 1250 visum
1085 1206 1164 1251 est
1185 1197 1430 1264 inimicis,
1461 1208 1514 1252 et
1540 1207 1662 1252 ante
1691 1199 1860 1266 ipsum

288 1288 491 1358 lignum
518 1298 717 1343 stantes
743 1298 898 1358 caput
918 1289 1202 1358 agitabant,
1226 1289 1538 1343 etdicebant
1568 1308 1580 1342 :
1615 1291 1676 1344 Si
1697 1290 1744 1341 F
1747 1291 1863 1343 ilius

285 1379 383 1433 Dei
411 1390 504 1443 est,
538 1380 801 1434 descendat
831 1381 893 1434 de
918 1397 1064 1434 cruce
1089 1379 1298 1447 (Matth.
1330 1386 1490 1446 xxvn‘,
1520 1381 1631 1450 40).
1665 1382 1864 1435 Exten-

284 1473 446 1526 dcbat
476 1473 564 1526 ille
593 1484 779 1526 manus
817 1488 940 1526 suas
967 1472 1033 1527 ad
1061 1473 1308 1542 populum
1337 1489 1439 1526 non
1481 1474 1782 1528 credentem
1810 1483 1862 1527 et

283 1564 758 1618 Contradicentcm.
790 1563 842 1618 Si
873 1565 1012 1618 enim
1038 1563 1212 1633 justus
1255 1574 1365 1630 est,
1394 1565 1480 1634 qui
1513 1580 1577 1618 ex
1606 1565 1706 1618 ﬁde
1734 1565 1862 1617 vivit

283 1656 460 1726 (liam.
489 1672 526 1720 ι,
562 1656 672 1725 17),
703 1655 912 1723 iniquus
941 1664 1022 1709 est
1045 1655 1131 1725 qui
1163 1671 1268 1708 non
1300 1654 1458 1709 habet
1487 1655 1662 1709 ﬁdem.
1707 1655 1857 1723 Quod

282 1763 414 1818 ergo
441 1747 528 1801 hic
552 1747 644 1810 ait,
681 1743 1011 1817 iniquitatem,
1048 1747 1318 1817 perﬁdiam
1355 1748 1607 1816 intelligo.
1637 1749 1860 1803 Videbat

282 1857 413 1909 ergo
446 1841 697 1893 Dominus
728 1841 778 1893 in
810 1840 1018 1894 civitate
1046 1839 1373 1909 iniquitatem
1405 1850 1458 1894 et
1483 1840 1858 1894 contradictio-

283 1950 428 1996 nem,
452 1942 507 1986 et
532 1932 850 1993 extendebat
879 1948 1066 1986 manus
1088 1949 1210 1986 snas
1239 1932 1305 1985 ad
1335 1934 1584 2002 populum
1612 1948 1714 1987 non
1741 1948 1858 1987 cre-

234 2053 240 2058 -
280 2025 502 2078 dentem
533 2033 586 2076 et
612 2023 1095 2086 contradicenlem;
1135 2034 1187 2078 et
1212 2033 1384 2078 tamen
1413 2033 1465 2077 et
1493 2025 1634 2094 ipsos
1662 2041 1854 2094 exspe-

277 2127 429 2166 ctans
455 2115 664 2166 dicebat
698 2133 722 2191 z.
741 2112 914 2175 Pater,
946 2116 1146 2184 ignosce
1174 2116 1297 2179 illis,
1328 2115 1444 2182 quia
1476 2117 1701 2169 nesciunt
1737 2119 1856 2185 quid

281 2206 474 2275 faciunt
507 2203 655 2273 (Luc.
687 2220 836 2267 xxtn,
865 2205 978 2273 ⁸54).
1007 2205 1191 2258 Adhuc
1212 2221 1340 2259 sane
1368 2206 1600 2274 reliquim
1631 2209 1856 2262 saeviunt

286 2298 428 2350 illius
480 2297 743 2358 civitatis,
801 2295 974 2350 adhuc
1011 2296 1398 2350 contradicunt.
1465 2298 1536 2350 De
1593 2296 1854 2353 frontibus

275 2390 516 2442 "nmium
563 2387 719 2441 modo
749 2389 983 2441 extendit
1018 2404 1202 2442 manus
1228 2389 1291 2442 ad
1324 2388 1574 2458 reliquias
1601 2403 1703 2443 non
1732 2405 1853 2444 cre-

273 2482 465 2535 dentes
499 2489 552 2534 et
579 2479 1022 2533 contradicentes.
1069 2480 1315 2545 Quoniam
1340 2479 1441 2533 vidi
1469 2482 1781 2550 iniquitatem
1806 2493 1853 2535 et

273 2572 720 2625 contradictionem
742 2571 793 2623 in
819 2571 1034 2623 civitate.

346 2667 433 2720 13.
467 2663 615 2736 [vers.
646 2661 758 2735 11.]
793 2662 886 2715 Die
928 2679 986 2715 ac
1030 2673 1171 2716 nocte
1198 2662 1524 2716 circumdabit
1564 2681 1672 2716 eam
1702 2682 1854 2734 super

273 2775 445 2810 muros
484 2758 592 2828 ejus
618 2756 851 2826 iniquitas
880 2767 926 2809 et
950 2755 1108 2808 labor.
1144 2755 1310 2824 Super
1342 2773 1509 2809 muros
1534 2758 1663 2826 ejus,
1692 2773 1852 2828 super

272 2849 604 2904 munimenta
645 2848 779 2917 ejus,
815 2857 1000 2902 tenens
1042 2847 1192 2918 quasi
1234 2849 1404 2917 capita
1446 2848 1560 2918 ejus
1586 2890 1600 2914 ,
1644 2851 1849 2905 nobiles

269 2945 405 3014 ejus.
438 2942 530 2997 Ille
555 2941 742 2996 nobilis
767 2941 810 2995 si
841 2941 1158 2996 christianus
1181 2949 1340 3003 esset,
1364 2956 1522 2995 nemo
1551 2953 1851 2998 remaneret

270 3051 527 3106 paganus.
558 3035 873 3103 Plerumque
894 3033 1072 3087 dicunt
1100 3032 1343 3086 homines
1370 3051 1382 3086 :
1409 3032 1574 3086 Nemo
1602 3049 1847 3088 remane-

270 3138 350 3181 ret
382 3139 636 3196 paganus,
669 3127 712 3179 si
744 3125 831 3178 ille
874 3134 1016 3178 esset
1053 3123 1390 3177 Christianus.
1423 3123 1742 3195 Plerumque
1769 3125 1849 3180 di-

266 3228 398 3274 cunt
423 3218 668 3273 homines
699 3234 711 3269 :
746 3217 811 3271 Et
840 3217 930 3271 ille
973 3217 1014 3270 si
1058 3215 1206 3270 ﬁeret
1233 3217 1579 3282 cbristianus,
1609 3219 1726 3286 quis
1755 3234 1845 3275 re-

264 3319 511 3366 maneret
536 3309 804 3380 paganus?
830 3308 980 3375 Quod
997 3323 1122 3377 ergo
1144 3308 1374 3362 nonduin
1401 3309 1529 3362 ﬁunt
1550 3309 1840 3379 christiani,

262 3405 417 3474 quasi
449 3403 583 3456 muri
609 3410 731 3456 sunt
765 3401 998 3455 civitatis
1029 3401 1169 3454 illius
1198 3417 1301 3454 non
1333 3401 1603 3455 credentis
1633 3411 1687 3457 et
1713 3419 1841 3458 con-

261 3494 597 3549 tradicentis.
634 3492 894 3556 Quamdiu
926 3492 1008 3544 isti
1036 3493 1170 3544 nutri
1197 3493 1452 3546 stabunt?
1478 3492 1593 3546 Non
1628 3509 1844 3562 semper

257 3588 503 3643 stabunt.
549 3585 746 3639 Circuit
774 3599 896 3638 arca
923 3599 1101 3637 muros
1131 3583 1342 3638 Jericho
1375 3601 1386 3636 :
1421 3585 1597 3637 veniet
1638 3595 1842 3654 tempus

256 3682 496 3750 septimo
539 3693 675 3732 arcae
704 3678 946 3739 circuitu,
990 3685 1049 3730 ut
1088 3692 1272 3730 omnes
1303 3677 1435 3728 muri
1465 3677 1693 3731 civitatis
1736 3693 1840 3731 non

254 3771 536 3826 credentis
559 3777 613 3824 et
640 3767 1051 3822 contradicentis
1074 3766 1264 3820 cadant
1295 3765 1474 3838 (Iosue
1516 3783 1594 3830 VI,
1627 3767 1703 3837 5).
1734 3769 1838 3821 Do-

253 3880 359 3918 nec
388 3864 498 3927 ﬁat,
527 3861 767 3932 turbatur
794 3860 891 3913 iste
920 3859 971 3911 in
999 3858 1382 3912 exercitatione
1408 3872 1534 3923 sua;
1567 3867 1620 3912 et
1659 3857 1847 3927 perte?

253 3972 387 4011 rens
413 3953 664 4022 reliquias
687 3951 1163 4007 contradicentium
1191 3990 1204 4013 ,
1253 3958 1398 4018 Optat
1428 3965 1625 4018 pennas
1663 3952 1841 4006 awila-

253 4046 444 4110 tionis,
478 4051 623 4112 optat
648 4044 879 4113 requiem
911 4041 1126 4095 deserti.
1153 4039 1262 4094 lino
1282 4041 1435 4094 duret
1463 4041 1602 4094 inter
1627 4051 1838 4096 contra-

251 4139 522 4199 dicentes,
555 4135 781 4203 perferat
823 4134 1010 4196 minas,
1045 4133 1189 4186 bibat
1214 4132 1494 4203 opprobria
1527 4175 1540 4193 ,
1571 4143 1839 4202 exspectet

251 4231 345 4301 qui
379 4244 501 4283 eum
541 4227 741 4280 salvum
787 4224 943 4278 faciat
981 4240 1010 4278 a
1060 4223 1490 4293 pusillanimitate
1541 4233 1593 4276 et
1638 4232 1838 4293 tempe-

250 4332 396 4377 state
427 4340 439 4375 :
476 4321 739 4373 intueatur
765 4327 948 4385 caput,
978 4316 1276 4385 exemplum
1311 4319 1430 4370 vita:
1458 4319 1476 4347 '
1506 4333 1614 4370 sua:
1639 4358 1653 4382 ,
1697 4329 1838 4370 trau-

251 4415 517 4484 quilletnr
544 4411 594 4465 in
627 4427 744 4478 spe,
775 4409 874 4463 etsi
910 4408 1148 4479 turbatur
1176 4408 1225 4459 in
1254 4424 1329 4460 re.
1365 4407 1458 4460 Die
1484 4424 1543 4460 ac
1571 4418 1712 4460 nocte
1735 4409 1832 4461 εἰν.

251 4505 512 4559 cunulabit
561 4519 671 4557 eam
719 4519 870 4571 super
914 4517 1084 4553 muros
1123 4501 1230 4569 ejus
1274 4501 1546 4568 iniquitas,
1601 4510 1648 4553 et
1694 4500 1835 4553 labor

249 4599 303 4650 in
334 4596 500 4648 medio
531 4596 638 4665 ejus
666 4605 711 4646 et
740 4575 1007 4664 injustilia:
1040 4593 1103 4645 lit
1130 4591 1246 4645 ideo
1274 4592 1422 4644 labor
1448 4591 1549 4656 ibi,
1577 4593 1694 4659 quia
1734 4593 1836 4645 iui—

249 4688 428 4755 quitas
456 4686 526 4739 ibi
559 4703 572 4737 :
603 4686 722 4755 quia
756 4684 1009 4753 iujustitia
1041 4684 1109 4737 ibi
1135 4725 1148 4746 ,
1189 4683 1307 4735 ideo
1334 4691 1386 4736 et
1413 4681 1561 4734 labor
1591 4681 1680 4734 ibi.
1726 4681 1828 4737 Sed

247 4779 474 4832 audiant
519 4777 888 4832 exlendentem
941 4790 1171 4828 manus:
1216 4772 1386 4826 Venite
1452 4773 1518 4823 ad
1538 4789 1614 4824 me
1661 4790 1830 4830 omnes

245 4871 334 4938 qui
363 4869 620 4921 laboratis.
648 4867 751 4921 Vos
775 4866 1034 4929 clatnatis,
1059 4881 1153 4917 vos
1174 4863 1555 4928 contradicitis,
1586 4879 1677 4918 vos
1701 4881 1829 4919 enn-

245 4960 518 5014 viciamini
548 4979 563 5013 :
595 4959 683 5013 ille
706 4976 734 5011 e
757 4968 962 5022 contra,
1001 4956 1172 5010 Venite
1198 4956 1264 5007 ad
1293 4971 1368 5008 me
1392 4972 1561 5008 omnes
1581 4958 1664 5025 qui
1685 4959 1826 5012 labo-

243 5053 373 5104 ratis
404 5052 456 5104 in
483 5050 730 5118 superbia
759 5059 931 5102 vestra
954 5088 968 5112 ,
1001 5058 1052 5100 et
1080 5045 1418 5115 requiescetis
1447 5046 1497 5098 in
1527 5046 1825 5104 humilitate

242 5160 390 5196 mea.
429 5141 612 5195 Discite
640 5159 671 5194 a
701 5158 778 5194 me
801 5182 813 5203 ,
844 5141 1008 5208 inquit
1035 5180 1049 5203 ,
1086 5139 1202 5206 quia
1227 5138 1359 5190 mitis
1398 5155 1507 5190 sum
1549 5149 1594 5190 ct
1622 5139 1824 5194 humilis

236 5237 415 5297 corde,
448 5243 492 5288 et
537 5234 794 5288 invenietis
835 5233 1050 5300 requiem
1093 5231 1353 5283 animabus
1388 5232 1558 5284 vestris
1610 5231 1820 5300 (Matth.

237 5345 314 5387 at,
343 5326 416 5381 9.8
441 5369 456 5392 ,
482 5325 599 5396 29).
631 5325 782 5380 Unde
807 5325 947 5378 enim
977 5324 1048 5376 illi
1098 5321 1334 5374 laborant
1360 5364 1373 5386 ,
1419 5323 1516 5376 nisi
1564 5324 1684 5392 quia
1717 5341 1819 5378 non

232 5428 368 5472 situt
396 5419 550 5472 mites
571 5428 624 5471 et
649 5416 872 5469 humiles
899 5413 1100 5467 corde?
1127 5413 1264 5467 Deus
1292 5412 1504 5467 humilis
1530 5413 1696 5470 factus
1716 5425 1815 5480 est,

232 5513 521 5567 erubescat
548 5511 707 5566 homo
735 5524 852 5563 esse
877 5507 1156 5576 superbus.

315 5607 396 5660 14.
431 5603 577 5678 (vers.
614 5603 723 5674 i9..]
760 5601 876 5654 Non
907 5601 1084 5670 defecit
1133 5600 1192 5652 de
1229 5600 1406 5669 plateis
1451 5601 1741 5669 (’jttSJtSltt'tt
1772 5611 1816 5654 et

300 5761 313 5789 ι
354 5768 533 5804 manes
555 5753 659 5803 fere
683 5760 808 5804 Mss.
833 5750 1014 5815 Elfcetis
1043 5751 1186 5812 proba
1213 5751 1441 5801 virtutem.

298 5822 316 5850 ³
354 5823 573 5881 tleiique
597 5824 724 5875 315.3,,
753 5829 852 5864 [ια’.
1273 5833 1285 5848 ι

1362 342 1770 416 ENARRATIO
1810 342 1872 396 ΙΝ
1914 346 2224 405 PSALMUM
2267 351 2394 408 LIV.

3434 361 3535 418 (338

1971 463 2136 519 dolus.
2169 467 2336 523 Usura
2365 482 2416 525 et
2447 471 2599 527 dolus
2628 493 2729 530 non
2769 480 3160 542 absentiduntur
3190 491 3372 548 saltem
3413 503 3532 566 quia

1972 558 2106 653 mala
2133 570 2272 624 sunt,
2303 563 2396 617 sed
2436 566 2640 631 publice
2666 573 2912 628 Steviuut.
2947 578 3145 634 Etenim
3172 587 3257 653 qui
3299 589 3348 641 in
3376 558 3536 648 dlilllO

1970 646 2164 748 aliquid
2192 653 2313 706 mali
2344 654 2487 723 facit,
2519 660 2601 713 vel
2624 661 2688 716 de
2719 665 2855 718 malo
2878 683 2973 722 suo
2994 646 3256 730 erubescit
3287 697 3301 734 :
3333 680 3395 735 In
3423 646 3535 746 pla;

1971 742 2058 843 teis
2086 742 2194 809 ejus
2220 760 2372 798 usura
2401 759 2446 800 et
2469 749 2633 804 dolus.
2664 754 2838 812 Fenus
2866 770 2918 813 et
2947 764 3324 830 professionem
3356 742 3532 843 habet,

1971 829 2122 884 fenus
2150 843 2202 886 et
2226 849 2312 889 ars
2348 852 2603 899 vocatur:
2642 861 2836 916 corpus
2870 829 3060 908 dicitur
3084 897 3101 922 ,
3150 875 3340 932 corpus

1971 926 2330 1029 necessarium
2357 929 2596 999 civitati,
2625 946 2678 988 et
2719 939 2784 992 de
2810 941 3140 1010 professione
3179 926 3271 1008 sua
3312 926 3534 1029 veciigal

1971 1012 2225 1107 impendit
2259 1036 2272 1074 :
2302 1037 2467 1091 usque
2491 1025 2622 1080 adeo
2643 1028 2694 1082 in
2727 1031 2898 1098 platea
2925 1047 3004 1090 est
3031 1043 3169 1107 quod
3200 1048 3384 1102 saltem

1969 1105 2300 1161 condeudum
2328 1121 2460 1166 erat.
2490 1114 2583 1168 Est
2603 1127 2652 1169 et
2674 1119 2770 1170 alia
2804 1138 2960 1176 usura
2994 1105 3162 1197 pejor,
3191 1140 3400 1202 quando
3429 1158 3530 1196 non

1966 1197 2184 1252 dimittis
2213 1202 2350 1270 quod
2384 1205 2472 1258 tibi
2509 1207 2761 1274 debetur;
2805 1225 2858 1267 et
2886 1221 3121 1274 turbatur
3145 1197 3325 1280 oculus
3363 1230 3412 1284 in
3447 1233 3535 1288 illo

1966 1304 2119 1386 versu
2142 1295 2415 1363 orationis,
2441 1299 2644 1354 Dimitte
2664 1305 2803 1358 nobis
2829 1307 2990 1364 debita
3016 1325 3202 1369 nostra.
3231 1319 3364 1386 Quid
3391 1326 3532 1380 enim

1966 1380 2036 1433 ibi
2063 1381 2291 1438 facturus
2321 1403 2398 1454 es,
2428 1393 2638 1458 quando
2672 1406 2917 1454 oraturus
2946 1417 3004 1456 es
3031 1415 3085 1459 et
3121 1407 3186 1461 ad
3213 1380 3380 1478 ipsum
3411 1432 3531 1470 ver-

1964 1488 2079 1527 sum
2120 1481 2410 1534 venturus?
2443 1482 2667 1538 Verbum
2711 1494 3148 1552 contumeliosum
3188 1504 3377 1560 audisti
3412 1525 3424 1559 :
3455 1509 3533 1564 vis

1963 1565 2174 1636 exigere
2219 1568 2570 1671 damnationis
2616 1581 2952 1648 supplicium.
3002 1589 3092 1643 Vel
3138 1601 3335 1650 tantum
3380 1601 3532 1671 exige
3592 1571 3610 1589 κ

1963 1667 2214 1722 quantum
2245 1659 2432 1714 dedisti
2463 1705 2476 1725 ,
2520 1668 2782 1724 fenerator
2823 1673 3152 1742 iniuriarum.
3199 1683 3378 1755 Pugno
3407 1659 3530 1758 pere

1962 1760 2147 1848 cussus
2181 1765 2265 1814 es,
2309 1753 2722 1813 interfectionem
2761 1767 2968 1830 quieris.
3005 1769 3172 1826 Usura
3214 1753 3370 1831 mala.
3407 1753 3530 1849 Qua

1961 1844 2143 1940 iturus
2179 1857 2236 1896 es
2288 1844 2338 1896 in
2392 1849 2728 1906 orationem?
2779 1855 2832 1910 Si
2882 1861 3157 1930 reliqueris
3210 1844 3524 1940 orationem,

1961 1942 2060 1995 qua
2099 1942 2468 1989 Circumiturus
2508 1955 2564 1994 es
2603 1942 2666 1994 ad
2700 1945 3015 2002 Dominum?
3041 1953 3176 2010 Ecce
3205 1956 3348 2014 dices
3382 1979 3393 2014 :
3429 1963 3529 2018 Pu-

1964 2030 2037 2072 ter
2065 2033 2231 2076 noster
2249 2066 2262 2088 ,
2295 2027 2382 2094 qui
2407 2047 2457 2082 es
2484 2031 2533 2083 in
2562 2035 2696 2088 cretis
2729 2052 2746 2088 :
2771 2043 3107 2110 saneti/icetur
3152 2065 3331 2106 nomen
3367 2066 3524 2111 tuum.

1969 2111 2144 2167 Veniat
2167 2133 2374 2186 regnum
2400 2130 2560 2176 tuum.
2602 2123 2720 2178 Fiat
2746 2131 2972 2185 voluntas
2996 2149 3081 2188 tua
3104 2179 3117 2201 ,
3157 2143 3285 2194 sicut
3325 2147 3376 2198 in
3405 2151 3528 2203 caelo
3557 2127 3565 2142 ‘

1958 2214 2002 2258 et
2045 2206 2096 2259 in
2142 2217 2292 2262 terra.
2339 2211 2532 2267 Dices:
2569 2215 2782 2272 Panem.
2807 2233 3028 2278 nostrum
3076 2233 3418 2299 quotidianum
3461 2243 3527 2295 da

1958 2299 2096 2351 nobis
2125 2300 2288 2368 hodie.
2317 2303 2504 2360 Venies
2529 2309 2614 2373 ad,
2638 2309 2839 2366 Dimitte
2867 2317 3006 2371 nobis
3031 2321 3192 2375 debita
3217 2337 3404 2394 nostra,
3429 2333 3526 2386 sic-

1957 2400 2007 2494 ut
2024 2401 2066 2494 et
2080 2407 2173 2492 nos
2190 2394 2480 2493 dimittimus
2501 2399 2804 2457 debitoribus
2824 2411 3006 2462 nostris
3028 2412 3237 2483 (Matth.
3254 2435 3325 2486 v1,
3345 2422 3524 2494 9-19.).

1961 2479 2050 2534 Vel
2079 2483 2130 2535 in
2160 2483 2371 2540 civitate
2393 2488 2480 2541 illa
2513 2491 2646 2545 mala
2673 2494 2940 2552 abundent
2961 2479 3135 2558 usura:
3161 2507 3293 2571 ista),
3312 2479 3423 2567 non
3446 2479 3524 2569 in;

1959 2578 2098 2674 trem
2126 2575 2357 2674 parietes
2393 2578 2522 2632 istos
2548 2581 2630 2635 ubi
2661 2595 2844 2652 pectus
2883 2591 3133 2647 tunditur.
3165 2596 3299 2662 Quid
3331 2601 3520 2674 facies,

1954 2666 2072 2733 quia
2105 2668 2172 2721 ibi
2213 2677 2264 2723 tu
2291 2680 2344 2725 et
2374 2673 2460 2728 ille
2486 2691 2669 2732 versus
2710 2680 2760 2733 in
2790 2673 2964 2740 medio
2991 2689 3161 2745 estis?
3200 2694 3389 2753 Preces
3431 2666 3528 2759 tibi-

1952 2763 2248 2863 eomposuit
2273 2766 2503 2822 caelestis
2527 2769 2862 2841 jurisperitus
2890 2776 2965 2847 (η)
2995 2797 3008 2831 :
3039 2783 3125 2850 qui
3154 2800 3371 2843 noverat
3395 2796 3517 2863 quid

1954 2851 2022 2906 ibi
2053 2865 2327 2924 ageretur,
2359 2859 2436 2942 ait
2480 2861 2601 2928 tibi,
2663 2866 2828 2920 Aliter
2868 2885 2972 2924 non
3015 2872 3336 2943 impetrabis.
3365 2851 3521 2940 Ainen

1950 2944 2081 2995 enim
2108 2945 2218 2998 dico
2247 2949 2400 3014 vobis,
2429 2952 2546 3018 quia
2571 2953 2616 3006 si
2653 2956 2939 3014 dimiseritis
2961 2976 3162 3033 peccata
3199 2971 3480 3031 hominibus
3501 3019 3519 3044 ,

1950 3037 2258 3093 dimittentur
2314 3044 2489 3108 vobis;
2541 3048 2584 3099 si
2641 3059 2805 3102 autem
2849 3070 2946 3108 non
2983 3057 3270 3117 dimiseritis
3320 3037 3520 3135 peccaui

1950 3131 2229 3187 hominibus
2252 3177 2266 3200 ,
2311 3152 2466 3206 neque
2510 3137 2665 3195 Pater
2713 3155 2868 3199 vester
2906 3148 3116 3204 dimittet
3159 3156 3292 3211 vobis
3320 3131 3518 3229 '(lbid.,

1949 3225 2189 3321 ηαδ).
2220 3226 2348 3321 Quis
2396 3229 2494 3284 hoc
2543 3231 2833 3302 dicit?Qni
2874 3241 2974 3294 scit
3019 3243 3140 3311 quid
3195 3246 3262 3301 ibi
3312 3225 3515 3321 agatur,

1946 3317 2085 3413 quod
2135 3327 2186 3371 tu
2231 3320 2444 3374 adstans
2486 3325 2638 3392 petis.
2685 3325 2816 3382 Vide
2863 3332 3003 3399 quod
3046 3317 3369 3396 voluit-csse
3407 3317 3519 3413 ipso

1945 3407 2230 3463 advocatus
2262 3422 2378 3466 tuus
2412 3431 2424 3466 :
2457 3414 2568 3484 ipse
2592 3416 2928 3487 juriSperitus
2969 3433 3105 3491 tuus,
3140 3429 3252 3499 ipse
3279 3407 3518 3493 assessor

1943 3498 2152 3594 Patris,
2207 3503 2319 3570 ipse
2354 3504 2513 3572 judex
2561 3515 2682 3561 tuus
2707 3510 2878 3578 dixit,
2911 3517 3074 3571 Aliter
3119 3498 3222 3575 non
3266 3528 3512 3594 accipies.

1943 3589 2077 3656 Quid
2118 3590 2355 3647 facturus
2389 3609 2447 3649 es
2467 3597 2488 3648 ?
2512 3596 2632 3663 Non
2665 3614 2974 3669 accepturus
2993 3648 3006 3670 ,
3035 3608 3080 3660 si
3110 3626 3212 3665 non
3239 3589 3472 3672 dicturus
3496 3637 3512 3682 ;

1944 3699 2050 3736 non
2080 3694 2392 3753 accepturus
2413 3727 2429 3753 ,
2461 3689 2505 3741 si
2539 3690 2725 3744 falsum
2753 3693 3010 3750 dicturus.
3045 3699 3186 3769 Ergo
3213 3714 3302 3758 aut
3347 3705 3514 3763 factu-

1941 3789 2033 3828 rus
2059 3783 2112 3827 et
2137 3774 2406 3841 dicturus,
2450 3787 2539 3831 aut
2582 3781 2721 3849 quod
2762 3786 2896 3852 petis
2945 3804 3050 3842 non
3090 3797 3509 3862 promeriturus;

1941 3866 2062 3934 quia
2106 3868 2194 3935 qui
2235 3868 2333 3922 hoc
2363 3884 2465 3923 non
2497 3870 2732 3938 faciunt,
2777 3877 2828 3930 in
2858 3881 3030 3934 usuris
3057 3882 3157 3939 illis
3187 3898 3308 3941 sunt
3337 3892 3508 3946 malis.

1941 3956 2059 4011 Sitit
2089 3959 2157 4010 ibi
2193 3959 2274 4054 illi
2302 3962 2594 4054 quiadhuc
2637 3966 2771 4020 idola
2812 3979 2902 4023 aut
2944 3973 3198 4042 adorant,
3247 3992 3336 4036 aut
3365 3999 3511 4054 quae-

1939 4057 2090 4111 runt;
2122 4049 2224 4102 noli
2257 4060 2330 4114 tu,
2359 4052 2502 4120 plebs
2530 4055 2640 4120 Dei,
2672 4057 2798 4122 noli,
2829 4060 2975 4128 plebs
2999 4063 3216 4135 Christi,
3245 4049 3512 4136 noli,'cor-

1941 4152 2037 4205 pus
2082 4137 2220 4193 illius
2262 4142 2474 4210 capitis.
2517 4146 2745 4201 Attende
2778 4150 3037 4208 vinculum
3069 4160 3211 4224 pacis
3242 4171 3377 4229 tum,
3426 4175 3508 4220 at—

1941 4231 2097 4325 tende
2129 4235 2446 4301 promissum
2475 4238 2595 4292 vita:
2624 4249 2745 4294 tute.
2790 4243 2924 4312 Quid
2953 4249 3094 4303 enim
3121 4252 3213 4307 tibi
3261 4257 3506 4325 prodest,

1936 4322 2056 4391 quia
2096 4325 2261 4394 exigis
2290 4327 2505 4396 injurias
2534 4347 2663 4400 quas
2697 4337 2954 4401 pertulisti
2982 4339 3006 4392 ?
3047 4341 3184 4397 Ultio
3216 4322 3273 4400 te.
3296 4322 3510 4405 reﬁcit?
3547 4373 3554 4380 ο
3597 4328 3600 4332 ’

1936 4415 2075 4486 Ergo
2117 4417 2183 4471 de
2219 4420 2359 4474 malo
2392 4421 2565 4476 alieno
2603 4427 2894 4493 gaubebis?
2931 4431 3124 4488 Passus
3169 4450 3228 4489 es
3267 4440 3461 4494 malum
3487 4483 3504 4506 ,

1937 4509 2182 4576 ignosce;
2216 4527 2280 4564 ne
2307 4512 2408 4584 duo
2440 4512 2511 4586 (ὁ)
2534 4516 2666 4569 sitis.
2695 4517 2758 4570 Et
2787 4537 2885 4573 non
2913 4522 3092 4591 defecit
3118 4526 3180 4578 de
3202 4526 3379 4596 plateis
3399 4532 3508 4603 ejus

1934 4615 2088 4653 usura
2111 4611 2153 4654 et
2181 4602 2348 4656 dolus.

2005 4694 2091 4746 15.
2123 4692 2268 4766 [vers.
2302 4697 2514 4770 15-15.]
2549 4699 2667 4754 Ideo
2697 4717 2823 4772 ergo
2864 4713 2915 4758 tu
2959 4709 3235 4775 quaerebas
3262 4715 3505 4773 solitudic

1933 4797 2053 4835 nem
2079 4795 2133 4838 et
2164 4801 2380 4854 pennas,
2413 4788 2532 4844 ideo
2559 4808 2878 4860 murmuras,
2909 4796 3020 4851 lucc
3047 4798 3185 4856 ferre
3207 4820 3310 4858 non
3331 4819 3499 4876 potes,

1931 4876 2400 4934 Contradietionem
2442 4890 2495 4934 et
2539 4882 2862 4952 iniquitatem
2909 4889 3133 4944 civitatis
3176 4895 3346 4965 hujus.
3399 4901 3503 4956 Re-

1931 4968 2142 5036 quiesee
2169 4970 2218 5022 in
2251 4970 2330 5024 his
2361 4973 2447 5040 qui
2479 4983 2649 5027 tecum
2679 4976 2816 5030 intus
2855 4990 2979 5034 sunt
2999 5023 3011 5044 ,
3046 4994 3098 5037 et
3129 4987 3232 5040 no’li
3265 5006 3501 5057 qnierere

1883 5115 1895 5131 ,
1929 5063 2282 5116 solitudinem.
2334 5065 2549 5118 Audiet
2592 5067 2657 5120 de
2695 5068 2822 5137 ipsis
2863 5074 2986 5141 quid
3032 5076 3203 5144 dicat,
3253 5081 3498 5146 Quoniam

1926 5155 1968 5207 si
1996 5155 2223 5208 inimicus
2248 5158 2591 5224 exprobrasset
2621 5162 2761 5214 mihi.
2790 5162 2855 5216 Et
2876 5167 3084 5234 quidem
3113 5176 3354 5240 superius
3375 5192 3496 5228 con-

1927 5245 2165 5297 turbatus
2195 5257 2306 5300 erat
2332 5248 2381 5300 in
2414 5251 2792 5310 exercitatione
2819 5270 2912 5311 sua
2939 5273 2968 5310 a
2999 5276 3128 5316 voce
3167 5264 3359 5318 inimici
3391 5277 3443 5320 et
3467 5285 3494 5322 a

1928 5336 2265 5390 tribulatione
2291 5342 2611 5407 peccatoris,
2657 5343 2791 5400 forte
2835 5348 2883 5401 in
2917 5349 3002 5403 illa
3030 5353 3242 5408 civitate
3271 5359 3488 5424 positus,

1923 5427 2147 5494 superba
2181 5427 2267 5480 illa
2312 5431 2544 5499 erigente
2584 5444 2778 5488 turrem
2823 5454 2937 5506 qua:
2983 5443 3251 5498 submersa
3280 5457 3361 5499 est
3394 5449 3405 5477 ⁸
3440 5461 3486 5501 ut

1922 5519 2284 5576 dividerentur
2311 5539 2493 5577 eorum
2539 5526 2726 5594 lingua:
2757 5529 2902 5586 (Gen.
2937 5549 2984 5586 vi
3005 5575 3017 5595 ,
3049 5538 3106 5603 4)
3126 5554 3144 5600 ,ε
3171 5540 3382 5592 attende
3411 5540 3487 5592 in-

1941 5698 1964 5705 __
2196 5628 2432 5705 subversa.
2482 5641 2535 5683 At
2572 5642 2695 5695 Mss,
2736 5637 2996 5688 submersa.
3028 5640 3198 5693 alludit
3231 5645 3287 5692 ad
3327 5648 3372 5705 γ.
3418 5649 3472 5698 to

1919 5689 2187 5754 Subtttcrge,
2214 5702 2306 5740 etc,
2684 5686 2694 5695 ι
2742 5686 2772 5687 η
2802 5686 2830 5687 νν
2863 5686 2888 5688 νν
3029 5686 3052 5687 ~
3232 5686 3287 5692 -.-
3327 5686 3372 5705 ,.
3421 5686 3488 5710 ,η

1985 5751 2056 5822 (ᾳ)
2094 5751 2193 5822 (ἰᾷ.
2220 5761 2371 5822 'li'act.
2396 5757 2496 5822 7min
2523 5764 2691 5822 Evang.
2721 5769 2870 5812 matr.
2899 5777 2944 5810 tt.
2975 5764 3042 5811 ll.

1985 5815 2052 5875 (ti)
2090 5816 2315 5875 subaud,
2338 5819 2465 5867 ntali.
