4004 6200
435 279 539 338 639

438 406 521 451 tus
559 394 683 466 quid
721 401 897 463 gemat
938 399 1151 463 propter
1201 387 1430 460 pericula
1473 401 1502 441 a
1546 383 1691 443 falsis
1736 382 2000 438 fratribus.

440 486 687 554 Quoniam
714 486 755 537 si
800 483 1031 536 inimicus
1076 479 1420 551 exprobrasset
1461 477 1582 531 mihi
1607 517 1623 543 ,
1665 473 2008 533 sustinuissent

437 578 606 645 utique
625 590 644 628 :
671 584 714 628 et
738 574 779 626 si
806 574 848 626 is
872 574 957 644 qui
982 572 1155 625 oderat
1174 588 1251 625 me
1268 612 1283 635 ,
1312 585 1461 640 super
1501 584 1579 621 me
1606 582 1789 637 magna
1814 565 2008 619 loeutus

436 668 627 737 fuisset.
652 664 702 718 id
731 673 833 731 est,
859 679 950 733 per
975 662 1274 732 superbiam
1298 646 1431 716 mihi
1450 658 1769 720 insultasset,
1799 653 2005 724 magni-

437 756 618 811 ﬁcaret
644 770 703 810 se
722 770 882 824 super
905 770 1009 823 me,
1040 754 1329 807 minaretur
1359 750 1485 804 mihi
1510 747 1762 820 quidquid
1791 755 2003 817 posset:

432 847 788 902 absconderem
811 861 890 899 me
914 846 1081 913 utique
1102 842 1164 897 ab
1184 860 1259 897 eo.
1289 842 1370 896 Ab
1390 842 1479 896 illo
1507 840 1594 913 qui
1622 839 1747 893 foris
1774 846 1855 893 eSt
1875 879 1888 898 ,
1918 835 2008 890 ubi

435 946 486 993 te
506 936 899 993 absconderes?
928 935 1068 990 lnter
1094 934 1211 988 illos
1226 934 1313 1005 qui
1343 932 1482 986 intus
1499 939 1639 985 sunt.
1661 928 1811 983 Nune
1831 936 2006 980 autem

435 1031 574 1096 vide,
592 1031 638 1086 si
665 1047 767 1086 non
790 1030 919 1084 nihil
940 1027 1080 1083 aliud
1103 1035 1286 1090 restat,
1312 1024 1413 1080 nisi
1440 1022 1845 1079 utsolitudinetn
1871 1032 2008 1090 quae.

358 1166 361 1169 -
435 1139 543 1179 ras.
580 1123 654 1177 Tu
679 1138 813 1188 vero,
837 1120 1025 1192 inquit,
1047 1120 1194 1173 homo
1220 1117 1489 1179 unanimis,
1517 1115 1625 1169 dua:
1644 1130 1780 1167 meus
1795 1122 1839 1167 et
1861 1121 2009 1169 notus

437 1231 598 1270 meus.
629 1215 790 1270 Forte
816 1212 1101 1284 aliquando
1128 1211 1320 1266 bonum
1345 1208 1618 1264 consilium
1636 1205 1851 1272 dedisti,
1874 1205 2009 1257 forte

434 1306 719 1375 aliquando
738 1303 1053 1375 przrccssisti
1075 1317 1177 1364 me,
1204 1310 1257 1354 et
1278 1301 1486 1355 salubre
1505 1297 1701 1374 aliquid
1724 1295 2005 1351 monuisti:

440 1397 492 1451 in
519 1396 760 1452 Ecclesia
783 1396 873 1450 Dei
900 1395 1057 1449 simul
1085 1393 1297 1448 fuimus.
1333 1392 1407 1446 Tu
1431 1408 1541 1446 vero
1567 1392 1713 1444 homo
1733 1389 2006 1454 unanimis,

439 1488 548 1541 dua:
571 1504 708 1542 meus
729 1498 774 1540 et
805 1495 950 1541 notus
979 1502 1118 1539 meus
1151 1485 1276 1554 :qui
1307 1484 1457 1536 simul
1500 1498 1691 1536 mecum
1720 1480 1889 1534 dulces
1919 1495 2009 1532 ca-

440 1577 609 1645 piebas
634 1577 786 1630 cibos.
836 1574 936 1643 Qui
980 1584 1103 1629 sunt
1139 1573 1322 1629 dulces
1366 1572 1514 1626 cibi?
1557 1570 1671 1627 Non
1707 1585 1892 1625 omnes
1921 1567 2010 1637 qui

440 1667 632 1721 adsunt
654 1676 915 1721 noverunt
939 1682 953 1730 ;
998 1665 1089 1720 sed
1118 1680 1221 1719 non
1244 1666 1533 1719 amaricent
1564 1664 1579 1694 ί
1607 1663 1697 1733 qui
1726 1670 2007 1724 noverunt,

439 1768 499 1817 ut
522 1758 723 1828 possint
761 1758 865 1813 illis
892 1757 978 1828 qui
1018 1757 1191 1812 adhuc
1223 1772 1324 1811 non
1364 1766 1621 1810 noverunt
1650 1736 1826 1808 dicere
1859 1772 1872 1807 :
1906 1752 2013 1806 Gu-

440 1859 603 1916 state,
642 1859 691 1904 et
725 1851 922 1917 videte,
969 1849 1204 1919 quoniam
1240 1848 1401 1901 dulcis
1443 1855 1515 1900 est
1553 1844 1797 1899 Dominus
1839 1842 2011 1913 (Psal-.

440 1957 600 1995 xxxnt
623 1982 637 2006 ,
661 1940 737 2010 9).
785 1939 886 2008 Qui
913 1940 1064 1993 simul
1098 1955 1289 1992 mecum
1315 1937 1486 1990 dulces
1514 1936 1741 2004 cupiebas
1767 1935 1917 1989 cibos.
1949 1933 2015 1989 In

442 2030 592 2084 domo
621 2030 715 2085 Dei
739 2029 1101 2085 ambulavimus
1124 2046 1237 2082 cum
1262 2043 1524 2081 consensu.
1570 2025 1723 2081 Unde
1751 2041 1876 2095 ergo
1902 2025 2014 2079 dis-

443 2121 621 2177 sensio
648 2119 765 2192 (a)?
791 2121 888 2189 Qui
918 2120 1059 2175 intus
1079 2128 1212 2186 erat,
1244 2118 1371 2173 foris
1397 2116 1563 2173 factus
1589 2126 1687 2172 est.
1721 2115 2017 2171 Ambulavit

445 2228 651 2267 mecum
692 2214 743 2267 in
782 2213 943 2267 domo
985 2212 1074 2266 Dei
1103 2227 1221 2267 cum
1260 2225 1521 2266 consensu
1551 2228 1563 2264 :
1596 2211 1752 2267 aliam
1799 2209 2015 2267 domum

445 2303 617 2356 erexit
646 2311 832 2357 contra
871 2302 1086 2357 domum
1119 2303 1229 2357 Dei.
1268 2301 1442 2368 Quare
1469 2301 1556 2355 illa
1584 2301 1764 2356 relicta
1794 2310 1896 2367 est,
1928 2301 2016 2355 ubi

446 2391 831 2447 ambulavimus
854 2406 973 2447 cum
1014 2407 1276 2447 consensu
1300 2393 1323 2445 ?
1367 2407 1529 2461 quare
1566 2392 1651 2445 illa
1678 2391 1887 2447 deserta
1914 2401 2014 2456 est,

450 2484 537 2539 ubi
565 2483 747 2539 dulces
774 2484 929 2539 simul
951 2483 1289 2553 capiebamus
1315 2484 1501 2538 cibos?

519 2574 605 2630 16.
635 2574 786 2649 [νινε.
809 2574 921 2648 16.]
959 2574 1134 2629 Veniat
1163 2593 1295 2637 mors
1315 2592 1465 2646 super
1484 2592 1567 2629 eos
1591 2616 1606 2640 ,
1650 2585 1695 2629 et
1720 2576 2021 2649 descendant

449 2665 516 2719 ad
549 2666 802 2735 infernum
830 2666 1064 2720 viventes.
1092 2665 1208 2733 Quo
1234 2666 1392 2719 modo
1413 2657 1684 2734 replicavit
1709 2675 1762 2718 et
1786 2644 2020 2719 recolere

451 2773 550 2813 nos
577 2758 697 2813 fecit
722 2759 947 2828 primum
971 2757 1095 2811 illud
1120 2756 1420 2813 schismatis
1452 2756 1693 2820 initium,
1726 2756 1936 2826 quando
1968 2756 2022 2810 in

452 2849 541 2904 illo
585 2849 757 2918 primo
792 2849 988 2919 populo
1028 2847 1330 2902 Judaeornm
1369 2845 1581 2916 quidam
1606 2846 1822 2915 superbi
1847 2862 1903 2899 sc
1932 2862 2020 2900 se-

451 2947 792 3010 paraverunt,
818 2948 873 2995 et
896 2947 1044 2994 extra
1069 2937 1366 2993 sacriﬁcare
1382 2938 1678 2992 voluerunt.
1716 2937 1857 2991 Nova
1881 2953 2024 2993 mors

453 3044 614 3099 super
641 3044 735 3087 eos
770 3029 915 3084 venit
942 3046 954 3081 :
978 3028 1184 3098 aperuit
1206 3043 1265 3083 se
1290 3037 1427 3082 terra
1454 3070 1469 3097 ,
1500 3037 1553 3083 et
1585 3028 1730 3082 vivos
1753 3028 2026 3084 absorbuit

457 3118 646 3191 (Num.
677 3136 761 3174 xvn
785 3162 799 3185 ,
834 3121 1004 3190 1-53).
1054 3118 1231 3173 Veniat
1254 3161 1268 3184 ,
1294 3120 1497 3188 inquit,
1519 3136 1653 3174 mors
1671 3137 1822 3189 super
1844 3136 1950 3183 eos,
1978 3130 2027 3175 et

458 3211 761 3265 descendant
787 3212 855 3264 ad
880 3211 1133 3282 infernum
1161 3211 1390 3264 viventes.
1435 3209 1568 3276 Quid
1597 3220 1679 3264 est
1698 3252 1712 3273 ,
1766 3211 1979 3265 viventes
1999 3212 2026 3265 .9

460 3303 698 3358 Scientes
722 3302 843 3373 quia
866 3311 1121 3373 pereunt,
1154 3311 1203 3357 et
1233 3310 1406 3356 tamen
1434 3311 1735 3370 pereuntes.
1776 3301 1910 3357 Audi
1942 3304 2024 3359 vi-

459 3403 643 3449 ventes
662 3395 835 3465 perire
863 3403 917 3449 et
942 3392 1215 3450 absorberi
1241 3393 1384 3447 hiatu
1405 3402 1591 3459 terrm,
1620 3393 1668 3447 id
1696 3403 1776 3448 est
1801 3394 2021 3451 devora-

463 3488 607 3541 tione
652 3496 981 3541 terrenarum
1027 3484 1372 3553 cupiditatum
1417 3484 1709 3540 absorberi.
1761 3486 1899 3541 Dicis
1926 3486 2027 3541 bo-

461 3578 589 3633 mini
620 3597 632 3632 :
663 3577 799 3647 Quid
830 3578 1028 3647 pateris
1048 3619 1063 3643 ,
1113 3577 1311 3631 frater?
1358 3576 1569 3632 Fratres
1595 3591 1776 3632 sumus
1798 3620 1811 3642 ,
1864 3595 2026 3634 unum

462 3672 629 3728 Deum
660 3671 984 3735 invocamus,
1012 3671 1063 3724 in
1089 3686 1247 3724 unum
1269 3669 1535 3724 Christum
1555 3669 1842 3737 credimus,
1868 3687 2029 3727 unum

464 3761 805 3833 Evangelium
853 3761 1136 3827 audimus,
1186 3776 1348 3815 unum
1404 3760 1670 3814 Psalmum
1721 3770 2027 3829 cantamus,

465 3869 628 3907 unum
649 3854 815 3908 Amen
832 3852 1239 3923 respondemus,
1266 3867 1427 3906 unum
1450 3850 1667 3906 Alleluia
1694 3867 2027 3923 resonamus,

464 3959 628 3998 unum
656 3944 855 3999 Pascha
885 3944 1215 3999 celebramus
1248 3962 1260 3997 :
1290 3943 1415 4013 quid
1457 3952 1513 3997 tu
1550 3942 1678 3998 foris
1719 3960 1813 4012 es,
1859 3955 1914 4001 et
1934 3962 2032 4018 ego

465 4033 607 4086 intus
622 4048 736 4087 smn
754 4033 778 4085 ?
798 4034 1109 4103 Plerumque
1125 4043 1431 4104 angustatus
1444 4043 1498 4088 et
1517 4034 1860 4091 considerans
1874 4052 2030 4106 quam

466 4138 592 4178 vera
618 4122 862 4177 dicantur
885 4165 899 4188 ,
931 4123 1137 4178 Reddat
1157 4166 1171 4187 ,
1202 4124 1293 4186 ait,
1337 4124 1476 4179 Deus
1499 4124 1787 4194 majoribus
1815 4128 2028 4182 nostris.

467 4216 608 4286 Ergo
631 4215 782 4271 vivus
807 4215 960 4284 perit.
996 4214 1193 4268 Deinde
1217 4213 1366 4268 addis
1390 4223 1443 4269 et
1463 4230 1645 4270 mones
1672 4232 1685 4268 :
1716 4214 1912 4271 Saltem
1941 4232 2034 4272 so-

467 4308 576 4362 lum
598 4307 667 4361 sit
692 4305 886 4360 malum
917 4305 1326 4376 segregationis,
1354 4321 1449 4360 cur
1470 4306 1709 4377 adjungis
1729 4319 1783 4362 et
1802 4308 2034 4378 rebapti—

468 4400 736 4460 sationis?
783 4400 1025 4469 Agnosce
1062 4398 1114 4452 in
1156 4413 1241 4452 me
1268 4398 1408 4468 quod
1432 4398 1651 4467 habes;
1696 4409 1750 4455 et
1789 4402 1830 4455 si
1869 4411 1920 4455 tu
1951 4417 2036 4457 me

467 4493 657 4557 odisti,
702 4490 913 4551 Christo
951 4489 1003 4544 in
1038 4504 1125 4545 me
1149 4504 1328 4560 parce.
1375 4490 1441 4544 Et
1469 4490 1571 4545 hoc
1593 4492 1670 4545 eis
1697 4491 1891 4546 malum
1922 4494 2034 4561 ple-

469 4603 693 4659 rumque
718 4597 772 4643 et
800 4585 1027 4641 maxime
1069 4584 1312 4654 displicet
1339 4601 1352 4637 :
1383 4584 1552 4645 Vere,
1596 4584 1870 4653 inquiunt,
1902 4586 2037 4640 male

474 4678 566 4740 tit;
595 4680 789 4733 utinam
812 4686 990 4749 posset
1016 4692 1120 4730 non
1144 4675 1290 4731 ﬁeri!
1324 4674 1416 4728 sed
1443 4673 1566 4743 quid
1593 4673 1813 4728 facimus
1839 4675 1905 4731 de
1932 4687 2039 4731 sta-

474 4769 601 4823 tutis
636 4770 890 4839 majorum
937 4766 1283 4823 nostrorum?
1328 4763 1647 4818 Descendunt
1684 4764 1753 4817 ad
1788 4766 2039 4836 infernum

471 4862 702 4915 viventes.
730 4859 783 4915 Si
812 4867 1050 4915 mortuus
1073 4856 1445 4918 descenderes,
1474 4855 1597 4925 quid
1622 4870 1804 4924 ageres
1832 4857 2040 4925 ignora-

474 4966 559 5006 res
585 4966 600 5003 :
625 4964 744 5004 cum
772 4964 895 5003 vero
920 4951 1024 5003 scis
1046 4949 1247 5003 malum
1273 4962 1392 5001 esse
1411 4946 1551 5016 quod
1588 4944 1716 5001 facis
1736 4986 1750 5006 ,
1780 4956 1832 5000 et
1865 4956 2038 5000 tamen

473 5045 640 5105 iacis;
686 5056 862 5099 nonne
888 5042 1036 5095 vivus
1071 5039 1350 5096 descendis
1377 5038 1443 5093 ad
1489 5036 1723 5092 inferos?
1772 5038 1835 5091 Et
1880 5052 2041 5106 quare
2074 5030 2082 5053 ⁵

475 5140 705 5194 maxime
751 5139 891 5207 ipsos
935 5137 1095 5192 duces
1136 5145 1293 5190 terra:
1341 5135 1512 5188 hiatus
1558 5132 1832 5188 absorbuit
1871 5133 2039 5198 vivos,

476 5232 723 5304 populum
773 5239 946 5284 autem
993 5229 1096 5281 illis
1138 5227 1553 5283 censentientem
1595 5241 1624 5279 e
1652 5226 1789 5279 coelo
1838 5224 2042 5279 irruens

476 5324 612 5392 ignis
638 5320 930 5389 absumpsit
972 5317 1154 5388 (Ibid,
1183 5316 1607 5385 47)?Propterea
1656 5315 1791 5370 hanc
1835 5330 2042 5385 poenam

475 5426 897 5469 commemorans
928 5409 1159 5480 psalmus
1198 5409 1295 5463 iste
1318 5448 1332 5469 ,
1376 5422 1406 5459 a
1444 5407 1635 5476 popqu
1659 5407 1818 5476 etrapit
1839 5448 1852 5469 ,
1897 5419 1945 5461 et
1975 5405 2043 5460 ad

480 5506 643 5559 duces
680 5502 960 5558 conclusit.
1003 5498 1176 5553 Veniat
1203 5513 1335 5551 mors
1356 5512 1505 5566 super
1526 5513 1608 5550 eos
1636 5538 1649 5561 ,
1683 5505 1897 5567 propter
1927 5496 2044 5551 illos

541 5684 556 5713 ⁸
589 5681 661 5729 sic
683 5685 756 5727 Er.
785 5685 834 5726 et
858 5684 962 5725 Vss.
994 5682 1045 5725 At
1067 5681 1193 5733 Lov.,
1220 5668 1309 5721 Sed
1334 5682 1423 5719 non
1446 5668 1781 5718 ainat'iccntur.

538 5744 612 5803 (α)
644 5747 692 5791 ιιι
715 5747 991 5790 Donatistas.

1652 272 1710 328 S.
1751 259 2113 327 AUGUSTINl
2155 264 2450 322 EPISCOP!

2996 325 3009 331 -
3578 271 3690 325 620

2118 378 2248 433 dixit
2267 421 2281 442 ,
2311 394 2471 449 super
2495 391 2626 450 quos
2654 378 2797 433 venit
2829 377 2963 449 ignis
2990 377 3057 433 de
3083 378 3221 437 mlo
3253 397 3267 432 :
3295 390 3350 434 et
3381 381 3558 435 statim
3582 381 3685 436 ad;

2105 471 2296 541 junxit,
2332 470 2643 526 Descendunt
2654 470 2727 523 ad
2747 471 2999 543 infernum
3024 472 3257 536 viventes,
3278 482 3492 543 propter
3514 474 3689 530 duces

2110 577 2242 629 quos
2274 570 2426 615 terra:
2465 560 2637 615 hiatus
2661 561 2950 617 absorbuit.
3002 562 3134 617 Nam
3162 562 3430 633 quomodo
3453 563 3685 620 descen-

2111 653 2381 709 derentad
2410 652 2673 711 infernum
2698 655 2965 722 viventes,
2994 654 3062 711 de
3090 654 3281 725 quibus
3308 655 3543 720 dixerat,
3581 656 3686 712 Ve-

2111 745 2216 798 niat
2242 761 2377 799 mors
2401 762 2553 817 super
2579 746 2704 800 eos?
2742 747 2785 802 si
2813 745 2921 814 jam
2952 761 3114 818 super
3149 762 3245 802 eos
3274 764 3416 803 mors
3441 761 3683 812 venerat,

2112 836 2376 906 quomodo
2401 837 2503 891 vivi
2537 838 2602 893 ad
2635 838 2832 893 inferos
2872 838 3312 895 descendebant?
3361 841 3500 912 Ergo
3526 859 3555 895 a
3584 842 3689 897 mi-

2114 930 2330 985 noribus
2355 931 2532 1000 coepit,
2565 930 2631 985 ad
2661 930 2887 1001 majores
2916 932 3196 987 com-lusit.
3239 931 3417 991 Veniat
3440 951 3576 988 mors
3599 951 3691 986 su-

2113 1039 2202 1092 per
2225 1039 2307 1077 eos
2328 1066 2345 1090 ,
2374 1024 2460 1094 qui
2484 1032 2869 1079 consenserunt
2894 1034 2948 1079 et
2973 1026 3239 1085 consecuti
3268 1035 3411 1087 sunt.
3454 1026 3589 1095 Quid
3611 1026 3692 1083 illi

2112 1115 2275 1171 duces
2303 1124 2357 1170 et
2379 1116 2690 1188 principes?
2719 1115 3033 1175 Descendunt
3053 1119 3122 1173 ad
3150 1120 3403 1190 infernum
3432 1122 3649 1177 viventes
3672 1137 3695 1176 :

2112 1209 2232 1279 quia
2265 1209 2363 1281 ipsi
2391 1209 2693 1282 Scripturas
2726 1219 2990 1277 tractant,
3024 1222 3077 1266 et
3106 1221 3368 1267 noverunt
3392 1212 3533 1268 bene
3555 1229 3693 1282 quo-

2115 1300 2239 1355 tidie
2279 1300 2501 1371 legendo
2541 1300 2809 1373 quomodo
2839 1288 3076 1357 Ecclesia
3106 1303 3367 1357 catholica
3398 1319 3495 1375 per
3518 1312 3691 1358 tntum

2112 1390 2299 1445 orbem
2344 1400 2600 1446 terrarum
2633 1392 2717 1446 '-ita
2746 1392 2932 1447 dilfusa
2975 1401 3056 1448 est
3080 1435 3095 1459 ,
3146 1404 3201 1447 ut
3228 1396 3446 1450 omnino
3471 1406 3692 1448 contra-

2096 1485 2275 1542 .dictio
2298 1487 2471 1541 omnis
2496 1496 2678 1553 vacet,
2728 1502 2826 1541 nec
2853 1486 3073 1542 inveniri
3104 1489 3268 1556 possit
3293 1488 3505 1558 aliquod
3542 1490 3693 1543 testi-

2116 1579 2351 1632 monium
2382 1593 2475 1646 pro
2503 1576 2790 1632 schismate
2814 1592 2998 1633 eorum
3021 1620 3036 1640 ,
3067 1588 3326 1633 noverunt
3356 1578 3523 1643 bene;
3568 1580 3695 1634 ideo

2115 1672 2179 1727 ad
2230 1671 2426 1727 inferos
2465 1672 2704 1726 viventes
2748 1670 3109 1736 descendunt,
3154 1672 3274 1740 quia
3319 1671 3519 1727 malum
3546 1672 3693 1741 quod

2118 1762 2333 1827 iaciunt,
2362 1762 2557 1817 malum
2580 1778 2697 1817 esse
2722 1771 3002 1819 noverunt.
3033 1762 3154 1817 Illos
3173 1772 3348 1834 autem
3372 1761 3567 1819 divinre
3590 1765 3646 1818 ir.
3664 1790 3697 1805 ο

2117 1854 2322 1909 cundi:e
2353 1856 2369 1886 ¹
2399 1855 2532 1925 ignis
2560 1853 2871 1922 absumpsit.
2923 1853 3111 1908 Studio
3152 1854 3293 1909 enim
3321 1856 3684 1913 contentionis

2118 1949 2368 2013 accensi,
2413 1963 2440 2000 a
2471 1947 2691 2002 ducibus
2732 1947 2843 2001 suis
2882 1946 3035 2000 malis
3065 1946 3317 2001 recedere
3364 1946 3689 2001 noluerunt:

2120 2039 2262 2091 venit
2291 2052 2451 2108 super
2482 2036 2656 2106 ignem
2687 2036 2821 2106 ignis
2841 2078 2854 2094 .
2888 2051 3047 2105 super
3072 2035 3317 2090 ardorem
3346 2036 3697 2091 dissensionis

2120 2128 2278 2185 ardor
2301 2127 2741 2196 consumptionis.
2805 2123 2982 2180 Veniat
3017 2143 3150 2197 mors
3177 2125 3330 2195 snp'er
3359 2127 3475 2180 illos
3494 2170 3507 2187 ,
3537 2140 3582 2179 et
3604 2129 3695 2181 de.

2120 2218 2361 2271 scendunt
2388 2218 2457 2270 ad
2498 2217 2751 2287 infernum
2796 2217 3031 2270 viventes.
3088 2216 3336 2282 Quoniam
3379 2218 3599 2286 nequitia
3642 2220 3697 2270 in

2121 2307 2349 2376 hospitiis
2368 2322 2556 2370 eorum,
2584 2308 2636 2358 in
2666 2304 2827 2358 medio
2846 2321 3036 2359 eorum.
3066 2302 3131 2358 In
3161 2305 3408 2372 hospitiis,
3436 2306 3521 2358 ubi
3576 2321 3701 2374 pcr-

2122 2400 2432 2468 egrinantur
2468 2408 2519 2451 et
2557 2404 2847 2451 transeunt.
2875 2395 2989 2451 Non
3021 2397 3160 2450 enim
3194 2396 3275 2451 hic
3296 2410 3509 2466 semper
3539 2397 3698 2452 futuri

2122 2499 2245 2543 sunt
2277 2507 2289 2541 :
2317 2500 2371 2543 et
2415 2500 2586 2542 tamen
2639 2501 2735 2555 pro
2781 2487 3115 2543 animositate
3161 2488 3433 2559 temporali
3478 2489 3554 2542 sic
3599 2505 3700 2556 pn-

2123 2589 2304 2649 gnant.
2349 2577 2668 2648 Iit-hospitiis
2702 2592 2829 2646 ergo
2852 2593 3023 2630 eorum
3056 2577 3316 2647 iniquitas,
3349 2579 3399 2630 in
3428 2580 3703 2632 medion-

2125 2689 2235 2725 rum
2265 2670 2514 2741 iniquitas
2544 2688 2557 2723 :
2592 2669 2793 2722 nullum
2824 2678 2930 2725 tam
2958 2667 3188 2723 medium
3214 2683 3396 2722 eorum
3422 2684 3581 2739 quam
3607 2684 3706 2722 cor

2124 2779 2307 2819 eorum
2318 2802 2330 2814 ι
2929 2804 2943 2815 .

2198 2856 2284 2909 17.
2319 2852 2467 2928 [verm
2506 2850 2614 2924 17.]
2644 2849 2753 2921 Ego
2772 2849 2839 2903 ad
2866 2849 3136 2903 Dominum
3169 2849 3469 2905 exclamavi.
3495 2850 3707 2923 Corpus

2127 2944 2322 3000 Christi
2351 2952 2405 2999 et
2430 2942 2604 2997 unitas
2624 2940 2820 2996 Christi
2850 2940 2901 2994 in
2931 2954 3126 3010 angore
3147 2980 3161 3003 ,
3202 2940 3254 2992 in
3286 2940 3483 3006 taedio,
3514 2942 3565 2996 in
3590 2958 3709 2996 mo-

2131 3039 2276 3093 lestia
2302 3079 2317 3105 ,
2343 3037 2394 3090 in
2421 3033 2825 3091 conturbatione
2851 3032 3247 3088 exercitationis
3274 3047 3421 3097 sum;
3453 3033 3543 3090 ille
3569 3051 3711 3089 unus

2131 3129 2293 3182 homo
2317 3170 2331 3192 ,
2382 3127 2433 3181 in
2472 3141 2578 3179 uno
2618 3139 2843 3194 corpore
2870 3124 3052 3193 posita
3084 3122 3258 3178 unitas
3280 3163 3295 3187 ,
3334 3139 3456 3178 cum
3487 3125 3712 3182 taederet

2130 3221 2358 3275 animam
2401 3218 2517 3287 ejus
2563 3216 2866 3273 exclamans
2900 3230 2929 3268 a
2976 3213 3170 3271 ﬁnibus
3207 3222 3361 3268 terra:
3392 3231 3406 3268 :
3435 3214 3476 3267 Α
3520 3216 3714 3287 ﬁnibus

2132 3320 2275 3365 terra:
2298 3309 2364 3363 ad
2393 3317 2440 3364 te
2463 3308 2673 3362 clamavi
2695 3348 2708 3371 ,
2755 3306 2954 3376 inquit,
2992 3321 3105 3359 cum
3130 3314 3399 3377 angeretur
3424 3320 3515 3359 cor
3543 3322 3713 3361 meum

2137 3402 2305 3474 (Psal.
2341 3418 2425 3468 1.x,
2453 3401 2536 3471 5).
2589 3399 2706 3468 Ipse
2743 3413 2879 3453 unus
2902 3440 2916 3464 ,
2954 3397 3047 3452 sed
3091 3397 3262 3451 unitas
3298 3411 3437 3455 unus
3469 3416 3483 3451 :
3512 3408 3565 3453 et
3593 3399 3718 3467 ipse

2133 3512 2269 3551 unus
2293 3536 2307 3559 ,
2341 3508 2445 3547 non
2470 3493 2519 3545 in
2544 3505 2649 3544 uno
2670 3490 2787 3544 loco
2810 3506 2948 3544 unus
2972 3531 2987 3551 ,
3018 3489 3109 3543 sed
3133 3505 3161 3542 a
3190 3488 3381 3542 ﬁnibus
3407 3498 3565 3544 terra:
3592 3490 3714 3544 cla-

2134 3597 2242 3640 mat
2282 3598 2437 3637 nnus.
2478 3580 2754 3648 Quomodo
2780 3593 2810 3632 a
2837 3578 3030 3632 ﬁnibus
3059 3587 3213 3633 terra:
3258 3578 3511 3634 clamaret
3544 3596 3712 3645 unus,

2136 3677 2234 3731 nisi
2280 3676 2331 3729 in
2362 3673 2539 3727 multis
2567 3680 2709 3726 esset
2737 3668 2916 3723 unus?
2966 3667 3076 3739 Ego
3113 3668 3182 3723 ad
3222 3667 3494 3723 Dominum
3533 3672 3716 3724 excla-

2136 3770 2287 3822 mavi.
2336 3765 2520 3819 Recte.
2554 3762 2633 3817 Tu
2663 3760 2902 3816 exclama
2933 3758 2996 3813 ad
3029 3760 3304 3815 Dominum
3326 3803 3340 3824 ,
3373 3762 3478 3817 noli
3505 3762 3570 3815 ad
3602 3763 3716 3816 Do-

2137 3871 2355 3920 natum;
2407 3871 2473 3910 ne
2515 3855 2608 3909 tibi
2657 3853 2727 3906 sit
2770 3866 2868 3922 pro
2896 3851 3121 3905 Domino
3150 3852 3432 3917 dominus,
3482 3855 3571 3924 qui
3609 3856 3720 3909 sub

2137 3953 2361 4009 Domino
2395 3948 2561 4003 noluit
2585 3962 2705 4001 esse
2737 3959 3045 4000 conservus.
3086 3943 3197 4015 Ego
3226 3945 3294 3997 ad
3324 3940 3595 3999 Dominum
3621 3962 3719 4001 ar-

2137 4042 2349 4098 clamavi
2378 4056 2396 4094 :
2420 4049 2465 4094 et
2490 4037 2728 4092 Dominus
2747 4034 2997 4090 exaudivit
3023 4051 3117 4088 me.

2210 4134 2297 4189 18.
2330 4127 2615 4205 [vers.18.]
2655 4126 2901 4198 Vespere,
2946 4136 2994 4179 et
3031 4142 3207 4193 mane,
3238 4135 3284 4178 et
3305 4126 3542 4188 meridie,
3567 4144 3725 4181 eum-

2138 4229 2257 4281 rabo
2278 4266 2292 4291 ,
2316 4234 2360 4276 et
2386 4220 2711 4285 annuntiabo,
2735 4228 2781 4272 et
2801 4217 3032 4272 exaudiet
3062 4233 3225 4270 vocem
3249 4233 3427 4271 meam.
3464 4217 3724 4289 Evange-

2142 4319 2238 4372 liza
2269 4328 2343 4377 tu,
2375 4314 2480 4368 noli
2509 4321 2683 4365 tacere
2701 4318 2755 4363 tu
2783 4308 2921 4379 quod
2954 4308 3219 4376 accepisti,
3243 4324 3461 4375 vespere,
3487 4309 3554 4363 de
3582 4326 3730 4378 pne.

2141 4407 2346 4469 teritis;
2388 4419 2536 4457 mane
2558 4444 2573 4466 ,
2602 4400 2669 4454 de
2708 4399 2938 4464 futuris;
2983 4398 3223 4462 meridie,
3255 4398 3321 4451 de
3348 4400 3727 4468 sempiternis.

2142 4501 2268 4555 ldeo
2297 4496 2359 4551 ad
2391 4495 2441 4549 id
2467 4492 2607 4564 quod
2632 4492 2738 4555 ait,
2779 4506 2981 4559 vespere
3000 4531 3013 4548 .
3045 4489 3276 4560 pertinet
3295 4488 3436 4557 quod
3464 4500 3680 4544 enarrat
3710 4510 3727 4545 :

2142 4592 2207 4646 ad
2239 4590 2288 4645 id
2318 4586 2458 4657 quod
2483 4585 2593 4646 ait,
2638 4597 2787 4635 mane
2809 4622 2823 4647 ,
2862 4580 3089 4649 pertinet
3117 4579 3255 4647 quod
3292 4579 3569 4634 annuntiat
3601 4596 3613 4631 :
3648 4581 3731 4635 ad

2144 4683 2193 4737 id
2223 4678 2360 4751 quod
2391 4678 2502 4738 ait,
2545 4673 2787 4737 meridie,
2837 4671 3066 4741 pertinet
3112 4670 3251 4740 quod
3298 4672 3577 4725 exauditur
3614 4688 3733 4731 vox

2144 4773 2279 4842 ejus.
2336 4771 2477 4824 Finis
2497 4768 2634 4823 enim
2666 4766 2718 4819 in
2747 4763 2970 4819 meridie
2992 4771 3071 4827 est
3092 4804 3105 4826 ,
3137 4760 3230 4816 sed
3258 4761 3398 4816 unde
3423 4777 3528 4815 non
3550 4762 3736 4817 decli-

2145 4874 2298 4920 natur
2324 4863 2374 4917 in
2403 4874 2670 4915 occasum.
2717 4855 2772 4911 In
2822 4853 3043 4930 meridie
3068 4853 3207 4908 enim
3250 4855 3335 4906 lux
3377 4854 3585 4907 excelsa
3612 4864 3735 4922 est,

2146 4953 2397 5026 splendor
2450 4948 2740 5019 Sapientim,
2795 4946 2969 4999 fervor
3012 4944 3330 4999 dilectionis.
3393 4942 3631 5014 Vespere,
3678 4957 3738 5001 et

2145 5061 2308 5111 mane,
2342 5052 2387 5096 et
2408 5040 2631 5094 meridie.
2664 5037 2891 5103 Vespere
2914 5035 3169 5089 Dominus
3191 5034 3245 5088 in
3273 5049 3447 5097 cruce,
3482 5051 3636 5088 mane
3672 5037 3735 5090 iu

2148 5125 2553 5196 resurrectione,
2577 5129 2795 5183 meridie
2819 5129 2869 5181 in
2900 5128 3208 5182 ascensione
3241 5145 3254 5179 :
3287 5140 3479 5181 enarra
3500 5142 3739 5196 vespere

2148 5228 2453 5299 patientiam
2502 5222 2811 5282 morientis,
2864 5221 3121 5273 anmmtio
3161 5234 3317 5273 mane
3351 5219 3514 5272 vitam
3538 5235 3742 5274 resur-

2148 5320 2347 5394 gentis,
2397 5308 2643 5372 orabo'nt
2680 5311 2926 5368 exaudiat
2966 5311 3194 5365 meridie
3230 5310 3422 5364 sedens
3450 5309 3516 5363 ad
3538 5309 3742 5363 dexte-

2149 5426 2261 5466 ram
2280 5406 2448 5461 Patris
2471 5422 2485 5468 ;
2513 5402 2757 5458 exaudiet
2783 5415 2965 5455 vocem
2995 5415 3166 5454 meam
3188 5399 3274 5467 qui
3298 5398 3600 5469 interpellat
3631 5415 3742 5466 pro

2149 5501 2302 5557 nobis
2330 5496 2504 5565 (Rom.
2531 5509 2642 5555 vni,
2672 5494 2783 5560 54).
2814 5492 3018 5559 Quanta
3050 5490 3207 5558 hujus
3222 5490 3504 5553 securitas,
3527 5504 3741 5558 quanta

2152 5588 2446 5649 consolatio
2466 5629 2480 5651 ,
2521 5593 2711 5654 quanta
2744 5581 2966 5637 reiectio
2997 5599 3026 5633 a
3057 5580 3488 5650 pusillattimitate
3511 5589 3564 5632 et
3593 5593 3739 5634 tem-

2218 5726 2231 5756 ¹
2268 5732 2442 5772 (tumes
2465 5726 2551 5769 Mss
2575 5751 2590 5778 ,
2616 5717 2674 5766 de
2699 5714 2857 5805 dicina
2877 5712 3127 5765 iracundia
3150 5713 3271 5776 ignis
3292 5704 3567 5770 obstringit.
