4004 6200
305 278 402 332 641

302 399 525 457 jwstate.
554 398 734 450 contra
757 391 942 454 malos,
969 403 1151 448 contra
1175 394 1376 464 iniquos
1398 405 1449 449 et
1480 395 1606 449 loris
1635 407 1685 450 et
1710 397 1867 460 intus,

299 494 354 537 et
384 485 432 536 in
463 482 542 535 his
565 485 648 551 qui
677 483 802 537 loris
830 496 968 549 sunt,
1004 502 1122 542 cum
1151 487 1370 540 fuissent
1397 490 1567 542 intus!

379 571 561 591 ηιμ.
672 571 839 591 ηη..
1024 575 1114 591 ..,
1324 581 1333 589 .
1543 581 1630 591 ..

375 573 458 628 l9.
489 571 636 644 [vers
670 571 777 645 l9.]
805 574 1000 643 Itaque,
1023 575 1209 629 fratres
1237 581 1358 643 luci,
1382 595 1514 647 quos
1543 581 1592 632 in
1621 581 1726 648 ipsa
1747 597 1874 636 eon—

293 658 606 735 gregatione
643 667 899 735 parietum
942 668 1128 721 horum
1161 670 1347 723 videtis
1377 672 1701 726 turbulentos
1727 717 1740 737 ,
1785 689 1874 726 su-

297 758 524 828 perbos,
559 773 650 810 sua
679 769 1011 826 quierentes,
1042 760 1236 826 elatos,
1278 778 1380 814 non
1414 762 1868 868 habentes-zelum

301 849 393 903 Dei
424 858 660 911 castum,
693 864 910 912 sanum,
946 851 1178 920 quietum
1202 893 1215 915 ,
1257 852 1348 906 scd
1396 855 1614 908 multum
1646 857 1742 908 sibi
1775 858 1868 910 tri-

293 939 558 1001 buentes;
612 940 677 992 ad
716 939 1097 996 dissensionem
1129 951 1335 1010 paratos
1361 987 1374 1009 ,
1403 946 1498 1000 scd
1538 949 1866 1002 occasionem

291 1045 402 1082 non
435 1030 780 1092 invenientes,
803 1030 912 1100 ipsa
931 1042 1010 1086 cst
1030 1034 1176 1101 palea
1204 1033 1480 1089 dominicae
1501 1051 1636 1090 arca:
1657 1038 1864 1141 (Matth.

291 1137 352 1177 tu
378 1165 392 1185 ,
429 1123 539 1188 l2).
573 1123 704 1176 Hinc
733 1124 850 1178 illos
872 1140 1066 1194 paucos
1089 1127 1350 1194 superbia:
1387 1139 1570 1181 ventus
1593 1131 1824 1231 excussit
1851 1149 1863 1184 :

291 1222 402 1267 tota
427 1214 574 1282 palea
604 1229 709 1266 non
738 1214 952 1277 volabit,
977 1216 1076 1269 nisi
1107 1231 1224 1269 cum
1249 1217 1335 1271 ille
1359 1218 1406 1270 in
1429 1219 1611 1272 ultimo
1643 1221 1868 1323 ventila-

289 1302 538 1359 hit.'Scd
573 1320 669 1359 nos
695 1305 840 1373 quid,
866 1306 965 1359 nisi
995 1321 1112 1360 cum
1145 1308 1246 1360 isto
1270 1318 1540 1362 cantemus
1563 1353 1576 1377 ,
1609 1327 1728 1365 cum
1763 1313 1862 1366 isto

287 1410 525 1456 Oremus,
557 1412 677 1450 cum
701 1395 801 1449 isto
823 1396 1129 1466 plangamus
1159 1405 1213 1452 et
1238 1400 1474 1453 dicamus
1501 1403 1669 1455 securi
1691 1403 1863 1506 altea-

285 1489 408 1540 imet
471 1489 523 1540 in
570 1504 691 1556 pace
734 1489 953 1541 animam
998 1491 1203 1543 meam?
1248 1489 1442 1544 Contra
1489 1492 1606 1548 illos
1643 1496 1728 1563 qui
1760 1512 1861 1597 non

452 1588 465 1597 _
787 1577 821 1597 ,ί
879 1595 899 1597 Δ
953 1595 989 1597 η
1062 1579 1127 1597 7..
1197 1588 1225 1597 7,
1327 1584 1332 1588 .

287 1588 468 1631 ainant
512 1593 691 1646 pacem
714 1620 727 1640 ,
780 1577 840 1631 In
872 1595 993 1648 pace
1020 1579 1226 1632 redimet
1254 1584 1473 1634 animam
1509 1600 1665 1637 meam
1698 1601 1715 1637 :
1744 1587 1861 1655 quia

286 1686 411 1721 cum
445 1670 524 1720 his
560 1670 646 1737 qui
691 1669 914 1722 oderunt
960 1686 1178 1739 pacem,
1225 1687 1368 1726 eram
1416 1674 1861 1779 paciﬁcusll’sal.

293 1775 404 1779 -_777
477 1760 528 1779 ..ι
999 1778 1002 1779 7
1178 1763 1189 1775 .

284 1775 406 1814 cm:
429 1803 442 1819 ,
477 1760 550 1820 7).
609 1760 832 1813 lledimet
858 1762 908 1813 in
949 1778 1069 1829 pace
1105 1763 1323 1816 animant
1353 1781 1545 1830 meam,
1574 1767 1634 1820 ab
1665 1769 1740 1821 Itis
1775 1771 1860 1839 qui

285 1852 692 1920 appropinquant
724 1853 862 1905 mihi.
891 1853 1016 1906 Natu
1041 1854 1108 1906 ab
1135 1855 1234 1908 illis
1264 1857 1349 1924 qui
1379 1857 1530 1927 longe
1547 1870 1669 1914 sunt
1695 1877 1720 1912 a
1754 1878 1856 1924 me,

286 1942 451 1965 ΓΑΛέΙῖ.-
498 1958 588 1965 ...ι--
623 1957 645 1965 ..
703 1954 774 1965 με.
810 1961 822 1965 -
853 1960 951 1965 --λυ
1008 1960 1085 1965 ..4-
1133 1956 1230 1965 .‘__
1291 1963 1303 1965 _
1337 1958 1374 1965 .7
1418 1950 1436 1965 ιι
1470 1951 1540 1965 ιιι-
1660 1953 1669 1964 ι
1729 1952 1758 1965 ιι
1800 1955 1829 1965 ο.

284 1942 454 1996 facilis
493 1957 648 1995 caua
697 1954 779 1997 cst
809 1961 822 1995 :
853 1960 954 1997 non
1007 1960 1091 2000 me
1133 1956 1235 2000 tam
1282 1949 1388 2002 cito
1417 1950 1547 2004 fallit
1583 1953 1670 2020 qui
1710 1952 1856 2018 dicit,

283 2036 449 2097 Veni,
502 2036 696 2089 idolum
744 2036 903 2090 adora
939 2055 951 2090 :
985 2039 1204 2092 mullum
1235 2055 1261 2093 a
1286 2057 1370 2096 me
1392 2042 1546 2113 longe
1575 2053 1675 2099 est.
1705 2046 1858 2100 Chri-

278 2129 486 2182 Stianus
512 2128 608 2182 es?
634 2128 981 2193 Christianus,
1015 2131 1201 2200 inquit.
1232 2132 1309 2186 Ex
1344 2135 1638 2205 pmpinquo
1663 2137 1856 2192 adver-

275 2231 446 2284 Satur,
483 2235 644 2288 prOpe
671 2231 770 2273 est.
825 2221 1047 2274 Redimet
1082 2224 1133 2275 in
1164 2240 1284 2289 pace
1308 2226 1525 2278 animant
1553 2243 1712 2280 meam
1737 2271 1750 2292 ,
1796 2230 1857 2282 ab

276 2315 355 2366 his
382 2314 469 2384 qui
511 2312 915 2382 appropinquant
959 2314 1080 2367 mihi
1108 2331 1126 2368 :
1149 2318 1383 2384 quoniam
1421 2319 1472 2370 in
1511 2320 1679 2373 multis
1716 2333 1856 2376 erant

273 2422 492 2459 mecum.
518 2409 690 2470 Quare
719 2405 847 2467 dixi,
877 2408 1280 2476 appropinquant
1309 2409 1474 2462 mihi?
1502 2411 1634 2476 Quia
1658 2414 1709 2464 in
1734 2416 1859 2468 mul-

273 2498 338 2548 tis
363 2505 506 2548 erant
535 2511 746 2548 mecum.
797 2495 848 2548 ln
895 2497 991 2550 hoc
1031 2512 1185 2550 versu
1217 2499 1334 2552 dum
1360 2502 1636 2555 sententia:
1666 2518 1853 2558 oceur-

271 2597 424 2642 ruut.
470 2586 535 2638 In
563 2585 729 2638 multis
755 2596 896 2640 erant
916 2603 1106 2640 merum
1132 2604 1150 2640 :
1178 2589 1502 2654 Baptisntum
1531 2592 1854 2650 habebamus

270 2681 514 2748 utrique,
546 2678 598 2731 in
633 2693 698 2732 eo
721 2688 873 2732 erant
901 2695 1140 2745 mecum;
1173 2681 1512 2752 Evangelium
1540 2687 1746 2755 utrique
1778 2689 1852 2742 Ie-

269 2771 550 2839 gehamus,
582 2777 733 2822 erant
760 2769 811 2823 in
833 2784 898 2824 eo
934 2784 1172 2835 mecum;
1224 2771 1353 2826 festa
1396 2785 1682 2846 martyrum
1709 2778 1851 2833 cele-

274 2857 600 2923 hrahamus,
643 2869 796 2913 erant
823 2859 894 2914 ibi
930 2875 1169 2928 mecum;
1200 2861 1419 2917 Pascha:
1457 2865 1846 2923 solemnitatem

274 2949 384 2970 ἢ---
411 2949 739 2970 Αγμ.-ι---...---
817 2959 958 2970 -..Α-ι
988 2949 1054 2970 2L!
1087 2967 1232 2970 ___-7_
1260 2962 1285 2970 7-_
1359 2953 1414 2970 n7
1446 2955 1460 2970 ι
1759 2959 1770 2970 ι

269 2949 770 3019 frequentabamus,
810 2959 960 3003 erant
988 2949 1055 3003 ibi
1086 2962 1313 3006 mecum.
1357 2953 1461 3008 Sed
1491 2972 1595 3010 non
1629 2959 1846 3013 omnino

268 3055 481 3095 mecum
509 3056 520 3091 :
552 3039 606 3092 in
625 3040 908 3094 schismate
929 3057 1033 3095 non
1059 3057 1285 3105 mecum,
1308 3044 1356 3096 in
1388 3044 1574 3101 Incresi
1604 3050 1711 3102 non'
1736 3067 1848 3105 me-

265 3147 410 3190 cum.
462 3132 515 3184 lu
544 3131 722 3184 multis
747 3147 989 3198 mecum,
1036 3133 1086 3186 in
1116 3135 1294 3201 paucis
1330 3151 1434 3190 non
1475 3154 1702 3194 mecum.
1737 3141 1841 3198 Sed

264 3185 316 3277 in
350 3224 434 3275 his
456 3223 633 3290 paucis
658 3224 708 3276 in
734 3224 924 3293 quibus
947 3241 1050 3278 non
1081 3240 1307 3288 mecum,
1342 3245 1445 3284 non
1472 3232 1548 3286 eis
1571 3247 1790 3302 prosunt
1823 3239 1839 3270 ί

261 3315 432 3369 ιιιιιιῐη
455 3315 506 3368 in
529 3316 716 3383 quibus
737 3331 965 3371 mecum.
995 3316 1223 3384 Etenim,
1254 3319 1461 3385 fratres,
1485 3323 1657 3379 videte
1680 3343 1838 3396 quam

261 3409 428 3460 multa
455 3407 720 3461 enarravit
743 3408 1013 3474 apostolus
1041 3409 1230 3464 Paulus
1255 3429 1267 3464 :
1303 3429 1460 3467 unum
1482 3415 1643 3476 dixit:
1675 3419 1718 3472 si
1748 3421 1841 3475 dc-

260 3502 442 3562 l'uerit,
475 3499 662 3554 frustra
693 3509 817 3555 sunt
842 3500 952 3554 illa.
1001 3500 1061 3554 Si
1089 3503 1274 3572 linguis
1305 3505 1560 3560 hominum
1588 3513 1763 3579 loquar
1790 3524 1836 3567 et

213 3625 220 3634 .
259 3594 590 3663 Angelorum,
613 3592 705 3657 ait,
735 3593 777 3645 si
800 3592 1005 3645 habeam
1023 3609 1216 3648 omnem
1233 3598 1542 3666 prophetiam
1568 3612 1613 3654 et
1641 3621 1835 3659 omnem

263 3686 412 3707 ΒΔΑ---
469 3693 506 3707 ,ι
535 3699 722 3707 -..ι-.-.μ
747 3685 996 3707 --.-..ιέ-...
1042 3686 1079 3707 -2
1101 3695 1284 3707 μ---ι--
1315 3697 1328 3707 Δ
1371 3706 1402 3707 7,
1459 3695 1479 3707 ρ
1692 3695 1702 3706 ι
1749 3696 1778 3707 ι.

255 3686 432 3753 ﬁdem,
461 3693 506 3736 et
530 3699 724 3736 onmem
742 3683 1016 3744 scientiam,
1037 3686 1079 3737 si
1099 3695 1285 3740 montes
1311 3695 1629 3759 transferant,
1658 3695 1702 3746 si
1726 3696 1832 3749 dis-

255 3777 476 3827 tribuam
502 3774 668 3827 omnia
713 3789 824 3826 mea
843 3775 1162 3843 pauperibus,
1194 3777 1236 3829 si
1255 3779 1449 3830 tradam
1473 3797 1653 3848 corpus
1673 3801 1832 3839 meum

253 3869 325 3920 ita
367 3877 422 3920 ut
463 3865 652 3919 ardeat.
695 3865 862 3931 Quam
892 3866 1050 3920 multa
1072 3871 1398 3923 enumeravit
1425 3873 1437 3925 !
1469 3872 1559 3927 llis
1587 3876 1830 3933 omnibus

254 3959 439 4012 multis
473 3957 614 4011 desit
660 3972 762 4010 una
805 3956 1034 4010 charitas
1061 3976 1078 4040 εἰ
1103 3958 1188 4012 illa
1237 3975 1460 4015 numero
1495 3964 1639 4031 plura
1686 3979 1824 4030 sunt,

254 4051 374 4103 ιιτιοο
398 4049 629 4114 pondere
661 4049 829 4117 major
853 4059 933 4103 est
964 4049 1002 4119 (Ι
1027 4043 1143 4102 Cor.
1175 4051 1308 4123 xui).
1343 4054 1478 4123 Ergo
1505 4055 1555 4110 in
1586 4060 1828 4115 omnibus

253 4141 618 4194 Sacramentis
646 4157 850 4194 mecum
879 4182 892 4201 ,
936 4142 986 4194 in
1021 4158 1118 4194 uua
1156 4144 1412 4200 charitate
1447 4164 1549 4201 non
1579 4167 1820 4208 mecum:

255 4234 319 4286 In
351 4233 520 4285 multis
561 4243 698 4286 erant
728 4250 936 4287 mecum.
986 4232 1188 4288 Rursus
1213 4237 1315 4290 alio
1349 4239 1505 4293 modo
1527 4284 1542 4306 ,
1577 4244 1824 4311 Quoniam

250 4326 302 4375 in
333 4323 507 4375 multis
536 4333 674 4375 erant
697 4339 904 4389 mecum,
931 4325 1016 4392 qui
1047 4339 1105 4379 se
1131 4341 1504 4395 separaverunt
1524 4347 1552 4385 a
1583 4350 1687 4398 me,
1717 4353 1825 4392 me-

251 4422 574 4479 munerant,
609 4429 713 4467 non
745 4414 794 4467 in
824 4415 1023 4482 paucis,
1055 4417 1146 4470 scd
1179 4419 1227 4471 in
1255 4421 1454 4475 multis.
1498 4423 1702 4479 Etenim
1731 4444 1825 4496 per

253 4515 426 4560 totum
454 4504 638 4559 orbem
666 4513 922 4559 terrarum
947 4521 1109 4574 pauca
1137 4519 1256 4561 sunt
1277 4526 1436 4578 grana
1454 4553 1467 4575 ,
1499 4515 1673 4569 multa:
1703 4529 1824 4574 sunt

247 4598 440 4666 patrm.
464 4595 598 4660 Quid
621 4610 747 4665 ergo
770 4596 875 4649 ait?
902 4597 956 4650 In
980 4599 1123 4665 palea
1146 4614 1347 4653 mecum
1376 4613 1545 4666 erant,
1579 4605 1628 4658 in
1649 4607 1822 4672 tritico

247 4705 359 4741 non
389 4701 594 4740 mecmn
635 4694 787 4740 erant
816 4704 828 4740 :
860 4695 914 4741 et
962 4689 1277 4757 propinquat
1322 4691 1473 4760 palea
1515 4693 1722 4763 tritico,
1754 4699 1821 4754 de

248 4795 362 4832 uno
399 4778 605 4833 semine
650 4779 779 4844 exit,
810 4778 860 4834 in
897 4795 1002 4833 uno
1026 4794 1154 4851 agro
1180 4780 1479 4850 radicatur,
1519 4800 1618 4838 una
1648 4789 1817 4857 pluvia

246 4868 515 4931 nutritur,
554 4869 796 4922 eumdem
826 4884 1116 4924 messorem
1144 4873 1339 4940 patitur
1365 4915 1379 4936 ,
1408 4875 1646 4930 eamdem
1669 4880 1820 4936 tritu-

243 4962 509 5015 rationem
539 4961 792 5025 sustinet,
835 4961 1075 5016 eamdem
1105 4963 1497 5020 ventilationcm
1525 4981 1814 5041 exspectat,

243 5069 357 5107 non
381 5053 432 5104 in
457 5067 614 5104 unum
642 5051 889 5108 horreum
921 5053 1097 5106 intrat.
1133 5053 1380 5118 Quoniam
1406 5057 1459 5111 in
1480 5061 1646 5116 multis
1674 5078 1817 5122 erant

241 5159 466 5198 mecum.
549 5173 557 5182 -
1006 5192 1022 5209 κ
1067 5186 1088 5204 ρ

314 5235 406 5290 9.0.
440 5233 584 5305 [vers
618 5232 831 5306 20-22.]
862 5232 1111 5289 Exaudiet
1148 5251 1225 5290 me
1263 5235 1426 5303 Deus,
1467 5249 1514 5293 et
1540 5241 1816 5302 humiliabit

237 5331 383 5390 illos,
407 5329 703 5396 quiestaute
721 5327 923 5381 swcula.
947 5325 1022 5380 llli
1044 5328 1182 5382 enim
1209 5342 1529 5398 przesumunt
1547 5335 1613 5390 de
1637 5355 1814 5438 aescuo

544 5434 630 5438 ____
671 5417 748 5438 _.7g
783 5417 932 5438 -.μμ
966 5417 1073 5438 .--_=
1110 5437 1116 5438 7

239 5435 354 5488 quo
378 5420 512 5472 duce
542 5434 637 5473 suo
663 5417 749 5486 qui
778 5417 936 5485 cmpit
966 5417 1074 5473 heri
1106 5419 1423 5474 :httmiliabit
1465 5424 1579 5478 illos
1615 5429 1700 5493 qui
1742 5437 1813 5482 est

239 5521 362 5565 ante
401 5509 606 5563 stecula.
651 5509 780 5575 Quia
818 5507 917 5561 etsi
957 5523 1024 5564 ex
1067 5517 1304 5581 tempore
1348 5512 1586 5570 Christus
1624 5529 1701 5571 est
1745 5519 1812 5574 de

307 5645 325 5672 ι
362 5647 484 5693 ωδε..
513 5643 601 5689 Sed
623 5651 673 5690 tn
697 5638 863 5702 paucis
885 5653 976 5690 non
996 5652 1200 5701 mecum,
1223 5642 1272 5693 in
1304 5641 1471 5707 quibus
1493 5660 1582 5697 non
1599 5646 1667 5698 οιίς
1699 5663 1811 5711 pro-

238 5701 354 5760 sint.
379 5711 472 5749 etc.

1402 285 1792 340 ENARRATIO
1833 285 1895 339 IN
1937 286 2255 350 ρςλωιυλι
2297 299 2425 356 LIV.

3443 331 3554 390 64?.

1987 401 2143 458 Maria
2177 409 2374 476 virgine
2397 455 2411 477 ,
2458 428 2578 470 ante
2614 425 2804 478 srrcula
2844 437 3013 485 tamen
3057 433 3106 488 in
3139 438 3394 511 principio
3419 446 3548 501 Ver-

1987 491 2025 511 i.
2193 510 2197 511 ν
2231 499 2265 511 -ν
2335 502 2346 511 ·

1983 491 2123 554 Ιιυηι,
2152 510 2202 550 et
2231 499 2457 556 Verbum
2487 511 2620 574 apud
2654 513 2833 582 Deum,
2869 529 2919 573 et
2952 522 3086 579 Deus
3110 527 3337 587 Verbum
3367 536 3548 602 (Joau.

1980 598 2014 644 t,
2053 585 2119 654 Ι).
2163 588 2456 647 Ilumiliubit
2493 599 2604 653 illus
2645 606 2729 671 qui
2760 619 2831 660 est
2877 623 2994 666 ante
3034 619 3235 674 saecula.
3268 623 3387 681 Non
3413 634 3542 686 enim

1976 683 2046 725 est
2072 676 2171 728 illis
2193 688 2510 740 commutatio
2529 705 2546 742 :
2564 692 2627 745 de
2653 694 2750 749 illis
2774 699 2912 765 dico,
2936 706 3124 772 quibus
3153 728 3255 766 non
3284 727 3364 770 est
3391 735 3538 775 com-

1978 769 2210 819 mutatio.
2246 771 2472 830 Noverat
2517 782 2717 850 aliquos
2754 783 3216 866 pcrsevcratui‘os,
3259 815 3310 860 ct
3342 809 3390 861 in
3423 828 3546 879 pcr-

1977 862 2305 916 severatione
2335 882 2442 920 sua:
2486 876 2729 942 ncquitim
2772 885 3069 942 morituros.
3119 893 3367 955 Videmus
3399 908 3538 962 enim

1974 959 2086 1010 eos,
2133 959 2184 1003 et
2222 969 2325 1008 non
2367 969 2447 1011 est
2480 962 2580 1016 illis
2619 975 2960 1031 commutatio
2987 996 2998 1031 :
3023 982 3110 1049 qui
3141 987 3216 1038 sic
3246 993 3545 1051 moriuntur

1976 1037 2026 1090 in
2055 1040 2160 1107 ipsa
2196 1051 2564 1117 perversitate,
2615 1058 2662 1111 in
2698 1061 2809 1129 ipso
2839 1067 3154 1140 schismate,
3186 1095 3288 1135 non
3322 1097 3401 1140 est
3433 1090 3538 1145 illis

1973 1141 2334 1193 commutatio.
2367 1141 2670 1203 llumiliahit
2714 1155 2830 1209 illos
2864 1159 3032 1226 Deus,
3086 1169 3378 1236 humiliabit
3424 1182 3540 1236 illos

1973 1218 2025 1270 in
2051 1219 2401 1295 damnatione,
2438 1239 2553 1305 quia
2594 1247 2755 1299 erecti
2797 1261 2920 1306 sunt
2950 1255 2999 1308 in
3045 1259 3393 1322 dissensione.
3421 1273 3538 1329 Non

1971 1321 2051 1363 est
2075 1313 2177 1367 illis
2207 1330 2548 1383 commutatio
2568 1373 2581 1394 ,
2631 1337 2750 1403 quia
2784 1356 2885 1394 non
2931 1357 3199 1407 mutantur
3228 1357 3278 1409 in
3307 1363 3494 1418 melius
3518 1407 3533 1431 ,

1971 1401 2060 1431 οη..
2091 1403 2138 1431 ε..
2175 1409 2345 1431 λΑυμ
2656 1426 2702 1431 υ

2649 1401 2659 1403 ἡ
3081 1401 3187 1407 77---
3307 1401 3494 1418 ...νυω
3518 1407 3533 1431 ,

1970 1401 2060 1454 sed
2091 1403 2139 1457 in
2174 1409 2349 1477 pejus;
2382 1431 2477 1470 nec
2504 1434 2620 1474 Cum
2655 1426 2736 1480 hic
2757 1444 2898 1498 sunt,
2931 1451 3026 1492 nec
3049 1441 3097 1494 in
3128 1455 3533 1511 resurrectione.

1970 1491 2011 1511 η
2082 1509 2090 1511 _
2265 1501 2276 1511 .

2886 1491 2896 1498 ,
3012 1491 3017 1492 7
3128 1491 3533 1511 -ν..ι...νω.υ..ιτ.

1968 1491 2164 1550 Omnes
2192 1501 2330 1555 enim
2361 1521 2692 1578 resurgemus
2717 1561 2730 1583 ,
2763 1525 2854 1576 sed
2889 1542 2990 1581 non
3019 1547 3203 1591 omnes
3233 1539 3534 1603 immutabi-

1968 1599 2086 1638 mttr
2123 1591 2140 1657 (
2165 1590 2182 1644 1
2212 1592 2328 1647 Cor.
2365 1615 2432 1650 xv
2456 1645 2469 1664 ,
2503 1604 2614 1674 51).
2646 1609 2852 1675 ere?
2880 1619 3007 1684 Quia
3044 1642 3141 1680 non
3170 1642 3240 1684 est
3271 1636 3370 1689 illis
3395 1656 3533 1694 com-

1966 1681 2202 1745 mutatio,
2248 1696 2290 1737 et
2321 1705 2418 1742 non
2449 1695 2718 1753 timuerunt
2750 1703 2925 1761 Deum.
2958 1711 3166 1772 Fratres
3196 1725 3296 1777 mei
3322 1769 3336 1792 ,
3375 1746 3531 1786 unum

1966 1772 2200 1792 “NAR”
2311 1776 2320 1785 .
2476 1785 2485 1792 .

1966 1772 2256 1828 remedium
2302 1776 2383 1832 est
2411 1799 2424 1835 :
2452 1785 2667 1844 timeant
2716 1795 2911 1865 Deum,
2947 1805 3204 1868 ‘deserant
3251 1817 3530 1881 Donatum.

1969 1860 2096 1881 NA,
2279 1871 2311 1881 η
2381 1875 2391 1881 .
2453 1877 2464 1881 -

1968 1860 2107 1917 Dicis
2138 1867 2210 1920 illi
2239 1888 2252 1924 :
2279 1871 2422 1928 Peris
2451 1877 2502 1932 in
2536 1881 2743 1949 haeresi,
2782 1891 2829 1944 in
2861 1896 3175 1970 schismate;
3211 1925 3425 1968 necesse
3453 1932 3533 1974 est

1965 1962 2020 2005 ut
2050 1956 2187 2011 Deus
2215 1965 2466 2021 retribuat
2494 1970 2606 2027 istis
2629 1979 2812 2035 malis:
2835 1989 3010 2043 venies
3037 1993 3086 2046 in
3113 1996 3530 2078 dmnnationetn,

1965 2048 2070 2078 nnl:
2119 2052 2209 2078 ,ξιξ
2253 2056 2351 2078 17:77
2395 2059 2425 2078 ι·
2462 2063 2473 2074 ο
2624 2069 2670 2078 ..
2808 2075 2816 2078 .

1965 2048 2072 2102 noli
2119 2052 2209 2108 tibi
2253 2056 2473 2116 blandiri
2527 2069 2701 2124 verbis
2748 2075 2884 2144 tuis,
2929 2098 3032 2138 non
3065 2095 3302 2159 sequaris
3332 2113 3528 2158 czrcmn

1967 2137 2140 2159 ,1---Αη-

2872 2137 2882 2144 ,
3066 2137 3241 2159 --κ,,.-...
3332 2137 3389 2150 υ..
3409 2137 3528 2158 ω...

1963 2137 2179 2205 ducem;
2211 2161 2383 2202 czrcus
2403 2165 2574 2209 autem
2601 2175 2795 2218 ca‘cum
2818 2167 3034 2239 ducens,
3065 2179 3218 2235 simul
3245 2184 3294 2238 in
3325 2187 3528 2247 foveant

1962 2231 2155 2286 cadunt
2189 2236 2395 2304 (Matth.
2430 2259 2514 2312 xv,
2554 2248 2654 2319 Μ).
2688 2253 2820 2321 Quid
2865 2261 2930 2315 ad
2963 2279 3078 2332 me,
3118 2271 3228 2325 ait?
3264 2285 3529 2344 quomodo

1963 2320 2064 2344 ..2-.:
2098 2323 2206 2344 L-,4-7
2313 2332 2322 2342 ι
2469 2337 2478 2344 .
2556 2339 2586 2344 --

2715 2320 2724 2321 7
3029 2320 3036 2321 κ
3065 2320 3078 2332 ,
3121 2320 3187 2325 μ--
3210 2320 3220 2325 -
3265 2320 3524 2344 Ὶιιυιιιυιιιι

1963 2320 2064 2374 vixi
2098 2323 2208 2378 heri
2237 2371 2248 2388 ,
2282 2332 2356 2384 sic
2385 2345 2438 2387 et
2467 2337 2653 2405 hodie;
2706 2359 2948 2413 parentes
2977 2359 3074 2411 mei
3107 2364 3243 2430 quod
3275 2367 3481 2428 fuerunt
3509 2417 3524 2437 ,

1963 2409 2060 2437 LM
2089 2423 2136 2437 μ
2165 2432 2238 2437 ___
2303 2421 2342 2437 ι,
2444 2428 2471 2437 7.
2615 2432 2644 2437 _

2707 2409 2716 2413 ν
3039 2409 3074 2411 ,7
3110 2409 3241 2430 τη..
3275 2409 3481 2428 ...υυιη
3509 2417 3524 2437 ,

1962 2409 2062 2466 hoc
2086 2423 2273 2486 etego.
2301 2421 2414 2477 Non
2439 2428 2589 2483 times
2614 2432 2798 2492 Deum.
2827 2439 2895 2493 Da
2922 2445 3157 2505 timorem
3184 2455 3272 2510 Dei
3300 2476 3312 2510 :
3335 2464 3526 2532 cogitet

3147 2504 3152 2505 ν
3185 2504 3209 2507 -
3230 2504 3272 2510 --
3300 2504 3311 2510 -
3337 2504 3490 2532 Wo...
3511 2504 3524 2520 .

1960 2504 2077 2570 quia
2127 2508 2220 2562 ista
2262 2515 2434 2570 omnia
2486 2535 2604 2574 vera
2649 2537 2769 2581 sunt
2816 2547 2932 2601 quae
2977 2537 3254 2612 leguntur,
3297 2553 3417 2619 quia
3447 2567 3524 2612 est

1963 2595 2088 2619 (LI-..
2108 2598 2164 2619 PI
2195 2601 2298 2619 7‘__-
2468 2612 2487 2619 -.
2518 2613 2568 2619 .-.

2834 2595 2846 2601 -
3027 2595 3053 2608 υ
3141 2595 3204 2598 ρ-
3241 2595 3254 2612 ,
3298 2595 3417 2619 .,.....

1961 2595 2090 2650 lides
2107 2598 2298 2654 Christi
2323 2622 2438 2675 quae
2465 2612 2568 2665 l'alli
2608 2632 2708 2669 non
2740 2633 2942 2692 potest;
2967 2637 3229 2698 quomodo
3256 2640 3308 2695 in
3338 2643 3522 2702 Iul-r04

1960 2693 2249 2747 remanebit
2280 2699 2291 2727 ¹
2321 2703 2386 2752 ad
2417 2711 2609 2760 tantam
2643 2712 2953 2774 evidentiam
2983 2737 3178 2782 sancte
3207 2733 3518 2804 Catholicae,

1960 2781 2106 2804 κη’-ιι...
2135 2783 2251 2804 Διεινν
2275 2787 2328 2804 .10.
2363 2790 2399 2804 ἢ

1955 2781 2108 2845 quam
2131 2783 2333 2840 dim'd“
2363 2790 2499 2847 θθηε
2527 2811 2618 2864 Per
2645 2808 2807 2858 totum
2834 2811 3014 2866 orbem
3045 2812 3332 2892 terrarum;~
3363 2847 3518 2900 qnam

1955 2878 2231 2900 ῼΙΙΙΛιιιιει--ι
2285 2877 2434 2900 ,ιτα-ΑΜ
2466 2883 2478 2900 Ι
2584 2899 2590 2900 ,

1953 2878 2231 2938 antequam
2279 2877 2596 2941 dill‘underet
2648 2901 2922 2964 promisit,
2981 2877 3392 2987 praenuntiavit:
3444 2925 3518 2979 sic

1953 2960 2182 2987 Λ-Ιιῖι.--2.
2218 2978 2266 2987 η.
2321 2985 2354 2987 Η
2465 2976 2476 2986 ο
2513 2977 2522 2987 .
2563 2979 2585 2987 ι.
2618 2981 2654 2987 _

2913 2960 2920 2964 _
2982 2960 2994 2974 ,
3444 2960 3515 2979 σιν

1952 2960 2187 3018 exhibuit
2217 2978 2270 3021 ut
2311 2976 2586 3038 promisit?
2617 2981 2755 3054 Ergo
2781 3003 3001 3049 caveant
3034 3007 3086 3052 et
3115 3003 3402 3065 observent
3428 3017 3515 3082 qui

2691 3048 2715 3054 ν
2991 3048 2996 3049 7
3039 3048 3085 3052 -_
3121 3048 3260 3060 .--..,.
3286 3048 3402 3065 ω...
3429 3048 3515 3082 ψ..

1951 3048 2055 3106 non
2097 3058 2281 3115 timent
2329 3065 2510 3121 Deum.
2559 3070 2798 3131 Extendit
2839 3099 3042 3142 manum
3084 3110 3225 3150 suam
3275 3101 3326 3155 in
3368 3109 3515 3159 retri-

1948 3141 2157 3199 buendo.

2013 3235 2101 3291 21.
2131 3239 2428 3301 Polluci-unt
2451 3259 2793 3314 testamentum
2817 3265 2943 3334 ejus.
2972 3268 3112 3343 Lege
3140 3286 3510 3344 testamentum

1944 3332 2083 3399 quod
2116 3337 2546 3402 polluerunt:ln
2589 3354 2777 3408 semine
2820 3368 2906 3413 tuo
2952 3362 3299 3428 benedicentur
3340 3396 3510 3438 omnes

1940 3433 2107 3490 gentes
2131 3424 2282 3492 (Gen.
2314 3446 2417 3494 xu.
2450 3435 2514 3500 5,
2544 3451 2589 3492 et
2619 3457 2770 3508 xxvr,
2799 3447 2874 3516 4).
2908 3450 3210 3514 Polluerunt
3235 3472 3502 3522 testamen-

1941 3521 2043 3565 tum
2072 3517 2199 3585 ejus.
2233 3519 2311 3573 Tu
2343 3536 2523 3580 contra
2558 3529 2654 3586 ista
2698 3537 2854 3592 verba
2887 3549 3152 3603 testatoris
3181 3555 3303 3621 quid
3333 3558 3509 3613 dicis?

1937 3605 2113 3662 Africa
2151 3613 2260 3666 sola
2308 3615 2460 3672 ist-im
2503 3625 2720 3689 gratiam
2767 3635 2960 3690 meruit
2994 3643 3160 3697 sancti
3190 3645 3406 3714 Donati,
3454 3653 3506 3708 iu

1938 3697 2052 3765 ipso
2080 3707 2333 3760 remansit
2378 3709 2609 3769 Ecclesia
2641 3715 2854 3776 Christi.
2887 3725 2980 3781 Dic
3009 3731 3225 3803 saltem,
3269 3739 3504 3799 Ecclesia

1939 3787 2144 3843 no'mﬁ'
2177 3793 2354 3859 Quare
2380 3800 2622 3872 adDiligis
2642 3848 2656 3871 ,
2689 3808 2884 3867 Christi
2908 3859 2920 3881 ,
2954 3817 3022 3874 de
3051 3838 3154 3890 quo
3181 3826 3375 3885 dictum
3400 3845 3502 3902 est,

1943 3875 1998 3902 Ι.-
2034 3882 2212 3902 --.ηξηΑ
2255 3894 2282 3902 .7
2366 3888 2378 3902 ι
2505 3893 2532 3902 ..

2909 3875 2918 3881 ν
3067 3875 3078 3890 ,
3111 3875 3145 3877 7-
3185 3875 3375 3885 __--.....
3400 3875 3502 3902 νει,

1934 3875 1999 3930 In
2029 3882 2214 3935 semine
2250 3894 2335 3939 tuo
2360 3888 2703 3952 benedicentur
2728 3918 2898 3960 omnes
2932 3922 3121 3978 gentes.
3168 3917 3294 3975 Post
3332 3923 3504 3980 Dona-

1935 3977 2044 4020 tum
2076 3970 2152 4023 vis
2190 3972 2305 4028 ire?
2349 3977 2494 4035 Pone
2519 3982 2781 4044 Christum
2807 4034 2822 4059 ,
2870 4007 2923 4050 et
2963 3997 3040 4055 sic
3067 4008 3280 4064 recede.
3315 4012 3502 4071 Videte

1931 4074 2056 4128 ergo
2080 4064 2202 4132 quid
2222 4068 2488 4138 sequitur:
2512 4073 2808 4136 Polluerunt
2834 4095 3175 4150 testamentum
3200 4101 3326 4170 ejus.
3347 4105 3499 4172 Quod

1932 4157 2347 4211 testamentum?
2380 4163 2596 4220 Abraha:
2631 4170 2778 4226 dicta:
2805 4189 2920 4231 sunt
2959 4188 3310 4250 promissiones
3338 4207 3384 4250 et
3419 4216 3499 4252 se-

1935 4243 2059 4297 mini
2096 4247 2222 4315 ejus.
2274 4252 2556 4319 Apostolus
2604 4261 3024 4340 dicitzFratres,
3066 4287 3229 4336 tamen
3282 4285 3499 4345 hominis

1931 4344 2276 4393 testamentum
2311 4347 2659 4413 conﬁrmatum
2695 4373 2836 4412 nemo
2873 4363 3070 4420 irritum
3109 4371 3260 4441 facit,
3292 4389 3378 4431 aut
3404 4397 3493 4433 su-

1929 4427 2234 4493 perordinat.
2276 4433 2489 4490 Abraha:
2520 4441 2666 4496 dicta:
2702 4459 2816 4502 sunt
2856 4458 3208 4521 promissiones
3245 4477 3290 4519 et
3315 4472 3494 4526 semini

1926 4518 2034 4587 ejus
2056 4535 2074 4572 :
2096 4537 2193 4574 non
2221 4521 2357 4589 dicit,
2389 4526 2455 4581 Et
2479 4535 2745 4590 seminibus
2768 4583 2782 4605 ,
2813 4518 3047 4616 tanquam
3075 4552 3126 4604 in
3153 4556 3362 4624 multis;
3404 4564 3493 4618 sed

1926 4618 2160 4683 tanquam
2186 4616 2236 4669 in
2267 4635 2384 4684 uno,
2412 4621 2477 4676 Et
2503 4630 2680 4682 semini
2709 4641 2811 4699 tuo,
2841 4641 2975 4705 quod
2995 4653 3063 4695 est
3091 4643 3317 4704 Christus
3349 4653 3488 4724 (Gal.

1927 4717 2001 4768 Ill,
2033 4707 2118 4770 l3,
2148 4707 2257 4774 16).
2291 4712 2342 4764 In
2374 4713 2472 4770 hoc
2502 4733 2628 4789 ergo
2655 4722 2866 4780 Christo
2892 4733 3030 4799 quod
3062 4707 3378 4804 promissum
3407 4758 3490 4804 est

1918 5263 2108 5321 quatur
2137 5273 2148 5306 :
2183 5255 2482 5315 I‘olluerunt
2527 5274 2869 5328 testamentum
2896 5278 3037 5346 eius;
3066 5286 3210 5342 divisi
3237 5303 3354 5345 sunt
3379 5311 3484 5362 pra:-

1919 5341 1996 5394 ira
2033 5346 2200 5398 vultus
2238 5349 2364 5416 ejus.
2397 5351 2530 5420 Quid
2574 5341 2930 5433 eXSpectatis,
2972 5388 3070 5440 qua
3111 5379 3310 5448 majore
3359 5341 3480 5439 nota

1917 5433 2262 5489 ostendantur
2287 5437 2554 5498 ha'retici?
2579 5445 2741 5504 Divisi
2768 5465 2884 5510 sunt
2919 5475 3024 5528 pra:
3057 5464 3133 5517 ira
3162 5471 3321 5524 vultus
3351 5475 3477 5542 ejus.

1985 5522 2053 5542 ορ,
2111 5523 2168 5542 υ.
2399 5533 2410 5542 .
2584 5540 2593 5542 ς

1985 5522 2072 5576 29..
2104 5523 2170 5578 Et
2197 5515 2614 5605 appropinquavit
2639 5557 2727 5597 cor
2743 5545 2901 5603 illius.
2919 5515 3476 5632 'Cujus'intclliginius,

1983 5655 1997 5686 ι
2032 5656 2102 5706 Sic
2125 5663 2228 5708 MS‘
2256 5668 2308 5709 Δί
2328 5663 2455 5725 Md"
2483 5667 2600 5739 ’⁸0ρθ
2643 5675 2857 5729 “more”!
2886 5683 2999 5744 ὓ(ίὶ
3022 5687 3195 5751 rogita.
3220 5701 3335 5757 etc.,
3359 5711 3479 5761 (tua-

1983 5717 2055 5761 tdo
2074 5717 2124 5761 in
2143 5722 2315 5761 Itmrpn'
2335 5731 2594 5761 νοτηηηυιιρο

1918 5717 2055 5766 modo
2074 5717 2124 5768 in
2143 5722 2315 5774 tueresi
2334 5717 2609 5783 remanebis.
