4004 6200
519 284 623 338 643

523 404 622 457 nisi
661 399 809 471 cujus
848 398 922 451 ira
966 392 1117 450 dltlSi
1162 388 1324 445 sunt?
1366 384 1642 455 Quomodo
1671 378 2087 453 appropinquavit

526 513 615 550 cur
643 492 817 547 illius?
847 489 910 544 Ut
939 486 1294 556 intelligamus
1320 482 1640 535 voluntatem
1686 477 1846 530 illius.
1878 474 2088 529 Etenim

523 603 585 639 ex
637 581 896 636 luereticis
938 586 1140 631 asserta
1185 584 1266 628 est
1297 574 1312 605 ¹
1343 570 1633 630 Catholica,
1681 577 1735 623 et
1776 582 1838 620 ex
1889 563 1972 617 his
2001 561 2088 632 qui

526 676 659 730 male
687 672 921 726 sentiunt
948 667 1150 737 probati
1195 673 1318 720 sunt
1360 661 1447 731 qui
1479 661 1613 715 bene
1640 657 1894 714 sentiunt.
1933 653 2090 706 Multa

522 770 663 822 enim
711 765 940 818 latebant
981 762 1032 815 in
1079 756 1398 826 Scripturis;
1448 761 1502 807 et
1529 768 1647 806 cum
1682 747 1883 818 przecisi
1914 754 2093 800 essent

525 858 795 917 lurretici,
840 851 1218 924 quaestionibus
1248 848 1575 917 agitaverunt
1624 840 1911 897 Ecclesium
1959 837 2087 892 Dei:

444 968 445 973 η
521 957 701 1017 aperta
734 956 852 1000 sunt
886 959 1004 1014 qua:
1034 941 1300 1000 latebant,
1349 946 1402 992 et
1446 935 1707 989 intellecta
1738 940 1822 987 est
1849 930 2092 983 voluntas

525 1041 635 1095 Dei.
668 1039 790 1092 lude
816 1038 1006 1091 dicitur
1033 1035 1083 1089 in
1110 1035 1213 1087 alio
1239 1031 1457 1101 psalmo,
1482 1026 1807 1097 Congregatio
1835 1033 2092 1077 taurorum

521 1136 649 1188 inter
672 1149 845 1186 uaccas
884 1128 1213 1199 populorum,
1257 1134 1309 1178 ut
1347 1122 1675 1177 excludantur
1703 1119 1755 1172 Iti
1783 1118 1869 1187 qui
1900 1116 2091 1185 probati

523 1234 637 1279 sunt
662 1232 865 1293 argento
891 1218 1060 1290 (Psal.
1086 1232 1248 1279 vau,
1273 1212 1749 1285 5i).E:rcludantur
1770 1210 1909 1264 enim
1937 1208 2089 1270 dixit,

523 1316 807 1375 emineant.
837 1318 1142 1381 appareant.
1165 1306 1311 1362 Unde
1330 1305 1577 1359 dicuntur
1602 1311 1653 1357 et
1683 1302 1733 1353 in
1762 1310 1876 1353 arte
1901 1312 2090 1367 argen-

525 1407 653 1458 taria
681 1405 1007 1462 exclusores,
1028 1399 1076 1453 id
1093 1409 1195 1460 est,
1220 1413 1285 1453 ex
1306 1395 1532 1466 quadam
1549 1391 1859 1447 confusione
1881 1404 2089 1450 massam.

525 1498 705 1550 formae
750 1507 1109 1563 cxpressores.
1158 1490 1297 1558 Ergo
1345 1486 1491 1541 multi
1528 1484 1617 1554 qui
1643 1482 1843 1552 optime
1876 1491 2095 1550 possent

522 1590 822 1656 Scripturas
873 1584 1287 1662 dignoscerect
1340 1585 1702 1647 pertractare,
1757 1572 1987 1627 latebant
2039 1572 2095 1625 in

522 1678 717 1749 populo
752 1677 882 1739 Dei;
917 1689 1013 1728 nec
1039 1671 1346 1727 asserebant
1388 1668 1702 1723 solutionem
1743 1664 2091 1735 qumstionum

521 1770 814 1825 difficilium
848 1783 965 1822 eum
988 1765 1334 1822 calumniator
1363 1761 1537 1815 nullus
1565 1762 1802 1813 instaret.
1827 1755 2090 1824 Numquid

524 1864 664 1919 enim
698 1859 926 1931 perlecte
964 1859 1031 1914 de
1074 1858 1334 1911 Trinitate
1360 1862 1635 1909 tractatum
1665 1860 1779 1916 est,
1811 1859 2091 1920 antequam

522 1956 847 2010 oblatrarent
879 1951 1101 2008 Ariani?
1142 1946 1394 2017 numquid
1427 1943 1659 2015 perfecte
1687 1942 1753 1997 de
1784 1941 2090 2013 poenitentia

462 2034 465 2039 ’
524 2057 803 2102 tractatum
832 2056 913 2099 est
938 2085 953 2109 ,
1000 2053 1281 2112 antequam
1321 2038 1642 2093 obsisterent
1670 2035 1978 2090 Novatiani?
2005 2034 2093 2089 Sic

523 2155 627 2191 non
658 2136 887 2206 perfecte
915 2136 980 2189 de
1004 2133 1324 2203 Baptismate
1355 2138 1631 2185 tractatum
1655 2137 1771 2193 est,
1811 2137 2091 2198 antequam

523 2227 949 2283 contradicerent
994 2223 1123 2277 foris
1179 2221 1333 2291 positi
1390 2220 1829 2289 rebaptizatores;
1886 2233 1985 2273 nec
2028 2217 2093 2272 de

524 2321 637 2390 ipsa
667 2319 868 2372 unitate
904 2315 1102 2371 Christi
1144 2313 1415 2369 enucleate
1452 2311 1591 2367 dicta
1634 2321 1785 2367 erant
1810 2327 1927 2382 quae
1955 2311 2093 2365 dicta

524 2422 682 2476 sunt,
727 2410 826 2464 nisi
873 2420 1213 2478 posteaquam
1256 2406 1521 2475 separatio
1564 2404 1649 2458 illa
1707 2420 1896 2474 urgere
1932 2404 2096 2473 coepit

522 2504 712 2558 fratres
740 2502 997 2565 infirmos,
1026 2509 1084 2554 ut
1104 2499 1210 2568 jam
1236 2498 1309 2551 illi
1334 2497 1421 2566 qui
1448 2506 1704 2551 noverant
1728 2496 1844 2549 haec
1871 2504 2095 2550 tractare

523 2605 682 2665 atque
711 2593 1032 2655 dissolvere,
1064 2606 1130 2645 ne
1158 2588 1395 2659 perirent
1424 2586 1619 2641 infirmi
1649 2586 1909 2641 sollicitati
1944 2602 2096 2656 qua:-

521 2686 784 2741 stionibus
824 2682 1137 2752 impiorum,
1179 2679 1513 2734 sermonibus
1557 2686 1611 2732 et
1654 2675 2094 2747 disputationibus

526 2780 637 2835 suis
665 2778 884 2832 obscura
911 2775 1066 2845 Legis
1097 2774 1146 2827 in
1186 2772 1453 2843 publicum
1481 2770 1821 2832 deducerent.
1854 2771 1994 2841 Ergo
2020 2770 2096 2825 illi

526 2873 679 2928 divisi
705 2880 828 2926 sunt
856 2884 965 2939 pm
995 2869 1070 2922 ira
1094 2865 1272 2921 vultus
1295 2865 1430 2934 ejus,
1455 2874 1508 2919 et
1530 2865 1681 2920 nobis
1707 2865 1772 2939 ad
1800 2865 2097 2935 intelligen-

520 2967 650 3021 dtun
684 2962 1118 3035 appropinquavit
1158 2974 1251 3015 cor
1293 2958 1427 3028 ejus.
1456 2957 1636 3027 Itaque
1665 2956 1939 3027 intelligite
1969 2956 2096 3011 illud

522 3058 664 3129 quod
696 3058 748 3111 in
781 3055 979 3124 psalmo
1008 3053 1110 3107 alio
1135 3049 1568 3129 commemoravit
1590 3065 1604 3102 :
1629 3048 1959 3119 Congregatio
1979 3058 2096 3100 tau-

528 3167 717 3213 rorum,
744 3148 793 3202 id
821 3157 902 3202 est
930 3145 1279 3215 superborum
1307 3150 1714 3210 cornupetarum
1734 3181 1749 3205 ,
1776 3142 1905 3194 inter
1923 3157 2098 3196 vaccas

530 3242 850 3311 populorum.
895 3238 1037 3304 Quas
1074 3236 1205 3291 dixit
1229 3234 1443 3288 uaccas?
1477 3234 1694 3288 Animas
1740 3233 2096 3289 seductibiles.

530 3331 719 3401 thuid
750 3329 889 3384 hoc?
921 3326 987 3383 Ut
1020 3326 1347 3382 excludantur
1371 3326 1462 3391 hi,
1498 3324 1549 3379 id
1577 3333 1659 3379 est
1694 3333 1984 3394 appareant
2009 3326 2097 3394 qui

517 3412 783 3487 .latebant,
814 3421 903 3490 qui
930 3418 1126 3490 probati
1157 3426 1270 3473 sunt
1310 3427 1539 3487 argento.
1566 3415 1701 3484 Quid
1726 3425 1827 3479 est,
1856 3418 2099 3486 argento?

532 3515 758 3585 Eloquio
787 3513 899 3567 Dei.
933 3511 1151 3580 Eloquia
1192 3508 1392 3562 Domini
1416 3507 1611 3576 eloquia
1638 3516 1775 3561 casta
1798 3548 1813 3572 ,
1841 3518 2100 3578 argentum

531 3607 645 3679 igne
670 3604 1007 3661 examinatum
1030 3643 1045 3663 ,
1091 3598 1345 3671 probabile
1388 3608 1564 3659 terras,
1614 3607 1880 3668 purgatum
1922 3599 2101 3668 septies

533 3708 724 3753 tantum
749 3695 920 3764 (Psal.
955 3709 1025 3755 xl,
1058 3691 1134 3763 7).
1172 3691 1319 3745 Hunc
1347 3704 1561 3745 sensum
1593 3689 1899 3753 obscurum,
1929 3688 2103 3744 videte

533 3786 977 3859 quemadmodum
1003 3784 1056 3837 in
1073 3783 1244 3837 lucem
1265 3779 1508 3836 excludat
1530 3781 1847 3849 Apostolus:
1875 3779 2104 3851 Oportet,

535 3880 723 3949 inquit,
756 3887 801 3931 et
828 3873 1039 3930 Itazreses
1067 3890 1172 3929 esse
1194 3915 1209 3936 ,
1238 3882 1292 3926 ut
1317 3871 1512 3943 probati
1550 3872 1801 3941 manifesti
1826 3873 1950 3940 ﬁant
1973 3873 2119 3927 inter

537 3987 621 4024 vos
641 3971 687 4037 (l
716 3969 835 4022 Cor.
866 3985 943 4032 χι,
977 3966 1083 4037 l9).
1110 3965 1244 4033 Quid
1266 3973 1366 4032 est,
1392 3963 1632 4034 probati?
1653 3963 2101 4034 Probatiargento,

540 4061 741 4129 probati
768 4060 994 4128 eloquio.
1025 4057 1160 4124 Quid
1189 4066 1271 4110 est
1292 4097 1307 4118 ,
1349 4056 1603 4127 manifesti
1626 4055 1787 4121 fiant?
1815 4055 2105 4110 Excludan-

535 4162 641 4205 tur.
673 4149 848 4217 Quare
875 4148 1010 4201 hoc?
1039 4147 1259 4215 Propter
1283 4144 1581 4200 hzereticos.
1603 4144 1737 4212 Quid
1760 4156 1861 4210 est,
1891 4157 2107 4216 propter

539 4239 852 4296 haereticos?
894 4238 1116 4306 Propter
1155 4237 1619 4306 congregationem
1673 4246 1928 4291 taurorum
1977 4238 2109 4291 inter

539 4348 717 4388 vaccas
753 4328 1070 4401 populorum.
1103 4326 1192 4382 Sic
1215 4340 1342 4396 ergo
1369 4334 1425 4381 et
1466 4326 1520 4380 bi
1563 4326 1710 4381 diuisi
1746 4336 1860 4381 sunt
1888 4343 1994 4397 pra:
2030 4330 2109 4381 ira

511 4427 703 4481 pullus
730 4426 856 4495 ejus,
887 4432 933 4477 et
962 4420 1383 4492 appropinquavit
1410 4436 1496 4474 cor
1522 4419 1683 4477 illius.

609 4518 698 4573 9.5.
732 4514 921 4569 Molliti
953 4523 1066 4566 sunt
1092 4527 1340 4566 sermones
1378 4511 1484 4581 ejus
1519 4528 1670 4580 super
1704 4512 1898 4575 oleum,
1942 4521 1988 4566 et
2014 4513 2110 4580 ipsi

540 4619 655 4663 sunt
684 4607 881 4677 jacula.
920 4602 1171 4670 Quaedam
1214 4601 1353 4655 enim
1396 4600 1448 4654 in
1488 4600 1775 4669 Scripturis
1802 4601 1932 4656 dura
1961 4602 2108 4657 vide-

544 4700 733 4752 bantur
757 4740 771 4764 ,
818 4713 938 4752 cum
965 4696 1191 4750 obscura
1219 4702 1428 4756 essent;
1465 4692 1702 4760 exposita
1741 4694 1941 4747 mollita
1966 4702 2107 4748 sunt.

546 4792 674 4846 Nam
718 4803 773 4847 et
818 4792 981 4861 prima
1033 4788 1252 4843 haeresis
1299 4786 1351 4840 in
1394 4784 1669 4853 discipulis
1694 4785 1890 4839 Christi
1915 4786 2112 4840 velnta

544 4885 734 4939 duritia
763 4883 1022 4940 sermonis
1048 4881 1211 4952 ipsius
1241 4878 1375 4934 facta
1406 4886 1506 4933 est.
1535 4874 1667 4931 Cum
1705 4876 1845 4931 enim
1875 4876 2109 4941 diceret,

548 4962 667 5031 Nisi
690 4977 800 5045 quis
832 4974 1203 5028 manducauerit
1240 4987 1444 5025 carnem
1476 4984 1669 5032 meam,
1713 4979 1762 5022 et
1797 4969 1967 5022 biberit
1992 4986 2113 5022 san-

546 5069 746 5138 guinem
770 5082 953 5129 meum,
981 5082 1081 5119 non
1107 5064 1301 5118 habebit
1329 5062 1478 5118 vitam
1510 5061 1563 5114 iu
1607 5076 1660 5114 se
1680 5076 1699 5113 :
1720 5060 1792 5114 illi
1824 5075 1925 5114 non
1957 5062 2113 5114 intel-

549 5162 769 5231 ligentes
804 5156 1051 5212 dixerunt
1077 5156 1141 5209 ad
1172 5156 1395 5209 invicem
1418 5196 1432 5214 ,
1476 5153 1646 5206 Durus
1686 5162 1758 5206 est
1795 5152 1875 5205 hic
1916 5169 2113 5214 sermo,

548 5254 659 5326 quis
708 5259 866 5320 potest
894 5266 1005 5303 eum
1037 5248 1247 5303 audire?
1272 5247 1519 5301 Dicentes
1545 5246 1664 5315 quia
1705 5245 1867 5299 durus
1892 5256 1974 5299 est
2000 5261 2113 5300 ser-

551 5363 638 5401 mo
664 5346 776 5408 ltic,
804 5347 1182 5410 separaverunt
1219 5353 1276 5393 se
1315 5338 1383 5391 ab
1410 5338 1502 5392 illo
1527 5355 1538 5389 :
1570 5337 1819 5390 remansit
1849 5351 1969 5391 cmn
2001 5337 2119 5390 aliis

452 5466 457 5473 ν
550 5440 850 5499 duodecim.
873 5434 1004 5490 Cum
1030 5432 1078 5487 ei
1107 5430 1489 5502 suggessissent
1518 5430 1637 5484 illos
1662 5431 1712 5483 in
1738 5445 1982 5483 sermone
2006 5429 2121 5499 ejus

551 5536 715 5592 fuisse
756 5527 1172 5589 scandalizatos,
1214 5522 1475 5590 Numquid
1498 5532 1543 5574 et
1570 5538 1656 5574 vos
1679 5563 1692 5583 ,
1738 5521 1934 5591 inquit,
1976 5522 2121 5574 uultis

552 5634 663 5689 ire?
706 5629 772 5685 Et
804 5629 1023 5684 Petrus:
1057 5621 1268 5676 Verbum
1304 5620 1417 5672 vita:
1444 5631 1644 5672 aeterna:
1671 5617 1849 5677 habes,
1881 5613 1948 5669 ad
1977 5630 2122 5683 quem

617 5746 635 5780 ⁸
669 5746 744 5795 sic
766 5752 867 5793 uss.
895 5749 949 5791 Αι
971 5737 1104 5799 Edd.,
1129 5732 1307 5788 Etenim
1329 5732 1564 5785 Itwrctias
1586 5734 1753 5783 exerta
1773 5736 1862 5781 est.

1761 262 1813 316 s.
1859 253 2222 329 auersum
2264 255 2560 344 Episcom

3662 259 3768 312 844

2196 374 2373 429 ibimus
2400 376 2573 446 (Joan.
2603 394 2674 442 vi,
2707 378 2931 448 54-69)?
2962 378 3236 441 lntendite,
3278 377 3617 433 obsecramus
3644 394 3766 438 vos.

2193 475 2247 520 et
2276 468 2473 536 parvuli
2503 469 2688 524 discite
2717 470 2975 543 pietatem
2995 469 3296 540 :‘Numquid
3326 450 3430 539 jam
3462 470 3647 524 Petrus
3681 471 3771 523 in-

2196 558 2462 627 telligebat
2489 570 2749 614 secretum
2781 561 2918 615 illius
2954 561 3216 616 sermonis
3246 561 3488 615 Domini?
3516 561 3770 617 Nondum

2195 650 2547 720 intelligebat;
2601 653 2691 707 sed
2723 653 2858 707 bona
2887 668 3007 709 esse
3037 654 3195 708 verba
3225 670 3343 724 quae
3372 670 3476 710 non
3507 655 3773 726 intellige-

2193 741 2302 805 bat,
2332 743 2417 812 pie
2441 743 2707 798 credebat.
2739 745 2875 814 Ergo
2913 746 2957 799 si
3002 747 3168 801 durus
3197 755 3280 801 est
3308 761 3510 810 sermo,
3542 759 3599 802 et
3627 765 3769 803 non-

2194 832 2317 888 dum
2348 834 2642 890 intellectus
2672 846 2784 903 est,
2814 837 2979 891 durus
3006 838 3078 893 sit
3107 838 3297 909 impio,
3333 839 3425 892 tibi
3452 850 3628 895 autem
3658 842 3772 909 pic-

2199 933 2303 978 tate
2340 926 2602 980 molliatur
2625 944 2638 979 :
2663 927 2782 996 quia
2812 928 3129 997 quandoque
3157 928 3395 985 solvetur
3414 971 3429 994 ,
3470 939 3524 984 et
3552 930 3644 985 fiet
3674 930 3773 987 tibi

2195 1017 2391 1083 oleum,
2418 1029 2471 1072 et
2497 1033 2662 1087 usque
2691 1018 2756 1072 ad
2787 1033 2908 1074 ossa
2941 1020 3254 1089 penetrabit.

2266 1108 2353 1162 24.
2385 1106 2535 1181 [vers.
2566 1108 2682 1181 23.]
2712 1110 2942 1165 Proinde
2966 1152 2980 1174 ,
3012 1120 3258 1182 tanquam
3292 1112 3403 1181 ipse
3433 1113 3623 1168 Petrus
3648 1125 3774 1184 post

2198 1200 2318 1254 illos
2348 1200 2539 1254 duritia
2560 1242 2574 1263 ,
2607 1202 2743 1255 sicut
2775 1203 3055 1279 putabant,
3085 1205 3349 1259 sermonis
3378 1206 3585 1260 Domini
3613 1211 3775 1262 sean-

2195 1293 2448 1348 dalizatus
2469 1295 2626 1349 etiam
2653 1294 2738 1350 hic
2757 1296 2975 1365 diceret,
3009 1297 3223 1353 Verbum
3249 1301 3361 1355 uiue
3378 1312 3578 1355 aeterna:
3597 1301 3772 1367 habes,

2197 1385 2264 1438 ad
2286 1402 2430 1454 quem
2456 1386 2676 1441 ibimus?
2722 1387 2795 1442 ita
2824 1387 3083 1457 subjecit,
3110 1389 3262 1443 Jacta
3286 1392 3338 1446 in
3362 1392 3636 1447 Dominum
3679 1410 3772 1447 cu-

2195 1492 2305 1529 ram
2331 1486 2485 1543 tuam,
2530 1486 2578 1531 et
2602 1478 2710 1548 ipse
2749 1487 2796 1533 te
2832 1482 3061 1534 enutriet.
3110 1481 3364 1538 Parvulus
3409 1499 3489 1547 es,
3535 1485 3773 1539 nondum

2197 1568 2448 1639 intelligis
2476 1580 2680 1625 secreta
2710 1572 2992 1627 verborum
3019 1591 3032 1627 :
3058 1573 3193 1629 forte
3226 1576 3315 1630 tibi
3346 1576 3497 1645 panis
3536 1577 3689 1643 latet,
3722 1589 3779 1633 et

2196 1659 2373 1715 adhuc
2401 1662 2535 1717 lacte
2563 1664 2874 1718 nutriendus
2906 1680 2964 1720 es
2999 1666 3040 1739 (Ι
3063 1667 3178 1722 Cor.
3214 1684 3298 1733 ιιι,
3343 1668 3431 1739 2);
3479 1670 3586 1725 noli
3617 1671 3775 1727 irasci

2181 1751 2483 1818 ‘uberibus,
2529 1753 2638 1821 ipsa
2668 1745 2718 1808 te
2745 1753 2992 1810 idoneum
3037 1757 3257 1811 reddent
3288 1757 3355 1812 ad
3383 1774 3655 1825 mensam,
3689 1763 3778 1816 cui

2200 1843 2358 1897 modo
2387 1844 2561 1899 minus
2593 1845 2817 1901 idoneus
2846 1861 2923 1901 es.
2957 1848 3096 1903 Ecce
3137 1864 3232 1919 per
3256 1850 3569 1906 divisionem
3599 1853 3774 1908 hane-

2199 1936 2424 1990 ticorum
2467 1936 2627 1992 multa
2674 1938 2807 1993 dura
2852 1939 3055 1994 mollita
3104 1953 3223 1994 sunt
3259 1959 3273 1994 :
3304 1956 3583 1998 sermones
3628 1944 3777 1999 illius

2197 2028 2310 2082 duri
2343 2029 2527 2084 molliti
2573 2039 2695 2085 sunt
2734 2046 2895 2099 super
2937 2031 3134 2091 oleum.
3180 2042 3236 2087 et
3280 2033 3377 2102 ipsi
3422 2044 3548 2090 sunt
3573 2036 3773 2105 jacula.
3864 2056 3877 2072 ι

2196 2124 2548 2179 Armaveruut
2566 2126 2988 2197 evangelizantes
3011 2145 3025 2182 :
3045 2137 3097 2183 et
3120 2128 3216 2198 ipsi
3238 2144 3514 2185 sermones
3535 2130 3763 2201 dirigun-

2198 2222 2284 2269 tur
2323 2216 2375 2271 in
2406 2228 2617 2286 pectora
2647 2234 2983 2288 quorumque
3008 2220 3329 2277 audientium
3359 2223 3426 2277 ab
3452 2224 3779 2280 instantibus

2197 2317 2496 2377 opportune
2521 2319 2575 2363 et
2599 2310 2927 2380 importune;
2960 2311 3064 2367 illis
3086 2313 3442 2380 sermonibus,
3471 2314 3576 2369 illis
3597 2317 3779 2371 verbis

2200 2409 2449 2470 tanquam
2480 2403 2686 2473 sagittis
2707 2444 2722 2467 ,
2766 2404 2924 2458 corda
2967 2405 3239 2459 hominum
3269 2405 3334 2459 ad
3361 2421 3600 2461 amoer
3629 2408 3779 2478 pacis

2200 2490 2482 2547 feriuntur.
2524 2495 2648 2549 Duri
2688 2504 2877 2559 erant,
2923 2506 2977 2550 et
3019 2497 3208 2552 molles
3253 2496 3372 2552 facti
3411 2507 3558 2555 sunt.
3591 2500 3779 2555 Molliti

2202 2598 2305 2636 non
2334 2574 2582 2638 virtutem
2610 2585 2921 2649 amiserunt,
2950 2586 3044 2641 sed
3076 2586 3126 2639 in
3152 2586 3327 2656 jacula
3353 2590 3596 2643 conversi
3626 2601 3775 2644 sunt.

2201 2672 2389 2727 Molliti
2411 2684 2527 2728 sunt
2555 2692 2805 2730 sermones
2832 2678 2939 2746 ejus
2966 2693 3115 2746 super
3142 2678 3325 2745 oleum,
3353 2691 3402 2733 et
3429 2681 3554 2750 ipsi,
3588 2682 3780 2737 molliti

2200 2779 2494 2828 sermones,
2525 2768 2620 2837 ipsi
2647 2778 2764 2821 sunt
2783 2768 2981 2837 jacula.
3000 2769 3114 2825 .Sed
3147 2779 3200 2831 tu
3230 2771 3463 2826 nondum
3493 2771 3627 2828 forte
3656 2774 3781 2828 ido-

2204 2871 2335 2912 neus
2365 2873 2424 2912 es
2446 2858 2534 2927 qui
2561 2860 2783 2914 armeris
2810 2859 2893 2912 liis
2911 2860 3122 2928 jaculis,
3150 2870 3205 2917 et
3225 2864 3456 2918 nomlum
3488 2864 3580 2918 tibi
3611 2865 3787 2920 eluxit

2204 2949 2345 3017 quod
2374 2948 2427 3002 in
2456 2963 2701 3005 sermone
2732 2949 2866 3006 forte
2888 2953 3171 3008 obscurum
3198 2966 3280 3010 est
3307 2966 3361 3011 et
3381 2956 3601 3023 durum;
3622 2958 3787 3013 laeta

2204 3039 2257 3092 in
2290 3038 2562 3094 Dominum
2585 3058 2756 3096 curam
2782 3052 2939 3105 tuam,
2969 3056 3014 3098 et
3041 3046 3149 3116 ipse
3172 3056 3218 3101 te
3244 3050 3473 3102 eauti-iet.
3510 3051 3564 3104 In
3598 3051 3787 3106 Domi-

2206 3147 2331 3186 num
2366 3133 2503 3202 jacta
2534 3143 2603 3189 te.
2631 3135 2767 3190 Ecce
2793 3136 2874 3189 vis
2900 3144 2952 3192 te
2974 3137 3176 3207 jactare
3206 3141 3255 3193 in
3285 3142 3585 3208 Dominum,
3614 3161 3786 3200 neum

2206 3237 2267 3277 se
2303 3235 2566 3294 supponat
2601 3242 2696 3296 pro
2736 3227 2978 3283 Domino.
3016 3229 3166 3283 Jacta
3206 3232 3259 3285 in
3302 3231 3575 3289 Dominum
3601 3253 3786 3291 curam

2205 3324 2362 3369 tuam.
2389 3317 2520 3372 Vide
2545 3319 2986 3387 quemadmodum
3015 3336 3236 3393 magnus
3264 3324 3354 3379 ille
3386 3327 3537 3381 miles
3578 3329 3785 3387 Christi

2205 3407 2257 3460 in
2309 3422 2368 3462 se
2413 3422 2595 3462 curam
2648 3412 2986 3478 parvulorum
3031 3412 3218 3483 jactari
3264 3418 3434 3471 noluit
3465 3438 3478 3473 :
3512 3419 3786 3492 Numquid

2208 3496 2401 3552 Paulus
2431 3515 2521 3567 pro
2550 3500 2684 3553 vobis
2719 3503 2993 3570 cruciﬁxus
3019 3514 3121 3567 est,
3156 3515 3243 3558 aut
3286 3507 3340 3560 in
3379 3510 3578 3563 nomine
3620 3510 3787 3567 Pauli

2205 3589 2441 3659 baptizati
2479 3592 2595 3645 estis
2638 3591 2746 3663 (Id.
2795 3609 2840 3659 ι,
2880 3594 3009 3665 l3)?
3045 3596 3181 3662 Quid
3234 3598 3311 3651 eis
3346 3599 3489 3655 aliud
3529 3602 3781 3669 dicebat,

2209 3680 2329 3747 nisi,
2359 3680 2561 3735 Jactate
2588 3683 2639 3736 in
2674 3683 2951 3740 Dominum
2980 3701 3160 3740 curam
3187 3698 3438 3755 vestram,
3467 3700 3521 3745 et
3550 3693 3666 3766 ipse
3689 3712 3784 3751 vos

2207 3774 2474 3828 cnutriet?
2514 3773 2669 3829 Modo
2713 3785 2891 3831 autem
2923 3779 3033 3832 vult
3062 3781 3312 3848 parvulus
3350 3781 3556 3852 jactare
3594 3801 3781 3840 curam

2208 3879 2355 3920 suam
2387 3867 2439 3921 in
2471 3867 2773 3935 Dominum,
2807 3878 2861 3924 et
2888 3873 3120 3925 occurrit
3151 3870 3327 3927 nescio
3357 3876 3497 3945 quis,
3529 3886 3585 3931 et
3612 3878 3780 3933 dicit:

2211 3959 2322 4029 Ego
2346 3961 2573 4028 excipio.
2621 3962 2893 4032 Tanquam
2934 3964 3052 4017 navi
3096 3965 3367 4020 ﬂuctuanti
3408 3967 3682 4036 occurrit,
3731 3981 3786 4026 et

2210 4052 2373 4105 dicit:
2398 4052 2507 4122 Ego
2538 4052 2763 4121 excipio.
2798 4054 3079 4125 Responde
3113 4065 3166 4111 et
3192 4066 3244 4109 tu
3265 4074 3279 4109 :
3303 4057 3516 4112 Portum
3557 4078 3743 4128 quaero
3764 4103 3782 4125 ,

2213 4158 2314 4198 non
2342 4159 2547 4199 saxum.
2586 4142 2736 4197 Jacta
2758 4144 2811 4197 in
2834 4143 3108 4199 Dominum
3132 4162 3309 4201 curam
3334 4157 3495 4216 tuam,
3524 4159 3572 4203 et
3597 4153 3709 4221 ipse
3737 4162 3787 4205 te

2211 4236 2443 4289 enutriet.
2493 4236 2561 4290 Et
2600 4236 2718 4289 vide
2755 4237 2875 4307 quia
2917 4246 3099 4308 portus
3144 4247 3197 4295 te
3233 4241 3469 4309 excipit:
3498 4240 3619 4296 Non
3645 4244 3786 4296 dabit

2212 4328 2263 4379 in
2291 4336 2530 4381 wternum
2564 4328 2944 4397 ﬂuctuationem
2975 4329 3138 4398 justo.
3184 4330 3396 4386 Videris
3442 4332 3700 4389 fluctuare
3730 4337 3785 4389 iu

2213 4420 2344 4474 mari
2373 4420 2492 4483 isto,
2515 4420 2609 4474 sed
2638 4420 2834 4488 excipit
2861 4430 2912 4475 te
2940 4433 3140 4489 portus.
3165 4422 3241 4476 Tu
3268 4432 3473 4480 tantum
3501 4437 3787 4498 antequam

2214 4512 2379 4567 intres
2408 4513 2460 4567 in
2492 4523 2721 4581 portum,
2755 4515 2822 4566 ab
2848 4516 3080 4568 anchora
3111 4514 3218 4569 noli
3246 4517 3510 4587 abrumpi.
3543 4519 3792 4575 Fluctuat

2214 4606 2364 4660 navis
2392 4605 2444 4658 in
2469 4604 2745 4665 anchoris.
2776 4604 2869 4658 sed
2898 4620 3003 4659 non
3046 4605 3199 4676 longe
3234 4621 3262 4659 a
3307 4614 3452 4663 terra
3479 4611 3792 4681 projicitur;

2216 4711 2314 4751 nec
2340 4696 2392 4750 in
2421 4705 2677 4750 aeternum
2718 4694 3011 4761 fluetuahit,
3054 4697 3154 4751 etsi
3195 4696 3262 4751 ad
3308 4707 3518 4769 tempus
3546 4702 3787 4758 ﬂuctuat.

2218 4788 2426 4842 Etenim
2455 4787 2523 4841 ad
2546 4787 2945 4842 ﬂuctuationem
2980 4789 3252 4857 pertinent
3282 4790 3441 4845 verba
3474 4793 3749 4862 superiora
3770 4812 3788 4846 :

2218 4880 2549 4936 Contristatus
2577 4898 2688 4935 sum
2713 4882 2764 4934 in
2789 4882 3141 4937 exercitatione
3176 4900 3287 4937 mea
3311 4925 3325 4948 ,
3369 4895 3421 4939 et
3466 4885 3793 4940 conturbatus

2218 4990 2348 5027 sum.
2381 4974 2745 5045 Exspectabam
2774 4990 2886 5028 eum
2916 4978 3002 5045 qui
3029 4993 3105 5029 me
3133 4977 3327 5032 saluum
3356 4980 3541 5050 faceret
3564 4997 3594 5032 a
3620 4981 3793 5050 pusil-

2220 5067 2499 5122 lanimitate
2535 5080 2581 5122 et
2611 5079 2918 5138 tempestate.
2952 5069 3237 5125 Fluctuans
3264 5072 3530 5143 loquitur,
3560 5071 3649 5127 sed
3680 5087 3795 5127 non

2222 5161 2273 5213 in
2300 5170 2556 5214 aeternum
2584 5160 2889 5222 lluctuabit;
2920 5179 3039 5216 nam
3069 5164 3297 5218 anchora
3325 5165 3536 5237 ligatur,
3559 5163 3795 5221 anclmra

2224 5266 2344 5320 spes
2386 5254 2502 5319 ejus
2543 5258 2642 5305 est.
2695 5249 2815 5305 Non
2856 5254 2992 5307 dabit
3038 5255 3089 5308 in
3134 5246 3371 5309 «tremum
3416 5256 3798 5325 ﬂuctuationem

2215 5347 2375 5417 justo.

2295 5436 2383 5491 25.
2415 5436 2561 5509 [ιιεη.
2587 5434 2701 5509 9.4.]
2736 5436 2842 5491 lllis
2876 5447 3052 5492 autem
3082 5438 3246 5508 quid?
3277 5437 3351 5493 Tu
3377 5456 3521 5505 uero,
3549 5438 3674 5492 Deus
3698 5439 3804 5492 de-

2230 5532 2377 5584 duces
2403 5546 2485 5582 eos
2511 5531 2563 5582 in
2590 5538 2789 5598 puteum
2812 5532 3166 5599 corruptionis.
3192 5531 3389 5586 Puteus
3413 5530 3801 5599 corruptionis.

2232 5623 2463 5678 teuebra-
2491 5631 2612 5675 sunt
2636 5619 3034 5677 submersionis.
3082 5623 3309 5678 Dcduces
3346 5641 3466 5689 eos,
3514 5625 3664 5692 inquit
3689 5663 3707 5679 ,
3746 5627 3804 5678 in

2236 5729 2434 5786 puteum
2485 5713 2818 5784 corruptionis
2860 5731 2878 5768 :
2918 5715 3038 5785 quia
3088 5730 3259 5770 caecus
3306 5731 3503 5772 ca‘eum
3551 5716 3793 5779 ducens,
