4004 6200
274 320 375 373 635

273 440 428 483 attzbtt
457 427 507 479 in
541 426 742 487 furcam
766 420 961 475 cadunt
986 416 1193 486 (Matth.
1225 428 1311 471 xv,
1338 410 1447 479 H).
1474 409 1693 467 Dedttcn
1720 405 1841 458 illos

280 524 419 577 licus
447 519 498 573 iu
526 528 745 589 puteum
775 510 1157 581 corruptionis.
1190 522 1291 558 non
1325 501 1464 573 quod
1510 502 1621 568 ipse
1650 500 1719 552 sit
1747 513 1842 548 au-

277 624 393 667 ctor
417 610 587 679 eulpae
615 609 869 678 ipsorum,
905 603 996 658 sed
1019 601 1155 671 quod
1183 600 1294 666 ipse
1324 595 1390 648 sit
1411 595 1573 663 judex
1604 588 1849 657 iniquita-

280 718 389 760 tuni
416 720 623 758 eorum.
651 700 889 756 Tradidit
917 696 1058 752 enim
1090 708 1182 746 eos
1215 692 1354 744 Deus
1381 689 1431 741 in
1461 683 1844 751 conCUpisceu-

280 800 378 852 tias
421 796 597 851 eordis
644 809 827 848 eorum
875 789 1049 861 (Rom.
1100 801 1138 848 t,
1182 783 1272 853 9.4)
1306 799 1318 833 :
1351 783 1661 832 amaverunt
1706 771 1848 826 enim

280 889 547 951 tenebras,
595 894 647 938 et
694 900 796 936 non
847 881 1055 939 lucem;
1100 875 1398 942 dilexerunt
1422 867 1751 925 comitatem,
1797 870 1849 913 et

284 998 386 1034 non
416 979 696 1031 visionem.
727 973 856 1026 Nam
903 985 1027 1024 ecce
1076 964 1328 1019 Dominus
1356 960 1511 1013 .lesus
1539 954 1702 1009 eluxit
1730 951 1849 1004 uui-

283 1088 441 1128 verso
467 1069 698 1131 mundo;
743 1059 957 1119 cantent
1004 1061 1054 1114 in
1096 1057 1297 1112 unitate
1326 1066 1446 1105 cum
1477 1059 1586 1101 toto
1614 1040 1848 1099 mundo:

286 1166 406 1222 Non
437 1166 576 1219 enim
607 1171 679 1214 est
708 1159 794 1232 qui
837 1173 888 1210 se
924 1149 1197 1208 abscondat
1226 1164 1259 1199 a
1287 1145 1453 1198 calore
1495 1139 1637 1192 illius
1682 1132 1849 1207 (Psal.

284 1276 437 1324 XVIII,
466 1258 540 1326 7).
570 1255 646 1308 Illi
671 1262 846 1306 autem
877 1246 1213 1303 traducentes
1238 1252 1298 1293 se
1330 1251 1358 1289 a
1401 1242 1512 1287 toto
1532 1231 1595 1284 ad
1626 1236 1851 1298 partem,

284 1370 313 1409 a
339 1367 563 1421 corpore
604 1342 669 1401 ad
698 1344 909 1405 vulnus,
955 1355 986 1393 a
1031 1338 1137 1390 vita
1181 1332 1244 1386 ad
1291 1325 1679 1400 praeeisionem,
1730 1316 1855 1388 quid

283 1446 492 1519 passuri
521 1450 664 1506 sunt,
694 1438 792 1493 nisi
824 1437 873 1489 in
908 1445 1121 1503 puteum
1151 1419 1504 1492 corruptionis
1526 1413 1691 1469 ituri?

351 1537 445 1590 26.
487 1533 591 1587 Viri
618 1528 917 1601 sanguinum
947 1532 992 1575 et
1034 1516 1333 1573 dolositutis.
1366 1511 1517 1563 Virus
1544 1502 1853 1571 sanguinum

284 1638 502 1699 propter
527 1598 917 1677 interfectiones
946 1613 1106 1673 dicit;
1137 1617 1292 1676 atque
1317 1603 1513 1656 utinam
1534 1592 1855 1662 corporales,

286 1732 342 1775 et
385 1734 488 1773 non
527 1709 870 1784 spirituales!
912 1700 1134 1773 Sanguis
1177 1691 1318 1755 enim
1365 1694 1430 1748 de
1472 1704 1631 1745 carne
1654 1685 1856 1745 exiens,

288 1811 496 1865 videtur
521 1815 574 1860 et
603 1805 847 1857 horretur
876 1817 889 1852 τ
923 1795 1040 1867 quis
1085 1790 1227 1845 videt
1263 1784 1573 1855 sanguinem
1605 1776 1779 1832 cordis
1806 1774 1860 1827 in

289 1897 656 1971 rebaptizato?
683 1894 793 1948 Illa:
816 1900 1014 1946 mortes
1042 1886 1172 1939 alios
1196 1880 1378 1937 oculos
1403 1882 1666 1948 qnterunt.
1688 1870 1862 1938 Quan-

294 2008 448 2064 quam
482 1999 537 2045 et
575 1987 642 2042 de
685 1985 800 2039 istis
827 1979 1084 2036 mortibus
1120 1971 1413 2027 visibilibus
1445 1982 1549 2020 non
1591 1962 1863 2033 quiescant

293 2084 482 2159 armati
514 2081 710 2149 ultique
751 2068 1236 2130 Circumcelliones.
1285 2064 1348 2116 Et
1376 2061 1418 2114 si
1460 2059 1587 2112 istas
1630 2052 1865 2108 visibiles

291 2183 497 2231 mortes
522 2168 876 2226 attendamus,
913 2162 1004 2216 viri
1025 2156 1324 2227 sanguinum
1352 2158 1495 2204 sunt.
1524 2143 1748 2201 Attende
1778 2158 1865 2195 ar-

292 2275 518 2327 matum,
550 2262 593 2316 si
626 2260 706 2312 vir
748 2255 888 2327 pacis
918 2262 1016 2316 est,
1048 2258 1101 2304 et
1127 2262 1231 2301 non
1258 2240 1546 2311 sanguinis.
1578 2236 1632 2292 Si
1674 2234 1863 2288 fustem

293 2359 482 2412 saltem
513 2355 526 2385 ¹
558 2352 728 2405 solum
762 2351 948 2405 ferret;
977 2341 1069 2396 sed
1114 2340 1213 2394 fert
1241 2333 1592 2395 fundibulum,
1638 2328 1739 2382 fert
1781 2339 1867 2379 sc-

290 2451 486 2512 eurim,
528 2447 630 2501 fert
669 2441 888 2512 lapides,
932 2438 1033 2491 fert
1078 2434 1289 2489 lanceas
1320 2449 1333 2482 :
1361 2437 1415 2481 et
1462 2426 1557 2479 ista
1599 2429 1868 2492 portantes

291 2544 492 2612 ubique
520 2554 619 2609 qua
653 2541 871 2605 possunt
907 2535 1228 2597 evagantur,
1262 2520 1578 2588 sanguinem
1617 2517 1869 2568 innocen-

294 2606 426 2688 tium
449 2606 653 2685 sitiunt.
685 2627 824 2695 Ergo
853 2632 905 2676 et
929 2621 997 2675 de
1024 2618 1137 2672 istis
1158 2612 1450 2667 visibilihus
1471 2606 1725 2662 mortibus
1748 2612 1870 2657 sunt

294 2725 391 2778 viri
410 2721 732 2791 sanguinum.
754 2713 859 2770 Sed
901 2721 954 2766 et
990 2710 1059 2763 de
1083 2708 1184 2762 illis
1212 2704 1450 2758 dicamus
1487 2716 1500 2751 :
1536 2696 1748 2752 Utinam
1786 2709 1872 2747 so-

294 2816 377 2869 las
405 2811 482 2887 (α)
512 2811 763 2871 lacerent,
810 2813 864 2859 et
897 2801 1101 2856 animas
1147 2810 1252 2850 non
1296 2792 1634 2862 perimerent.
1668 2785 1753 2841 Isti
1783 2783 1871 2853 qui

296 2880 426 2962 sunt
449 2880 545 2958 uiri
568 2900 866 2971 sanguinum
894 2905 939 2948 et
968 2888 1268 2954 dolositatis,
1300 2899 1367 2940 ne
1406 2890 1588 2953 putent
1615 2880 1734 2949 quia
1776 2892 1873 2933 nos

294 3001 437 3053 male
490 2997 567 3051 sic
616 2990 954 3060 intelligimus
999 2986 1141 3038 viros
1181 2978 1513 3049 sanguinum,
1544 2973 1633 3044 qui
1672 2971 1874 3025 animas

296 3090 583 3151 occidunt;
612 3084 708 3154 ipsi
738 3076 1151 3137 Maximiauistas
1199 3087 1323 3127 suos
1352 3069 1429 3124 sic
1478 3066 1872 3122 inlellCXtTlllll.

300 3184 431 3236 Nam
458 3196 578 3234 cum
609 3192 701 3231 eos
725 3174 1057 3231 damnarent,
1107 3167 1158 3220 in
1206 3165 1317 3234 ipsa
1359 3159 1621 3216 sententia
1663 3154 1874 3212 concilii

296 3276 381 3327 sui
418 3272 491 3342 (ὁ)
521 3271 620 3323 ista
646 3265 807 3320 verba
837 3266 1128 3333 posuerunt
1157 3273 1170 3310 :
1210 3254 1411 3308 Veloces
1441 3250 1590 3322 pedes
1615 3264 1782 3325 eorum
1808 3246 1875 3299 ad

297 3361 665 3432 effundendum
688 3355 979 3426 sanguinem
1005 3347 1432 3404 annuntiatorum
1448 3344 1490 3396 ¹.
1516 3339 1875 3397 Contribulutio

301 3468 347 3509 et
375 3453 641 3507 calamitas
670 3450 722 3502 in
747 3447 839 3500 viis
857 3459 1051 3507 eorum,
1083 3449 1126 3494 et
1155 3439 1286 3492 viam
1329 3436 1465 3504 pacis
1506 3449 1605 3487 non
1632 3448 1876 3501 cognove-

300 3554 424 3599 runt
454 3539 623 3612 (Psal.
656 3553 769 3599 xui,
814 3535 888 3605 5).
922 3532 1033 3587 lloc
1074 3530 1142 3584 de
1171 3524 1570 3582 Maximianistis
1608 3523 1874 3576 dixerunt.

299 3645 502 3708 Quer
527 3643 700 3687 autem
729 3645 828 3700 ego
862 3628 929 3682 ab
954 3626 1031 3680 eis
1057 3621 1268 3694 quando
1295 3617 1692 3674 Maximianistm
1729 3615 1877 3669 fude-

303 3737 411 3787 rint
440 3725 681 3797 corporis
701 3721 1034 3791 sanguinem,
1067 3732 1170 3770 non
1206 3714 1325 3784 quia
1355 3722 1409 3766 et
1436 3711 1666 3780 ipsilnun
1698 3708 1882 3762 funde-

299 3832 429 3878 rent
450 3820 491 3884 ³,
522 3819 563 3871 si
591 3824 733 3871 esset
756 3814 875 3867 talis
901 3808 1179 3864 multitudo
1202 3821 1318 3876 qua:
1347 3803 1608 3866 funderet,
1638 3800 1730 3855 sed
1755 3815 1879 3868 pro-

303 3926 431 3987 pter
475 3909 803 3965 timiditatem
842 3901 1118 3973 paucitatis
1159 3914 1268 3952 suae
1299 3895 1464 3963 magis
1491 3893 1557 3947 ab
1582 3894 1659 3947 eis
1688 3889 1883 3960 aliquid

308 3981 456 4077 passi
483 4009 629 4073 sunt,
661 4014 815 4068 quam
846 3996 943 4064 ipsi
977 3994 1079 4046 tale
1099 3988 1295 4059 aliquid
1318 3984 1597 4055 aliquando
1626 3981 1883 4037 fecerunt.

304 4112 443 4166 ergo
489 4095 755 4159 interrogo
793 4085 1133 4146 donatistatn,
1167 4092 1220 4134 et
1246 4079 1364 4133 dico
1385 4065 1411 4130 ἐ
1446 4076 1500 4130 In
1545 4074 1767 4127 concilio
1799 4083 1887 4126 tuo

308 4166 541 4259 posuisti
566 4181 634 4236 de
663 4162 1081 4237 Maximiauislis,
1123 4170 1321 4225 Veloces
1349 4166 1496 4237 pedes
1520 4181 1693 4218 eorum
1716 4163 1783 4215 ad
1809 4166 1887 4233 ef—

316 4255 635 4349 (undendum
672 4270 981 4340 sanguinem.
1029 4263 1202 4319 Untun
1244 4259 1370 4313 mihi
1397 4259 1517 4310 date
1541 4272 1696 4326 quem
1727 4255 1890 4324 digito

310 4369 556 4426 {rest-rint
584 4356 1012 4416 Maximianistzn?
1051 4352 1185 4420 Quid
1225 4350 1349 4405 mihi
1375 4349 1514 4404 aliud
1541 4351 1892 4417 responsurus

312 4469 426 4525 est,
454 4456 554 4511 nisi
584 4451 723 4524 quod
752 4464 850 4519 ego
877 4446 1031 4500 diem?
1061 4444 1159 4512 Qui
1189 4458 1248 4498 se
1275 4445 1653 4510 separaverunt
1678 4438 1743 4489 ab
1773 4435 1892 4488 uui-

316 4562 451 4612 tate,
485 4558 538 4603 et
581 4545 781 4598 animas
818 4536 1121 4594 sedueendo
1168 4531 1496 4592 interimunt,
1527 4525 1889 4596 spiritualiter,

319 4661 432 4700 non
466 4638 751 4696 earnaliter
780 4633 1088 4702 sanguinem
1136 4624 1379 4679 fundunt.
1410 4620 1618 4689 Optime
1644 4615 1893 4684 exposui-

319 4738 411 4798 sti,
437 4733 532 4787 sed
559 4731 609 4783 in
636 4726 964 4796 expositione
991 4730 1075 4773 tua
1102 4729 1328 4787 agnosce
1349 4711 1482 4765 facta
1507 4718 1613 4763 tua.
1646 4705 1753 4759 Viri
1777 4722 1897 4759 san-

317 4827 537 4901 guinnm
573 4833 617 4876 et
648 4817 949 4873 dolositatis.
991 4813 1047 4867 lu
1080 4809 1259 4865 fraude
1299 4804 1572 4866 dolositas,
1594 4800 1649 4855 in
1686 4799 1899 4854 simula-

321 4892 494 4983 tione,
526 4917 577 4970 in
610 4911 935 4967 seductiunc.
965 4903 1100 4974 Quid
1122 4917 1250 4971 ergo
1277 4898 1349 4952 illi
1372 4898 1469 4965 ipsi
1499 4895 1585 4964 qui
1613 4892 1755 4946 divisi
1782 4899 1899 4944 sunt

321 5028 437 5085 prae
457 4981 533 5063 ira
562 5007 726 5061 vultus
752 5004 858 5074 ejus
883 5000 908 5054 7
941 4997 1042 5068 Ipsi
1075 5004 1197 5050 sunt
1226 4992 1318 5045 viri
1341 4988 1641 5058 sanguinum
1672 4993 1715 5039 et
1756 4981 1901 5038 dolo-

320 5105 511 5161 sitatis.

391 5282 409 5310 ι
447 5276 524 5323 sic
546 5279 652 5321 Mss.
677 5277 730 5319 At
759 5266 889 5323 Edd.,
914 5264 962 5315 si
990 5261 1063 5313 vir
1098 5258 1231 5324 pacis
1261 5258 1469 5324 esseunet
1497 5265 1597 5324 non
1621 5248 1901 5324 sanguinis,

319 5314 523 5390 15ωωῖἶῖ
737 5314 833 5379 etc.
857 5314 997 5390 nauta
1019 5314 1123 5388 post
1145 5322 1268 5381 loco,
1291 5314 1606 5382 fmulibulum,
1619 5315 1667 5363 in
1685 5314 1906 5362 erunibus

533 5405 636 5445 Mss.
664 5401 757 5452 est,
781 5387 1093 5452 fundibaltun,

392 5438 1013 5511 Τῶέξῆὰηῆτίιᾶίοῖωη,
1048 5448 1125 5497 hic
1146 5447 1194 5494 in
1216 5442 1395 5511 aliquot
1418 5448 1520 5511 tgss.
1540 5438 1787 5511 omittitur,
1815 5447 1907 5483 nec

322 5497 550 5574 habeidt:
561 5497 1082 5578 iniii'gBiil-iiii‘c'duéau
1112 5497 1353 5557 sententia
1376 5502 1525 5553 relata
1546 5504 1593 5550 in
1635 5499 1714 5547 lib.
1742 5497 1773 5545 4
1793 5510 1906 5546 eou-

320 5598 407 5637 lt'a
435 5592 681 5638 (roseum,
703 5578 817 5635 0.,4.
870 5636 876 5638 Α
1036 5631 1066 5638 __
1208 5600 1213 5604 ο

398 5626 418 5679 3
714 5626 947 5702 fuderint.
966 5631 1129 5682 Melius
1150 5638 1272 5690 Mss,
1294 5641 1386 5678 non
1408 5626 1674 5689 funderent.

397 5710 473 5768 (η)
506 5697 740 5768 thamL,
753 5697 956 5751 visibiles
987 5702 1175 5745 mortes.

400 5766 473 5832 (lt)
508 5766 765 5831 uagaitaui.

1326 295 1715 353 ENARRATiO
1755 292 1817 347 lN
1858 290 2171 352 ['S-XLMUM
2215 290 2318 344 LV.

3416 290 3517 346 ωδ

2021 406 2107 458 27.
2136 404 2240 459 Sed
2265 404 2385 474 quid
2414 403 2478 456 de
2502 404 2603 457 illis
2628 406 2737 459 ait?
2766 404 2885 460 Non
2906 406 3235 462 dimidiabunt
3254 410 3361 464 dies
3381 430 3517 467 suos.

1951 499 2083 564 Quid
2114 508 2213 563 cst,
2240 495 2360 549 Non
2400 497 2731 551 dimidiubunt
2755 499 2860 552 dies
2896 500 3055 552 suos?
3092 499 3203 553 Non
3245 503 3520 568 proﬂuent

1952 600 2203 659 quantum
2238 596 2420 657 putant
2453 606 2466 642 :
2496 588 2629 643 intra
2679 599 2886 659 tempus
2927 590 3065 661 quod
3108 603 3342 661 sperant,
3396 608 3517 663 per.-

1954 681 2122 734 ihunt.
2159 678 2276 748 Ipse
2301 688 2383 734 est
2410 679 2548 735 enim
2597 682 2777 749 perdix
2812 683 2916 746 ille,
2948 682 3013 737 de
3041 699 3145 753 quo
3171 682 3366 739 dictum
3397 695 3523 740 est:

1958 770 2019 825 In
2049 771 2255 824 dimidio
2277 772 2466 824 dierum
2499 774 2608 843 ejus
2629 773 2967 844 derelinquant
2994 791 3129 840 eum,
3157 785 3202 828 et
3226 775 3278 829 in
3317 778 3524 831 novissi-

1953 864 2048 917 mis
2074 864 2176 916 suis
2195 865 2285 917 erit
2310 864 2548 931 insipiens
2561 864 2764 937 (Jercm.
2794 881 2920 929 xvn,
2956 867 3061 932 ll).
3094 867 3400 935 Proficiunt,
3430 869 3524 924 sed

1953 958 2020 1011 ad
2050 966 2257 1026 tempus
2308 956 2441 1024 Quid
2471 958 2610 1012 enim
2655 960 2727 1013 ait
2764 961 3079 1029 Apostolus?
3119 961 3335 1035 Maligni
3359 975 3527 1018 autem

1955 1050 2180 1103 homines
2205 1059 2249 1103 et
2277 1049 2559 1103 seductores
2590 1051 2851 1119 proﬁcient
2876 1053 2927 1105 in
2962 1053 3124 1123 pejus,
3159 1054 3258 1124 ipsi
3281 1067 3524 1121 errantes,

1957 1149 2002 1202 et
2022 1139 2150 1194 alios
2178 1141 2230 1193 in
2252 1156 2467 1194 errorem
2497 1141 2762 1194 mittentes.
2787 1141 2974 1197 Caecus
3000 1154 3175 1198 autem
3204 1159 3401 1201 caream
3433 1148 3561 1203 (ιιι-ἱ

1957 1245 2102 1297 cens,
2131 1231 2283 1285 simul
2312 1231 2363 1285 in
2389 1231 2591 1306 foveam
2616 1232 2807 1286 cadunt
2837 1227 3042 1305 (Malm.
3074 1250 3161 1303 xv,
3191 1208 3304 1307 114).
3345 1228 3530 1293 Merito

1958 1322 2153 1425 cadunt
2176 1323 2227 1375 in
2266 1332 2468 1425 puteum
2506 1325 2856 1393 corruptionis.
2901 1324 3033 1391 Quid
3064 1340 3192 1395 ergo
3217 1327 3324 1381 ait?
3356 1326 3530 1397 Pro/i-

1959 1414 2085 1467 cient
2112 1414 2164 1466 in
2195 1415 2376 1484 pejus;
2404 1429 2506 1467 non
2539 1422 2713 1468 tamen
2743 1415 2849 1469 diu.
2882 1415 3012 1470 Nam
3039 1418 3196 1486 paulo
3228 1425 3351 1473 ante
3378 1420 3529 1484 dixit,

1963 1503 2068 1560 Sed
2098 1506 2229 1558 ultra
2257 1522 2355 1558 non
2391 1506 2650 1576 proﬁcient
2672 1521 2691 1559 .'
2716 1505 2815 1561 hoc
2835 1517 2935 1571 est,
2959 1523 3059 1561 non
3080 1508 3412 1563 dintidiabunt
3430 1511 3533 1563 dies

1962 1614 2097 1651 suos.
2123 1596 2385 1667 Sequatur
2424 1599 2725 1663 Apostolus,
2766 1608 2820 1653 et
2851 1599 2988 1654 dicat
3029 1615 3193 1670 quare
3228 1619 3243 1658 :
3276 1601 3535 1657 Dementia

1964 1688 2093 1741 etaim
2124 1704 2293 1741 eorum
2318 1688 2579 1758 manifesta
2600 1690 2691 1742 erit
2718 1689 2962 1754 omnibus,
2995 1692 3119 1745 sicut
3144 1700 3190 1745 et
3210 1691 3413 1746 illorum
3441 1695 3535 1764 fuit

1967 1778 2032 1843 (Il
2063 1776 2189 1830 Tim.
2220 1793 2295 1841 ttt,
2323 1778 2372 1843 9,
2408 1780 2519 1849 15).
2570 1778 2678 1832 Viri
2712 1781 3015 1851 satiguinum
3053 1796 3101 1835 et
3131 1781 3411 1836 dolositatis
3437 1801 3536 1837 non

1966 1869 2297 1924 dimidiabunt
2318 1872 2423 1925 dies
2446 1888 2580 1925 suos.
2610 1871 2717 1942 Ego
2737 1882 2901 1925 autem
2919 1872 2968 1926 in
2990 1883 3036 1926 te
3054 1874 3287 1943 sperabo,
3307 1872 3535 1927 Domine.

1966 1961 2153 2015 Merito
2183 1970 2355 2014 autem
2386 1961 2456 2013 illi
2486 1975 2590 2015 non
2621 1960 2968 2017 dimidiahunt
2998 1963 3111 2019 dies
3144 1962 3290 2026 suos.
3331 1956 3451 2034 quia
3484 1965 3534 2017 in

1970 2053 2182 2107 homine
2204 2062 2571 2121 speraverant.
2604 2053 2716 2122 Ego
2754 2064 2930 2107 autem
2960 2070 2987 2107 a
3014 2055 3201 2110 diehus
3233 2056 3541 2124 temporali~

1968 2144 2066 2198 bus
2088 2147 2298 2212 perveni
2324 2143 2388 2197 ad
2418 2143 2556 2197 diem
2577 2152 2848 2198 aeternam.
2873 2145 3086 2213 Quare?
3107 2147 3236 2213 Quia
3269 2147 3320 2201 in
3344 2158 3395 2201 te
3419 2162 3541 2215 spe-

1969 2239 2101 2300 ravi,
2135 2237 2373 2291 Domine.

2444 2449 2525 2509 IN
2566 2448 2706 2509 PSA
2715 2448 2944 2509 LMUM
3000 2447 3105 2506 LV

2510 2569 2908 2625 ENARRATIO
2939 2570 2978 2620 ¹.

2576 2699 2746 2741 sentio
2768 2672 2870 2758 ’(α).

2045 2807 2097 2861 1.
2125 2804 2274 2878 (vers.
2310 2801 2385 2876 1.]
2415 2801 2564 2857 Sicut
2593 2794 2821 2870 aliquam
2852 2798 3066 2853 domum
3097 2797 3361 2863 intraturi,
3394 2798 3546 2865 cujus

1975 2899 2043 2952 sit
2072 2907 2123 2951 et
2143 2895 2209 2950 ad
2239 2909 2395 2965 quem
2425 2894 2685 2963 pertineat
2711 2892 2759 2945 iu
2790 2891 2940 2945 titulo
2962 2890 3289 2960 inspicimus,
3315 2906 3379 2945 ne
3411 2888 3545 2945 forte

1978 2992 2277 3060 importune
2317 2990 2578 3043 irruamus
2603 3002 2708 3057 quo
2741 3003 2846 3040 non
2876 2995 3110 3055 oportet,
3154 3000 3324 3055 neque
3362 3001 3548 3039 rursus

1978 3082 2262 3136 timiditate
2308 3094 2622 3136 revocemur
2670 3078 2736 3131 ab
2782 3093 2847 3132 eo
2889 3093 2994 3146 quo
3035 3084 3246 3146 oportet
3299 3077 3546 3131 intrare:

1980 3187 2225 3246 tanquam
2256 3190 2384 3245 ergo
2412 3176 2453 3227 si
2482 3173 2801 3243 legeremus,
2833 3170 3177 3242 Haceprzedia
3208 3171 3346 3227 illius
3372 3180 3462 3224 aut
3481 3170 3548 3224 il-

1979 3269 2116 3333 lius;
2147 3269 2214 3321 ita
2246 3268 2296 3320 in
2341 3254 2731 3335 superliminari
2774 3264 2960 3334 psalmi
2990 3263 3144 3333 hujus
3170 3262 3426 3317 habemus
3467 3263 3549 3315 in-

1979 3361 2252 3430 scriplum,
2281 3356 2347 3412 In
2371 3360 2539 3427 ﬁnem,
2573 3373 2664 3427 pro
2692 3356 2879 3426 papula
2913 3356 3001 3425 qui
3027 3372 3059 3408 a
3083 3356 3267 3409 sanctis
3294 3353 3440 3424 longe
3463 3355 3555 3425 [ατ

1979 3467 2087 3511 ctus
2107 3465 2198 3522 est,
2223 3455 2326 3525 ipsi
2356 3453 2517 3505 David
2544 3452 2597 3504 in
2619 3451 2750 3503 tituli
2790 3448 3185 3518 inscriptionem,
3227 3464 3341 3499 cum
3380 3457 3551 3500 tenue-

1980 3560 2097 3604 runt
2122 3565 2232 3602 eunt
2258 3546 2517 3615 Allophyli
2553 3545 2603 3596 in
2643 3542 2790 3596 Geth.
2824 3536 3182 3609 Agnoscamus
3222 3553 3350 3609 ergo
3379 3553 3552 3607 pupu-

1982 3645 2089 3698 lum
2120 3644 2204 3715 qui
2227 3644 2373 3711 longe
2398 3645 2561 3709 factus
2576 3647 2647 3691 est
2674 3653 2705 3689 a
2725 3636 2909 3689 sanctis
2934 3635 2985 3687 in
3008 3633 3136 3686 tituli
3156 3632 3553 3701 inscriptionem.

1985 3736 2221 3790 Pertinet
2251 3732 2352 3786 hoc
2375 3730 2516 3784 enim
2548 3728 2611 3782 ad
2642 3728 2810 3796 ipsum
2844 3724 3028 3785 David,
3068 3738 3223 3793 quem
3250 3721 3358 3791 jam
3389 3722 3556 3777 nostis

1988 3827 2280 3894 intelligere
2329 3815 2721 3889 Spiritualiter':
2770 3831 2942 3885 neque
2982 3815 3121 3870 enim
3157 3814 3558 3882 commendatur

1989 3918 2141 3971 nobis
2169 3914 2265 3968 nisi
2302 3913 2390 3966 ille
2418 3912 2481 3964 de
2507 3924 2611 3980 quo
2636 3907 2831 3962 dictum
2859 3878 2959 3972 est,
2993 3904 3137 3959 Finis
3157 3903 3304 3975 Legis
3330 3878 3558 3960 Christus

1990 4011 2057 4064 ad
2086 4009 2340 4081 justitiam
2383 4004 2518 4057 omni
2555 4001 2775 4055 credenti
2813 3998 2990 4070 (Rom.
3024 4015 3076 4063 κ,
3107 3995 3181 4069 4).
3217 3997 3377 4067 Ergo,
3403 3994 3466 4051 In
3493 3996 3558 4065 [ὶ-

1991 4120 2123 4168 ncm,
2166 4115 2286 4156 cum
2312 4096 2481 4160 audis,
2531 4094 2582 4148 in
2621 4091 2887 4147 Christum
2917 4088 3149 4151 intende,
3175 4103 3241 4144 ne
3271 4089 3322 4143 in
3368 4089 3448 4142 via
3477 4105 3561 4142 re-

1993 4194 2255 4251 manendo
2283 4208 2384 4246 nou
2415 4188 2686 4260 pervenias
2709 4185 2774 4240 ad
2805 4185 2980 4237 linem.
3005 4182 3268 4255 Quidquid
3290 4183 3429 4238 enim
3457 4190 3559 4244 est,

1996 4282 2085 4344 ubi
2124 4284 2256 4341 infra
2285 4284 2512 4345 steteris,
2540 4290 2818 4347 antequam
2863 4276 2927 4330 ad
2969 4275 3235 4331 Christum
3265 4274 3559 4345 pervenias,

1996 4382 2125 4436 nihil
2155 4378 2244 4433 tihi
2273 4375 2412 4430 aliud
2440 4374 2646 4427 divinus
2672 4386 2845 4426 sermo
2872 4369 3017 4434 dicit,
3042 4370 3162 4429 nisi.
3188 4366 3417 4430 Accede,
3441 4383 3571 4444 non,

1997 4473 2120 4528 dum
2147 4478 2228 4524 est
2251 4468 2394 4521 locus
2425 4465 2511 4519 ubi
2537 4460 2789 4517 securitas
2819 4460 2907 4514 sit.
2942 4457 3040 4514 Est
3063 4457 3275 4528 quidam
3306 4457 3453 4510 locus
3478 4456 3564 4510 uhi

1999 4566 2155 4622 statio
2196 4559 2445 4614 ﬁdissima
2474 4555 2789 4616 collocatur;
2818 4560 2899 4607 est
2921 4551 3158 4621 quantam
3180 4560 3327 4619 petra
3357 4547 3444 4602 ubi
3473 4547 3566 4603 do-

2000 4676 2117 4712 mus
2145 4669 2325 4709 secura
2364 4649 2651 4718 consurgit,
2696 4656 2751 4700 ut
2791 4660 2893 4698 non
2942 4652 3147 4697 metuat-
3185 4640 3404 4696 imbrem
3437 4650 3567 4696 tem-

2002 4750 2235 4823 pestatis.
2266 4744 2504 4800 Flumina
2544 4740 2685 4797 enim
2715 4739 3048 4807 impegerunt
3074 4734 3124 4786 in
3151 4733 3364 4786 domum
3402 4733 3565 4798 illam,

2003 4855 2178 4903 etnon
2197 4841 2382 4895 cecidit
2399 4857 2412 4900 ;
2432 4835 2642 4889 fundata
2671 4832 2810 4886 enim
2829 4838 2942 4883 erat
2966 4841 3122 4895 supra
3145 4820 3341 4895 petram
3357 4824 3567 4897 (Matth.

2004 4957 2093 5002 Vit,
2124 4934 2216 5006 εδ)
2253 4953 2265 4990 :
2298 4934 2452 4988 Petra
2475 4936 2643 4982 autem
2681 4932 2786 4977 erat
2811 4920 3037 4976 Christus
3067 4917 3108 4989 (l
3136 4918 3251 4971 Cor.
3281 4932 3336 4984 κ,
3363 4918 3442 4985 ι).
3461 4916 3569 4972 Sult

2006 5005 2219 5085 nomine
2257 5021 2415 5078 David
2444 5018 2684 5074 Christus
2714 5013 2965 5082 figuratur
2994 5012 3049 5072 ¹;
3083 5008 3203 5078 quia
3245 5008 3312 5063 de
3355 5007 3444 5061 illa
3488 5005 3571 5060 di-

2007 5130 2148 5177 ctum
2175 5124 2256 5170 est
2282 5132 2295 5169 :
2322 5114 2404 5180 qui
2432 5110 2593 5178 [uetus
2612 5114 2765 5160 estea:
2781 5102 2964 5157 semine
2991 5098 3155 5152 David
3171 5097 3443 5153 secundum
3466 5113 3574 5149 car-

2010 5231 2121 5269 nem
2152 5209 2324 5281 (Rom.
2351 5221 2389 5266 t,
2416 5203 2493 5267 ὃ).

2078 5304 2134 5358 2.
2164 5280 2306 5367 Quis
2344 5304 2426 5351 est.
2453 5306 2579 5362 ergo
2602 5288 2823 5360 pepulus
2851 5286 2937 5356 qui
2971 5285 3115 5355 longe
3138 5298 3170 5336 a
3201 5280 3386 5336 sanctis
3414 5281 3576 5349 factus

3350 5462 3441 5500 sus
3486 5449 3577 5496 iste

2076 5484 2094 5514 ¹
2128 5484 2243 5531 Huic
2281 5470 2570 5525 Enarrationi
2601 5463 2767 5516 titulus
2805 5463 2857 5531 in
2887 5459 3053 5531 .negio
3094 5459 3454 5531 magis:

3334 5517 3578 5567 Restituto,

2816 5517 3081 5578 habitus'in,
3099 5517 3199 5568 basi

2078 5593 2137 5657 ίὶα
2158 5593 2345 5668 quinta,
2370 5598 2431 5649 dc
2458 5593 2643 5664 Psalmo
2664 5596 2755 5661 ιγ.
2950 5645 2961 5654 _
3180 5643 3189 5652 .
3418 5631 3428 5641 _

2078 5671 2100 5701 ³
2130 5676 2254 5726 Mss,
2278 5663 2364 5713 sub
2385 5652 2747 5726 nominepaud
2770 5644 3034 5726 ﬁguraliter
3055 5655 3075 5694 :
3097 5652 3290 5697 omisso,
3314 5635 3548 5687 chmtus.

2077 5733 2150 5796 (tt)
2184 5717 2254 5779 ω’
2264 5726 2457 5790 plebem
2477 5717 2915 5779 carthagineusem.
