4022 6200
501 262 611 320 647
1153 260 1161 279 ⁸
1714 255 1770 313 S.
1826 257 1868 311 A
1881 256 2205 330 UGUSTINI
2245 257 2549 321 EPISCOPI
3648 261 3752 321 648

503 377 573 421 est
605 364 654 418 in
677 362 808 416 tituli
836 355 1243 425 inscriptionem?
1274 353 1387 423 Ipse
1417 352 1599 407 titulus
1637 352 1882 407 ostendat
1926 352 2076 404 nobis

505 456 753 527 pupulum
800 453 978 505 istum.
1012 448 1251 517 Scriptus
1279 458 1356 500 est
1385 445 1527 500 enim
1555 445 1768 516 quidam
1815 444 1997 498 titulus
2024 444 2074 497 in

501 546 767 602 dominica
791 542 1056 614 passione,
1080 539 1289 609 quando
1333 537 1587 592 Dominus
1623 534 1908 590 cruciﬁxus
1937 543 2018 588 est
2058 551 2074 589 :

503 645 619 694 erat
639 636 705 689 ibi
739 634 919 687 titulus
951 631 1254 702 inscriptus,
1283 629 1548 695 hebraice,
1588 643 1781 698 grmce,
1810 639 1863 682 et
1892 627 2070 691 latine,

507 729 614 784 Rea:
635 726 968 789 Judtrorum;
996 725 1163 779 tribus
1184 724 1374 811 linguis
1394 734 1639 792 tanquam
1669 721 1833 775 tribus
1857 722 2077 776 testibus

505 820 685 873 titulus
716 818 1056 887 approbatus,
1086 815 1207 885 quia
1237 815 1286 867 in
1315 829 1408 867 ore
1429 812 1654 866 duorum
1685 812 1769 866 vel
1799 813 1954 885 trium
1993 820 2075 866 te-

504 913 660 967 stium
683 910 841 965 stabit
866 923 1021 962 omne
1048 906 1262 961 verbum
1301 902 1476 976 (Deut.
1507 919 1625 967 th,
1662 904 1768 973 15).
1805 901 1966 957 Istum
2006 902 2073 956 ti-

504 1005 667 1058 tulum
697 1018 816 1057 cum
849 1001 1099 1071 legissent
1143 997 1329 1059 Judmi,
1376 995 1630 1065 indignati
1673 1003 1816 1059 sunt,
1846 1004 1898 1047 et
1922 993 2075 1048 dixe-

503 1105 624 1150 runt
649 1093 716 1149 ad
752 1093 1012 1147 Pilatum:
1059 1089 1182 1144 Noli
1216 1088 1446 1151 scribere,
1490 1085 1599 1139 Rea:
1636 1085 1961 1148 Judworum;
1990 1084 2077 1137 sed

503 1190 617 1259 quia
639 1187 745 1256 ipse
764 1185 889 1239 dixit
921 1200 973 1237 se
1007 1198 1171 1254 regem
1200 1198 1304 1234 esse
1326 1179 1641 1233 Judteornm.
1673 1179 1844 1248 Ipsum
1882 1176 2077 1232 dixisse

502 1280 693 1342 scribe,
718 1277 1003 1341 dixerunt;
1038 1290 1141 1328 non
1169 1273 1269 1327 hoc
1297 1287 1414 1326 esse
1457 1269 1595 1340 quod
1638 1270 1786 1324 dixit.
1819 1268 1922 1323 Sed
1953 1267 2074 1338 quia

504 1387 683 1424 verum
722 1378 805 1423 est
847 1368 898 1421 in
928 1366 1034 1420 alio
1070 1364 1290 1433 psalmo,
1341 1360 1408 1415 In
1442 1362 1574 1414 tituli
1606 1361 1983 1431 inscriptionem
2014 1376 2078 1413 ne

500 1478 792 1531 corrumpas
813 1459 983 1530 (Psal.
1011 1474 1113 1523 LVI,
1141 1457 1215 1528 l),
1244 1454 1516 1525 reSpondit
1543 1454 1759 1517 Pilatus,
1787 1452 1934 1520 Quod
1954 1453 2076 1506 scri-

504 1558 599 1626 psi,
628 1555 856 1623 scripsi‘:
887 1563 1131 1621 tanquam
1155 1550 1359 1614 dicens,
1400 1547 1513 1601 Non
1554 1561 1839 1615 corrumpe
1880 1545 2077 1599 verita-

504 1662 630 1712 tem,
662 1647 761 1701 etsi
792 1661 885 1700 vos
915 1643 1129 1713 diligitis
1164 1640 1462 1694 falsitatem.
1498 1637 1632 1706 Quia
1659 1650 1787 1705 ergo
1819 1636 1871 1690 in
1916 1636 2077 1689 malc-

500 1742 644 1797 dicto
673 1741 773 1794 isto
803 1734 1056 1807 indignati
1086 1743 1207 1788 sunt
1227 1731 1417 1794 Judaei,
1446 1730 1703 1794 dicentes,
1729 1725 1840 1781 Nos
1866 1744 1964 1780 non
1986 1727 2077 1779 ha-

501 1837 671 1887 bemus
701 1847 864 1902 regem
899 1829 995 1882 nisi
1018 1827 1181 1881 solum
1208 1824 1453 1878 Ctesarem
1493 1818 1670 1892 (Joan.
1714 1834 1823 1882 xtx,
1868 1816 2073 1885 15-22),

500 1926 568 1980 de
614 1923 750 1979 tituli
795 1920 1088 1976 offensione
1123 1917 1276 1985 longe
1306 1913 1429 1967 facti
1459 1921 1583 1965 sunt
1609 1926 1636 1962 a
1677 1909 1895 1963 sanctis.
1949 1907 2077 1961 Pro-

501 2019 759 2087 pinquent
788 2014 1006 2077 sanctis,
1053 2020 1108 2065 ct
1136 2007 1527 2078 agglttlincntur
1567 2011 1751 2057 sancto
1778 2002 1867 2071 qui
1896 2015 2090 2071 regem.

499 2111 769 2166 Christum
808 2113 1102 2177 agnoscunt
1138 2112 1192 2156 et
1228 2099 1425 2153 habere
1463 2096 1842 2165 concupiscunt
1874 2112 1886 2147 :
1918 2093 2076 2163 longe

506 2206 633 2257 tiant
680 2216 709 2254 a
751 2199 949 2254 sanctis
992 2196 1079 2266 qtti
1110 2191 1535 2248 contradicentes
1580 2188 1730 2241 titulo
1758 2194 2077 2254 respuerant

420 2342 429 2355 .
505 2292 701 2364 regem
728 2291 915 2354 Deum,
961 2297 1014 2343 et
1054 2286 1327 2355 elegerunt
1361 2295 1537 2351 regem
1577 2278 1865 2334 hominem.
1892 2274 2075 2332 Omnis

504 2401 631 2457 ergo
663 2383 885 2455 populus
927 2380 1156 2433 humano
1196 2390 1361 2444 regno
1399 2373 1711 2437 delectatus,
1744 2385 1997 2438 respuens
2023 2369 2075 2422 in

505 2495 563 2534 se
593 2491 815 2549 regnare
848 2473 1148 2535 Dominum,
1180 2482 1285 2537 quo
1320 2475 1573 2535 regnante
1604 2463 1672 2516 ita
1700 2462 1921 2532 quisque
1949 2459 2076 2515 sub-

502 2572 676 2643 jectus
710 2576 812 2633 est,
861 2574 919 2620 ut
945 2569 1131 2634 regnet
1169 2567 1225 2616 et
1254 2559 1365 2627 ipse
1398 2553 1772 2625 cupiditatibus
1801 2553 1931 2618 suis,
1955 2566 2074 2607 om-

505 2666 587 2720 nis
610 2676 738 2733 ergo
764 2658 990 2730 populus
1020 2655 1139 2709 talis
1182 2652 1338 2720 longe
1363 2657 1445 2704 est
1468 2662 1497 2701 a
1528 2646 1746 2701 sanctis.
1774 2644 1949 2699 Nolite
1971 2644 2075 2698 ita-

505 2771 629 2827 que,
658 2755 867 2815 fratres,
891 2750 943 2803 in
969 2746 1098 2801 solis
1124 2741 1321 2799 iudicis
1352 2739 1452 2794 hoc
1475 2737 1769 2793 advertere.
1797 2735 1926 2790 Data
1953 2741 2078 2790 sunt

504 2847 716 2920 quidem
745 2845 796 2899 in
828 2843 930 2897 illis
958 2838 1110 2910 quasi
1140 2834 1398 2907 primitiva
1419 2831 1679 2901 exempla,
1699 2840 1756 2885 ut
1784 2829 1836 2882 in
1862 2827 1952 2883 illo
1978 2843 2077 2920 po-

425 2986 437 3001 ,
506 2919 630 3010 pulo
655 2938 886 2992 eluceret
915 2929 1057 3002 quod
1085 2927 1258 2984 omnis
1292 2926 1452 2980 homo
1484 2930 1717 2979 caveret.
1766 2924 1963 2992 Aperte
2001 2919 2078 2974 illi

508 3045 683 3103 regem
725 3026 993 3082 Christum
1044 3025 1443 3082 recusaverunt,
1497 3022 1550 3069 et
1585 3029 1783 3103 regem,
1812 3013 2078 3069 Caesarem

507 3102 799 3191 elegerunt.
827 3116 925 3171 Est
946 3112 1158 3185 quidem
1184 3119 1238 3165 et
1263 3108 1443 3165 Caisar
1464 3121 1557 3161 rex
1586 3105 1745 3160 homo
1775 3102 2078 3159 hominibus

506 3215 572 3268 ad
598 3213 850 3277 humana,
878 3207 970 3263 sed
1006 3206 1141 3260 alius
1166 3216 1259 3258 rex
1288 3208 1371 3258 est
1403 3199 1471 3254 ad
1496 3198 1705 3263 divina;
1729 3196 1866 3252 alius
1890 3211 1984 3251 rex
2012 3196 2078 3252 ad

508 3305 667 3359 vitam
712 3299 1056 3369 temporalem
1088 3338 1103 3363 ,
1154 3295 1288 3349 alius
1331 3291 1396 3347 ad
1452 3302 1749 3354 :eternam;
1807 3289 1940 3343 alius
1983 3304 2081 3344 rex

476 3410 771 3460 'let‘renus,
803 3394 938 3448 alius
970 3407 1064 3446 rex
1097 3386 1333 3445 cmlestis
1365 3404 1379 3441 :
1409 3399 1501 3439 rex
1547 3386 1788 3437 terrenus
1822 3381 1922 3437 sub
1955 3396 2080 3452 rege

502 3486 706 3545 caelesti
734 3528 749 3553 ,
779 3498 887 3553 rei;
905 3480 1142 3540 caelestis
1179 3492 1340 3546 super
1358 3474 1556 3530 omnia.
1582 3471 1697 3527 Non
1714 3486 1841 3542 ergo
1859 3470 1933 3526 illi
1958 3472 2079 3542 quia

502 3500 706 3545 caelesti
734 3528 749 3553 ,
779 3500 838 3541 re
905 3500 1142 3540 CfBIL‘SllS
1179 3500 1340 3546 super
1358 3500 1556 3530 multm.
1582 3500 1697 3527 tum
1714 3500 1841 3542 crsu
1860 3500 1933 3526 un
1958 3500 2077 3542 ψιιει

502 3585 753 3639 dixerunt
776 3500 1055 3633 se’ltabere
1074 3571 1340 3628 Cmsarem
1362 3581 1563 3638 regem,
1586 3572 1961 3635 peccaverunt;
1985 3562 2077 3617 sed

504 3676 628 3749 quia
668 3687 850 3744 regem
893 3667 1166 3724 Christum
1214 3660 1412 3717 habere
1454 3658 1756 3714 noluerunt.
1809 3655 1875 3711 Et
1920 3656 2080 3749 modo

504 3747 657 3826 multi
681 3765 951 3821 Christum
998 3768 1179 3829 regem
1214 3756 1265 3809 in
1306 3752 1443 3811 etelo
1485 3749 1757 3807 sedentem
1800 3757 1856 3803 et
1887 3747 2080 3817 ubique

506 3871 815 3936 regnantem
846 3854 1044 3912 habere
1081 3849 1271 3936 nolunt
1299 3867 1311 3903 :
1337 3857 1391 3904 et
1421 3846 1520 3917 ipsi
1550 3853 1675 3900 sunt
1706 3843 1795 3914 qui
1814 3841 2082 3936 ,tribnlant

507 3932 624 4011 nos.
654 3953 853 4008 Contra
874 3949 1007 4004 tales
1032 3945 1131 4000 istc
1155 3932 1390 4014 psalmus
1412 3937 1691 3994 confirmat
1718 3948 1833 3989 nos.
1851 3933 2081 3989 Necesse

502 4058 590 4105 est
614 4046 755 4103 enim
782 4052 840 4097 ut
866 4041 998 4096 tales
1026 4037 1284 4109 patiamur
1322 4046 1490 4102 usque
1518 4031 1569 4084 in
1596 4027 1752 4083 tinem
1778 4045 1791 4081 :
1817 4041 1949 4097 quos
1975 4039 2079 4079 non

509 4148 809 4209 pateremur
826 4174 841 4197 ,
870 4130 973 4185 nisi
1000 4128 1152 4184 nobis
1174 4122 1469 4194 expediret.
1491 4118 1677 4175 Omnis
1703 4117 1842 4172 enim
1863 4116 2080 4209 tentatio

508 4206 748 4302 probatio
763 4231 923 4291 est,et
936 4220 1108 4297 omnis
1120 4215 1441 4288 probationis
1456 4211 1675 4268 allectus
1686 4209 1843 4302 habet
1856 4206 2078 4302 fructum

507 4299 833 4388 somn.Quia
861 4313 1019 4370 homo
1062 4310 1371 4380 plerumque
1409 4305 1571 4361 etiam
1605 4302 1705 4358 sibi
1731 4301 1830 4371 ipsi
1873 4299 2081 4371 ignotus

505 4425 589 4473 est
618 4432 634 4470 :
661 4409 787 4484 quid
801 4406 950 4472 ferat,
965 4403 1159 4476 quidve
1186 4416 1291 4456 non
1309 4400 1461 4466 terat,
1474 4400 1707 4469 ignorat;
1729 4401 1783 4450 et
1802 4393 2082 4484 aliquando

506 4482 783 4580 praesumit
824 4515 884 4555 se
922 4496 1063 4552 ferre
1108 4491 1247 4564 quod
1300 4506 1408 4545 non
1461 4497 1658 4558 potest,
1703 4482 2082 4580 etgaliquando

504 4577 753 4669 desperat
779 4608 838 4649 se
865 4604 1022 4661 posse
1052 4584 1191 4642 ferre
1210 4582 1349 4654 quod
1377 4588 1551 4651 potest
1584 4597 1598 4634 :
1630 4578 1836 4634 accedit
1862 4577 2082 4632 tentatio

502 4692 656 4761 quasi
682 4683 1046 4755 interrogatio,
1088 4690 1143 4736 et
1173 4676 1440 4733 invenitur
1460 4674 1620 4728 homo
1653 4688 1681 4726 a
1720 4673 1931 4741 seipse;
1962 4671 2081 4740 quia

502 4780 706 4834 latebat
725 4788 780 4834 et
807 4776 1059 4845 seipsum,
1094 4769 1187 4826 sed
1214 4765 1472 4823 artificem
1489 4779 1597 4819 non
1618 4764 1835 4818 latebat.
1858 4762 2083 4818 Proinde

509 4870 699 4925 Petrus
741 4864 1077 4938 praesumpsit
1109 4861 1289 4915 nescio
1315 4856 1437 4928 quid
1466 4855 1606 4926 quod
1638 4855 1690 4909 in
1731 4855 1822 4910 illo
1849 4854 2081 4909 nondum

506 4969 647 5026 erat,
670 4972 835 5027 usque
859 4956 922 5009 ad
943 4964 1166 5009 mortem
1195 4966 1256 5007 se
1276 4964 1396 5005 cum
1438 4946 1660 5001 Domino
1702 4945 1829 5001 Jesu
1872 4943 2083 5001 Christo

508 5065 631 5107 esse
657 5056 1142 5119 perseveraturum:
1165 5043 1302 5097 vires
1323 5052 1446 5096 suas
1466 5037 1654 5093 Petrus
1674 5035 1964 5108 ignorabat,
1989 5035 2083 5090 sed

514 5142 769 5200 Dominus
806 5146 1043 5193 noverat.
1093 5132 1385 5203 Respondit
1421 5132 1437 5163 ¹
1481 5130 1656 5185 minus
1697 5129 1945 5183 idoneum
1993 5127 2083 5198 qui

513 5236 880 5293 fabricaverat,
916 5229 1005 5298 qui
1038 5226 1198 5282 etiam
1226 5225 1480 5279 fabricato
1521 5237 1549 5274 a
1592 5234 1651 5275 se
1695 5221 1837 5274 vires
1869 5217 2084 5273 idoneas

511 5329 734 5383 daturus
764 5330 898 5387 erat,
921 5318 1044 5389 quid
1071 5316 1301 5372 nonduin
1329 5315 1567 5380 dederat,
1596 5314 1824 5394 sciebat;
1864 5313 1950 5367 ille
1993 5311 2084 5382 qui

513 5421 748 5478 nondum
798 5424 1109 5484 acceperat,
1170 5409 1436 5465 nesciebat
1481 5426 1494 5461 :
1541 5408 1763 5462 accessit
1813 5407 2079 5470 tentatio;

577 5645 593 5677 ί
628 5644 702 5693 Sic
724 5647 871 5690 nostri
895 5646 1066 5686 omnes
1091 5639 1194 5680 Mss.
1222 5623 1752 5694 Al_F.d(l.,_Pr(Bl_,‘l.d_ebal
1793 5625 1948 5694 "unus
1981 5625 2085 5677 ido-

510 5686 869 5766 ησωιῖῖειῖίιῖι
884 5697 1023 5764 paulo
1047 5704 1153 5760 post
1178 5707 1190 5743 :
1216 5690 1297 5755 qui
1319 5689 1529 5740 nondum
1547 5688 1744 5738 dederat
1768 5686 1958 5737 sciebat.

2188 356 2416 424 negavit,
2440 354 2601 419 flevit,
2624 361 2826 424 accepit
2866 356 3017 426 (Luc.
3039 372 3174 420 χχιι,
3198 358 3415 447 55-69.).
3460 359 3593 415 Cum
3633 380 3755 435 ergo

2185 442 2480 501 nesciamus
2517 448 2641 518 quid
2679 460 2919 518 petamus
2957 459 3205 519 tanquam
3247 442 3672 515 non'habentcs.
3706 468 3754 513 et

2186 538 2325 594 unde
2354 540 2550 610 gratias
2575 555 2792 611 agamus
2832 550 3080 611 tanquam
3128 543 3457 611 accipientes
3476 586 3491 607 ,
3518 560 3655 614 Opus
3679 560 3758 603 est

2184 644 2396 701 semper
2422 631 2799 688 tentationibus
2829 643 2883 687 et
2910 633 3339 689 tribulationibus
3355 636 3552 692 erudiri
3582 638 3631 691 in
3661 639 3757 694 isto

2184 722 2420 787 sccculo;
2451 722 2543 778 sed
2583 723 2818 777 tribulari
2853 739 2956 778 non
3001 740 3300 794 possumus,
3334 727 3433 782 nisi
3461 729 3530 783 ab
3564 730 3642 785 eis
3672 732 3755 801 qui

2184 812 2341 882 longe
2366 813 2499 869 limit
2525 829 2553 868 a
2581 815 2795 869 sanctis.
2825 815 3290 886 Longinquitatem
3322 819 3477 872 istam
3498 861 3513 884 ,
3547 818 3755 889 fratres,

2184 906 2461 978 intelligite
2488 908 2665 962 cordis
2689 924 2829 974 esse,
2854 924 2956 963 non
2980 910 3241 977 corporis.
3264 910 3349 965 Fit
3374 912 3516 967 enim
3538 913 3755 982 plerum.

2184 1007 2288 1062 que
2318 1003 2374 1047 ut
2400 994 2487 1061 qui
2514 1008 2737 1062 corpore
2762 993 2917 1063 longe
2960 996 3326 1064 peregrinatur
3355 1011 3385 1051 a
3416 1007 3499 1062 te,
3539 999 3756 1067 conjuno

2183 1095 2300 1139 ctus
2322 1085 2390 1139 sit
2417 1085 2529 1151 tibi,
2555 1086 2673 1155 quia
2703 1084 2804 1141 hoc
2825 1096 2969 1140 amat
2997 1087 3137 1157 quod
3169 1099 3223 1141 tu
3246 1104 3259 1140 :
3284 1098 3339 1143 et
3359 1087 3418 1143 fit
3446 1090 3757 1161 plerumque

2184 1187 2240 1232 ut
2263 1164 2571 1247 stansjnxta
2603 1190 2670 1241 te,
2695 1181 3011 1248 coniunctus
3052 1182 3120 1237 sit
3161 1182 3284 1249 tibi,
3307 1182 3429 1254 quia
3478 1184 3579 1239 hoc
3617 1195 3757 1240 amat

2182 1269 2320 1335 quod
2342 1280 2392 1322 tu
2424 1260 2443 1324 Ξ
2463 1280 2513 1324 et
2551 1270 2608 1324 fit
2628 1271 2941 1342 plerumque
2967 1283 3023 1327 ut
3043 1281 3191 1328 stans
3211 1273 3359 1344 juxta
3382 1284 3451 1340 te,
3477 1279 3754 1347 exeoquia

2182 1359 2351 1429 diligit
2370 1361 2645 1424 mundum,
2674 1377 2795 1417 cum
2822 1372 2871 1417 tu
2895 1363 3085 1434 diligas
3119 1366 3485 1439 Deum,'longc
3520 1370 3592 1425 sit
3625 1371 3750 1427 a'te.

2254 1454 2308 1506 5.
2346 1453 2480 1521 Quid
2535 1470 2661 1524 ergo
2713 1456 2812 1510 sibi
2858 1457 2988 1521 vult,
3042 1459 3184 1528 quod
3229 1460 3295 1515 ad
3339 1461 3509 1531 ipsum
3548 1464 3752 1520 titulum

2182 1543 2353 1597 adhuc
2384 1545 2629 1613 pertinet,
2657 1547 2779 1615 quia
2802 1558 3065 1601 tenuerunt
3081 1566 3193 1603 eum
3225 1550 3483 1624 Allopltyli
3509 1554 3560 1607 in
3583 1553 3755 1610 Gelli?

2182 1634 2316 1689 Geth
2346 1636 2529 1689 civitas
2557 1638 2794 1706 quaedam
2827 1650 2942 1694 erat
2973 1640 3404 1713 Allophylorum.
3425 1644 3476 1699 id
3512 1655 3600 1701 est
3624 1648 3753 1701 alie-

2185 1726 2516 1794 nigenarum,
2548 1729 2726 1797 utique
2750 1731 2927 1799 populi
2953 1731 3108 1802 longe
3137 1750 3164 1786 a
3192 1735 3409 1790 sanctis.
3437 1736 3513 1805 [5x
3531 1753 3599 1793 eo
3612 1741 3753 1795 enim

2181 1816 2319 1884 quod
2347 1818 2680 1889 alienigena»,
2713 1836 2816 1874 non
2852 1824 3031 1901 utique
3067 1827 3493 1896 appropinquant
3522 1833 3749 1898 sanctis,

2182 1907 2276 1960 sed
2309 1907 2461 1978 longe
2488 1919 2611 1963 sunt
2639 1926 2668 1963 a
2698 1913 2913 1966 sanctis.
2959 1913 3155 1969 Omnes
3182 1916 3272 1986 qui
3309 1932 3555 1976 recusant
3594 1923 3754 1978 Chri-

2182 2007 2320 2051 stum
2350 2001 2850 2074 rrgemalicnigena:
2875 2006 3022 2059 liuut.
3051 2006 3224 2074 Quare
3240 2010 3551 2080 alienigcnm
3580 2013 3753 2070 fiunt?

2184 2086 2316 2155 Quia
2350 2099 2403 2143 et
2433 2091 2518 2143 illa
2550 2093 2669 2146 vitis
2697 2097 2938 2164 quamvis
2962 2097 3028 2151 ab
3058 2098 3147 2153 illo
3187 2100 3438 2168 plantata,
3471 2119 3648 2160 amara
3674 2106 3751 2162 fa-

2181 2193 2263 2235 cta
2286 2183 2409 2253 quid
2430 2185 2665 2240 audivit?
2689 2187 2857 2252 Quare
2879 2207 3112 2245 conversa
3156 2211 3206 2247 es
3242 2195 3293 2248 in
3333 2199 3719 2256 amaritudinem
3734 2244 3751 2267 ,

2182 2273 2292 2327 vitis
2320 2275 2484 2328 aliena
2511 2266 2723 2344 (Jerem.
2758 2296 2812 2341 ιι,
2831 2279 2921 2348 2t)
2939 2281 3086 2335 'tNon
3102 2281 3301 2339 dictum
3324 2296 3427 2352 est,
3455 2266 3750 2347 Vitismea:

2182 2366 2304 2433 quia
2330 2365 2375 2419 si
2405 2381 2544 2430 mea,
2572 2368 2768 2433 dulcis;
2801 2371 2843 2425 si
2866 2387 3067 2439 amara,
3094 2390 3198 2429 non
3230 2391 3380 2442 mea;
3408 2380 3580 2434 sinon
3612 2398 3754 2449 mea,

2183 2459 2363 2529 utique
2387 2460 2577 2516 aliena.
2613 2461 2902 2519 Terruerunt
2929 2481 3053 2536 ergo
3086 2484 3199 2522 eum
3231 2469 3492 2543 Allop/iyli
3514 2475 3567 2528 iu
3601 2473 3753 2530 Gelli.

2184 2550 2483 2608 invenimus
2530 2555 2766 2623 quidem,
2814 2557 3022 2625 fratres,
3075 2560 3237 2616 David
3287 2563 3457 2631 ipsum
3515 2568 3531 2598 ι
3587 2567 3755 2624 filiuni

2182 2642 2352 2707 Jesse,
2378 2661 2553 2716 regem
2578 2647 2758 2713 Israel,
2789 2652 3174 2720 peregrinatum
3196 2670 3314 2710 esse
3333 2658 3469 2726 apud
3496 2661 3758 2732 Allnphy-

2185 2735 2283 2802 los,
2314 2751 2434 2790 cum
2461 2749 2791 2807 quaereretur
2819 2755 2846 2793 a
2875 2741 3034 2799 Sat'tIe
3059 2743 3100 2817 (ι
3126 2743 3250 2816 Reg.
3285 2740 3400 2814 ut,
3426 2750 3549 2819 10);
3575 2762 3628 2806 et
3660 2753 3764 2809 fuit

2185 2824 2237 2879 in
2267 2826 2367 2882 ista
2398 2828 2612 2884 civitate
2637 2838 2691 2885 et
2711 2831 2850 2901 apud
2880 2849 3058 2904 regem
3087 2835 3314 2891 civitatis
3340 2839 3534 2908 hujus:
3559 2843 3652 2897 sed
3686 2844 3762 2899 ἰιιί

2185 2930 2448 2976 retentum
2474 2938 2593 2978 esse
2620 2940 2725 2978 non
2754 2925 2998 2995 legimus.
3030 2928 3167 2999 Ergo
3196 2930 3355 2986 David
3381 2944 3619 2988 nostrum
3657 2936 3769 2990 οη.

2184 3011 2384 3066 minum
2408 3012 2588 3069 Jesum
2615 3014 2884 3072 Christum
2912 3028 3094 3074 natum
3133 3037 3197 3076 ex
3234 3024 3436 3079 semine
3470 3025 3609 3081 illius
3654 3028 3768 3082 Da-

2187 3103 2292 3171 vid,
2317 3119 2421 3159 non
2448 3107 2618 3163 solum
2650 3118 2954 3176 tenuerunt,
2984 3112 3080 3168 sed
3118 3122 3174 3169 et
3196 3123 3377 3171 tenent
3406 3117 3579 3174 adhuc
3603 3120 3771 3177 Alio-

2186 3196 2326 3270 phyli
2357 3200 2406 3253 in
2433 3198 2590 3256 Geth.
2616 3200 2750 3257 Geth
2783 3202 3012 3259 diximus
3035 3208 3176 3277 quod
3206 3209 3393 3265 civitas
3412 3212 3499 3267 sit.
3529 3212 3772 3271 Interro-

2182 3300 2301 3356 gata
2352 3291 2525 3345 autem
2573 3292 2939 3364 interpretatio
3006 3297 3166 3368 hujus
3222 3303 3488 3365 nominis,
3563 3305 3770 3362 indicat

2184 3379 2457 3435 Torcular.
2501 3382 2745 3439 Christus
2799 3388 3089 3443 secundum
3134 3392 3285 3457 quod,
3308 3406 3468 3463 caput
3516 3395 3769 3453 Salvator

2184 3474 2441 3542 corporis,
2473 3473 2560 3530 ille
2594 3487 2748 3531 natus
2793 3494 2856 3533 ex
2898 3480 3100 3549 virgine
3151 3483 3457 3550 crucifixus,
3506 3489 3596 3557 qui
3650 3489 3766 3558 jam

2185 3568 2337 3620 nobis
2379 3568 2680 3638 exetnplum
2731 3574 3136 3629 resurrectionis
3179 3587 3373 3633 nostra:
3421 3579 3472 3633 in
3515 3597 3767 3638 resurre-

2184 3660 2362 3715 ctione
2399 3677 2509 3715 sua:
2537 3664 2713 3717 carnis
2742 3665 2994 3729 ostendit,
3045 3668 3132 3736 qui
3177 3671 3326 3723 sedet
3378 3671 3444 3725 ad
3483 3672 3766 3730 dexteram

2184 3752 2379 3815 Patris,
2403 3763 2456 3807 et
2488 3769 2580 3822 pro
2613 3754 2765 3809 nobis
2794 3757 3114 3825 interpellat,
3139 3768 3223 3814 est
3239 3770 3291 3815 cl.
3312 3760 3418 3822 hic,
3448 3763 3541 3818 sed
3569 3765 3621 3819 in
3651 3781 3768 3820 eor-

2187 3862 2315 3916 pore
2339 3861 2435 3901 soo
2464 3849 2601 3916 quod
2628 3858 2710 3903 est
2752 3849 3014 3906 Ecclesia.
3055 3850 3260 3923 Corpus
3295 3856 3641 3926 conjunetum
3682 3870 3767 3914 est

2184 3936 2343 4008 capiti
2366 3952 2485 4000 suo,
2516 3947 2676 4008 caput
2703 3954 2796 4008 pro
2824 3954 3047 4011 corpore
3073 3943 3266 3998 clamat
3293 3960 3307 3998 :
3340 3946 3536 4029 εαιιιε,
3567 3948 3763 4017 Saule,

2184 4028 2307 4098 quid
2340 4045 2417 4082 me
2446 4030 2749 4099 persequeris
2779 4029 2913 4101 (Act.
2947 4048 3026 4098 ix,
3058 4033 3154 4104 4)?
3184 4035 3248 4090 Et
3275 4050 3469 4105 corpus
3505 4028 3557 4091 in
3588 4041 3765 4109 capite

2185 4136 2283 4175 suo
2337 4129 2418 4175 est
2455 4121 2741 4176 secundum
2782 4125 3093 4193 Apostolum
3118 4126 3397 4183 dicentem
3440 4145 3454 4182 :
3499 4131 3566 4185 Et
3608 4134 3763 4187 situul

2185 4214 2513 4278 resuscitavit,
2545 4223 2591 4268 et
2618 4214 2769 4268 simul
2803 4215 2974 4271 sedere
2993 4217 3109 4287 fecit
3138 4218 3190 4272 in
3219 4221 3495 4276 amicalibus
3543 4223 3762 4295 (Ep/tes.

2188 4323 2249 4374 tt,
2275 4307 2352 4377 6).
2384 4305 2453 4360 Et
2491 4321 2588 4360 nos
2620 4305 2689 4360 ibi
2728 4307 2995 4374 sedemus,
3028 4320 3081 4365 et
3108 4310 3221 4380 ipse
3255 4311 3342 4367 hic
3384 4314 3590 4370 laborat
3618 4333 3634 4370 :
3662 4332 3765 4371 nos

2188 4400 2257 4454 ihi
2287 4399 2534 4453 sedemus
2555 4399 2845 4454 secundum
2874 4414 3043 4470 spem,
3072 4411 3127 4456 et
3151 4402 3241 4457 ille
3265 4402 3350 4458 hic
3380 4405 3655 4461 nobiscum
3676 4417 3768 4462 est

2186 4495 2476 4550 secundum
2502 4488 2835 4551 charitatein.
2867 4496 2992 4551 time
3029 4512 3287 4570 compago
3314 4509 3564 4570 tanquam
3600 4503 3770 4556 unius

2188 4586 2417 4643 hominis
2442 4587 2565 4643 facit
2587 4588 2721 4642 duos
2747 4589 2799 4643 in
2838 4604 3001 4644 carne
3040 4605 3166 4656 una,
3195 4605 3453 4660 sponsum
3502 4603 3557 4648 et
3595 4609 3771 4663 spon-

2186 4696 2320 4735 sam.
2354 4680 2502 4736 Unde
2530 4690 2584 4736 et
2604 4682 2717 4750 ipse
2739 4681 2991 4736 Dominus
3015 4680 3176 4736 dicit:
3197 4680 3367 4753 Igitur
3372 4684 3487 4753 jam
3513 4702 3608 4738 non
3630 4684 3768 4749 duo,

2187 4773 2275 4829 sed
2296 4789 2397 4827 una
2416 4790 2533 4828 caro
2560 4772 2772 4843 (Matth.
2799 4790 2912 4839 tux,
2935 4774 3013 4843 6).
3044 4775 3326 4843 Quomodo
3354 4794 3480 4849 ergo
3507 4778 3586 4832 hic
3618 4787 3774 4831 tene-

2188 4874 2274 4919 tur
2300 4866 2352 4919 in
2374 4864 2517 4921 Geth
2539 4865 2562 4918 ?
2588 4865 2823 4921 Tenetur
2848 4865 2902 4920 in
2936 4866 3185 4921 torculari
3214 4881 3411 4938 corpus
3437 4868 3569 4937 ejus,
3597 4867 3646 4922 id
3678 4876 3776 4922 est

2189 4957 2420 5012 Ecclesia
2438 4957 2552 5027 ejus
2578 4956 2787 5028 (Ephes.
2814 4973 2852 5023 ι,
2872 4956 2962 5024 22,
2979 4957 3091 5027 25).
3116 4958 3252 5025 Quid
3274 4968 3376 5023 est.
3398 4960 3450 5014 in
3474 4958 3731 5014 toreulari
3751 4960 3778 5011 2

2188 5049 2243 5103 1η
2270 5048 2550 5118 pressaris.
2575 5048 2679 5103 Sed
2731 5048 2781 5101 in
2806 5049 3054 5104 torculari
3095 5049 3361 5105 fructuosa
3389 5064 3625 5120 pressura
3652 5060 3776 5103 est.

2191 5140 2297 5196 Uva
2326 5141 2376 5195 in
2415 5141 2518 5195 vite
2565 5154 2866 5210 pressuram
2894 5156 2998 5194 non
3049 5142 3233 5205 sentit,
3279 5142 3481 5214 integra
3525 5141 3778 5205 videtur,

2190 5232 2281 5288 sed
2308 5231 2434 5285 nihil
2473 5230 2594 5285 inde
2616 5239 2828 5284 manat:
2856 5231 3083 5286 mittitur
3110 5233 3163 5286 in
3196 5232 3428 5289 torcular
3449 5275 3463 5295 ,
3489 5233 3740 5287 calcatur
3759 5274 3776 5293 .

2190 5326 2481 5397 premitur;
2511 5323 2697 5394 injuria
2734 5321 2944 5377 videtur
2971 5322 3083 5379 ﬁeri
3124 5340 3259 5390 uvze,
3289 5322 3385 5380 sed
3430 5325 3523 5379 ista
3563 5322 3787 5390 injuria

2190 5416 2388 5471 sterilis
2416 5430 2520 5469 non
2545 5423 2658 5479 est;
2684 5414 2790 5469 imo
2819 5415 2864 5469 si
2887 5415 3028 5469 nulla
3060 5414 3248 5486 injuria
3277 5416 3564 5479 accederet,
3580 5415 3787 5468 sti-ri-

2192 5507 2255 5561 lis
2277 5515 2592 5562 remaneret.

2194 5683 2206 5694 .
2254 5623 2270 5652 ι
2309 5627 2566 5733 tissimi
2607 5618 2799 5683 quidem
2818 5654 2835 5680 ,
2880 5598 3087 5682 fratres,
3140 5619 3255 5685 quia
3297 5616 3549 5671 inumimus
3600 5609 3797 5667 Dat-id

2194 5696 2361 5733 Ιυδΐηηι
2386 5694 2414 5729 Θ
2450 5694 2461 5710 ’

2188 5696 2361 5745 ipsimi,
2386 5694 2461 5729 etc
