4022 6200
319 314 420 369 ιιιε

387 430 438 482 4.
468 426 629 501 [νινε.
655 427 740 501 2.]
770 429 1093 500 Quicumque
1118 443 1242 500 ergo
1264 431 1426 484 sancti
1458 444 1758 499 pressuram
1785 444 1876 498 pa-

319 521 553 574 tiuutur‘
584 521 651 576 ab
677 522 754 576 eis
781 523 868 592 qui
905 523 1056 591 longe
1083 521 1206 576 facti
1238 529 1360 575 sunt
1385 536 1414 574 a
1444 521 1674 587 sanctis,
1705 531 1878 576 atten-

319 611 440 666 dant
480 614 734 680 psalmum
767 615 954 690 istum,
987 623 1270 685 agnoscant
1299 613 1385 669 hic
1420 629 1507 682 se,
1536 614 1715 669 dicant
1737 614 1876 684 quod

316 705 401 760 hic
429 705 649 770 dicitur,
683 706 769 775 qui
807 708 1075 776 patiuntur
1097 697 1234 776 quod
1262 706 1347 761 hic
1371 706 1580 762 dicitur.
1609 707 1763 763 Certe
1788 707 1876 776 qui

316 811 418 849 non
444 797 654 867 patitur,
680 812 781 850 non
798 797 971 851 dicat:
1000 796 1112 852 Non
1149 798 1381 868 astringo
1402 797 1468 852 ad
1488 813 1694 863 vocem,
1718 813 1874 868 quem

312 886 464 940 video
492 895 638 941 extra
670 887 984 954 passionem.
1015 889 1116 943 Sed
1147 887 1320 943 videat
1351 904 1444 950 ne,
1475 903 1595 944 eum
1621 888 1732 942 vult
1758 903 1876 943 esse

311 981 463 1046 longe
498 992 528 1030 a
569 977 842 1045 passione,
875 977 1030 1048 longe
1071 980 1162 1033 liat
1194 995 1224 1032 a
1263 979 1475 1033 sanctis.
1509 979 1712 1049 Cogitet
1747 994 1876 1047 ergo

311 1070 668 1140 unusquisque
691 1070 758 1126 de
783 1072 991 1126 inimico
1018 1087 1114 1125 suo
1137 1089 1152 1133 ;
1183 1072 1226 1126 si
1252 1071 1567 1126 cbristianus
1595 1081 1694 1136 est,
1723 1087 1872 1125 mun-

311 1160 405 1213 dus
435 1158 534 1230 ipsi
564 1160 806 1215 inimicus
832 1171 931 1216 est.
969 1162 1203 1216 Privatus
1231 1177 1356 1232 ergo
1386 1162 1686 1217 inimicitias
1715 1177 1872 1217 nemo

308 1249 532 1319 cogitet,
563 1249 836 1306 auditurus
862 1253 1017 1306 verba
1051 1251 1231 1321 psalmi
1272 1251 1426 1321 hujus
1452 1269 1464 1304 :
1493 1253 1720 1308 sciamus
1749 1253 1870 1322 quia

307 1359 410 1398 non
439 1353 522 1398 est
555 1343 704 1398 nobis
726 1343 1025 1398 colluctatio
1049 1342 1304 1398 adversus
1329 1358 1542 1398 carnem
1577 1352 1632 1398 et
1657 1344 1870 1414 sangui-

307 1450 450 1500 nem,
473 1434 566 1489 sed
592 1434 844 1488 adversus
866 1433 1126 1503 principes
1147 1445 1199 1488 et
1220 1444 1526 1505 potestates,
1550 1445 1604 1490 et
1623 1435 1866 1505 spiritua-

305 1528 371 1582 lia
399 1527 645 1598 nequitia:
671 1525 878 1598 (Ep/tes.
903 1543 974 1592 vt,
1001 1526 1109 1596 12),
1139 1526 1188 1580 id
1217 1537 1296 1581 est
1321 1527 1575 1583 adversus
1599 1527 1864 1582 diabolum

305 1631 354 1675 et
381 1623 595 1690 angelos
623 1620 770 1688 ejus;
794 1620 912 1688 quia
939 1629 993 1674 et
1015 1619 1224 1688 quando
1248 1621 1476 1688 patimur
1504 1618 1744 1677 homines
1770 1621 1866 1673 im-

306 1723 588 1781 portunos,
619 1711 707 1766 ille
735 1711 979 1781 instigat,
1023 1711 1110 1765 ille
1146 1709 1463 1776 inﬂammat,
1493 1710 1584 1766 illo
1619 1719 1863 1781 tanquam

307 1819 428 1857 vasa
453 1820 544 1858 sua
571 1813 764 1859 movet.
791 1803 1134 1859 Attendamus
1157 1817 1284 1874 ergo
1308 1803 1440 1858 duos
1468 1802 1680 1868 hostes;
1707 1820 1862 1872 quem

305 1899 574 1964 videmus,
601 1908 654 1953 et
677 1915 832 1968 quem
862 1915 968 1954 non
998 1899 1234 1953 videmus
1259 1917 1271 1950 :
1302 1899 1566 1954 hominem
1593 1901 1828 1954 videmus
1847 1942 1860 1963 ,

305 1989 568 2042 diabolum
599 2003 704 2042 non
743 1989 1017 2052 videmus;
1056 1989 1319 2044 hominem
1345 1989 1617 2059 diligamus
1637 2031 1651 2052 ,
1683 1990 1867 2044 diabo-

307 2080 410 2134 lum
437 2095 749 2145 caveamus;
778 2097 872 2149 pro
899 2081 1108 2135 homine
1135 2095 1364 2144 oremus,
1391 2089 1574 2134 contra
1597 2079 1859 2135 diabolum

303 2188 536 2238 oremus,
568 2181 623 2228 et.
644 2173 880 2227 dicamus
912 2173 1017 2227 Deo
1044 2189 1057 2224 :
1083 2170 1317 2225 Miserere
1341 2170 1456 2232 mei,
1485 2169 1716 2234 Domine,
1739 2187 1862 2240 quo-

303 2265 435 2317 niam
465 2263 770 2318 conculcauit
797 2279 876 2316 me
899 2263 1064 2316 homo.
1095 2261 1208 2316 Noli
1249 2262 1464 2327 timere,
1492 2261 1610 2331 quia
1645 2262 1860 2317 concul-

299 2358 436 2411 cavit
464 2365 513 2411 te
540 2356 733 2419 homo;
762 2355 938 2408 vinum
967 2353 1176 2420 habeto,
1204 2368 1302 2410 uva
1331 2353 1497 2408 lactus
1521 2365 1579 2405 es
1605 2361 1662 2406 ut
1687 2352 1857 2407 calce-

299 2451 391 2503 ris.
433 2449 672 2504 Miserere
712 2449 838 2513 mei,
886 2447 1128 2512 Domine,
1169 2446 1403 2516 quoniam
1437 2445 1741 2498 conculcavit
1782 2461 1859 2498 me

297 2544 443 2596 homo
477 2559 494 2595 :
521 2553 623 2596 tota
649 2542 729 2595 die
755 2541 944 2595 bellum
971 2539 1222 2593 tribulauit
1256 2554 1332 2592 me
1369 2538 1540 2591 omnis
1577 2537 1664 2607 qui
1705 2536 1857 2606 longe

295 2637 463 2690 lactus
500 2643 582 2689 est
615 2650 643 2686 a
684 2634 896 2688 sanctis.
937 2633 1040 2688 Sed
1077 2641 1129 2686 et
1168 2633 1277 2700 ipse
1313 2630 1552 2684 diabolus
1580 2645 1741 2700 quare
1772 2630 1856 2684 hic

291 2742 396 2779 non
419 2725 775 2796 intelligatur?
796 2728 874 2778 An
901 2724 1034 2778 forte
1057 2723 1174 2792 quia
1202 2737 1304 2775 non
1323 2724 1343 2752 ¹
1366 2721 1534 2776 dictus
1557 2731 1639 2778 est
1663 2721 1855 2776 homo?

291 2817 430 2886 Ergo
468 2827 608 2870 errat
648 2815 1018 2885 Evangelium,
1059 2814 1176 2882 quia
1221 2813 1392 2868 dixit:
1425 2811 1665 2866 Inimicus
1704 2814 1852 2865 homo

286 2907 380 2959 hoc
403 2908 517 2977 fecit
541 2905 748 2976 (Matth.
779 2921 894 2970 xm,
920 2904 1050 2973 28)?
1075 2903 1176 2959 Sed
1204 2904 1300 2958 sub
1325 2901 1547 2972 quadam
1571 2901 1731 2972 ﬁgura
1760 2919 1850 2971 po-

283 3007 386 3051 test
406 3008 460 3051 et
485 2998 569 3052 ille
591 2997 693 3052 dici
719 2997 895 3058 homo.
920 3013 1022 3049 non
1047 3006 1220 3049 tamen
1243 3010 1358 3049 esse
1383 2994 1570 3062 homo.
1583 2995 1704 3049 Sive
1723 3009 1848 3064 ergo

280 3091 469 3158 ipsum
493 3092 784 3144 intueretur
817 3088 904 3158 qui
944 3088 1150 3142 dicebat
1188 3088 1326 3148 ba's,
1367 3087 1478 3140 sive
1517 3088 1763 3158 populum
1793 3099 1847 3144 et

279 3198 704 3253 unumquemque
727 3184 879 3253 longe
905 3181 1097 3235 factum
1119 3196 1148 3234 a
1171 3180 1387 3246 sanctis,
1415 3195 1508 3248 per
1528 3181 1709 3250 quales
1733 3182 1847 3236 dia-

276 3277 429 3330 bolus
460 3275 673 3329 tribulat
712 3274 960 3343 populum
1001 3272 1090 3326 Dei
1129 3272 1470 3326 inba'rentem
1501 3274 1728 3336 sanctis,
1762 3274 1841 3327 in-

274 3367 562 3421 h.urcntem
600 3373 817 3432 sancto,
860 3367 1199 3419 inhaerentem
1241 3365 1350 3435 regi
1369 3406 1390 3428 ,
1413 3365 1480 3419 ad
1516 3368 1667 3433 cujus
1703 3368 1840 3436 regis

271 3463 480 3515 titulum
514 3461 760 3530 indignati
793 3459 865 3512 illi
897 3468 1140 3527 tanquam
1173 3459 1466 3527 repercussi
1489 3500 1502 3519 ,
1534 3459 1688 3528 longe
1717 3469 1838 3512 sunt

268 3553 426 3616 lacti;
457 3553 616 3615 dicat,
650 3549 885 3604 Miserere
909 3551 1025 3612 mei,
1056 3547 1283 3612 Domine,
1309 3553 1544 3617 quoniam
1571 3551 1837 3630 conculca-

266 3645 329 3695 oit
358 3659 438 3696 me
461 3643 608 3696 homo
630 3658 649 3696 :
675 3657 770 3696 nec
789 3641 998 3694 deﬁciat
1023 3638 1074 3692 in
1103 3639 1198 3692 ista
1221 3639 1635 3700 conculcatione,
1664 3640 1836 3694 sciens

261 3751 421 3804 quem
453 3735 682 3795 invocet,
712 3740 766 3787 et
789 3747 892 3802 quo
915 3728 1158 3798 exemplo
1184 3728 1336 3782 fortis
1361 3727 1580 3783 eﬂ‘ectus
1605 3730 1692 3782 sit.
1726 3729 1836 3780 l’ri-

263 3842 382 3880 nios
411 3825 590 3878 botrus
617 3825 665 3877 in
696 3822 941 3879 torculari
969 3836 1181 3890 pressus
1203 3828 1286 3876 est
1305 3820 1565 3875 Christus.
1589 3821 1716 3875 Cum
1746 3821 1834 3875 ille

265 3919 448 3970 botrus
474 3916 717 3984 passione
741 3926 1022 3987 expressus
1050 3920 1149 3975 est,
1178 3911 1408 3965 manavit
1435 3909 1560 3965 illud
1587 3910 1723 3964 unde
1750 3927 1836 3964 ca-

263 4009 334 4060 lix.
358 4008 607 4059 inebrians
635 4021 783 4073 quam
813 4005 1084 4072 praclarus
1110 4011 1181 4056 est
1207 4001 1373 4075 (Psal.
1403 4019 1531 4066 χιιι,
1559 4003 1652 4072 5)!
1685 4002 1834 4059 Dicat

261 4114 386 4166 ergo
420 4106 472 4151 et
506 4111 697 4164 corpus
733 4095 882 4164 ejus,
924 4094 1134 4148 intuens
1170 4102 1330 4162 caput
1369 4109 1520 4147 suum
1552 4110 1564 4144 :
1596 4093 1834 4148 Miserere

262 4189 388 4251 mei,
428 4186 640 4240 Domine
658 4228 672 4248 ,
703 4186 938 4254 quoniam
965 4186 1271 4240 conculcaoit
1300 4201 1377 4239 me
1402 4185 1548 4239 homo
1574 4202 1592 4238 :
1616 4196 1720 4238 tota
1752 4188 1832 4240 die

260 4278 450 4331 bellum
483 4279 733 4332 tribulooit
770 4294 864 4343 me.
904 4277 1032 4331 Tota
1067 4279 1176 4339 die,
1217 4285 1328 4331 toto
1366 4286 1618 4347 tempore.
1661 4277 1829 4333 Nemo

257 4367 356 4420 sibi
379 4370 518 4421 dicat
546 4389 558 4419 ;
585 4368 818 4421 Fuerunt
843 4368 1208 4422 tribulatiuues
1231 4369 1366 4436 apud
1395 4378 1570 4437 patres
1594 4377 1824 4434 nostros,

257 4458 390 4524 apud
422 4471 518 4510 nos
544 4474 645 4510 non
676 4465 818 4512 sunt.
844 4457 898 4511 Si
929 4469 1080 4527 putas
1103 4468 1151 4511 te
1178 4475 1282 4512 non
1314 4458 1507 4513 habere
1535 4459 1828 4512 tribulatio-

257 4565 370 4611 nos,
405 4548 633 4602 nondum
659 4550 1017 4618 cepisti‘esse
1047 4551 1384 4605 Christianus.
1417 4551 1480 4605 Et
1503 4552 1588 4606 ubi
1616 4561 1700 4606 est
1726 4569 1825 4607 vox

257 4639 490 4705 Apostoli
518 4657 531 4691 :
563 4640 666 4693 Sed
692 4650 735 4693 et
756 4657 924 4694 omnes
943 4643 1027 4710 qui
1056 4643 1223 4696 volunt
1247 4644 1296 4694 in
1323 4643 1519 4696 Christo
1546 4644 1625 4710 pie
1645 4645 1820 4708 vivere,

257 4729 619 4794 persecutiones
647 4733 896 4799 patientur
925 4733 941 4800 (
957 4731 996 4785 ll
1035 4731 1163 4785 Tim.
1194 4748 1268 4794 ut,
1310 4732 1449 4799 12)?
1477 4733 1532 4787 Si
1562 4749 1688 4804 ergo
1718 4751 1822 4788 non

254 4820 452 4886 pateris
472 4821 628 4873 ullam
653 4837 748 4890 pro
769 4821 976 4876 Christo
997 4825 1437 4891 persecutionem,
1461 4824 1578 4878 vide
1603 4841 1668 4880 ne
1692 4842 1822 4879 non-

249 4914 375 4965 dum
412 4914 637 4980 cmperis
675 4913 727 4966 in
766 4915 976 4967 Christo
1008 4915 1089 4982 pie
1120 4915 1313 4968 vivere.
1346 4915 1475 4970 Cum
1502 4925 1678 4971 autem
1709 4933 1820 4975 cu:-

249 5004 392 5071 peris
430 5004 481 5056 in
519 5004 728 5058 Christo
771 5007 853 5074 pie
896 5007 1102 5071 vivere,
1150 5007 1418 5078 ingressus
1458 5024 1516 5063 es
1558 5011 1816 5074 torcular;

247 5110 488 5164 prznpara
518 5103 568 5149 te
595 5097 660 5149 ad
690 5113 995 5165 pressuras;
1028 5098 1121 5152 sed
1153 5100 1256 5152 noli
1285 5115 1406 5155 esse
1431 5101 1630 5163 aridus,
1661 5120 1726 5157 ne
1753 5103 1820 5158 de

248 5200 494 5250 pressura
527 5187 858 5263 uihil.lcxcat.

316 5276 371 5331 5.
412 5275 557 5348 [vera
598 5280 662 5344 3,
696 5280 776 5351 4.]
810 5279 1232 5335 Conculcaceruut
1266 5299 1343 5335 me
1374 5284 1560 5338 inimici
1595 5286 1689 5338 mei
1719 5296 1822 5338 tota

249 5353 362 5421 die.’
389 5366 466 5421 Illi
501 5367 655 5439 longe
695 5369 812 5424 lacti
849 5386 878 5424 a
912 5375 1142 5435 sanctis,
1175 5374 1270 5442 ipsi
1307 5376 1500 5429 inimici
1540 5379 1659 5432 mei.
1694 5377 1822 5430 Tota

245 5463 325 5515 die
351 5477 370 5516 :
395 5463 502 5532 jam
537 5462 732 5517 dictum
763 5473 862 5516 est.
897 5466 969 5516 Ab
997 5466 1258 5520 altitudine
1281 5471 1396 5521 diei.
1425 5470 1560 5535 Quid
1595 5471 1692 5524 sibi
1722 5471 1822 5525 hoc

306 5644 324 5674 ι
361 5650 464 5692 Mss.
488 5653 677 5700 omnes,
700 5642 940 5705 Quidquid
963 5656 1077 5705 ergo
1111 5659 1442 5706 pressuraram
1462 5649 1613 5701 sancti
1635 5652 1824 5713 patiun-

244 5709 341 5799 ως
368 5764 616 5820 Particula.
640 5779 747 5816 non.
773 5767 910 5815 abest
933 5781 958 5815 a
985 5777 1087 5817 Vss.

433 5843 698 5904 l’.\'l'l’.(.)[..
739 5846 789 5904 Χ
803 5846 918 5905 XX
935 5847 973 5907 ι·
987 5847 1031 5908 Ι.

1437 314 1822 371 ΕΝΑΙΚΗΛΤΙΟ
1862 315 1924 370 IN
1969 317 2279 378 PSALMUM
2318 320 2428 380 LV.

3444 346 3548 402 650

1994 432 2134 494 vult,
2169 435 2242 488 Ab
2281 440 2544 494 altitudine
2582 443 2907 502 diribForte
2945 451 3106 507 altum
3136 463 3212 509 est
3244 455 3308 510 ad
3339 457 3550 515 intelle-

1988 535 2147 579 ctum.
2182 527 2290 584 Nec
2323 532 2541 606 mirum,
2573 537 2691 605 quia
2716 539 2936 596 altitudo
2959 545 3064 600 diei
3092 558 3192 601 est.
3227 548 3382 604 Forte
3408 553 3547 606 enim

1989 612 2058 665 illi
2105 627 2379 685 propterea
2426 621 2576 692 longe
2621 625 2738 680 facti
2784 641 2906 686 sunt
2943 648 2976 688 a
3013 637 3237 704 sanctis,
3278 639 3395 706 quia
3442 657 3545 695 non

1986 713 2264 798 potuerunt
2301 722 2574 778 penetrare
2607 717 2932 780 altitudinem
2963 724 3095 790 dici,
3124 730 3273 794 cujus
3308 731 3546 798 Apostoli

1983 792 2257 850 duodecim
2301 799 2442 856 horae
2471 802 2748 874 fulgentes.
2792 809 2930 882 Ergo
2961 816 3046 883 qui
3083 792 3326 886 tanquam
3356 792 3544 874 ,11011ιὶ-

1984 899 2102 939 nem
2140 890 2537 959 crucifixcrunt,
2576 897 2624 950 in
2665 899 2749 955 die
2788 917 3114 960 erraverunt.
3156 909 3326 978 Quare
3367 923 3541 966 autem

1982 977 2224 1060 tenebras
2263 982 2399 1048 passi
2437 995 2585 1052 sunt,
2617 997 2672 1043 ut
2702 991 2851 1061 longe
2883 993 3070 1051 ﬁerent
3097 1014 3123 1051 a
3153 977 3384 1053 sanctis?
3409 1001 3540 1069 Quia

1980 1064 2030 1117 in
2059 1066 2167 1120 alto
2201 1069 2442 1126 lucebat‘
2470 1075 2612 1142 dies,
2647 1079 2696 1132 in
2731 1082 2836 1138 alto
2873 1084 3116 1142 latentem
3150 1107 3251 1144 non
3282 1107 3545 1157 cognove-

1978 1168 2098 1254 runt
2127 1175 2142 1212 :
2173 1157 2216 1232 si
2246 1162 2382 1216 enim
2413 1170 2799 1238 cognovissent,
2833 1191 3092 1248 nunquam
3127 1181 3397 1237 Dominum
3428 1186 3540 1255 glo-

2107 1249 2489 1308 crucilixissent
2518 1255 2569 1328 (Ι
2607 1258 2722 1314 Cor.
2765 1278 2822 1328 ιι,
2854 1263 2942 1335 8).
2976 1267 3082 1322 Hac
3109 1286 3233 1341 ergo
3267 1249 3539 1330 altitudine

1973 1333 2075 1388 diei
2109 1343 2419 1407 repercussi,
2448 1355 2499 1399 et
2527 1346 2680 1419 longe
2706 1349 2822 1406 lacti
2851 1369 2879 1406 a
2901 1333 3124 1422 sanctis,
3153 1333 3271 1415 facti
3299 1375 3419 1416 sunt
3441 1365 3540 1418 ini-

1974 1428 2092 1480 miri
2131 1431 2217 1500 qui
2260 1435 2509 1492 tribulent
2545 1449 2600 1494 et
2645 1446 2953 1502 conculcent
2997 1457 3242 1522 tanquam
3285 1472 3434 1509 uvam
3484 1463 3534 1512 in

1974 1523 2236 1577 lorculari.
2285 1527 2377 1582 Est
2416 1541 2470 1584 et
2508 1533 2639 1586 alius
2683 1537 2974 1594 intellectus
3005 1561 3019 1597 :
3048 1543 3122 1597 Ab
3149 1548 3411 1602 altitudine
3439 1553 3538 1604 diei

1970 1613 2382 1673 coxicnlcaverunt
2419 1639 2497 1675 me
2532 1625 2719 1680 inimici
2755 1633 2849 1684 mei
2873 1621 2980 1688 tota.
3002 1637 3083 1690 die
3102 1679 3114 1700 ,
3144 1639 3176 1694 h
3203 1656 3246 1694 te
3278 1653 3356 1696 est
3379 1685 3393 1708 ,
3427 1653 3536 1698 lolo

1972 1713 2206 1772 tempore
2237 1728 2250 1762 :
2279 1711 2354 1765 Ab
2383 1716 2642 1773 altitudine
2672 1722 2790 1784 diei,
2824 1724 2921 1780 hoc
2947 1739 3045 1791 est,
3076 1745 3104 1782 a
3130 1735 3371 1804 superbia
3405 1744 3536 1791 tem-

1971 1797 2132 1861 porali
2186 1801 2401 1865 Quando
2438 1808 2577 1860 enim
2615 1815 2954 1882 concuicant,
2993 1820 3079 1872 alti
3118 1797 3240 1876 sunt
3268 1842 3280 1876 :
3310 1826 3533 1883 humiles

1968 1897 2088 1940 sunt
2117 1890 2202 1957 qui
2233 1897 2634 1962 corneulrantnr,
2663 1904 2751 1956 alti
2793 1916 2915 1962 sunt
2946 1909 3035 1976 qui
3070 1916 3396 1971 conculcant.
3427 1920 3530 1973 Sed

1969 1979 2071 2031 noli
2103 1979 2284 2035 timere
2312 1985 2638 2044 altitudinem
2676 1997 3131 2066 conculcantium;
3167 2003 3269 2058 dici
3309 2007 3530 2064 altitudo

1965 2077 2066 2133 est,
2096 2076 2397 2139 temporalis
2423 2085 2521 2142 est,
2552 2096 2652 2134 non
2680 2092 2896 2140 alterna.

2125 2160 2367 2226 Quoniam
2396 2171 2535 2222 multi
2562 2176 2647 2238 qui
2669 2175 2915 2232 dcbellanl
2945 2197 3040 2245 me,
3073 2184 3324 2239 timebunt.
3356 2187 3532 2256 Quan-

1965 2246 2032 2302 do
2061 2250 2356 2308 timebunt?
2379 2257 2505 2311 Cum
2536 2265 2798 2319 transierit
2824 2268 2936 2324 dies
2969 2287 3069 2340 qua
3093 2275 3112 2304 ⁸
3136 2276 3226 2330 alti
3263 2246 3403 2331 sunl.
3440 2281 3529 2334 Et-

1963 2340 2102 2433 cpim
2137 2343 2200 2394 ad
2233 2353 2436 2414 tempus
2465 2352 2552 2404 alti
2594 2364 2747 2421 sunt,
2769 2358 2929 2427 [linito
2969 2371 3205 2434 tempore
3240 2369 3528 2428 altitudinis

1961 2432 2071 2520 sate
2112 2432 2382 2498 timebunt.
2427 2439 2536 2512 Ego
2573 2461 2684 2498 vero
2721 2448 2772 2502 in
2805 2459 2852 2504 te
2877 2454 3085 2520 sperabo
3107 2499 3119 2520 ,
3153 2457 3382 2515 Domino.
3413 2464 3526 2520 Non

1962 2519 2051 2621 ait,
2082 2522 2192 2621 ligo
2215 2541 2338 2621 vero
2363 2545 2464 2583 non
2495 2532 2720 2602 timebo;
2743 2539 2858 2605 sed,
2885 2519 3036 2598 Multi
3054 2519 3138 2613 qui
3161 2549 3408 2605 debellant
3429 2573 3522 2621 me,

1962 2611 2216 2668 timebunt.
2245 2616 2373 2672 Cum
2401 2625 2604 2677 Venerit
2630 2626 2716 2682 ille
2743 2629 2858 2685 dies
2881 2611 3092 2702 judicii,
3122 2646 3245 2694 tunc
3271 2611 3527 2700 lamenta:-

1961 2702 2152 2760 buutur
2173 2722 2230 2762 se
2256 2723 2439 2765 omnes
2474 2715 2640 2772 tribus
2677 2728 2828 2776 terra:
2855 2723 3062 2794 (Matt/1.
3096 2746 3216 2797 xxv,
3248 2735 3355 2802 5|).
3391 2734 3521 2792 Cum

1955 2801 2256 2866 apparuerit
2283 2803 2488 2874 signum
2519 2809 2635 2890 Filii
2667 2811 2892 2874 hominis
2922 2819 2973 2873 in
2997 2822 3169 2890 cmlo,
3203 2801 3324 2883 tunc
3353 2833 3520 2886 securi

1954 2901 2106 2944 erm'it
2128 2907 2310 2948 omnes
2336 2888 2526 2953 sancti.
2550 2901 2678 2957 Illud
2701 2907 2840 2960 enim
2865 2912 3036 2966 veniet
3057 2888 3194 2984 quod
3217 2920 3518 2989 sperabant,

1953 2983 2089 3050 quod
2119 2983 2506 3056 desiderabant,
2533 2995 2672 3062 quod
2703 3007 2756 3051 ut
2785 3002 2985 3057 veniret
3009 2983 3268 3064 orabant;
3303 3012 3402 3066 illis
3429 3032 3521 3069 au-

1951 3077 2054 3124 tem
2090 3077 2374 3142 paenitendi
2408 3081 2551 3137 locus
2581 3087 2754 3141 nullus
2785 3094 3109 3160 remanebit,
3142 3102 3260 3169 quia
3288 3119 3352 3158 eo
3383 3115 3519 3160 tem-

1952 3164 2077 3233 pore
2104 3185 2206 3235 quo
2232 3170 2492 3228 fructuosa
2527 3189 2704 3245 posset
2729 3196 2847 3239 esse
2877 3164 3323 3257 pmnitentia.cor
3348 3199 3513 3251 obdu-
3577 3209 3582 3220 ‘

1949 3271 2192 3314 raverunt
2219 3263 2472 3322 adversus
2511 3281 2810 3328 monentem
2839 3275 3140 3335 Dominum.
3176 3256 3434 3358 Nutuqnid
3466 3302 3518 3345 ct

1947 3364 2151 3404 tnurmn
2179 3355 2379 3425 crigent
2409 3359 2657 3414 adversus
2679 3362 3000 3431 judicantem
3033 3372 3235 3428 Deum?
3262 3355 3514 3435 Pietatem

1944 3455 2070 3494 sane
2100 3443 2252 3515 hujus
2278 3463 2526 3519 agnosce,
2554 3463 2626 3518 et,
2660 3457 2702 3510 si
2733 3457 2782 3512 in
2809 3474 2874 3513 co
2897 3476 3118 3532 Corpore
3143 3483 3200 3523 cs
3218 3469 3256 3527 ³.
3288 3472 3510 3527 imitare.

1944 3533 2072 3625 (lum
2100 3537 2318 3593 dixisset
2337 3583 2350 3602 ,
2382 3540 2536 3596 Multi
2565 3551 2657 3615 qui
2685 3549 2932 3605 debellant
2961 3571 3070 3620 me,
3108 3558 3379 3625 timebunt;
3410 3571 3511 3618 noli

1941 3623 2170 3686 addidit,
2201 3628 2311 3698 Ego
2338 3645 2461 3684 vero
2497 3650 2599 3687 nou
2630 3637 2861 3704 timebo;
2895 3658 2962 3697 ne
3000 3647 3110 3699 suis
3146 3649 3340 3704 viribus
3377 3656 3513 3708 assi-

1939 3715 2147 3781 gnando
2175 3720 2314 3785 quod
2348 3737 2452 3774 non
2482 3723 2659 3792 timet,
2689 3739 2832 3784 esset
2859 3741 2911 3786 et
2942 3733 3054 3797 ipse
3082 3736 3130 3788 in
3161 3739 3282 3793 altis
3311 3753 3513 3812 tempo-

1940 3807 2154 3871 ralibus,
2184 3818 2235 3862 et
2264 3827 2356 3878 per
2380 3817 2680 3882 superbiam
2710 3824 3051 3890 temporalem
3081 3843 3184 3883 non
3216 3807 3512 3891 merere-tur

1939 3898 2118 3951 \‘cnire
2141 3899 2206 3951 ad
2238 3903 2468 3971 requiem
2495 3909 2868 3976 sempiternam
2897 3929 2912 3966 :
2936 3915 3110 3982 potius
3137 3926 3186 3974 te
3214 3921 3334 3977 fecit
3359 3915 3524 3981 intel-l

1939 3986 2099 4056 ligcre
2124 3990 2264 4046 unde
2301 4008 2404 4046 non
2439 3997 2672 4064 timebit;
2702 3999 2812 4071 Ego
2841 4018 2984 4068 vero,
3015 4008 3208 4078 inquit,
3239 4014 3290 4067 in
3321 4026 3366 4069 te
3391 4035 3508 4086 ερας

1934 4081 2085 4142 rubo,
2116 4081 2331 4138 Domine
2353 4101 2372 4138 :
2398 4104 2500 4142 non
2530 4088 2664 4144 dixit
2701 4097 3163 4166 praisumptionem
3201 4120 3348 4159 suam
3370 4149 3384 4172 ,
3412 4081 3506 4164 scd

1936 4186 2146 4226 causam
2173 4177 2596 4246 prmsmnptiouis
2615 4198 2745 4236 sua}.
2767 4183 2819 4240 Si
2847 4187 2985 4241 enim
3008 4205 3112 4244 non
3142 4195 3358 4262 timebo,
3388 4216 3507 4268 pos-

1933 4278 2128 4320 sumet
2155 4266 2344 4322 duritia
2383 4271 2558 4325 cordis
2599 4289 2699 4328 non
2740 4276 2953 4346 timere;
2985 4285 3132 4337 multi
3169 4275 3308 4342 enim
3345 4266 3504 4344 nimia

1933 4359 2175 4426 superbia
2203 4361 2328 4414 nihil
2356 4363 2558 4417 timent.
2586 4367 2837 4424 Attendat
2859 4371 3096 4429 Charitas
3119 4377 3300 4433 Vestra
3329 4399 3342 4434 :
3365 4385 3505 4440 aliud

1932 4458 2012 4500 est
2038 4449 2232 4503 sanitas
2262 4455 2528 4522 corporis,
2556 4457 2697 4512 aliud
2728 4469 2910 4529 stupor
2935 4469 3170 4536 corporis
3191 4512 3203 4530 ,
3231 4470 3370 4526 aliud
3403 4475 3505 4528 im-

1930 4543 2221 4597 mortalitas
2244 4546 2498 4613 corporis.
2533 4549 2741 4604 Sauitas
2765 4553 2974 4621 quidem
3005 4557 3255 4626 perlecta,
3288 4563 3506 4618 immor-

1933 4636 2106 4688 talitas
2149 4646 2266 4700 est;
2315 4638 2407 4691 sed
2455 4640 2646 4695 dicitur
2687 4645 2844 4697 etiam
2890 4649 3177 4704 secundum
3219 4657 3500 4721 quemdam

1931 4726 2144 4793 modum
2185 4728 2410 4793 sanitas,
2442 4746 2597 4800 quam
2641 4733 2894 4788 habt-mus
2925 4738 2974 4789 in
3006 4736 3102 4790 hac
3131 4741 3253 4793 vita.
3282 4743 3504 4811 Quando

1931 4833 2032 4869 non
2064 4819 2376 4886 inlinuntur,
2409 4825 2767 4894 unusquisque
2809 4843 2967 4880 sanus
3005 4842 3257 4896 vocatur;
3299 4847 3351 4888 et
3382 4855 3500 4891 cum

1893 4949 1907 4968 ..
1929 4910 2217 4979 impexcrit
2247 4915 2481 4969 medicus
2501 4960 2515 4980 ,
2545 4933 2730 4970 sanum
2771 4923 3067 4988 renuntiat;
3103 4935 3156 4979 et
3189 4945 3308 4982 cum
3337 4949 3508 5002 :rgro—

1931 5015 2042 5059 tare
2085 5007 2307 5076 quisque
2350 5011 2599 5078 cmperit,
2645 5012 2753 5080 ipsa
2801 5016 2995 5070 sanitas
3043 5023 3410 5088 perturbatur;
3455 5038 3508 5082 et

1929 5098 2138 5163 quando
2177 5109 2423 5165 curatur,
2467 5100 2532 5154 ad
2574 5102 2738 5170 ipsam
2782 5106 3058 5162 sanitatem
3104 5113 3325 5169 reditur.
3372 5117 3508 5173 Tres

1929 5205 2055 5258 ergo
2081 5190 2385 5244 allectiones
2411 5193 2664 5261 quasdam
2691 5200 2928 5267 corporis
2951 5202 3209 5261 advertite
3242 5217 3296 5262 et
3336 5209 3506 5280 inspi-

1928 5281 2032 5334 cite
2064 5297 2076 5332 :
2111 5281 2388 5335 sanitatem
2411 5324 2424 5345 ,
2455 5293 2757 5354 stuporem,
2791 5288 3258 5351 immortalitatem.
3292 5299 3506 5356 Sanitas

1931 5371 2292 5439 a-gritudinem
2327 5388 2430 5426 non
2472 5375 2659 5439 habet;
2691 5377 2782 5432 sed
2813 5388 2984 5436 tamen
3024 5387 3235 5454 quando
3275 5399 3506 5458 tangitur

1931 5473 1985 5514 et
2014 5461 2340 5528 molestatur,
2371 5463 2530 5520 dolet.
2559 5467 2754 5538 Stupor
2779 5482 2954 5527 autem
2993 5491 3097 5529 non
3125 5476 3298 5544 dolet;
3327 5481 3508 5535 amisit

1997 5599 2011 5627 ¹
2050 5598 2226 5659 Regius
2248 5605 2347 5658 διε,
2373 5597 2560 5650 latebat.
2587 5601 2716 5651 Alius
2739 5615 2769 5653 e
2791 5613 2972 5666 contra,
2996 5611 3119 5670 loco,
3159 5609 3396 5667 latcntent,
3422 5612 3510 5662 ba-

1932 5657 2036 5707 bet.
2057 5657 2306 5707 lucentem.

1989 5666 2036 5793 ’ξ’
2348 5730 2452 5793 uss:
2480 5731 2534 5793 At
2551 5723 2682 5793 ald,
2705 5726 2979 5778 trmtsierint
2999 5727 3104 5780 dies
3125 5731 3208 5793 qui
3226 5731 3311 5784 alit
3335 5745 3463 5787 sinu.

2002 5783 2021 5813 ³
2053 5785 2122 5831 sic
2147 5791 2247 5833 mss.
2275 5790 2328 5833 At
2353 5785 2483 5845 Edd.,
2507 5783 2557 5834 in
2577 5785 2679 5847 ejus
2700 5800 2898 5849 cantare
2918 5801 2986 5838 es.

2757 5876 2790 5952 (
2808 5874 3216 5954 Vingl-tmc.)
