4022 6200
431 338 524 395 f-Eil

434 472 645 515 sensum
676 447 922 507 doloris,
968 443 1115 492 tanto
1161 429 1546 492 insensibilior,
1592 434 1787 496 qmnto
1825 419 1991 490 pejor.

436 558 637 610 Rursus
668 536 1028 599 immortalitas
1057 545 1160 585 non
1197 525 1379 587 dolet;
1422 520 1696 586 absumpta
1735 523 1814 567 est
1854 511 1993 563 enim

434 645 605 704 omnis
631 632 934 703 corruptio,
961 634 1015 681 ct
1041 615 1379 689 corruptibile
1415 613 1517 665 hoc
1554 607 1721 662 induit
1761 604 1999 658 incorru-

435 726 688 814 ptionem,
713 736 764 781 et
788 690 1008 778 mortale
1025 716 1127 771 hoc
1151 710 1319 767 induit
1342 701 1784 762 immortalitatem
1812 693 1851 764 (1
1875 690 1995 747 Cor.

1195 810 1207 814 ‘
1248 808 1259 814 ·
1356 803 1370 814 ·
1581 811 1653 814 κη
1688 786 1973 814 suum-.-”

673 786 785 895 ἐι).
814 820 1000 878 Nullus
1025 828 1150 883 ergo
1177 808 1329 865 dolor
1356 803 1407 858 in
1437 811 1661 869 corpore
1688 786 1995 851 immortali,

435 930 608 986 nullus
630 922 781 978 dolor
801 918 853 970 in
878 922 1101 980 corpore
1123 898 1350 971 Stupido.
1371 893 1485 950 Non
1510 905 1568 946 se
1589 894 1738 958 putet
1762 879 1999 982 stupidus

433 1025 539 1092 jam
580 1009 930 1071 immortalem
963 1019 977 1055 :
1008 995 1229 1052 vicinior
1266 996 1347 1044 est
1386 974 1764 1039 immortalitati
1803 970 2000 1027 sanitas

1392 1080 1421 1092 ..
1629 1064 1831 1092 hum,“
1877 1075 2000 1092 mm

436 1064 694 1168 ilolentis.
724 1116 879 1174 quam
922 1104 1106 1162 stupor
1142 1102 1245 1142 non
1289 1077 1585 1137 sentientis.
1629 1064 2002 1174 Invenis.er§o

441 1206 703 1263 hominem
745 1190 1026 1264 superbum
1071 1181 1231 1253 typho
1273 1164 1737 1239 arrogantis’simo,
1778 1150 2001 1257 quiOsihi

442 1243 703 1263 Il'lllllllusu-
745 1243 805 1252 ι...
831 1243 888 1247 .-,
1094 1243 1111 1253 ν
1130 1243 1140 1250 _

442 1289 761 1368 persuaserit
787 1243 914 1338 n'iltil
943 1280 1126 1333 timere
1151 1288 1164 1323 :
1191 1267 1461 1323 fortiorem
1490 1265 1641 1327 putas
1667 1251 1777 1311 illo,
1800 1244 1885 1315 qui
1911 1243 2001 1305 ait,

1254 1356 1308 1368 ι·-
1342 1353 1378 1368 η
1487 1364 1555 1368 --η
1619 1344 1710 1368 ειμι
1739 1339 2001 1368 Ρη-ιῖηιωηι

449 1339 594 1445 'Foris
626 1396 829 1456 pugnae,
863 1377 996 1427 intus
1022 1368 1216 1421 timores
1247 1356 1311 1429 (Il
1336 1353 1455 1407 Cor.
1485 1364 1578 1408 γη,
1617 1344 1710 1413 5)?
1733 1339 2004 1456 fortiorfm

1240 1450 1273 1456 ‘
1476 1450 1487 1456 -
1535 1454 1547 1456 -
1611 1435 1689 1456 ---ε
1719 1451 1729 1456 -
1755 1427 1840 1456 ῑ-οξι
1940 1424 2004 1456 at-

449 1424 538 1445 Ι⁷υ1
555 1424 594 1443 σο
645 1424 687 1437 ιιι
730 1424 829 1442 μιν,
866 1424 929 1427 .--ν
980 1424 983 1425 ,
1258 1424 1261 1429 ι

446 1484 559 1551 ipso
588 1424 755 1544 czipiie
786 1476 966 1522 nostro
994 1455 1212 1513 Domino
1240 1450 1348 1504 Deo
1376 1450 1577 1501 nostro,
1604 1435 1691 1503 qui
1716 1424 2009 1551 (lixil,:;t;i;

1195 1546 1206 1551 ‘
1351 1548 1359 1551 —
1471 1528 1654 1551 ΙΙΙ-ιιι-
1704 1538 1827 1551 ην...

448 1515 559 1536 tm
589 1515 645 1531 υ..
787 1515 818 1522 .-
843 1515 955 1520 ,

446 1515 533 1628 siis
553 1580 623 1626 est
649 1515 813 1621 imima
836 1576 943 1614 mea
968 1567 1119 1622 usque
1141 1546 1206 1601 ad
1236 1548 1441 1595 mortem
1469 1528 1673 1601 (Matth.
1704 1538 1850 1586 XXVI,
1877 1515 2009 1585 38)?

448 1666 561 1720 Non
588 1670 667 1716 est
694 1659 792 1712 iste
818 1649 1001 1706 fortior
1026 1663 1036 1696 :
1069 1657 1169 1695 non
1199 1646 1251 1690 te
1276 1630 1498 1687 delectet
1520 1632 1703 1688 stupor
1728 1614 1874 1683 ejus:
1903 1623 2008 1662 non

451 1751 842 1813 immortalitate
868 1740 1078 1797 indutus
1098 1775 1113 1800 ,
1140 1729 1231 1785 sed
1262 1736 1417 1779 sensu
1443 1724 1631 1773 exutus
1655 1717 1755 1763 est.
1782 1705 1858 1759 Tu
1886 1714 2011 1755 vero

454 1848 643 1903 habeto
664 1840 891 1896 animum
911 1846 1014 1887 non
1034 1827 1148 1883 sine
1169 1819 1378 1880 affectu,
1401 1800 1707 1878 reprehensi
1727 1797 1866 1853 enim
1889 1798 2014 1903 situt

681 1947 699 1989 t
736 1933 850 1985 sine
882 1924 1100 1984 affectu,
1128 1924 1180 1970 et
1203 1912 1287 1965 die
1310 1907 1376 1962 de
1401 1914 1557 1958 sensu
1580 1890 1817 1950 sanitatis
1847 1905 1859 1940 :
1891 1883 2014 1949 Quis

872 2035 961 2090 ego
985 2030 1084 2069 non
1117 1996 1385 2073 inﬁrmor?
1408 1992 1519 2064 quis
1545 1982 1937 2044 scandalizatur,
1956 1981 2017 2055 ⁸ει

1102 2065 1313 2164 mea)?
1341 2087 1398 2144 Si
1433 2083 1497 2138 ad
1527 2082 1681 2135 istum
1708 2087 1812 2127 non
1852 2065 2017 2138 perti-

461 2166 613 2277 niéret
651 2188 987 2274 scandalum.
1028 2198 1279 2268 cujusque
1317 2181 1547 2243 iulirmi'
1588 2173 1841 2247 perditio,
1869 2166 2016 2238 quasi

461 2313 660 2382 rigidus
686 2317 740 2363 ct
763 2305 879 2358 sine
903 2296 1085 2351 dolore
1117 2286 1383 2342 videretur
1412 2274 1598 2382 melior
1633 2265 1792 2382 esse?
1820 2262 1967 2317 Absit
2008 2262 2021 2317 ι

462 2358 644 2473 slitpor
679 2358 848 2455 esset,
874 2404 978 2443 non
1000 2374 1387 2463 tranquillitas.
1428 2365 1623 2473 Plape,
1650 2358 1868 2473 lrajtres,
1897 2364 2018 2473 Eum

462 2444 759 2555 retierimus
778 2485 842 2541 ad
864 2495 983 2537 cum
1000 2458 1198 2536 locum,
1221 2466 1285 2522 ad
1310 2477 1429 2520 eam
1453 2457 1649 2517 sedem,
1673 2448 1738 2506 ad
1759 2462 1874 2502 eam
1897 2444 2022 2499 bea-

390 1992 412 2007 ,
454 1942 541 2010 qui
578 1954 674 1993 Sun

456 2035 737 2102 inﬁrmatur
751 2069 765 2091 ,
798 2034 841 2077 et

460 3002 530 3110 cio
562 3002 787 3110 :Vclnict
823 3002 965 3094 Icnim
1014 3039 1192 3088 tantus
1232 3035 1404 3078 terror
1444 3014 1531 3084 qui
1577 3018 1739 3066 totam
1776 3002 2022 3061 duritiam

462 3092 740 3213 et
764 3092 1022 3187 conterat.
1054 3117 1203 3177 Multi
1231 3112 1315 3183 qui
1353 3106 1597 3163 debellant
1621 3116 1734 3163 me,
1764 3092 2020 3149 timebunt.

380 3262 393 3280 -
464 3238 571 3307 Ego
596 3247 708 3288 vero
733 3228 784 3280 in
817 3234 859 3276 te
884 3215 1114 3288 sperabo,
1146 3206 1374 3263 Domine.

943 3306 1003 3361 1η
1037 3274 1140 3357 Deo
1164 3292 1383 3394 laudabo
1407 3300 1656 3394 sermones
1673 3274 2026 3394 πιεσθῇῗέἰῖ

545 3363 588 3381 ι.
669 3363 790 3375 νυ.-.
826 3363 850 3369 ,
887 3363 902 3382 ,

462 3363 735 3487 speratii':
764 3421 862 3459 non
889 3395 1065 3469 timebo
1106 3388 1229 3464 quid
1275 3383 1427 3453 faciat
1475 3376 1597 3431 mihi
1638 3388 1776 3426 caro.
1819 3363 2028 3435 Quare?

1128 3482 1149 3487 ⁷³
1299 3476 1323 3487 ⁸
1370 3474 1405 3487 "
1450 3471 1462 3484 ⁸
1541 3468 1588 3487 9*
1638 3464 1746 3487 Ἅι...
1795 3457 2022 3487 1....ι1ιι1ιιι

840 3466 1085 3561 sperabo.
1116 3457 1323 3548 Quare?
1366 3471 1497 3541 Quia
1541 3468 1593 3522 in
1638 3464 1750 3520 Deo
1795 3457 2023 3514 laudabo

436 3562 738 3657 sermones
763 3601 930 3645 meos.
961 3581 1017 3636 Si
1058 3578 1111 3632 in
1141 3582 1194 3629 te
1220 3566 1405 3625 laudas
1433 3570 1708 3617 sermones
1739 3564 1876 3617 tuos,
1920 3562 2026 3604 non

459 3693 577 3748 dico
607 3696 664 3743 ut
692 3696 799 3739 non
827 3678 1044 3734 timeas:
1093 3657 1417 3735 impossibile
1460 3660 1543 3708 est
1569 3659 1628 3705 ut
1665 3662 1770 3702 non
1814 3644 2024 3698 timeas.

459 3786 746 3842 Sermones
783 3770 926 3829 enim
953 3775 1071 3821 tuos
1098 3747 1188 3814 aut
1210 3749 1494 3811 mendaces
1525 3739 1765 3803 habebis,
1804 3735 2028 3800 ideoque

463 3888 580 3929 tuos
605 3870 726 3942 quia
756 3861 1072 3920 mendaces:
1096 3858 1187 3905 aut
1210 3849 1252 3900 si
1283 3847 1685 3942 erunt-feraces.
1728 3826 2025 3942 sermones,

463 3977 518 4020 et
546 3915 647 4015 noti
676 3972 769 4014 eos
807 3947 1017 4024 putabis
1060 3952 1113 3999 te
1152 3939 1351 3995 habere
1376 3947 1405 3985 a
1436 3930 1564 3988 Deo,
1595 3922 1687 3979 sed
1718 3936 1747 3974 a
1774 3928 1826 3975 te
1847 3915 2028 3986 loqui;

462 4064 682 4110 veraces
709 4052 882 4103 erunt,
909 4037 1001 4095 sed
1032 4046 1085 4089 tu
1112 4027 1337 4087 mendax
1366 4023 1508 4079 eris:
1532 4018 1574 4073 si
1615 4022 1789 4068 autem
1829 4023 2030 4077 cogno-

463 4144 602 4200 veris
627 4137 756 4194 nihil
784 4146 833 4188 te
856 4143 1036 4185 verum
1062 4127 1116 4180 in
1148 4117 1401 4187 sapientia
1432 4111 1543 4173 Dei,
1571 4109 1627 4164 in
1647 4106 1750 4161 [ide
1772 4096 2053 4164 veritatis,"
2105 4171 2108 4173 Α

467 4248 622 4307 posse
643 4230 840 4287 dicere,
868 4221 975 4276 nisi
1000 4213 1137 4286 quod
1166 4211 1231 4264 ah
1260 4208 1350 4263 illo
1378 4199 1649 4265 accepisti,
1677 4196 1743 4251 de
1768 4210 1873 4265 quo
1902 4190 2033 4246 diei-

1214 4302 1224 4307 ‘
1392 4303 1401 4307 '
1530 4293 1542 4305 '
1575 4292 1606 4307 -'
1632 4287 1670 4307 η
1698 4284 1795 4307 ﬁ---
1843 4299 1894 4307 --.
1939 4282 2033 4307 ιη’

467 4282 732 4391 iiii‘jijuid
762 4282 891 4371 enim
916 4282 1066 4365 habes
1092 4302 1224 4376 quod
1250 4316 1350 4354 non
1373 4292 1606 4364 accepisti
1631 4287 1670 4360 (1
1696 4284 1813 4343 Cor.
1843 4299 1911 4347 tv,
1939 4282 2035 4353 7)?

464 4422 519 4473 in
551 4376 659 4472 l):0
686 4407 868 4466 laudas
892 4410 1167 4457 sermones
1192 4404 1329 4455 tuos,
1361 4397 1419 4443 ut
1448 4386 1499 4438 in
1532 4384 1637 4437 Deo
1664 4376 1895 4433 lauderis
1914 4389 2033 4428 ser-

462 4468 710 4563 uio—nibus
737 4498 851 4553 Dei.
874 4490 1082 4549 Etenim
1104 4485 1147 4539 si
1175 4479 1313 4553 quod
1342 4479 1393 4532 in
1421 4474 1474 4531 te
1500 4474 1591 4528 Dei
1619 4479 1720 4532 est,
1746 4468 2038 4522 honoratur
2068 4490 2073 4495 -

465 4613 495 4651 a
525 4607 607 4660 te;
639 4603 690 4649 ct
717 4603 768 4645 tu
798 4587 963 4642 l‘actns
987 4597 1016 4635 a
1047 4579 1178 4641 Deo,
1221 4566 1569 4627 honoraberis
1596 4564 1648 4617 in
1677 4562 1787 4616 Deo
1825 4576 1838 4613 :
1870 4557 1912 4612 si
1939 4572 2034 4612 au-

471 4697 576 4741 tem
595 4654 739 4752 quod
769 4681 822 4734 in
846 4688 897 4732 te
926 4672 1017 4729 Dei
1048 4677 1151 4731 est,
1183 4654 1528 4718 houoravcris
1577 4665 1823 4722 tanquam
1866 4658 2035 4710 tuum,

473 4797 575 4837 non
605 4745 729 4841 ὑεῖς
771 4765 1037 4844 quomodo
1081 4757 1306 4833 populus
1348 4752 1436 4807 ille
1481 4748 1637 4815 longe
1679 4745 1846 4829 filClllS
1892 4750 1972 4796 cst
2011 4753 2039 4793 a

471 4852 689 4929 sanctis,
824 4870 882 4916 tu
908 4859 1064 4927 longe
1084 4823 1123 4907 ⁵τι
1148 4823 1352 4906 sancto.
1397 4843 1555 4911 Ergo,
1586 4835 1649 4890 In
1692 4823 1799 4888 Deo
1826 4828 2043 4886 laudabo

472 4972 720 5017 sermones
744 4965 919 5007 meos:
947 4949 991 5003 si
1016 4946 1069 5001 in
1097 4942 1220 5003 Deo,
1249 4950 1413 5007 quare
1439 4929 1608 4985 meos?
1634 4926 1701 4981 Et
1736 4925 1789 4978 in
1832 4922 1959 4985 Deo,
1991 4930 2046 4973 et

475 5066 629 5105 meos.
665 5045 726 5099 In
766 5040 896 5106 Deo,
922 5037 1042 5109 quia
1066 5034 1132 5088 ai)
1160 5033 1308 5100 ipso:
1337 5040 1493 5087 meos,
1541 5015 1665 5090 quia
1693 5018 1893 5083 accepi.
1927 5012 2045 5082 Ipse

477 5140 648 5197 voluit
670 5149 820 5191 meos
847 5108 967 5187 esse
990 5128 1077 5197 qui
1108 5123 1272 5185 dedit,
1299 5115 1527 5173 amando
1556 5126 1674 5167 eum
1706 5108 1858 5173 cujus
1887 5112 2043 5159 sunt:

460 5235 598 5303 quia
626 5243 693 5286 ex
720 5226 811 5280 illo
854 5220 981 5276 mihi
1009 5224 1152 5280 sunt,
1197 5211 1299 5266 mei
1344 5207 1460 5263 facti
1491 5212 1633 5261 sunt.
1674 5198 1827 5256 Unde
1880 5196 2044 5259 enim,

481 5286 677 5379 i’ancm
720 5325 945 5371 nostrum
987 5304 1327 5377 quotidianum
1357 5299 1424 5352 da
1464 5296 1605 5350 nobis
1645 5292 1791 5346 hodie
1835 5286 2046 5359 (Matth.

478 5434 551 5479 Vl,
583 5399 1025 5483 il)?Quomodo,
1071 5390 1331 5449 nostrum?
1370 5384 1664 5455 Quomodo,
1696 5382 1800 5435 da?
1839 5378 1920 5433 Ab
1958 5378 2051 5433 illo

482 5467 710 5580 petendo
738 5467 852 5553 bon
885 5492 990 5549 eris
1019 5498 1241 5550 vacuus,
1287 5489 1437 5535 tuum
1479 5471 1780 5531 conlitcndo
1810 5483 1914 5523 non
1945 5467 2052 5521 eris

936 5582 963 5643 Ι

543 5663 558 5692 ⁸
598 5657 730 5714 ﬁdit,
752 5619 1060 5715 inﬁrmiiutis.
1088 5638 1253 5689 Melius
1275 5633 1335 5705 ali
1371 5638 1451 5680 not
1470 5636 1597 5699 Mss,
1619 5621 1816 5737 infirmi.
1840 5619 2052 5681 Quidam,

543 5718 764 5760 inmunis
785 5710 1006 5760 πανάὶιὲοι
1034 5704 1114 5755 Alii
1140 5711 1258 5760 tres,
1282 5646 1510 5760 inﬁrmati
1533 5700 1663 5754 peric
1682 5691 1829 5737 ttatto.

479 5691 1114 5785 aut.n‘iiiubiiémiiiaiinn
1140 5711 1258 5762 tres,
1282 5691 1510 5760 inﬁrmati
1533 5691 1829 5754 periclitatio.

544 5786 564 5815 ⁸
599 5783 766 5832 Mures
786 5786 874 5829 Mss
894 5811 909 5837 ,
934 5767 1149 5837 apertum.

894 5811 909 5838 ’
934 5801 1031 5837 σμινι
1044 5801 1149 5818 Iw".

1614 299 1670 355 s.
1713 290 2069 353 AUGUSTINI
2112 252 2405 347 cpissent

3550 281 3662 343 852

2102 407 2353 477 ingratus.
2383 410 2435 463 Si
2486 406 2623 464 enim
2675 423 2777 463 non
2819 408 2963 464 dicas
3008 416 3175 478 tuum,
3222 417 3325 459 non
3372 402 3659 467 θεωρὶᾱίὶξ

2100 514 2282 554 rursus
2306 502 2348 555 si
2374 500 2517 555 diras
2557 510 2700 555 tuum
2744 498 2837 564 ita,
2877 500 3024 569 quasi
3070 513 3099 551 a
3143 508 3195 552 te
3232 496 3303 551 sit
3340 493 3479 564 quod
3519 492 3653 547 dicis

2102 602 2267 657 tuum,
2297 593 2495 647 amittis
2523 593 2657 664 quod
2684 606 2984 661 acceperas,
3014 590 3137 660 quia
3163 589 3493 657 ingratuses
3528 584 3599 637 illi
3625 597 3658 634 a

2100 699 2205 754 quo
2228 698 2509 755 acceperas
2531 685 2595 740 In
2615 686 2724 739 Deo
2753 670 2877 754 ergo
2897 682 3116 738 laudabo
3136 694 3405 755 sermones,
3437 676 3558 747 quia
3583 676 3657 730 iht

2102 775 2215 845 ipse
2242 786 2324 832 est
2350 775 2468 832 fons
2491 792 2792 831 sermonum
2819 789 3099 829 verorum:
3122 748 3275 833 uicos,
3312 770 3433 840 quia
3476 769 3664 821 sitiens

2102 866 2299 922 accessi
2326 877 2380 922 et
2400 867 2525 923 bibi.
2554 865 2620 920 lu
2647 865 2755 920 Deo
2783 863 2999 920 laudabo
3022 877 3267 917 sermones
3294 873 3449 922 meos,
3472 856 3523 909 in
3550 853 3657 908 Deo

2103 959 2333 1023 speravi:
2353 976 2451 1013 non
2478 958 2656 1011 timebo
2683 956 2805 1028 quid
2847 956 2999 1027 faciat
3037 953 3161 1028 mihi
3204 965 3341 1005 caro.
3385 947 3572 1002 Nonne
3608 956 3668 998 tu

2105 1050 2222 1103 eras
2247 1049 2335 1119 qui
2379 1050 2536 1119 paulo
2572 1060 2696 1103 ante
2734 1020 3239 1102 diccbasﬂiiserere
3264 1042 3379 1104 mei,
3418 1037 3663 1101 Domine,

2106 1141 2339 1205 quoniam
2360 1140 2666 1194 conculcavit
2694 1155 2771 1191 me
2795 1127 2942 1192 homo
2964 1152 2983 1191 :
3011 1145 3112 1189 tota
3137 1135 3218 1188 die
3240 1131 3432 1187 bellan:
3458 1127 3676 1182 tributa.

2108 1233 2174 1283 vit
2200 1233 2310 1284 me?
2335 1229 2611 1298 Quomodo
2634 1246 2760 1298 ergo
2788 1228 2893 1292 hic,
2914 1244 3012 1280 non
3035 1226 3213 1278 timebo
3239 1222 3361 1294 quid
3376 1219 3531 1289 faciat
3546 1204 3673 1271 mihi

2110 1321 2263 1373 mro?
2282 1320 2414 1387 Quid
2442 1321 2529 1373 tibi
2559 1320 2745 1373 faciet?
2769 1318 2847 1372 Tu
2875 1317 2985 1386 ipse
3004 1315 3158 1384 paulo
3176 1321 3297 1391 ante
3320 1310 3521 1370 dixisti,
3538 1305 3681 1361 Con—

2110 1412 2319 1465 calcacit
2348 1428 2443 1476 nte,
2474 1411 2726 1465 tribulavit
2757 1425 2834 1464 me
2858 1424 2877 1461 :
2901 1406 3038 1462 Nihil
3086 1405 3242 1460 faciet
3282 1416 3402 1457 cum
3443 1401 3545 1455 ista
3593 1396 3676 1453 fa-

2112 1502 2247 1557 ciet?
2278 1502 2525 1570 Respexit
2546 1500 2612 1555 ad
2638 1501 2812 1554 vinum
2840 1498 2979 1569 quod
3009 1505 3185 1551 manat
3210 1494 3279 1550 de
3303 1493 3588 1557 calcatura,
3619 1498 3680 1543 et

2115 1594 2419 1663 respondit:
2446 1594 2607 1649 Plane
2646 1591 2991 1653 conculcavit,
3041 1589 3195 1658 plane
3238 1583 3539 1647 tribulavit;
3580 1580 3681 1636 sed

2113 1686 2237 1756 quid
2268 1685 2396 1739 mihi
2430 1684 2612 1739 facet?
2638 1684 2748 1739 Uva
2773 1698 2941 1748 eram,
2967 1681 3145 1735 vinum
3172 1692 3266 1733 cro
3289 1694 3303 1730 :
3330 1673 3397 1729 In
3426 1672 3536 1728 Deo
3555 1688 3679 1742 spc-

2115 1780 2240 1845 ravi,
2272 1794 2370 1833 non
2398 1777 2576 1831 timebo
2603 1777 2724 1845 quid
2749 1775 2903 1844 faciat
2930 1772 3053 1827 mihi
3079 1786 3216 1827 caro.

2186 1871 2240 1926 8.
2279 1869 2426 1945 [vers
2460 1868 2538 1943 6.]
2579 1868 2704 1923 Tota
2722 1868 2804 1922 die
2828 1866 2973 1921 verba
3001 1880 3110 1918 mea
3133 1845 3568 1916 abominabantur.
3591 1855 3681 1911 Sic

2119 1975 2261 2029 sunt,
2296 1964 2478 2018 nostis.
2514 1963 2678 2017 Dicite
2706 1961 3004 2022 veritatem,
3050 1952 3336 2027 prtedieate
3379 1951 3681 2010 veritatem.

2119 2060 2425 2117 annuntiate
2445 2057 2711 2113 Christum
2752 2052 2995 2123 Paganis,
3034 2045 3342 2103 annuntiate
3389 2040 3684 2098 Ecclesiam

2123 2152 2404 2217 hazreticis,
2427 2147 2736 2204 annuntiate
2754 2144 2999 2199 omnibus
3017 2138 3238 2195 salutem
3261 2131 3688 2197 :coutradicunt,

2123 2246 2491 2301 abominantur
2514 2240 2671 2296 verba
2703 2252 2840 2293 mea.
2871 2233 2975 2292 Sed
3001 2248 3121 2288 cum
3148 2228 3307 2286 verba
3333 2241 3451 2282 mea
3481 2223 3690 2279 abomi-

2126 2349 2337 2400 nantur,
2364 2350 2522 2405 quem
2552 2340 2798 2401 putamus
2820 2325 3209 2385 abominantur,
3237 2317 3340 2376 nisi
3358 2332 3479 2373 eum
3502 2316 3555 2370 in
3582 2328 3693 2384 quo

2126 2428 2342 2485 laudabo
2368 2441 2617 2481 sermones
2644 2420 2817 2475 meos?
2858 2418 2985 2473 Tota
3012 2416 3096 2469 die
3122 2412 3268 2469 verba
3296 2427 3407 2465 mea
3428 2410 3697 2464 abomina-

2124 2523 2323 2576 bantur.
2353 2517 2593 2574 Sufﬁciat
2617 2516 2823 2575 saltem,
2853 2509 3226 2565 abominentur
3247 2503 3429 2570 verba,
3459 2501 3592 2557 nihil
3612 2500 3697 2555 ul-

2127 2624 2205 2668 tra
2226 2609 2646 2683 progrediantur,
2664 2599 3071 2674 reprehendant,
3101 2574 3373 2667 respuant:
3396 2592 3573 2649 Absit!
3597 2589 3700 2646 Ut-

2126 2681 2470 2777 quid.dicam
2516 2698 2648 2753 hoc?
2686 2692 2906 2763 Quando
2949 2691 3105 2746 verba
3156 2693 3437 2757 respuunt,
3478 2681 3699 2754 quando

2126 2798 2286 2853 verba
2310 2793 2695 2853 abominantur,
2721 2802 2839 2858 qua;
2857 2783 3017 2840 verba
3037 2782 3104 2838 de
3129 2780 3276 2835 fonte
3290 2777 3529 2833 veritatis
3550 2790 3701 2831 emao

2129 2899 2273 2953 nant,
2303 2885 2427 2957 quid
2456 2883 2647 2939 faciant
2676 2880 2753 2933 illi
2780 2893 2873 2949 per
2898 2890 3056 2945 quem
3083 2872 3241 2931 verba
3266 2871 3379 2941 ipsa
3404 2869 3653 2923 dicuntur
3672 2866 3699 2921 τ

2128 2981 2287 3049 Quid,
2315 2979 2415 3033 nisi
2441 2975 2580 3047 quod
2611 2971 2867 3043 sequitur,
2900 2967 3172 3022 Adversum
3195 2979 3275 3017 me
3292 2963 3461 3016 omnia
3485 2959 3702 3014 consilia

2129 3090 2300 3130 eorum
2328 3072 2380 3126 in
2409 3067 2635 3124 malum?
2666 3065 2720 3120 Si
2753 3076 2943 3132 panem
2973 3062 3143 3131 ipsum
3173 3055 3565 3127 abominantur,
3598 3067 3705 3105 va-

2130 3167 2277 3221 sculo
2298 3164 2350 3218 in
2371 3177 2476 3232 quo
2496 3157 2823 3214 ministrtitnr
2842 3149 3110 3223 quomodo
3135 3145 3390 3219 parcunt?
3417 3145 3702 3200 Adversum

2130 3273 2209 3310 me
2233 3253 2403 3309 omnia
2426 3248 2637 3305 consilia
2663 3261 2833 3300 eorum
2861 3243 2914 3297 in
2941 3240 3154 3295 malum.
3175 3237 3232 3294 Si
3258 3236 3413 3310 sicel
3438 3237 3491 3289 in
3524 3233 3702 3303 ipsum

2133 3347 2430 3411 υοηιίιιιιηι,
2449 3357 2558 3397 non
2574 3338 2885 3408 dedignetur
2903 3347 3030 3404 ergo
3048 3344 3244 3400 corpus
3262 3326 3403 3398 quod
3431 3325 3710 3396 praecessit

2080 3466 2081 3469 η
2129 3438 2180 3515 in
2210 3436 2399 3506 capite,
2423 3442 2482 3487 ut.
2502 3444 2695 3500 corpus
2715 3428 2913 3482 hrcreat
2934 3422 3115 3492 capiti.
3135 3418 3481 3489 Contemptus
3500 3425 3582 3473 est
3598 3416 3708 3470 Do-

2133 3510 2306 3584 minus
2333 3536 2475 3587 tuns.
2504 3529 2560 3578 et
2578 3529 2631 3575 tu
2658 3529 2711 3574 te
2729 3516 2977 3573 honorari
2995 3514 3074 3568 vis
3089 3513 3157 3567 ab
3178 3510 3260 3567 eis
3285 3511 3372 3581 qui
3394 3510 3551 3580 longe
3573 3508 3707 3563 facti

2134 3630 2257 3676 sunt
2281 3634 2313 3674 a
2354 3612 2587 3671 sanctis?
2622 3610 2739 3666 Noli
2776 3608 2867 3663 tibi
2895 3604 3146 3674 arrbgare
3172 3601 3309 3657 velle
3347 3599 3490 3670 quod
3516 3599 3569 3654 in
3608 3598 3711 3653 illo

2136 3728 2240 3768 non
2272 3706 2557 3781 pra-cessit.
2576 3703 2690 3758 Non
2711 3697 3092 3767 estdiscipulus
3112 3693 3281 3762 major
3307 3692 3561 3762 magistro
3581 3703 3708 3755 suo,

2136 3820 2239 3861 non
2256 3811 2339 3857 est
2356 3811 2540 3855 servus
2555 3794 2724 3864 major
2746 3790 2963 3846 domino
2987 3802 3084 3842 suo
3097 3784 3306 3855 (Matth.
3330 3799 3384 3848 ι,
3406 3783 3498 3849 24,
3514 3781 3631 3850 23).
3649 3781 3715 3837 Si

2136 3908 2339 3968 patrem
2368 3889 2591 3947 familias
2616 3882 2916 3941 Beelzebub
2942 3889 3281 3961 vocaverunt,
3302 3885 3505 3946 quanto
3538 3875 3720 3944 magis

2135 3983 2457 4041 domesticos
2483 3977 2633 4049 ejus?
2661 3975 2934 4030 Adversum
2968 3986 3048 4026 me
3088 3968 3257 4025 oumia
3298 3965 3507 4021 consilia
3532 3980 3722 4019 eorum

2138 4080 2191 4132 iu
2216 4076 2423 4130 malum.

2209 4171 2263 4227 9.
2305 4168 2454 4240 [ινιτ-ο.
2476 4162 2555 4237 7.]
2593 4158 2844 4224 Incolent,
2870 4165 2916 4211 et
2938 4152 3258 4209 abscondent.
3286 4147 3526 4204 locolere
3557 4162 3724 4207 nere-

2139 4238 2334 4336 griilari
2357 4267 2455 4313 est.
2478 4253 2671 4310 Incolae
2690 4250 2937 4306 dicuntur
2955 4246 3042 4317 qui
3065 4244 3303 4302 habitant
3329 4240 3383 4295 in
3411 4238 3581 4309 pmria
3600 4254 3720 4292 non

2144 4370 2261 4410 sua.
2293 4348 2479 4406 Omnis
2510 4345 2670 4399 homo
2699 4342 2750 4396 in
2778 4340 2877 4394 hac
2899 4339 3003 4391 vita
3041 4333 3350 4406 peregrinus
3388 4338 3503 4384 est:
3527 4329 3581 4382 in
3605 4344 3724 4396 qua

2142 4447 2247 4501 vita
2274 4440 2461 4496 videtis
2484 4436 2604 4506 quia
2633 4447 2793 4487 carne
2810 4424 3258 4495 circumtegimur,
3287 4435 3382 4492 per
3407 4433 3568 4489 quam
3593 4430 3729 4470 car-

2144 4551 2263 4592 nem
2287 4547 2379 4587 cor
2398 4527 2558 4585 videri
2583 4540 2687 4580 non
2713 4529 2906 4594 potest.
2938 4518 3065 4573 ideo
3098 4513 3385 4585 Apostolus
3407 4510 3570 4566 dicit:
3595 4507 3728 4562 No-

2147 4632 2231 4685 lite
2250 4635 2363 4680 ante
2391 4634 2584 4693 tempus
2606 4617 2876 4689 quidquam
2901 4611 3153 4683 judicare,
3193 4605 3517 4678 quoadusque
3550 4602 3733 4656 veniat

2147 4720 2418 4782 Dominus,
2447 4725 2492 4768 ct
2519 4708 2822 4767 illuminabit
2849 4702 3141 4760 abscondita
3161 4700 3494 4762 tenebramus,
3522 4705 3570 4750 et
3605 4710 3745 4755 mas

2149 4808 2399 4883 nifestabit
2427 4804 2748 4874 cogitationes
2771 4796 2956 4858 cordis,
2984 4802 3029 4849 et
3054 4802 3171 4846 tunc
3199 4789 3312 4844 laus
3330 4787 3423 4843 erit
3451 4785 3737 4854 unicuique

2150 4922 2182 4959 a
2206 4879 2314 4957 Deo
2336 4900 2375 4973 (I
2407 4888 2525 4954 Cor.
2553 4911 2624 4961 tv,
2657 4894 2735 4962 5).
2756 4893 3050 4957 Antequam
3081 4883 3182 4938 hoc
3211 4882 3321 4948 ﬁat,
3349 4881 3400 4934 in
3429 4879 3530 4935 hac
3561 4892 3740 4947 pere-

2151 4992 2448 5066 grinatione
2476 4983 2705 5043 carnalis
2729 4980 2852 5036 viae
2894 4977 3117 5048 quisque
3142 4987 3237 5028 cor
3263 4985 3416 5028 suum
3442 4975 3639 5039 portat,
3675 4978 3740 5023 et

2156 5102 2316 5144 omne
2344 5100 2438 5139 cor
2463 5079 2608 5136 omni
2631 5075 2778 5132 cordi
2803 5072 3041 5127 clausum
3070 5076 3171 5123 est.
3201 5061 3432 5120 Proinde
3458 5061 3543 5116 isti
3582 5075 3739 5129 quo.

2154 5196 2268 5235 rum
2295 5173 2514 5234 consilia
2544 5169 2797 5223 adversus
2822 5163 3022 5217 hunsm
3049 5157 3265 5221 malum,
3283 5153 3518 5215 incolant,
3541 5151 3743 5205 ωριτε-

2156 5270 2403 5331 condent;
2431 5262 2553 5333 quia
2595 5261 2646 5314 in
2694 5258 2792 5310 ista
2830 5247 3253 5325 peregrinatione
3276 5252 3400 5300 sunt
3427 5251 3482 5297 et
3503 5255 3740 5331 carnem

2158 5370 2389 5435 portant,
2421 5316 2602 5409 dolum
2647 5316 2913 5417 tegunt-in
2940 5316 3118 5406 corde,
3146 5336 3398 5411 quidquid
3425 5334 3546 5389 mali
3576 5316 3745 5403 euigi-

2158 5424 2271 5508 iant
2291 5443 2639 5503 abscondunt.
2661 5435 2867 5506 Quare?
2886 5433 3015 5502 Quia
3037 5430 3210 5485 adhuc
3232 5426 3503 5498 peregrina
3522 5431 3606 5478 est
3620 5424 3747 5476 vita

2162 5546 2282 5599 ista.
2311 5534 2680 5596 Abseottdant;
2711 5524 2985 5597 apparebit
3011 5519 3151 5591 quod
3179 5516 3531 5578 abscondunt,
3554 5524 3608 5568 et
3630 5513 3750 5582 ipsi

2162 5654 2265 5694 non
2306 5627 2715 5687 abscondcntur.
2745 5621 2843 5675 Est
2864 5628 2917 5674 et
2947 5619 2997 5671 in
3023 5615 3123 5669 hoc
3148 5608 3459 5667 abscondito
3482 5607 3617 5661 alius
3648 5608 3749 5658 in-

2169 5729 2431 5791 tellectus,
2461 5720 2547 5792 qui
2594 5716 2817 5771 fortasse
2864 5709 3031 5781 magis
3063 5704 3307 5779 placebit.
3336 5699 3541 5758 Etenim
3573 5713 3633 5752 ex
3669 5692 3752 5752 i.s
