4022 6200
331 311 433 366 Ινόὄ

331 425 416 490 qui
447 425 599 493 longe
625 423 742 478 facti
774 437 894 481 sunt
916 443 945 480 a
968 429 1182 494 sanctis,
1212 429 1505 485 subintrant
1524 434 1734 502 quidam
1757 435 1880 490 iieti.

328 525 381 567 et
413 515 623 582 pejores
651 517 1015 573 tribulationes
1042 519 1236 574 faciunt
1277 523 1484 589 corpori
1527 524 1741 589 Christi,
1769 526 1908 607 quia.

327 621 430 658 non
463 616 708 675 tanquam
743 604 949 676 penitus
972 611 1127 666 alieni
1149 611 1467 670 devitantur.
1491 616 1572 670 Ab
1597 618 1722 686 ipsis
1751 621 1887 687 peri-

326 698 440 752 cula
466 700 708 768 graviora
735 715 1154 758 commemorans
1180 705 1479 773 Apostolus,
1520 693 1638 761 cum
1665 723 1886 763 enume-

324 799 466 843 raret
493 790 683 842 multas
713 792 982 859 paSSiones
1004 807 1148 859 suas,
1171 804 1226 849 et
1249 795 1470 859 diceret,
1512 793 1760 853 Periculis
1785 802 1884 865 ﬂu-

317 881 531 944 minum,
556 882 786 952 periculis
811 883 1080 948 latronum,
1107 887 1340 956 periculis
1360 905 1632 960 etcgenere,
1656 892 1886 958 periculis

319 987 381 1022 ea:
403 972 650 1041 gentibus,
675 973 904 1040 periculis
925 975 975 1028 in
991 977 1203 1039 civitate,
1225 979 1458 1045 periculis
1481 981 1532 1033 in
1562 983 1773 1044 deserto,
1797 969 1883 1051 pe-

315 1062 494 1115 ritulis
531 1064 584 1115 in
619 1062 1074 1131 mari:Pericnlis,
1120 1070 1306 1137 inquit,
1359 1071 1412 1122 in
1456 1073 1599 1141 falsis
1648 1073 1884 1141 fratribus

315 1154 382 1222 (Il
418 1153 534 1208 Cor.
561 1171 636 1219 χι,
664 1155 777 1232 2(3).
820 1157 881 1212 lli
927 1161 1081 1214 nimis
1125 1163 1406 1229 periculosi
1433 1175 1573 1231 sunt,
1604 1166 1670 1221 de
1696 1168 1881 1236 quibus

311 1245 509 1300 dicitur
547 1248 600 1301 in
637 1248 742 1301 alio
787 1251 1020 1318 psalmo:
1049 1250 1117 1305 Et
1156 1255 1560 1324 ingrediebantur
1587 1271 1638 1311 ut
1666 1261 1881 1313 viderent

310 1338 487 1408 (Psat.
513 1356 596 1401 xu,
625 1341 701 1411 7).
733 1340 1164 1412 lngrediebantur
1185 1355 1240 1401 ut
1262 1348 1518 1412 viderent,
1547 1362 1601 1406 et
1629 1369 1781 1406 nemo
1802 1354 1881 1408 di-

308 1429 419 1483 cit:
453 1430 566 1484 Non
600 1431 799 1486 iutres‘
829 1444 885 1486 ut
929 1434 1126 1489 videas.
1176 1437 1338 1492 Intrat
1384 1441 1578 1495 etenim
1630 1451 1876 1512 tanquam

308 1530 452 1586 tuus,
480 1538 583 1576 non
610 1533 825 1578 cavetur
845 1534 900 1578 ut
925 1526 1148 1580 alienus.
1170 1526 1254 1582 Isti
1285 1543 1412 1600 ergo
1432 1531 1666 1598 incolent,
1693 1545 1740 1587 et
1765 1535 1879 1589 abs-

306 1613 544 1666 condent.
572 1613 703 1678 Quia
729 1613 804 1667 sic
826 1613 1023 1670 intrant
1051 1617 1100 1670 in
1131 1617 1342 1672 domum
1372 1637 1634 1690 magnam,
1665 1641 1770 1680 non
1804 1627 1872 1679 ibi

307 1705 728 1770 perseveraturi;
764 1705 882 1760 ideo
908 1706 1145 1763 incolent.
1192 1709 1345 1766 Tales
1385 1713 1523 1766 enim
1570 1727 1874 1783 peccatores

301 1810 492 1849 sentos
520 1797 701 1851 volens
741 1798 960 1869 intelligi
993 1801 1262 1865 Dominus,
1293 1805 1581 1859 secundum
1615 1808 1758 1861 illum
1789 1810 1872 1862 in-

305 1887 573 1940 tellectum
617 1891 998 1968 evangelicum,
1030 1907 1146 1962 quo.
1163 1895 1323 1949 omnis
1361 1898 1445 1964 qui
1469 1898 1589 1964 facit
1616 1912 1873 1968 peccatum

301 1994 472 2032 servus
501 1990 572 2033 est
594 1982 806 2050 peccati,
855 1983 926 2036 ait
963 2000 976 2036 :
1007 1982 1194 2048 Servus
1237 2000 1336 2039 non
1373 1999 1535 2042 manet
1565 1991 1616 2043 in
1643 1991 1791 2046 domo
1820 1993 1872 2046 in

300 2080 564 2133 teternum,
585 2073 720 2140 ﬁlius
746 2085 910 2126 autem
937 2077 1165 2129 manctiu
1183 2088 1419 2132 aeternum
1437 2079 1615 2150 (Joan.
1644 2099 1751 2149 vui,
1778 2085 1867 2149 51,

299 2161 412 2232 55).
441 2164 538 2228 Qui
565 2165 722 2218 intrat
742 2175 797 2218 ut
821 2167 976 2229 titius,
1000 2183 1104 2221 non
1130 2170 1343 2236 incolct,
1367 2173 1483 2239 quia
1514 2178 1872 2242 perseverabit

301 2268 467 2322 usque
487 2254 536 2306 in
557 2253 710 2308 linem
737 2255 943 2326 (Matth.
971 2272 1028 2322 χ,
1051 2257 1138 2322 22,
1159 2271 1364 2326 etxxw,
1388 2262 1472 2334 15)
1500 2265 1624 2332 :qui
1642 2265 1871 2322 intratut

295 2357 502 2410 servus,
517 2345 786 2408 subdolus,
806 2346 1072 2418 peccator,
1085 2350 1149 2403 ad
1175 2353 1380 2432 oculum
1409 2357 1712 2422 attendens;
1733 2376 1869 2429 quin-

295 2449 421 2487 rcns
440 2435 564 2503 quid
593 2437 776 2505 rapiat.
803 2454 1044 2507 qua‘rens
1060 2441 1184 2510 quid
1202 2455 1411 2498 accuset
1425 2447 1645 2516 autquid
1667 2450 1868 2516 vitupe-

293 2527 836 2596 ret,-incolercittlrat,
863 2548 964 2586 non
993 2533 1285 2612 inhabitare
1305 2547 1356 2591 et
1381 2554 1735 2607 perseverare.
1759 2543 1866 2600 Nec

293 2620 425 2676 istas
454 2629 628 2676 tamen
651 2625 944 2688 timeamus,
973 2625 1195 2682 fratres:
1224 2627 1286 2681 In
1312 2627 1418 2683 Deo
1437 2635 1650 2701 speravi,
1679 2652 1778 2689 non
1799 2638 1864 2689 ti—

291 2714 433 2766 meba
449 2714 570 2784 quid
580 2716 732 2785 faciat
744 2717 866 2770 mihi
876 2717 1136 2774 caro.Etsi
1156 2719 1404 2784 incolunt,
1419 2723 1515 2775 etsi
1537 2723 1750 2791 intrant,
1765 2729 1863 2782 etsi

290 2806 512 2873 lingunt,
531 2806 627 2859 etsi
645 2805 989 2871 abscondunt,
1009 2823 1133 2862 caro
1148 2818 1270 2863 sunt
1284 2828 1296 2865 :
1320 2820 1372 2864 tu
1385 2811 1434 2864 in
1452 2812 1672 2873 Domino
1687 2829 1859 2884 spera,

292 2899 423 2952 nihil
453 2898 542 2952 tibi
574 2897 728 2953 faciet
757 2915 900 2953 caro.
937 2898 1041 2956 Sed
1071 2901 1226 2956 infert
1263 2903 1676 2970 tribulationem,
1707 2908 1864 2964 infert

286 2990 764 3044 conculcationem.
795 2991 1012 3046 Accedit
1039 2993 1249 3059 vinum,
1295 2995 1415 3064 quia
1445 3012 1540 3050 uva
1585 3001 1857 3068 premitur.

286 3080 580 3135 Tribulatio
600 3089 685 3136 tua
708 3081 1028 3139 infructuosa
1057 3099 1164 3140 non-
1185 3086 1316 3140 erit:
1339 3088 1472 3142 alter
1489 3091 1628 3146 videt
1651 3102 1719 3154 te,
1741 3094 1859 3148 imi-

286 3181 514 3236 taturte;
542 3173 660 3242 quia
681 3183 729 3226 et
749 3181 802 3226 tu
823 3183 876 3227 ut
901 3173 1132 3229 diseeres
1155 3176 1310 3231 talem
1334 3177 1488 3245 ferre,
1523 3192 1680 3251 caput
1713 3193 1857 3240 tuum

283 3263 669 3332 contemplatus
689 3278 766 3328 es,
791 3264 997 3318 botrum
1021 3265 1164 3320 illum
1184 3267 1510 3338 primum,ad
1527 3287 1679 3342 quem
1699 3273 1860 3330 intra-

285 3355 357 3406 vit
380 3353 536 3406 homo
555 3353 1096 3422 utvideret,ineoluit,
1132 3367 1186 3412 et
1217 3358 1492 3415 abscondit
1521 3364 1741 3420 traditor
1761 3365 1854 3420 Ju-

281 3443 398 3498 das.
428 3443 626 3498 Omnes
644 3459 770 3513 ergo
795 3443 917 3500 ﬁcto
944 3446 1122 3501 animo
1149 3447 1428 3516 intrantes,
1474 3451 1764 3509 incolentes
1803 3466 1858 3511 et

279 3531 670 3587 abscondentes
693 3533 798 3587 noli
827 3534 1030 3588 timere.
1081 3535 1237 3591 Pater
1287 3538 1518 3607 ipsorum
1548 3541 1710 3598 Judas
1733 3560 1854 3598 eum

279 3623 506 3678 Domino
536 3632 625 3676 tuo
653 3623 768 3688 fuit,
801 3635 857 3678 et
881 3625 968 3679 ille
1005 3625 1218 3694 quidem
1264 3641 1483 3682 noverat
1505 3645 1624 3684 eum
1648 3651 1660 3686 :
1683 3649 1854 3701 quau-

275 3730 434 3784 qnam
447 3712 844 3769 Jndastraditor
857 3715 1749 3784 incolebatetabscondebat,tamen
1761 3739 1855 3780 cor

277 3803 448 3875 ipsius
473 3806 693 3859 Domino
718 3821 892 3860 rerum
915 3806 1155 3875 patebat;
1179 3809 1354 3864 sciens
1376 3810 1463 3865 ille
1482 3813 1640 3882 elegit
1667 3831 1848 3880 unum,

274 3898 420 3952 unde
446 3897 536 3951 tibi
565 3897 810 3952 solatium
843 3896 1038 3952 faceret
1059 3899 1326 3971 nescituro
1353 3917 1486 3970 quos
1513 3903 1733 3960 devites.
1757 3907 1851 3960 Ρο-

275 3997 412 4042 terat
438 3990 578 4042 enim
619 3989 706 4042 ille
749 4003 853 4042 non
883 3989 1077 4059 eligere
1104 3989 1452 4061 Judam,qnia
1497 4005 1714 4049 noverat
1749 3995 1847 4050 Ju-

270 4079 426 4142 dam;
466 4079 540 4132 ait
580 4080 772 4148 quippe
812 4079 1115 4148 discipulis:
1142 4079 1327 4137 Nonne
1353 4100 1444 4154 ego
1471 4100 1553 4138 vos
1586 4085 1847 4141 duodecim

271 4170 419 4240 elegi,
451 4181 495 4237 et
524 4186 652 4222 unus
680 4186 743 4224 ea:
766 4169 901 4223 vobis
919 4168 1146 4225 diabolus
1172 4182 1243 4226 est
1270 4172 1446 4246 (Joan.
1477 4191 1542 4240 v1,
1568 4176 1689 4248 7i)?
1709 4177 1846 4248 Ergo

271 4272 325 4316 et
351 4261 593 4315 diabolus
618 4261 816 4316 electus
839 4261 956 4317 est?
980 4263 1086 4317 Aut
1125 4263 1168 4317 si
1196 4257 1398 4320 electus
1436 4282 1538 4322 non
1583 4278 1683 4329 est.
1713 4287 1844 4340 quo-

269 4352 432 4407 modo
447 4351 721 4406 duodecim
746 4352 919 4421 elegit,
945 4362 1119 4407 etnon
1143 4353 1313 4423 potius
1333 4356 1608 4412 undecim?
1634 4360 1843 4416 Electus

223 4507 226 4510 ,
265 4455 322 4499 et
355 4445 441 4499 ille
467 4452 568 4508 est,
601 4442 692 4497 sed
723 4443 787 4497 ad
812 4444 976 4499 aliud.
1003 4444 1174 4501 Electi
1200 4447 1440 4504 undecim
1468 4449 1533 4502 ad
1557 4465 1690 4528 opus
1719 4469 1841 4524 pr0~

266 4534 520 4599 batiouis,
547 4534 746 4588 electus
776 4534 1006 4588 unusad
1030 4549 1164 4603 opus
1191 4538 1513 4592 tentationis.
1545 4539 1694 4595 Unde
1721 4557 1842 4611 pos-

261 4630 330 4680 sit
360 4627 450 4680 tibi
481 4626 777 4694 exemplum
809 4626 937 4680 dare
976 4629 1241 4682 nescituro
1266 4644 1398 4698 quos
1422 4630 1623 4685 devites
1649 4636 1834 4694 malos.

262 4733 398 4781 «nios
423 4731 611 4770 caveas
641 4716 797 4770 falsos
820 4727 872 4770 et
912 4715 1082 4780 ﬁctos,
1113 4717 1400 4773 incolentes
1419 4729 1478 4773 et
1502 4721 1837 4778 absconden-

265 4821 370 4868 tes.
400 4808 498 4863 nisi
531 4816 586 4861 ut
616 4808 754 4860 dicat
785 4808 910 4863 tibi:
937 4809 1072 4863 Ecce
1099 4823 1197 4876 ego
1235 4824 1442 4865 mecum
1472 4811 1632 4867 habui
1673 4831 1834 4871 unum

259 4901 536 4970 ipsorum?
562 4900 831 4969 praecessit
855 4901 1174 4971 exemplum,
1209 4902 1448 4967 toleravi,
1476 4905 1708 4973 perferre
1737 4923 1832 4988 vo.

259 4989 332 5044 lui
359 4988 497 5060 quod
523 4989 772 5056 sciebam,
795 4999 850 5044 ut
870 4989 960 5044 tibi
981 4991 1230 5046 nescienti
1252 4992 1540 5061 prmberem
1560 4997 1825 5055 solatium.

252 5083 411 5150 Quod
445 5081 572 5136 mihi
603 5081 746 5144 fecit,
767 5083 868 5136 hoc
889 5082 1044 5137 faciet
1075 5091 1128 5136 et
1155 5084 1278 5139 tibi:
1310 5095 1367 5140 ut
1395 5088 1613 5142 multum
1642 5095 1826 5160 possit,

250 5187 310 5228 ut
343 5175 564 5227 multum
585 5175 786 5236 smviat,
815 5182 1153 5227 accusaturus
1177 5182 1276 5237 est,
1324 5176 1450 5232 falsa
1487 5180 1708 5235 crimina
1743 5183 1825 5236 di-

250 5279 442 5319 cturus
467 5274 567 5319 est.
613 5264 678 5321 Ut
707 5263 1028 5345 praevaleant
1054 5263 1367 5331 falsitates',
1400 5271 1653 5338 numquid
1694 5273 1745 5325 in
1777 5285 1826 5327 te

252 5357 639 5428 prmvalebunt,
665 5368 720 5412 et
745 5357 794 5410 in
819 5371 904 5410 me
930 5371 1032 5410 non
1055 5357 1476 5426 prmvaluerunt?
1498 5361 1552 5416 ln
1580 5379 1663 5418 me
1679 5378 1824 5418 certe

254 5449 667 5520 prmvaluerunt,
699 5448 788 5502 sed
811 5447 1000 5503 cmlum
1023 5447 1150 5502 mihi
1177 5465 1280 5506 non
1310 5451 1658 5508 abstulerunt.
1689 5456 1824 5510 Caro

253 5542 423 5613 ipsius
445 5541 552 5610 jam
581 5541 806 5610 sepulta,
854 5538 1015 5594 falsos
1035 5533 1197 5597 testes
1239 5543 1489 5612 pertuiit:
1520 5560 1699 5615 parum
1729 5545 1822 5602 fuit

281 5686 288 5694 ’
319 5698 334 5762 ξ
377 5696 557 5762 Aliquot
579 5701 703 5752 Mss,
727 5691 892 5762 intras.

318 5759 336 5788 ¹
371 5755 588 5820 Plerique
612 5764 736 5818 ωε,
757 5755 866 5818 falsi
887 5761 1040 5806 testes.

1441 320 1836 380 ENARRATIO
1876 325 1939 381 ΙΝ
1977 325 2294 387 PSALMUM
2334 330 2459 417 ωδ

3453 349 3553 412 654

1997 453 2088 491 eos
2117 443 2314 508 perpeti
2343 443 2392 495 in
2417 443 2634 511 judicio,
2669 462 2948 516 perpessus
2972 462 3051 507 est
3082 453 3131 508 in
3161 457 3423 526 sepulcro.
3461 466 3555 518 Ac-

1991 542 2243 595 ceperunt
2290 533 2562 600 pecuniam
2604 545 2660 590 ut
2702 541 3066 608 mentirentur,
3097 544 3342 602 dixerunt
3376 569 3390 605 :
3427 552 3552 607 Cum

1991 619 2340 687 dormiremus,
2369 636 2601 678 venerunt
2631 627 2864 697 discipuli
2891 633 3015 700 ejus,
3045 645 3089 686 et
3118 636 3419 694 abstulerunt
3440 660 3550 698 eum

1992 711 2203 777 (Matth.
2234 730 2413 781 xxvtu,
2443 717 2553 788 l3).
2581 718 2736 774 Tales
2759 731 2936 777 autem
2960 727 3082 779 caeci
3113 739 3263 783 erant
3282 731 3470 798 Judaei,
3495 749 3551 791 ut

1987 802 2262 857 crederent
2285 805 2426 859 dicto
2451 813 2666 862 oiimnio
2697 813 3017 868 incredibili:
3041 821 3376 876 crediderunt
3405 829 3553 880 testi-

1994 893 2090 946 bus
2109 893 2520 953 dormientibus!
2553 903 2651 955 .~\ut
2679 904 2861 958 falsum
2891 918 3006 962 erat
3034 911 3170 978 quod
3199 913 3546 979 dormierunt,

1987 995 2036 1037 et
2055 987 2391 1042 mendacibus
2410 992 2626 1046 credere
2649 1012 2750 1048 non
2773 996 3064 1054 debuerunt
3085 1019 3098 1056 :
3119 1013 3208 1056 aut
3227 1020 3406 1061 verum
3435 1022 3551 1065 erat

1984 1079 2122 1144 quod
2150 1080 2498 1143 dorn'iieruxit,
2520 1096 2572 1138 ct
2597 1088 2732 1156 quod
2767 1089 2955 1144 factum
2984 1103 3066 1148 est
3103 1099 3421 1154 nescierunt.
3451 1102 3547 1156 lu—

1984 1167 2162 1231 colent,
2207 1178 2255 1222 et
2289 1173 2608 1231 abscondent.
2651 1175 2901 1244 Incolunt,
2950 1191 3003 1236 et
3043 1184 3544 1261 abscondantzquid

1983 1255 2206 1312 facturi?
2235 1260 2301 1314 In
2343 1260 2452 1315 Deo
2493 1267 2705 1332 speravi,
2732 1284 2851 1322 .non
2877 1271 3054 1325 timebo
3078 1277 3196 1341 quid
3235 1280 3388 1348 faciat
3424 1255 3546 1336 milii

1981 1364 2117 1400 cura.

2052 1440 2134 1492 lll.
2175 1438 2202 1492 1
2210 1443 2283 1509 psi
2305 1443 2588 1497 calcaneum
2608 1463 2766 1500 meum
2785 1449 3123 1506 observabant.
3149 1455 3349 1512 Etenim
3367 1463 3442 1514 sic
3465 1464 3545 1515 in-

1979 1531 2582 1601 colentetabscondent,
2614 1546 2671 1590 ut
2694 1539 2974 1597 observent
3020 1546 3104 1601 ubi
3151 1547 3310 1605 homo
3333 1552 3540 1607 labitur.

1981 1620 2170 1674 Intenti
2193 1633 2315 1678 sunt
2343 1624 2406 1678 ad
2435 1627 2763 1694 calcaneum,
2784 1634 2994 1702 quando
3019 1635 3109 1691 ﬁat
3138 1638 3333 1709 lapsus,
3365 1626 3418 1698 ut
3449 1662 3542 1714 pe-
3609 1686 3615 1693 .

1977 1710 2096 1764 dem
2124 1721 2337 1768 teneant
2365 1715 2428 1768 ad
2462 1717 2686 1780 ruinam,
2711 1731 2800 1775 aut
2829 1723 3016 1792 pedem
3042 1743 3342 1798 supponant
3366 1735 3432 1789 ad
3449 1710 3541 1789 iol-

1978 1799 2290 1870 fensionem,
2320 1815 2464 1861 certe
2491 1818 2545 1860 ut
2571 1809 2838 1865 inveniant
2865 1815 3004 1883 quod
3043 1831 3310 1875 accusent.
3339 1823 3406 1878 Et
3426 1829 3544 1895 quis

1976 1893 2045 1945 ita
2073 1896 2303 1950 ambulet
2331 1907 2386 1950 ut
2415 1914 2669 1969 nusquam
2703 1900 2945 1959 labatur?
2973 1906 3128 1965 Certe
3172 1913 3310 1982 quod
3349 1893 3456 1970 cito
3487 1920 3542 1972 tit

1976 1985 2055 2075 vel
2081 1986 2131 2039 in
2159 1985 2352 2056 lingua.
2381 1988 2592 2058 Etenim
2621 1993 2882 2063 scriptum.
2902 2007 3015 2051 est:
3045 1996 3104 2054 Si
3131 2003 3241 2071 quis
3281 2005 3331 2058 in
3363 2006 3541 2077 lingua

1973 2063 2070 2128 non
2092 2075 2319 2142 offendit,
2352 2081 2431 2133 hic
2473 2083 2717 2151 perfectus
2746 2097 2817 2138 est
2858 2088 2935 2140 vir
2966 2063 3164 2155 (Jacobi
3201 2109 3276 2157 ιιι,
3303 2066 3382 2164 2)..
3414 2063 3541 2166 Quis

1977 2169 2183 2224 tandem
2210 2187 2268 2225 se
2296 2174 2484 2228 audeat
2508 2175 2682 2231 dicere
2710 2187 2800 2232 aut
2829 2191 3012 2248 putare
3049 2184 3372 2252 perfectum?
3403 2190 3540 2261 Ergo

1973 2274 2190 2314 necesse
2215 2272 2295 2316 est
2329 2273 2383 2317 ut
2407 2265 2597 2334 aliquis
2623 2269 2827 2324 labatur
2849 2272 2901 2326 in
2933 2273 3127 2345 lingua.
3153 2275 3228 2330 Illi
3257 2283 3536 2352 autemqui

1973 2347 2203 2404 ἰιιοωὶριιι
2225 2361 2276 2404 et
2298 2353 2641 2421 abscondent,
2662 2373 2988 2431 aucupantur
3005 2366 3159 2420 verba
3178 2369 3374 2434 omnia,
3395 2347 3538 2440 quar-

1971 2449 2148 2493 rentes
2176 2441 2365 2505 alicubi
2402 2447 2614 2514 laqueos
2643 2458 2695 2502 et
2727 2451 2951 2506 nodosas
2995 2452 3170 2511 facere
3221 2460 3531 2527 calumnias,

1968 2528 2158 2597 quibus
2194 2533 2340 2598 prius
2368 2535 2463 2601 ipsi
2512 2536 2848 2604 implicantur
2891 2558 3047 2610 quam
3090 2561 3222 2614 quos
3264 2548 3536 2620 implicare

1966 2621 2318 2686 contendunt;
2352 2633 2410 2677 ut
2441 2626 2582 2693 prius
2605 2627 2703 2696 ipsi
2730 2631 3006 2698 capiantur
3030 2643 3083 2687 et
3109 2649 3346 2704 pereant,
3370 2655 3524 2709 quam

1967 2710 2097 2764 alios
2121 2712 2328 2780 capiant
2357 2724 2414 2768 ut
2445 2715 2683 2784 perdant.
2710 2719 2912 2774 Etenim
2942 2725 3164 2778 recurrit
3193 2723 3351 2782 homo
3373 2729 3424 2784 in
3439 2744 3534 2784 cur

1965 2815 2139 2866 suum,
2161 2813 2214 2856 et
2235 2803 2357 2858 inde
2388 2807 2698 2862 recurritad
2722 2808 2909 2875 Deum,
2955 2822 3008 2867 et
3047 2798 3192 2869 novit
3228 2816 3437 2874 dicere:
3464 2818 3530 2875 In

1965 2888 2074 2944 Deo
2115 2892 2332 2946 laudabo
2373 2912 2625 2953 sermones
2665 2915 2817 2954 meos.
2859 2900 3118 2973 Quidquid
3160 2905 3357 2963 bonum
3399 2900 3528 2977 dixi,

1965 2981 2214 3052 quidquid
2248 3001 2432 3039 verum
2461 2987 2589 3052 dixi,
2617 2989 2708 3044 Dei
2735 2990 2842 3046 dixi
2862 2994 2898 3058 ί,
2924 2995 3063 3050 etde
3090 2995 3198 3051 Deo
3223 2997 3330 3054 dixi
3354 3019 3364 3052 :
3390 3003 3532 3071 quid-
3563 3005 3576 3022 ‘

1963 3072 2086 3140 quid
2119 3074 2249 3128 forte
2277 3076 2414 3129 aliud
2456 3078 2562 3132 dixi
2594 3080 2733 3149 quod
2777 3081 2955 3138 dicere
3001 3100 3105 3138 non
3152 3087 3329 3155 debui,
3374 3091 3530 3148 homo

1962 3165 2090 3228 dixi,
2121 3167 2211 3221 sed
2252 3170 2350 3222 sub
2381 3170 2488 3224 Deo
2531 3172 2661 3226 dixi.
2692 3173 2790 3240 Qui
2821 3175 3100 3232 confirmat
3148 3177 3526 3250 ambulantem,

1963 3259 2190 3312 minatur
2209 3263 2424 3328 erranti,
2455 3264 2676 3334 ignoscit
2701 3271 3031 3338 agiioscenti,
3051 3285 3259 3328 revocat
3276 3275 3527 3346 linguam,

1961 3359 2173 3403 revocat
2199 3351 2420 3420 lapsum.
2445 3353 2624 3410 Jusuis
2646 3357 2786 3410 enim
2809 3360 3002 3427 septies
3021 3361 3171 3417 cadet
3194 3371 3248 3419 et
3268 3380 3526 3436 resurget.

1963 3440 2105 3509 impii
2159 3458 2282 3495 vero
2333 3444 2736 3501 inlirmabnntur
2773 3447 2824 3502 in
2853 3451 3006 3505 malis
3037 3451 3214 3521 (Prov.
3245 3473 3385 3520 xxxv,
3419 3461 3526 3524 16).

1959 3533 2074 3588 Non
2103 3551 2230 3605 ergo
2259 3537 2446 3600 timeat
2466 3540 2825 3609 unusquisque
2868 3552 3106 3598 nostrum
3137 3548 3355 3604 callidos
3382 3551 3527 3606 inse-

1959 3635 2209 3686 ctatores,
2241 3642 2471 3696 aucupes
2500 3629 2800 3694 verborum,
2828 3632 3252 3693 dinumeratores
3273 3656 3406 3708 pene
3421 3647 3527 3713 syl-

1960 3715 2214 3778 labarum,
2247 3725 2300 3769 et
2329 3715 2760 3787 prtevaricatorcs
2797 3734 3200 3790 praceptorum.
3229 3727 3363 3794 Quid
3395 3733 3444 3785 in
3477 3747 3527 3789 te

1956 3816 2157 3873 arguat,
2186 3808 2440 3870 attendit;
2471 3817 2527 3861 ut
2551 3808 2734 3863 credat
2756 3826 2852 3878 per
2882 3820 2933 3865 te
2959 3812 3192 3882 Christo,
3221 3833 3323 3872 non
3347 3829 3520 3875 atten-

1954 3895 2049 3950 dat.
2083 3897 2309 3952 Attende
2331 3898 2382 3950 in
2411 3913 2684 3956 sermones
2725 3901 2840 3970 ejus
2877 3919 3031 3973 quem
3057 3908 3424 3982 reprehendis,
3459 3931 3524 3970 ne

1956 3986 2089 4040 forte
2120 3997 2169 4040 te
2195 3987 2391 4058 aliquid
2415 3989 2698 4045 salubriter
2716 3991 2923 4048 doceat.
2950 3995 3016 4049 Et
3043 3998 3168 4066 quid
3196 4016 3300 4064 me,
3327 4003 3514 4074 inquit,

1953 4078 2239 4132 salubriter
2270 4082 2462 4148 poterit
2486 4080 2697 4147 docere,
2727 4085 2815 4152 qui
2843 4085 2919 4139 sic
2944 4086 3122 4157 lapsus
3151 4101 3232 4144 est
3262 4093 3312 4146 in
3337 4095 3520 4150 verbo?

1954 4171 2063 4226 lloc
2081 4175 2250 4242 ipsum
2276 4181 2325 4228 te
2349 4172 2483 4228 forte
2509 4173 2789 4230 salubriter
2808 4177 2984 4244 docet,
3010 4195 3077 4234 ne
3101 4161 3174 4236 sis
3194 4197 3388 4254 auceps
3409 4203 3517 4240 vcr-

1951 4264 2156 4325 borum,
2189 4265 2282 4320 sed
2330 4265 2582 4321 collector
2629 4278 3032 4338 praeceptorum.
3076 4271 3187 4342 Ipsi
3227 4275 3518 4332 calcanenm

1948 4373 2111 4410 meum
2141 4355 2484 4410 observabant.
3355 4411 3358 4416 ,

2022 4448 2104 4500 11.
2135 4446 2275 4500 Sicut
2297 4447 2526 4499 sustinuit
2555 4448 2722 4501 anima
2743 4466 2872 4504 mea.
2904 4450 3015 4506 Hoc
3039 4452 3158 4507 dico
3183 4455 3322 4524 quod
3353 4460 3513 4512 susti-

1948 4538 2057 4590 nui.
2080 4536 2414 4604 Loquebatur
2437 4547 2684 4607 expertus
2712 4556 2725 4590 :
2763 4539 2907 4595 Sicut
2932 4544 3166 4596 sustinuit
3189 4546 3356 4600 anima
3381 4565 3510 4602 mea.

1949 4625 2174 4679 lncotent
2212 4635 2256 4678 et
2298 4625 2616 4681 abscondent.
2645 4629 2844 4686 Omnes
2872 4636 3130 4687 sustineat
3155 4635 3328 4690 anima
3357 4655 3470 4695 mea
3495 4660 3508 4701 ;

1945 4717 2073 4771 foris
2101 4716 2349 4772 latrantes
2371 4719 2412 4783 ²,
2437 4719 2575 4773 intus
2602 4721 2927 4776 occultantes
2963 4725 3240 4780 sustineat.
3263 4727 3507 4784 ForinSo.

1942 4825 2033 4863 cus
2062 4809 2336 4873 veniens’,
2368 4812 2516 4881 quasi
2566 4811 2753 4867 ﬂuvius
2797 4815 2941 4868 venit
2982 4817 3200 4873 tcnlatio
3230 4837 3244 4873 :
3278 4821 3327 4875 in
3361 4835 3504 4892 petra

1941 4912 1993 4957 te
2023 4903 2274 4968 inveniat,
2292 4904 2564 4972 impingat,
2586 4918 2689 4956 non
2716 4903 2959 4973 dejiciat;
2991 4905 3201 4965 fundata
3219 4922 3300 4967 est
3319 4915 3506 4972 domus

1939 5007 2095 5062 supra
2139 5003 2340 5062 petram
2374 4990 2586 5065 (Matth.
2617 5008 2707 5058 vn,
2738 4993 2852 5063 25).
2893 4994 3040 5051 Intus
3075 5011 3173 5064 est,
3227 5003 3418 5061 incolct
3453 5019 3507 5062 et

1937 5084 2223 5139 abscondet
2246 5100 2264 5136 :
2288 5093 2343 5159 ut
2363 5085 2511 5152 palea
2539 5083 2630 5137 tibi
2650 5086 2924 5152 vicinetur,
2945 5088 3108 5145 intret
3125 5093 3304 5150 tritura
3324 5098 3500 5161 boum,
3577 5169 3580 5174 ι

1938 5176 2095 5229 intret
2125 5174 2312 5229 tribula
2355 5174 2733 5228 tcntationmn:
2770 5186 2821 5229 tu
2866 5181 3128 5249 purgaris,
3155 5183 3240 5238 illa
3279 5192 3499 5243 commi-

1935 5265 2129 5319 nititur.

1980 5357 2091 5424 J2.
2120 5355 2279 5429 [cera
2311 5356 2346 5411 8
2441 5355 2583 5411 Sicut
2606 5356 2840 5410 sustinuit
2862 5377 2990 5426 mea,
3023 5381 3115 5432 pro
3140 5365 3295 5419 nilu'lo
3333 5366 3496 5420 salvos

1994 5515 2010 5546 ι
2047 5511 2299 5584 Eddqu
2315 5507 2665 5586 dixi._At.M§§‘.,
2695 5510 2946 5586 disci:
2969 5528 3062 5578 qua
3084 5514 3306 5586 loquendi
3348 5517 3495 5586 ratio:

1931 5589 1993 5626 ne
2015 5575 2231 5637 supra-in
2253 5579 2412 5637 Enarr.
2438 5571 2556 5637 Psal1
2577 5572 2656 5632 49,
2681 5585 2728 5621 tt.
2749 5573 2826 5636 23,
2847 5571 3029 5626 habent
3052 5571 3261 5625 nonnulli
3285 5586 3412 5637 Mss.,
3447 5575 3496 5629 ςί

1928 5642 2049 5689 bona
2069 5632 2265 5692 auditis,
2293 5634 2380 5682 Dei
2401 5632 2594 5683 auditis.

1991 5701 2010 5732 ²
2044 5708 2142 5767 Am,
2171 5706 2221 5746 et
2241 5696 2424 5767 aliquot
2442 5703 2564 5767 viss"
2588 5698 2808 5767 latrones.
2848 5757 2858 5767 ν
2915 5762 2920 5767 1
3163 5753 3173 5764 ,

1994 5763 2012 5793 ι
2044 5762 2116 5809 ste
2161 5767 2262 5809 itas.
2292 5757 2344 5808 Al.
2366 5757 2498 5818 ωλι,
2523 5757 2745 5808 sustineat
2765 5757 3025 5820 forinsecus
3073 5757 3316 5811 venientes.
