4022 6200
457 345 561 402 ϐΐὶὅ

462 473 616 543 [aries
634 486 732 525 eos.
767 466 953 523 Docuit
979 474 1027 520 et
1058 481 1153 535 pro
1199 462 1325 534 ipsis
1348 480 1517 517 orare.
1564 463 1760 531 Nempe
1797 465 2007 517 incolcnt

453 575 501 618 et
526 567 838 627 abscondent,
860 572 1049 627 nempe
1076 556 1264 620 dolosi,
1289 571 1477 624 nempe
1496 556 1827 609 simulatores
1852 566 2007 625 atque

453 656 785 710 insidiatores
843 654 965 705 sunt
1003 669 1015 705 :
1050 659 1102 702 tu
1148 665 1237 703 ora
1287 663 1380 717 pro
1421 649 1518 711 eis,
1555 657 1607 701 et
1661 648 1764 701 noli
1811 649 2005 712 dicere,

453 744 705 814 Numquid
726 751 779 796 et
798 743 951 795 talem
976 741 1240 794 lmmincm
1273 740 1407 792 Deus
1425 748 1754 793 correcturus
1780 750 1878 801 est,
1904 748 2007 791 tam

448 836 663 895 malum,
695 843 798 886 tam
839 829 1179 900 perversum?
1204 828 1318 883 Noli
1367 828 1650 897 desperare
1680 846 1692 877 :
1718 820 1899 907 quem
1925 845 2009 881 ro-

444 941 536 995 ges
564 924 797 986 attende,
829 936 931 975 ιιοιι
964 936 1059 993 pro
1088 936 1192 990 quo
1218 936 1390 988 roges.
1417 919 1818 987 Magnitudinem
1838 919 2004 972 morbi

444 1016 611 1079 vides,
656 1015 938 1084 potentiam
979 1011 1166 1066 medici
1211 1027 1312 1063 non
1345 1008 1524 1062 vides?
1560 1007 1786 1061 Incolent
1822 1018 1867 1062 et
1892 1008 2006 1062 abs-

444 1109 655 1162 condent
677 1122 696 1160 :
720 1108 844 1160 sicut
872 1103 1101 1159 sustinuit
1138 1102 1306 1154 anima
1343 1116 1468 1154 mea.
1508 1099 1720 1152 Sustine
1745 1139 1760 1162 ,
1789 1113 1879 1153 ora
1906 1115 1919 1151 :
1951 1108 2005 1153 ct

442 1200 565 1268 quid
600 1199 696 1252 iit?
726 1198 827 1250 Pro
852 1195 1008 1248 nihilo
1028 1175 1196 1246 salvos
1223 1192 1375 1262 [acies
1405 1207 1505 1244 eos.
1548 1190 1636 1241 Sic
1675 1191 1791 1244 illos
1830 1190 2002 1243 salvos

444 1291 603 1345 facies
626 1331 641 1355 ,
674 1300 729 1342 ut
758 1287 886 1341 nihil
913 1285 1005 1339 tibi
1034 1286 1139 1348 sit,
1167 1283 1217 1335 id
1248 1291 1328 1335 est
1348 1322 1363 1348 ,
1410 1291 1463 1335 ιιι
1506 1282 1680 1335 nullus
1720 1281 1868 1334 labor
1911 1281 2000 1335 tibi

441 1384 532 1437 sit.
566 1378 873 1434 Hominibus
898 1374 1161 1442 desperati
1187 1381 1309 1428 sunt
1332 1414 1346 1437 ,
1376 1371 1467 1424 sed
1510 1382 1562 1424 tu
1602 1372 1762 1424 verbo
1803 1385 1999 1425 curas:

444 1491 547 1528 non
584 1470 843 1526 laborabis
882 1468 931 1521 in
981 1464 1213 1520 curando
1236 1504 1251 1527 ,
1292 1462 1531 1531 quamvis
1569 1476 1664 1515 nos
1699 1470 2001 1530 stupeamus

441 1562 787 1632 inspiciendo.
819 1560 912 1613 Est
934 1558 1067 1611 alios
1093 1570 1278 1610 sensus
1305 1556 1355 1609 in
1382 1554 1479 1608 hoc
1507 1568 1660 1607 versu
1686 1596 1700 1619 ,
1737 1552 1836 1606 Pro
1865 1553 1998 1606 nihi-

441 1658 489 1709 ιο
514 1656 674 1708 salvos
703 1653 854 1721 [acies
882 1666 963 1704 eos
987 1664 1005 1702 :
1032 1649 1189 1702 nullis
1218 1661 1398 1700 eorum
1431 1646 1633 1699 meritis
1660 1645 2000 1713 praecedenti-

440 1749 535 1801 bus
564 1748 735 1801 salvos
752 1744 917 1797 facies
941 1757 1054 1797 eos.
1102 1740 1199 1804 Qui
1237 1726 1377 1809 prius
1416 1739 1489 1810 [ui
1535 1738 1883 1807 blasphemus,
1918 1739 1996 1791 in-

436 1840 547 1910 quit
570 1879 585 1903 ,
615 1848 658 1889 et
684 1844 967 1907 perseeutor
991 1843 1035 1885 et
1060 1833 1333 1903 injuriosus
1354 1830 1371 1899 (
1395 1830 1410 1882 l
1436 1828 1564 1881 Tim.
1594 1844 1610 1882 ι
1635 1870 1648 1891 ,
1684 1830 1751 1884 15
1775 1830 1813 1898 ).
1844 1829 1996 1883 Acci-

436 1933 609 1999 ιιὶιιιιιιι
636 1930 835 1983 litteras
859 1943 887 1977 a
913 1924 1274 1979 sacerdotibus
1292 1964 1306 1987 ,
1331 1931 1387 1975 ut
1408 1922 1721 1990 ubicumque
1743 1921 2000 1976 inveniret

433 2022 764 2076 Christianos
787 2059 802 2083 ,
825 2006 1060 2087 alligaret
1080 2022 1134 2069 et
1153 2012 1435 2066 adduceret
1460 2011 1610 2082 (Act.
1639 2026 1691 2064 ιχ
1715 2051 1729 2073 ,
1756 2010 1793 2063 2
1886 2010 1998 2067 Uli-

406 2116 534 2184 'que
564 2121 621 2165 ut
659 2111 895 2179 alligaret
939 2116 992 2160 et
1032 2104 1355 2168 adduceret,
1402 2102 1571 2170 primo
1616 2100 1912 2164 incolebat,
1942 2108 1998 2154 et

431 2201 804 2256 abscmtdcbat.
835 2197 982 2252 Nulla
1015 2211 1140 2264 ergo
1164 2193 1316 2261 hujus
1336 2193 1471 2246 bona
1502 2192 1685 2245 merita
1713 2206 1998 2261 praecesse-

431 2300 549 2346 raut
573 2335 587 2356 ,
616 2292 721 2343 imo
753 2288 871 2342 talia
903 2294 1281 2355 prmcesseraut
1309 2281 1377 2337 (Ie
1405 2281 1595 2351 quibus
1620 2282 1991 2342 damnaretur;

429 2385 557 2439 nihil
588 2383 710 2437 boni
739 2380 907 2433 attulit
931 2419 944 2441 ,
977 2388 1029 2430 et
1057 2375 1232 2434 salvus
1262 2373 1427 2427 factus
1447 2382 1547 2427 est.
1582 2364 1686 2425 Pro
1712 2373 1868 2426 nihilo
1893 2374 1994 2426 sal-

428 2492 512 2529 vos
537 2474 688 2545 facies
714 2487 814 2524 eos.
859 2468 972 2522 Non
1019 2465 1084 2520 ad
1134 2474 1184 2520 te
1230 2464 1449 2518 altercat
1495 2463 1707 2529 hircos,
1755 2463 1947 2517 arietes
1974 2506 1989 2526 ,

429 2576 604 2621 tauros
629 2607 642 2629 ,
672 2579 774 2617 non
802 2561 937 2614 dona
960 2568 1009 2613 et
1035 2564 1270 2612 aromata
1298 2558 1313 2587 ¹
1338 2554 1557 2610 all'erent
1583 2555 1634 2608 in
1663 2555 1857 2623 templo
1880 2564 1989 2617 tuo,

428 2677 530 2713 non
561 2655 756 2727 aliquid
784 2653 849 2707 de
876 2649 1195 2705 conscientia
1241 2649 1376 2701 bona
1414 2646 1678 2700 libaminis
1716 2643 1994 2713 superfun-

425 2754 592 2815 duut;
624 2760 786 2802 totum
820 2746 869 2799 in
903 2744 1007 2797 illis
1032 2755 1277 2811 asperum
1305 2780 1319 2805 ,
1358 2748 1523 2794 totum
1558 2745 1749 2791 tetrum
1775 2779 1789 2802 ,
1823 2745 1989 2790 totum

424 2840 829 2895 detestandum:
862 2845 915 2890 ct
942 2849 1061 2888 cum
1100 2832 1175 2885 illi
1220 2831 1285 2885 ad
1326 2839 1375 2884 te
1417 2830 1548 2884 nihil
1593 2827 1814 2882 aﬂ‘erant
1853 2828 1991 2882 unde

423 2934 690 2986 salveutur
710 2972 724 2995 ,
764 2928 867 2985 Pro
896 2926 1053 2980 nihilo
1075 2923 1238 2978 salt-os
1265 2924 1418 2993 [acies
1447 2938 1531 2975 eos
1556 2964 1570 2987 ,
1614 2920 1663 2974 id
1699 2929 1782 2975 est
1824 2920 1991 2991 gratis

422 3025 539 3077 data
571 3022 735 3091 gratia
767 3028 874 3073 tua.
910 3016 1045 3084 Quid
1078 3016 1162 3068 ille
1193 3015 1326 3068 latro
1356 3014 1603 3066 attulerat
1638 3011 1703 3065 ad
1729 3026 1937 3065 crucem
1966 3012 1990 3066 ἲ

424 3119 497 3170 ltc
528 3116 718 3169 l‘auce’
764 3114 816 3165 in
858 3110 1150 3178 judicium,
1199 3106 1266 3160 de
1313 3104 1509 3173 judicio
1548 3105 1598 3157 in
1646 3104 1882 3172 lignum,
1923 3103 1988 3157 de

422 3210 563 3277 ligno
590 3206 640 3258 in
672 3200 969 3273 paradisum
1001 3199 1021 3271 (
1046 3197 1169 3251 an.
1202 3211 1325 3249 χχιιι
1348 3236 1362 3257 ,
1397 3196 1466 3248 45
1496 3194 1533 3264 ).
1562 3193 1833 3248 Credidit.
1863 3207 1986 3262 pro-

423 3309 540 3371 pter
567 3295 708 3368 quod
738 3295 945 3348 locutus
970 3300 1051 3345 cst
1076 3289 1093 3360 (
1124 3288 1268 3341 Psul.
1299 3302 1421 3353 cxv,
1448 3286 1513 3339 lo
1541 3287 1579 3353 ).
1607 3284 1709 3339 Sed
1737 3295 1789 3338 et
1819 3285 1983 3353 ipsam

423 3380 717 3475 ﬁdemqpis
742 3383 994 3449 donavit,
1029 3381 1126 3436 nisi
1158 3381 1243 3449 qui
1268 3379 1418 3448 juxta
1453 3375 1746 3447 pependit?
1777 3375 1879 3427 I’ro
1906 3377 1985 3427 ni-

420 3468 529 3535 Ιιὶιά
551 3460 894 3549 Μίασὶω
924 3490 1029 3526 eos.

487 3571 573 3632 15,
618 3566 682 3622 1η
716 3554 794 3633 iiut
823 3564 1035 3636 populos
1070 3559 1301 3614 dduccs.
1348 3557 1597 3611 Irasceris
1637 3565 1692 3610 et
1727 3554 1943 3609 deducis
1967 3596 1982 3618 ,

417 3664 569 3719 ςτιειυίε
595 3672 649 3717 et
676 3652 850 3714 salvas
873 3699 886 3716 .
918 3666 1084 3709 terres
1108 3662 1162 3709 et
1197 3666 1374 3705 vocas.
1414 3649 1547 3718 Quid
1593 3659 1675 3703 est
1710 3648 1850 3702 enim
1874 3689 1889 3714 ,
1919 3647 1984 3701 In

416 3760 491 3810 ira
515 3753 729 3826 populos
749 3746 1005 3804 dedoces?
1030 3744 1221 3812 lmplcs
1247 3739 1669 3796 lrilmlalionibus
1691 3739 1863 3818 omnia
1890 3780 1903 3803 ,
1930 3749 1986 3793 ut

416 3850 466 3901 in
499 3841 918 3900 tribulationilms
949 3835 1103 3907 positi
1137 3834 1374 3887 homines
1408 3840 1679 3886 recurrant
1706 3830 1769 3884 ad
1798 3840 1849 3885 te
1874 3872 1887 3893 ,
1918 3846 1985 3886 ne

415 3937 621 3990 deliciis
662 3942 716 3988 et
758 3930 1041 3984 securitate
1084 3938 1327 3995 perversa
1363 3921 1698 3977 seducautur.
1731 3921 1772 3974 A
1815 3928 1867 3975 te
1906 3920 1983 3974 ira

415 4030 621 4082 videtur
645 4067 660 4091 ,
692 4023 784 4077 sed
808 4031 1045 4091 paterna.
1074 4017 1319 4071 Irascitur
1341 4022 1487 4083 pater
1509 4012 1615 4064 tilio
1634 4012 1981 4080 contemplari

416 4102 795 4191 prarceptorum
848 4125 1109 4164 summu:
1164 4108 1329 4160 iratus
1375 4105 1423 4158 ci
1476 4118 1598 4158 cum
1647 4101 1978 4172 colapltizat,

415 4210 570 4265 (τιιιιιίι
593 4250 607 4271 ,
635 4219 817 4260 aurem
845 4201 988 4254 vellit
1013 4240 1026 4262 ,
1061 4212 1216 4250 manu
1245 4195 1402 4249 trahit
1426 4234 1440 4259 ,
1462 4193 1528 4247 ad
1558 4191 1791 4247 scholam
1817 4191 1978 4245 ducit.

359 4298 362 4301 ’
418 4304 479 4357 In
506 4304 580 4355 ira
605 4295 816 4367 populos
856 4291 1088 4344 dcduces.
1131 4289 1298 4354 Quam
1351 4284 1500 4339 nmlti
1546 4282 1768 4352 ingressi
1816 4291 1978 4346 sunt,

416 4409 570 4463 quain
606 4385 753 4442 multi
781 4382 1129 4451 impleverunt
1159 4377 1370 4429 domum
1401 4374 1606 4427 Domini
1633 4414 1648 4438 ,
1681 4373 1731 4425 iu
1764 4373 1839 4425 ira
1868 4371 1981 4441 ejus

416 4481 628 4538 deduc-ti
657 4524 669 4544 ,
698 4480 748 4532 id
771 4485 852 4530 est
873 4468 1295 4527 tribulationibus
1316 4466 1480 4521 territi
1506 4507 1521 4529 ,
1550 4475 1603 4519 et
1628 4464 1728 4518 ﬁde
1750 4464 1977 4532 impleti!

412 4578 499 4630 .Ad
542 4577 639 4627 hoc
681 4571 822 4626 enim
868 4564 1098 4634 exagitat
1150 4558 1450 4623 tribulatio,
1488 4565 1544 4611 ιιι
1581 4558 1845 4612 exinaniat
1890 4572 1982 4612 vas

415 4669 552 4736 quod
596 4668 804 4736 plenum
846 4672 928 4713 est
968 4655 1197 4727 nequitia
1224 4695 1237 4719 ,
1277 4660 1334 4705 ut
1373 4650 1652 4720 impleatur
1690 4649 1877 4719 gratia.
1916 4647 1982 4702 In

414 4764 491 4811 ira
520 4758 728 4828 populos
749 4754 979 4807 deducas.

488 4849 574 4901 Μ.
615 4846 779 4918 iners.
811 4844 861 4896 9.
892 4840 907 4912 ι
951 4839 1081 4891 Deus
1106 4879 1118 4898 ,
1142 4836 1293 4890 vitam
1317 4847 1476 4885 meam
1503 4829 1753 4883 enuntiavi
1781 4828 1886 4881 tibi.
1915 4827 1982 4883 Ut

417 4942 587 4993 vivam
615 4936 755 4989 enim
783 4944 834 4985 tu
865 4930 1028 4985 iecisti
1056 4971 1070 4994 ,
1093 4937 1145 4980 et
1171 4925 1236 4979 ad
1261 4926 1360 4977 hoc
1385 4920 1601 4976 enuntio
1624 4921 1781 4973 vitam
1810 4933 1980 4973 meam

417 5032 528 5086 tibi.
566 5029 707 5082 Itane
730 5040 855 5077 vero
884 5022 1021 5075 Deus
1057 5018 1329 5088 ignorabat
1370 5011 1509 5085 quod
1550 5009 1805 5065 dederat?
1845 5009 1981 5077 Quid

415 5133 496 5178 est
521 5164 534 5183 ,
564 5116 702 5189 quod
755 5116 826 5166 illi
865 5109 1150 5165 enuntias?
1184 5108 1397 5162 θοι-θνα
1443 5105 1521 5157 vis
1561 5101 1770 5157 Deum?
1810 5101 1978 5156 Absit.

421 5217 557 5283 ILrgo
587 5207 710 5281 quid
758 5206 865 5269 ait,
920 5201 1188 5255 ifuuntiavi
1214 5197 1343 5252 tibi?
1381 5200 1459 5251 An
1506 5195 1671 5259 forte,
1711 5192 1840 5260 Quia
1887 5194 1979 5246 tibi

419 5304 637 5378 prodest
659 5297 799 5369 quod
826 5292 1091 5350 euuntiavi
1114 5291 1271 5343 vitam
1294 5290 1506 5342 meam?
1535 5287 1597 5341 Et
1622 5286 1744 5356 quid
1770 5283 1982 5355 prodest

418 5400 526 5458 [nso
546 5400 569 5453 ?
586 5395 768 5451 Luci-is
793 5388 881 5443 Dei
905 5384 1134 5456 prodest.
1158 5381 1436 5436 Euuutiavi
1464 5380 1573 5434 Deo
1592 5379 1749 5432 vitam
1775 5393 1946 5433 meam
1962 5418 1978 5442 ,

420 5495 534 5570 quia
561 5491 736 5545 vivere
763 5499 847 5537 me
873 5478 993 5535 iecit
1027 5478 1183 5530 Deus.
1209 5473 1486 5539 Quomodo
1504 5468 1798 5525 enuntiavit
1818 5468 1981 5523 vitam

480 5657 493 5686 ί
532 5651 750 5711 Plerique
774 5651 898 5711 διξξη
922 5643 1263 5711 ρηιίιηὲξῗῖιζξτη.
1288 5690 1449 5711 ,,,.-;....
1465 5687 1524 5711 -t:

696 5684 750 5756 lli
767 5684 899 5759 ἆιῖἶξξ
926 5684 1150 5760 ὺέήίὰιεε.
1172 5691 1264 5760 sed
1288 5690 1451 5760 verius
1465 5687 1562 5760 alit,
1590 5693 1654 5736 ne
1679 5687 1813 5760 [aure
1830 5698 1860 5760 _:_

414 5753 964 5824 mucci-iniilatmciiua
994 5753 1281 5824 exercebat.
1295 5755 1368 5802 sic
1389 5753 1436 5799 iu
1472 5756 1645 5824 Evang.
1674 5756 1983 5824 ιᾳιιιηιιτιοι.

418 5811 918 5893 i';iiiifitiiib'qiti’
934 5818 1146 5890 procedit
1168 5818 1232 5869 ad
1254 5816 1442 5883 faucem
1461 5811 1678 5862 occidere
1700 5811 1949 5860 hominem.

1643 348 1691 403 Β.
1740 346 2094 405 Αιιαιῖετιθιι
2138 348 2427 407 EPlSCOPI

3575 352 3684 415 655

2119 480 2267 518 suam
2291 466 2483 522 Paulus
2503 469 2771 538 apostolus
2794 509 2809 527 .
2833 468 3015 524 dicens
3034 510 3049 528 .
3076 467 3172 537 Qui
3193 469 3330 538 prius
3351 471 3427 542 fui
3448 469 3684 541 blasphe-

2117 571 2226 608 ntus
2249 567 2293 609 et
2325 569 2603 617 persecutor
2626 570 2670 614 et
2696 561 2967 633 injuriosus
2988 566 3011 616 !
3033 563 3285 617 Euuntiet
3305 563 3463 615 vitam
3485 577 3633 616 suam
3662 579 3678 616 τ

2117 646 2223 701 Sed
2260 650 2651 706 misericordiam
2684 665 2974 709 consecutus
3000 672 3110 709 sum
3147 652 3208 726 (1
3259 653 3396 708 Tim.
3444 669 3495 720 ι,
3546 656 3613 709 13
3635 655 3673 722 ).

2114 738 2422 796 Enuntiavit
2445 744 2603 797 vitam
2645 760 2793 800 suam
2818 787 2832 810 ,
2872 761 2977 801 non
3017 746 3155 810 sibi,
3188 744 3279 801 sed
3305 744 3379 800 illi
3409 762 3423 799 :
3450 746 3574 815 quia
3601 746 3681 801 sic

2112 832 2407 887 enuntiavit
2431 843 2485 887 ιιι
2516 835 2588 890 illi
2618 835 2956 902 crederetur;
2987 850 3094 891 non
3130 835 3195 890 ad
3227 836 3369 889 luem
3411 848 3503 888 sua
3528 877 3544 897 ,
3584 836 3679 890 sed

2111 922 2175 975 ad
2200 923 2342 977 lucra
2374 924 2531 979 illius.
2559 926 2694 995 Quid
2722 928 2861 982 enim
2886 927 2961 982 ait
2986 927 3100 998 ipse
3125 927 3318 982 Paulus
3337 927 3362 980 ?
3381 924 3508 980 Ideo
3527 924 3680 980 Chri-

2110 1025 2215 1069 stus
2240 1028 2463 1072 mortuus
2491 1030 2562 1073 est
2585 1029 2634 1074 et
2656 1020 2924 1074 resurrexit
2945 1061 2958 1082 ,
2986 1030 3046 1089 ut
3073 1022 3157 1091 qui
3181 1021 3294 1074 vivit
3310 1022 3420 1091 jam
3451 1036 3551 1072 non
3584 1019 3684 1072 sibi

2108 1107 2267 1173 vivat,
2295 1109 2382 1161 sed
2402 1109 2448 1162 ei
2467 1111 2549 1177 qui
2565 1126 2655 1178 pro
2676 1111 2902 1165 omnibus
2921 1120 3143 1165 mortuus
3163 1120 3234 1164 cst
3259 1110 3323 1179 (Il
3343 1108 3457 1165 Cor.
3483 1125 3533 1174 v,
3567 1111 3677 1178 15).

2110 1195 2165 1251 Si
2195 1212 2321 1267 ergo
2348 1200 2477 1253 vivis
2496 1240 2511 1265 ,
2540 1211 2594 1254 et
2624 1216 2727 1254 non
2754 1217 2781 1254 a
2811 1211 2862 1257 te
2891 1202 3021 1256 vivis
3047 1243 3062 1267 ,
3108 1203 3230 1270 quia
3263 1210 3321 1254 ut
3351 1203 3559 1255 viveres
3586 1201 3684 1255 ille

2110 1288 2383 1355 przcslitit,
2415 1292 2629 1343 enuntia
2674 1292 2832 1345 vitam
2878 1300 3016 1345 tuam
3044 1333 3059 1358 ,
3105 1306 3208 1346 non
3254 1292 3385 1358 tibi,
3425 1292 3520 1346 sed
3561 1291 3678 1355 illi;

2108 1392 2210 1430 non
2242 1387 2326 1431 tua
2353 1394 2595 1449 quaerens
2617 1421 2632 1445 ,
2661 1396 2763 1435 nou
2811 1381 2900 1434 tibi
2944 1382 3125 1436 vivens
3152 1422 3167 1446 ,
3213 1381 3306 1435 sed
3342 1383 3390 1435 ei
3428 1381 3517 1450 qui
3568 1396 3673 1449 pro

2106 1468 2353 1522 omnibus
2381 1479 2617 1524 mortuus
2641 1481 2741 1525 est.
2773 1471 2978 1525 Etenim
3007 1469 3072 1526 de
3091 1470 3403 1541 quibusdam
3431 1471 3680 1540 reprobis

2104 1561 2228 1629 quid
2254 1561 2326 1615 ait
2353 1561 2490 1617 idem
2540 1563 2864 1631 Apostolus?
2906 1561 3092 1618 Omnes
3131 1563 3259 1615 enim
3292 1578 3383 1614 sua
3421 1572 3674 1631 qntvrmtt,

2105 1669 2203 1706 non
2224 1668 2334 1722 qum
2354 1652 2478 1708 Jesu
2498 1652 2683 1709 Christi
2716 1652 2736 1726 (
2762 1652 2991 1725 Philipp.
3022 1671 3056 1709 ιι
3078 1697 3093 1716 ,
3122 1653 3185 1709 ει
3218 1655 3259 1724 ).
3284 1654 3339 1710 Si
3388 1662 3672 1724 propterea

2105 1746 2350 1799 cnuntias
2380 1746 2537 1800 vitam
2570 1755 2710 1800 tuam
2740 1756 2797 1801 ut
2823 1747 2912 1801 tibi
2942 1747 3138 1814 prosit,
3171 1756 3223 1801 et
3251 1746 3380 1817 aliis
3405 1761 3673 1816 nonpro—

2106 1836 2171 1888 sit
2198 1875 2214 1901 ,
2246 1835 2337 1889 tibi
2363 1836 2506 1890 illam
2522 1836 2764 1892 cuuntias
2781 1877 2797 1903 ,
2821 1852 2923 1890 non
2951 1836 3058 1891 Deo
3084 1853 3098 1888 :
3126 1836 3168 1890 si
3195 1845 3369 1889 autem
3397 1836 3481 1889 sic
3496 1851 3672 1888 enmi—

2105 1927 2204 1980 tias
2228 1926 2387 1980 vitam
2419 1937 2560 1980 tuam
2588 1969 2603 1993 ,
2635 1937 2693 1982 ut
2717 1927 2849 1983 alios
2874 1928 3032 1983 etiam
3078 1928 3267 1983 invites
3303 1926 3368 1981 ad
3407 1928 3671 1997 atccipien-

2102 2016 2222 2070 dam
2260 2017 2421 2071 vitam
2466 2002 2623 2088 quam
2660 2027 2715 2073 et.
2768 2027 2821 2072 tu
2872 2017 3164 2088 accepisti,
3214 2018 3462 2073 enuntias
3511 2019 3670 2071 vitam

2104 2120 2243 2161 tuam
2274 2108 2348 2163 illi
2378 2124 2407 2162 a
2437 2123 2543 2180 quo
2567 2110 2814 2180 accepisti
2844 2152 2859 2176 ,
2888 2119 2941 2164 et
2968 2109 3187 2165 habebis
3222 2108 3521 2164 mercedem
3553 2124 3669 2163 am-

2102 2202 2324 2272 pliorem
2350 2243 2365 2267 ,
2391 2202 2511 2271 quia
2544 2210 2599 2258 et
2622 2217 2687 2257 ex
2712 2216 2778 2257 eo
2819 2200 2961 2271 quod
2995 2200 3247 2270 accepisti
3288 2215 3391 2253 non
3435 2199 3671 2269 ingratus

2099 2294 2367 2349 exstitisti.
2415 2280 2754 2361 Deus,vitam
2792 2310 2953 2347 meum
2995 2293 3246 2347 enuntiavi
3282 2292 3387 2346 tibi.
3444 2290 3670 2345 Posuisti

2099 2385 2349 2454 lacrymas
2370 2401 2503 2439 meas
2532 2385 2584 2438 in
2613 2393 2879 2454 conspectu
2916 2394 3022 2437 tuo.
3056 2381 3327 2437 Exaudisti
3356 2396 3438 2436 me
3481 2381 3671 2450 depre-

2097 2488 2304 2529 cantem
2335 2484 2402 2529 te.
2437 2473 2580 2529 Sicut
2604 2475 2719 2528 etin
2744 2473 3126 2544 repromissione
3149 2482 3253 2525 tua.
3273 2470 3419 2538 Quia,
3438 2470 3515 2526 sic
3549 2485 3671 2540 pro-

2098 2566 2318 2619 miseras
2345 2607 2359 2631 ,
2388 2565 2487 2619 hoc
2511 2565 2684 2635 egisti.
2720 2564 2904 2618 Dixisti
2934 2573 2984 2618 te
3008 2562 3380 2618 exauditurum
3407 2561 3621 2617 [lentem
3651 2578 3667 2614 :

2097 2656 2333 2720 credidi,
2362 2655 2521 2723 flevi,
2555 2656 2836 2712 exauditus
2859 2668 3015 2718 sum;
3050 2652 3225 2709 inveni
3271 2663 3322 2707 te
3363 2652 3674 2707 misericor-

2096 2748 2218 2803 dem
2249 2736 2299 2802 iu
2334 2747 2751 2818 repromittcndo
2775 2789 2790 2814 ,
2816 2760 3057 2801 vcraccm
3095 2746 3149 2799 in
3183 2743 3474 2799 reddendo.
3520 2742 3674 2799 Sicut

2094 2850 2141 2893 et
2161 2838 2213 2892 in
2233 2839 2617 2910 repromissione
2646 2848 2752 2891 tua.

2167 2932 2254 2989 13.
2295 2928 2319 3005 [
2342 2945 2469 2985 vers.
2500 2927 2622 3002 10.]
2645 2929 3005 2984 Convertuntur
3027 2925 3218 2981 inimici
3241 2925 3337 2978 mei
3365 2934 3669 2978 retrorsum.

2095 3025 2208 3079 Hoc
2237 3022 2363 3095 ipsis
2387 3020 2625 3092 prodest,
2652 3035 2757 3073 non
2788 3019 2924 3073 male
2948 3016 3054 3072 illis
3079 3023 3228 3086 optat
3254 3032 3270 3071 :
3301 3014 3499 3070 etenim
3530 3028 3669 3082 pne-

2093 3115 2282 3169 cedere
2310 3114 2493 3166 volunt
2518 3152 2533 3175 ,
2561 3109 2680 3164 ideo
2701 3107 2894 3178 corrigi
2924 3106 3128 3162 nolunt.
3167 3103 3353 3159 Mones
3390 3102 3668 3158 inimicum

2094 3214 2240 3259 tuum
2274 3212 2330 3257 ut
2362 3202 2495 3256 bene
2522 3201 2701 3267 vivat,
2728 3208 2786 3253 ut
2809 3212 2869 3254 se
2892 3199 3157 3268 corrigat:
3205 3196 3294 3252 ille
3332 3194 3623 3253 contemnit
3644 3235 3665 3259 ,

2096 3296 2186 3349 ille
2211 3294 2413 3365 respuit
2436 3292 2651 3349 verbum
2680 3303 2828 3346 tuum
2857 3309 2871 3345 :
2896 3291 3032 3346 Ecce
3051 3291 3138 3362 qui
3168 3303 3256 3345 me
3277 3297 3462 3344 monet
3483 3329 3500 3353 ,
3526 3303 3666 3344 ecce

2091 3402 2121 3440 a
2144 3402 2246 3455 quo
2271 3384 2548 3438 atnliturus
2571 3396 2687 3436 sum
2715 3391 2977 3453 prmcepta
3003 3380 3196 3449 quibus
3212 3380 3389 3434 vivam
3413 3378 3427 3433 ι
3458 3379 3670 3434 [lt-wee-

2091 3476 2218 3529 dere
2246 3484 2296 3529 te
2322 3474 2432 3527 vult
2453 3515 2468 3538 ,
2496 3481 2550 3527 et
2572 3470 2922 3542 pra‘eedendo
2948 3485 3055 3525 non
3084 3470 3389 3541 corrigitur.
3436 3468 3551 3524 Non
3574 3479 3665 3523 at.

2094 3565 2264 3620 tendit
2289 3564 2410 3634 quia
2436 3564 2597 3617 verba
2629 3571 2716 3616 tua
2739 3575 2845 3616 non
2866 3570 2991 3616 sunt
3016 3570 3135 3625 tua;
3163 3573 3270 3614 non
3290 3558 3509 3613 attendit
3532 3559 3669 3630 quia

2091 3659 2248 3710 vitam
2281 3665 2426 3709 tuam
2459 3654 2567 3709 Deo
2588 3654 2832 3708 enuntias
2854 3693 2870 3719 ,
2893 3667 2997 3706 non
3013 3650 3127 3706 tibi.
3148 3649 3507 3706 Prtccedeado
3527 3663 3669 3720 ergo

2091 3763 2196 3802 non
2223 3747 2505 3817 corrigitur
2529 3763 2542 3800 :
2570 3747 2767 3799 bonum
2794 3752 2877 3798 est
2906 3743 2983 3798 illi
3011 3750 3069 3797 ut
3094 3749 3437 3798 convertatur
3460 3751 3669 3795 retror-

2089 3856 2206 3894 sum
2231 3882 2245 3905 ,
2277 3848 2328 3895 et
2348 3854 2504 3909 quem
2530 3837 2829 3907 prmcedere
2851 3835 3063 3890 volebat
3099 3832 3371 3904 sequatur.
3402 3834 3668 3889 Dominus

2088 3930 2154 3986 de
2179 3930 2426 4000 passione
2452 3942 2544 3982 sua
2567 3927 2735 3981 futura
2764 3924 3040 3994 discipulis
3069 3923 3384 3994 loquebatur
3404 3961 3421 3987 ,
3448 3921 3656 3976 exhor-

2088 4024 2193 4078 ruit
2220 4025 2403 4079 Petrus
2429 4064 2442 4083 ,
2469 4030 2520 4074 et
2548 4020 2658 4084 ait,
2701 4017 2877 4083 Absit,
2922 4015 3133 4070 Domine
3158 4057 3172 4079 ,
3215 4031 3314 4069 non
3355 4015 3439 4083 ﬁet
3477 4015 3613 4068 istud
3639 4031 3665 4069 :

2086 4115 2175 4184 qui
2202 4112 2357 4182 paqu
2380 4119 2499 4165 ante
2525 4111 2767 4174 dixerat,
2795 4106 2875 4161 Tu
2899 4123 2952 4161 es
2973 4105 3198 4160 Christus
3227 4094 3391 4158 Filius
3416 4103 3505 4156 Dei
3524 4104 3620 4157 vivi
3643 4144 3669 4164 .

2086 4203 2358 4259 confessus
2388 4202 2553 4256 Deum
2578 4242 2592 4267 ,
2622 4199 2794 4253 timuit
2830 4211 2950 4251 eum
2993 4196 3127 4250 mori
3167 4194 3316 4265 missi
3364 4193 3662 4255 hominem.

2088 4295 2340 4349 Dominus
2368 4301 2543 4346 autem
2574 4290 2661 4358 qui
2692 4288 2769 4343 sic
2794 4297 3015 4342 venerat
3043 4295 3101 4340 ut
3128 4293 3432 4354 pateretur,
3483 4300 3668 4355 neque

2086 4388 2225 4443 enim
2252 4386 2403 4440 aliter
2423 4382 2555 4437 salvi
2585 4395 2704 4437 esse
2744 4384 3021 4450 possemus
3045 4420 3060 4444 ,
3104 4377 3204 4431 nisi
3246 4376 3362 4445 ejus
3400 4377 3668 4446 sanguine

2088 4481 2473 4536 redimeremur
2491 4517 2504 4541 ,
2536 4474 2690 4546 paulo
2705 4483 2829 4527 ante
2851 4470 3236 4526 confessionem
3263 4466 3404 4522 Petri
3433 4468 3451 4499 ¹
3478 4467 3670 4522 lauda-

2087 4582 2235 4629 verat
2260 4580 2276 4640 ‘,
2305 4583 2358 4626 et
2381 4571 2586 4624 dixerat
2610 4584 2624 4621 :
2657 4565 2787 4634 Quia
2808 4579 2904 4617 non
2927 4564 3014 4616 tibi
3031 4577 3150 4615 caro
3172 4569 3220 4615 et
3238 4559 3443 4630 sanguis
3461 4559 3667 4613 revela-

2086 4666 2149 4718 vit
2166 4656 2284 4730 hoc,
2309 4660 2395 4715 sed
2417 4659 2570 4715 Pater
2589 4673 2725 4710 meus
2744 4654 2828 4726 qui
2853 4655 2903 4707 in
2926 4652 3062 4712 caelis
3081 4661 3172 4706 est.
3211 4649 3489 4718 Propterea
3514 4658 3567 4702 tu
3602 4666 3670 4703 es

2087 4757 2270 4811 Petrus
2293 4796 2307 4818 ,
2363 4762 2407 4807 et
2450 4754 2600 4821 super
2638 4751 2784 4802 istaut
2832 4756 3023 4817 petram
3068 4742 3328 4812 wdrﬁcabo
3373 4740 3665 4795 Ecclesia»:

2086 4863 2247 4901 meant
2270 4886 2286 4911 ,
2314 4854 2358 4897 et
2379 4851 2537 4914 porta:
2557 4840 2835 4909 inferorum
2880 4844 2978 4890 non
3001 4837 3196 4889 vincent
3214 4848 3323 4887 eam
3346 4841 3434 4896 ;et
3453 4832 3543 4887 tibi
3561 4833 3669 4885 da-

2088 4940 2147 4994 bo
2171 4938 2333 4991 claves
2354 4932 2493 5005 regni
2518 4931 2774 4986 calorum.
2805 4926 2991 4981 Videte
3013 4922 3456 4995 quemadmodum
3479 4936 3685 4992 prose-

2086 5043 2239 5089 cutus
2263 5038 2344 5083 est
2367 5026 2755 5082 confessionem
2796 5034 3013 5085 veram,
3050 5018 3221 5087 piam,
3261 5015 3473 5085 plenam
3513 5013 3670 5069 ﬁdu-

2086 5126 2182 5179 ciae
2202 5165 2217 5188 ,
2239 5120 2360 5191 quia
2384 5119 2549 5181 dixit,
2577 5113 2655 5170 Tu
2705 5130 2758 5169 es
2787 5112 3011 5167 Christus
3038 5108 3201 5164 Filius
3241 5106 3336 5163 Dei
3368 5107 3483 5161 vivi.
3509 5107 3667 5161 Con-

2089 5216 2233 5269 tinuo
2254 5219 2428 5265 autem
2447 5208 2532 5261 ubi
2553 5207 2718 5274 cmpit
2741 5203 2881 5272 loqui
2910 5200 3162 5256 Dominus
3180 5197 3246 5254 de
3264 5197 3512 5268 passione
3532 5212 3668 5266 sua,

2088 5306 2256 5361 timuit
2284 5304 2371 5357 ille
2399 5315 2466 5355 ne
2496 5299 2689 5369 periret
2714 5293 3007 5359 moriendo,
3036 5307 3156 5347 cum
3186 5290 3286 5361 ipsi
3312 5303 3410 5344 nos
3448 5288 3669 5358 ρει-ἰτε-

2088 5412 2205 5453 mus
2234 5394 2332 5450 nisi
2359 5394 2444 5450 ille
2487 5400 2816 5451 moreretur;
2865 5394 2919 5441 et
2957 5386 3049 5452 ait,
3085 5385 3245 5450 Absit,
3283 5381 3512 5446 Domine,
3551 5397 3669 5438 non

2087 5492 2172 5559 [iet
2213 5487 2364 5542 istud.
2416 5482 2483 5539 Et
2524 5480 2777 5537 Dominus
2820 5479 2916 5542 illi,
2959 5478 3042 5532 cui
3081 5475 3235 5546 paido
3274 5484 3397 5529 ante
3423 5474 3689 5541 dixerat,

2087 5581 2275 5637 Beatus
2308 5595 2378 5643 es,
2415 5586 2460 5629 et
2498 5589 2648 5644 super
2676 5572 2805 5626 hanc
2842 5581 3035 5642 petram
3075 5570 3331 5623 mitiﬁcet-tt
3374 5565 3670 5625 Ecclesium

2090 5690 2269 5732 meum,
2305 5669 2446 5730 Redi,
2479 5665 2668 5734 inquit,
2694 5671 2825 5717 retro
2843 5672 3065 5728 satanas,
3097 5677 3390 5715 uenantum
3415 5656 3540 5713 mihi
3568 5675 3614 5711 et
3637 5676 3661 5725 ;

2157 5807 2172 5837 ι
2207 5805 2278 5852 sic
2301 5778 2403 5851 uss.
2424 5807 2477 5851 Αι
2499 5797 2631 5857 ειιιιη
2660 5802 2861 5847 Petrum.
2891 5802 2896 5807 '
