4022 6200
303 359 405 418 657

301 476 479 542 Quare
503 485 630 541 ergo
667 480 898 536 satanas,
929 467 1017 538 qui
1054 464 1206 536 paulo
1241 470 1365 517 ante
1387 459 1572 516 beatus
1595 468 1648 514 et
1684 455 1874 526 petra?

302 564 425 620 Non
445 565 578 618 enim
597 561 733 632 sapis
758 575 869 629 quia
895 559 989 611 mei
1008 566 1143 618 sunt,
1161 554 1253 617 ait,
1283 551 1371 607 sed
1394 565 1506 621 qua
1523 558 1639 604 sunt
1659 546 1872 602 hominis

300 657 515 727 (Matth.
545 669 654 719 xvi,
687 650 883 722 lli-25).
907 647 1070 704 Paulo
1094 655 1215 700 ante
1240 659 1357 712 qua!
1389 641 1482 697 Dei
1499 641 1644 711 :qttia
1668 655 1767 692 non
1786 652 1868 690 re-

300 747 483 801 uelauit
501 745 729 798 tibi-caro
764 738 1042 810 etsanguis,
1077 735 1163 790 sed
1196 733 1352 787 Patcr
1381 747 1520 787 meus
1547 729 1629 800 qui
1656 729 1710 783 in
1734 728 1870 781 cretis

296 853 390 895 est.
419 836 639 907 Quando
661 836 711 888 in
737 835 843 888 Deo
869 830 1115 885 laudabat
1141 841 1462 892 sermonem,
1501 839 1606 878 non
1635 833 1868 887 satanas,

295 931 391 986 sed
423 931 612 984 Petrus
630 942 662 982 a
681 936 825 995 petra
849 940 864 977 :
887 920 1097 991 quando
1116 927 1291 973 autem
1312 933 1341 970 a
1366 931 1444 976 se,
1472 925 1526 970 et
1553 930 1616 968 ex
1642 912 1868 966 humana

296 1021 628 1083 infirmitate,
645 1031 826 1072 amore
847 1011 1074 1067 hominis
1087 1008 1304 1070 carnali,
1332 1005 1472 1078 quod
1495 1002 1870 1073 impedimento

296 1123 446 1169 esset
473 1110 629 1166 saluti
660 1108 823 1178 ipsius
848 1115 900 1160 et
941 1111 1276 1164 cmterorum,
1320 1107 1530 1152 satanas
1555 1094 1729 1148 dictus
1766 1100 1867 1145 est.

294 1203 516 1272 Quare?
567 1201 696 1268 Quia
744 1196 1042 1268 prmcedcre
1087 1192 1364 1246 Dominum
1394 1187 1622 1250 volebat,
1665 1192 1718 1238 et
1742 1183 1869 1236 Duci

294 1294 503 1352 caelesti
525 1302 791 1348 terrenum
827 1289 955 1344 dare
983 1283 1282 1342 consilium.
1311 1281 1471 1345 Absit,
1507 1277 1736 1338 Domine,
1771 1291 1871 1328 non

298 1388 384 1456 ﬁet
409 1384 567 1440 istud.
611 1383 772 1447 Dicis,
825 1379 998 1442 Absit;
1041 1387 1096 1429 et
1133 1375 1285 1437 dicis,
1319 1371 1530 1424 Domine
1560 1384 1577 1421 :
1616 1367 1794 1435 utique
1824 1364 1868 1418 si

295 1455 554 1532 Dominus
583 1483 682 1537 est,
725 1477 987 1542 potestate
1026 1467 1148 1520 facit
1173 1481 1206 1539 ς’
1228 1466 1270 1516 si
1301 1461 1548 1531 magister
1576 1468 1676 1522 est,
1725 1455 1870 1511 norit

294 1569 421 1644 quid
457 1568 629 1633 faciat,
678 1567 819 1618 novlt
847 1560 971 1631 quid
999 1559 1204 1613 doceat.
1250 1554 1328 1609 Tu
1354 1562 1528 1607 autem
1560 1552 1636 1604 vis
1676 1550 1869 1604 ducere

295 1639 508 1721 ducem,
563 1657 755 1716 docere
788 1652 1115 1730 magistrum,
1148 1647 1336 1717 jubere
1363 1643 1608 1704 Domino,
1649 1639 1865 1710 optate‘

297 1753 408 1806 Deo
441 1769 454 1805 :
487 1749 706 1803 multum
732 1742 1007 1814 praecedis,
1037 1740 1141 1793 rcdi
1183 1747 1334 1792 retro.
1377 1732 1638 1803 Numquid
1676 1747 1777 1786 non
1815 1738 1868 1783 et

297 1845 412 1898 istis
447 1840 673 1895 inimicis
709 1838 808 1892 hoc
831 1832 1115 1905 proderat?
1159 1829 1521 1886 Convertuntur
1553 1823 1745 1877 inimici
1770 1822 1866 1874 mei

293 1947 564 1989 retrorsum
597 1946 616 1985 :
641 1931 733 1984 sed
765 1944 867 1982 non
908 1930 1216 1980 remaneant
1245 1929 1554 1975 retrorsum.
1598 1916 1720 1970 Ideo
1739 1930 1868 1968 con-

295 2035 571 2082 vertantur
598 2031 906 2082 retrorsum,
956 2033 1021 2071 ne
1060 2013 1390 2084 pra-cedant;
1434 2009 1526 2064 sed
1557 2017 1612 2064 ut
1637 2020 1865 2076 sequan-

293 2131 402 2182 tur,
437 2133 540 2171 non
574 2123 630 2168 ut
663 2117 987 2168 remaneant.
1029 2105 1389 2161 Convertuntur
1423 2099 1612 2154 inimici
1654 2097 1750 2151 mei
1788 2112 1868 2149 re-

291 2222 530 2265 (rursum.

367 2305 454 2356 16.
501 2298 563 2352 lu
595 2310 903 2366 quacumque
925 2292 1006 2344 die
1029 2291 1316 2343 invocavcro
1352 2295 1416 2349 te,
1456 2299 1567 2338 ecce
1594 2282 1712 2336 scivi
1731 2296 1861 2350 quo-

290 2398 430 2450 ninm
464 2392 599 2446 Dens
638 2405 772 2442 mens
801 2403 849 2440 es
875 2396 945 2438 tu.
975 2383 1157 2451 Magna
1179 2379 1429 2433 scientia!
1460 2375 1571 2429 Non
1601 2373 1692 2434 ait,
1724 2371 1867 2427 Seivi

289 2488 412 2557 quia
458 2485 598 2539 Deus
626 2497 724 2543 es;
767 2477 879 2537 sed.
928 2475 1046 2546 quia
1075 2472 1208 2528 Deus
1238 2485 1374 2523 meus
1412 2485 1462 2521 es
1489 2476 1560 2518 tu.
1602 2465 1747 2518 Tuus
1783 2471 1868 2518 est

289 2553 456 2640 eiiini,
503 2589 623 2628 cum
669 2571 758 2625 tibi
814 2566 1094 2629 subvenit;
1137 2571 1256 2618 tuus
1285 2569 1390 2625 est,
1431 2573 1548 2612 cum
1580 2566 1634 2610 tu
1670 2556 1736 2608 ab
1774 2553 1866 2608 illo

290 2671 501 2724 alienus
529 2681 631 2718 non
657 2673 735 2717 es.
792 2659 942 2716 Unde
975 2656 1166 2712 dicitur
1194 2671 1205 2705 :
1242 2651 1426 2705 Beatus
1453 2647 1692 2717 populus,
1721 2647 1866 2717 cujus

290 2774 362 2818 est
387 2760 632 2814 Dominus
657 2755 790 2809 Deus
819 2752 999 2822 ipsius.
1024 2748 1218 2816 Quare,
1241 2745 1387 2812 cujus
1411 2741 1516 2797 est?
1549 2739 1699 2806 cujus
1724 2738 1864 2792 enim

293 2871 399 2909 non
425 2851 542 2906 est?
567 2846 813 2902 Omnium
843 2841 1054 2912 quidem
1086 2839 1225 2892 Deus
1243 2846 1324 2890 est
1353 2851 1366 2887 :
1399 2832 1488 2886 sed
1521 2847 1702 2885 eorum
1730 2830 1867 2883 Deus

291 2945 506 3016 proprie
535 2940 746 3002 dicitur,
800 2936 886 3005 qui
930 2948 1051 2989 eum
1097 2929 1338 2997 diligunt,
1387 2925 1474 2994 qui
1513 2940 1631 2977 eum
1664 2932 1863 2984 tenent,

291 3013 564 3108 qui'illum
615 3029 915 3101 possident,
961 3024 1047 3094 qui
1077 3023 1221 3077 illum
1249 3021 1462 3079 colunt;
1505 3026 1750 3084 tanquam
1800 3013 1868 3068 de

292 3106 456 3184 domo
519 3125 702 3195 ipsius,
758 3131 946 3188 magna
995 3123 1118 3168 sunt
1170 3110 1363 3166 familia
1414 3109 1550 3178 ejus,
1611 3106 1864 3173 redempti

294 3237 489 3292 magno
537 3216 791 3288 sanguine
843 3210 980 3266 unici
1023 3207 1164 3262 Filii.
1221 3204 1486 3270 Quantum
1528 3200 1674 3256 dedit
1717 3199 1868 3254 nobis

294 3319 458 3381 Deus,
510 3323 564 3367 ut
594 3310 757 3380 ipsius
785 3317 1023 3361 essemus
1048 3311 1102 3356 et
1138 3301 1248 3370 ipse
1280 3300 1346 3351 sit
1383 3297 1598 3351 noster!
1649 3297 1714 3348 At
1741 3310 1868 3346 vero

292 3406 606 3480 alienigena:
635 3402 784 3467 longe
811 3395 931 3450 facti
957 3408 987 3447 a
1015 3391 1230 3454 sanctis,
1283 3387 1373 3442 filii
1400 3386 1555 3441 alieni
1596 3395 1738 3442 sunt.
1768 3383 1862 3438 Vi-

294 3473 573 3563 dete'quid
610 3490 675 3546 de
705 3488 808 3544 illis
837 3485 1042 3539 dicatur
1087 3481 1139 3535 in
1186 3478 1291 3533 alio
1339 3477 1539 3546 psalmo
1573 3493 1585 3527 :
1635 3473 1865 3539 Domine,

295 3590 456 3644 libera
486 3600 582 3647 me,
611 3582 702 3642 ait,
732 3579 792 3632 de
816 3591 967 3630 manu
995 3573 1217 3643 ﬁliorum
1246 3569 1542 3630 alienorum,
1569 3582 1778 3632 quorum
1815 3581 1869 3618 os

295 3682 522 3735 locutum
545 3683 616 3728 est
636 3671 924 3728 vanitatem,
954 3674 998 3720 et
1024 3663 1228 3717 dextera
1258 3676 1427 3714 eorum
1461 3659 1664 3710 dextera
1689 3656 1872 3724 iniqui-

295 3772 434 3826 tatis.
483 3767 552 3822 Et
595 3763 713 3819 vide
744 3757 1071 3816 altitudinem
1116 3754 1368 3822 ipsorum,
1415 3748 1508 3805 sed
1540 3745 1868 3800 altitudinem

295 3862 433 3926 diei,
483 3858 534 3913 id
585 3864 666 3910 est
715 3849 1015 3920 superbiam
1071 3841 1436 3912 temporalem.
1509 3839 1736 3905 Quorum
1778 3837 1871 3904 ﬁlii

296 3967 494 4007 eorum.
528 3946 714 4015 inquit,
762 3942 886 3996 sicut
920 3934 1128 3990 novella:
1165 3931 1513 3990 constubilitaz,
1545 3928 1666 3996 filia:
1699 3942 1873 3980 eorum

296 4054 493 4100 ornata:
514 4051 563 4094 ut
583 4033 857 4094 similitudo
884 4029 1073 4098 templi.
1103 4025 1423 4080 Felicitatem
1457 4020 1704 4075 describit
1732 4034 1870 4086 prio-

296 4136 468 4192 sentis
498 4131 695 4194 surculi,
743 4129 794 4181 in
831 4139 931 4193 qua
981 4127 1218 4176 errantes
1269 4115 1510 4169 homines
1550 4121 1604 4166 et
1631 4127 1746 4164 eam
1779 4124 1874 4179 pro

297 4243 498 4299 magno
528 4223 802 4282 habentes,
835 4214 1136 4270 felicitatem
1175 4225 1351 4264 veram
1396 4207 1874 4279 sempiternamtpie

298 4295 415 4375 non
437 4322 700 4386 quzeruut.
732 4309 855 4366 lude
884 4321 1010 4376 ergo
1038 4304 1122 4358 isti
1155 4301 1243 4355 ﬁlii
1275 4298 1452 4359 alicui,
1487 4312 1588 4350 non
1622 4296 1708 4348 filii
1743 4295 1830 4347 1)ιεί
1858 4311 1869 4346 :

299 4415 534 4478 Quorum
565 4405 658 4473 {illi
685 4416 876 4463 eorum,
907 4397 1093 4466 inquit,
1122 4395 1248 4446 sicut
1280 4391 1486 4444 novella:
1525 4386 1872 4448 constabilitaz,

297 4503 427 4571 ﬁlia:
467 4512 638 4551 eorum
683 4502 875 4548 ornata:
925 4489 1052 4543 sicut
1090 4483 1365 4540 similitudo
1411 4481 1626 4549 templi:
1673 4479 1877 4532 cellaria

299 4607 482 4647 coriam
524 4589 691 4654 plena,
737 4580 1017 4637 eructantia
1046 4593 1108 4632 ea:
1138 4575 1232 4628 hoc
1266 4574 1318 4626 in
1355 4573 1447 4624 huc
1478 4587 1494 4624 :
1540 4571 1682 4623 boves
1707 4585 1878 4622 eorum

299 4684 488 4746 cxttssi,
529 4695 639 4735 oves
665 4691 837 4732 eorum
869 4672 1114 4740 fecundis.
1163 4663 1549 4734 multiplicantes
1578 4662 1629 4714 in
1666 4661 1878 4714 exitibus

299 4778 412 4833 suis
445 4791 462 4830 :
513 4788 613 4826 non
647 4779 719 4823 est
757 4767 904 4820 ruina
937 4759 1166 4816 maceria:
1217 4771 1378 4824 neque
1419 4755 1678 4814 transitus,
1726 4767 1882 4820 neque

297 4873 503 4926 clamor
540 4866 593 4916 in
632 4860 807 4931 plateis
851 4870 1042 4909 eorum.
1097 4852 1158 4905 Et
1194 4847 1318 4918 quid
1349 4844 1628 4915 sequitur?
1673 4841 1882 4896 Beatum

299 4951 816 5023 dixerunt/papillam
841 4946 923 4999 cui
954 4944 1058 4996 lucc
1078 4932 1213 4994 sunt.
1245 4937 1349 4993 Sed
1375 4937 1463 5006 qui
1485 4932 1762 4989 dixerunt?
1793 4932 1879 4986 Fi-

299 5056 364 5111 lii
390 5049 567 5107 alicni,
609 5058 820 5114 quorum
849 5055 904 5092 os
937 5037 1158 5088 locutum
1199 5040 1268 5084 est
1311 5030 1579 5083 vanitatem
1635 5025 1714 5082 Tu
1759 5026 1883 5095 quid

297 5146 480 5202 dit-is?
517 5141 700 5194 Beatus
730 5135 964 5206 populus,
1007 5133 1152 5201 cujus
1179 5136 1251 5181 est
1281 5125 1526 5179 Dominus
1562 5121 1700 5176 Deus
1729 5122 1885 5189 ipsius

301 5237 484 5309 (Psal.
512 5248 691 5293 cxuu,
735 5227 957 5294 ll-l5).
1002 5223 1146 5278 Tulit
1175 5219 1351 5274 omnia
1384 5218 1453 5272 de
1491 5216 1666 5270 Inedia
1693 5225 1886 5269 caetera

301 5307 434 5401 quae
457 5333 548 5380 dat
585 5329 740 5386 Deus,
783 5329 838 5378 et
861 5317 1006 5374 dedit
1032 5316 1204 5382 ipsum
1231 5312 1418 5366 Deum.
1465 5307 1652 5364 Omnia
1694 5307 1889 5376 quippe

306 5396 428 5481 illa,
477 5419 686 5480 fratres,
735 5426 851 5482 (pne
888 5411 1367 5463 commemorarent
1393 5400 1486 5456 filii
1510 5399 1705 5463 alicui,
1753 5396 1889 5450 Deus

305 5514 440 5574 dat;
493 5509 608 5563 sed
641 5516 695 5559 ct
739 5504 927 5557 alienis
964 5497 1074 5561 dat,
1126 5493 1220 5549 sed
1267 5501 1320 5546 et
1366 5490 1518 5545 malis
1567 5490 1678 5554 dat,
1709 5486 1801 5541 sed
1837 5495 1888 5540 et

309 5599 644 5672 blasphemis
667 5597 775 5657 dat,
806 5592 892 5662 qui
920 5590 1083 5645 solem
1110 5600 1264 5639 suum
1296 5583 1422 5638 oriri
1467 5581 1587 5635 facit
1610 5593 1766 5647 super
1793 5577 1888 5631 bo-

311 5712 424 5754 nos
440 5666 502 5748 et
530 5692 714 5750 malos,
746 5695 800 5740 et
828 5684 956 5754 pluit
981 5693 1142 5748 super
1163 5675 1330 5746 iustos
1351 5685 1404 5729 et
1433 5673 1654 5743 injustos
1680 5666 1886 5741 (Matth.

396 5831 412 5863 ⁸
448 5830 518 5877 sic
540 5833 642 5875 uss.
668 5829 721 5870 At
741 5818 875 5874 ειμι,
897 5813 1140 5877 imperare.
1187 5858 1191 5862 .

1425 341 1814 401 ENARDATIO
1845 340 1906 395 IN
1947 340 2261 400 PSALMUM
2289 342 2394 398 ΙΝ.

3440 343 3546 399 658

1972 471 2024 520 v,
2049 456 2164 524 45).
2198 454 2491 525 Aliquando
2514 455 2608 509 ista
2641 455 2792 511 bonis
2819 456 2928 520 dat,
2957 457 3240 526 aliquando
3269 473 3370 511 non
3412 457 3501 512 dat
3528 476 3544 522 ;

1975 557 2027 602 et
2051 547 2203 600 malis
2232 545 2512 615 aliquando
2541 545 2648 610 dat,
2689 547 2970 620 aliquando
2996 562 3098 602 nou
3122 549 3245 602 dat:
3297 551 3444 610 bonis
3469 561 3546 605 ta-

1975 656 2096 696 men
2119 651 2292 696 servat
2308 644 2556 712 seipsum,
2582 644 2732 700 malis
2751 656 2922 700 autem
2947 646 3117 712 ignem
3139 649 3538 716 settlpiternuttt.

1976 733 2069 788 Est
2112 750 2237 803 ergo
2266 735 2459 788 malum
2500 735 2638 805 quod
2669 752 2771 790 non
2800 736 2891 790 dat
2926 737 3096 802 bonis,
3148 750 3200 792 et
3242 753 3314 792 est
3347 740 3541 796 bonum

1975 825 2112 896 quod
2142 841 2245 879 non
2275 825 2366 880 dat
2387 827 2536 881 malis
2569 845 2580 879 :
2607 836 2729 880 sunt
2755 827 2994 896 quantam
3029 831 3220 894 media,
3253 842 3305 884 et
3337 831 3470 886 bona
3492 844 3546 887 et

1974 919 2133 984 mala,
2163 934 2279 986 qua:
2307 919 2398 972 dat
2421 929 2472 973 et
2498 920 2647 973 bouis
2677 929 2730 974 ct
2763 922 2932 974 malis.

2049 1011 2131 1064 l7.
2154 1008 2260 1063 Nos
2284 1024 2410 1079 ergo
2433 1011 2592 1064 Demu
2614 1025 2870 1072 amemus.
2898 1014 3083 1066 fratres
3103 1054 3117 1076 ,
3151 1031 3275 1080 puro
3303 1027 3356 1070 et
3377 1028 3540 1070 caste.

1973 1099 2086 1154 Non
2108 1110 2188 1154 est
2212 1110 2419 1154 castum.
2437 1115 2552 1164 σοι’,
2579 1103 2622 1152 si
2647 1102 2807 1155 Deum
2829 1103 2894 1156 ad
2919 1105 3216 1158 mercedem
3243 1109 3386 1161 colit.
3408 1108 3542 1174 Quid

1974 1193 2135 1262 ergo?
2166 1194 2462 1248 mercedem
2491 1194 2558 1248 de
2583 1193 2672 1247 Dei
2696 1196 2838 1249 cultu
2868 1213 2970 1250 non
3001 1197 3343 1255 habebinms‘:
3375 1202 3544 1257 llabe-
3617 1198 3620 1202 ’

1974 1284 2145 1337 bimus
2177 1284 2348 1352 plane,
2395 1283 2486 1338 sed
2533 1285 2700 1352 ipsum
2747 1285 2907 1340 Deum
2957 1303 3109 1356 quem
3156 1290 3397 1344 colitnus.
3428 1293 3543 1359 Ipse

1972 1377 2124 1430 nobis
2176 1393 2378 1430 interces
2427 1377 2545 1441 erit,
2598 1378 2718 1445 quia
2762 1378 3052 1431 videbimus
3095 1396 3212 1432 cum
3265 1383 3419 1436 sicuti
3461 1393 3543 1436 est

1974 1469 2016 1541 (Ι
2044 1469 2198 1523 Joun.
2223 1485 2297 1534 tu,
2321 1469 2396 1538 2).
2427 1469 2649 1524 Attende
2670 1472 2790 1539 quia
2818 1472 2834 1501 ι
2856 1471 3155 1525 mercedem
3179 1475 3539 1542 eon~equcris.

1973 1561 2310 1614 Amatorilms
2340 1561 2448 1614 suis
2480 1561 2728 1614 Dominus
2768 1572 2945 1615 noster
2969 1563 3122 1618 Jesus
3147 1566 3386 1619 Christus
3414 1567 3538 1636 quid

1971 1650 2130 1705 dicit?
2160 1650 2259 1715 Qui
2286 1651 2450 1720 diligit
2479 1668 2573 1712 me,
2607 1653 2845 1726 mandata
2871 1670 2980 1706 mea
3011 1657 3255 1719 custodit;
3283 1669 3327 1709 et
3355 1659 3438 1726 qui
3464 1660 3542 1710 (fi-

1973 1740 2080 1812 ligit
2122 1759 2218 1804 me,
2258 1742 2492 1812 diligetur
2524 1759 2556 1795 a
2588 1741 2738 1796 Patre
2779 1761 2906 1805 meo.
2948 1756 2992 1797 et
3033 1763 3122 1814 ego
3166 1748 3371 1816 diligunt
3407 1753 3540 1803 cuni.

1970 1835 2103 1904 Quid
2132 1835 2205 1888 illi
2228 1850 2355 1904 ergo
2380 1835 2567 1888 dabis?
2591 1833 2653 1887 Et
2683 1835 2940 1888 ostendam
2969 1839 3208 1906 meipstnn
3237 1840 3310 1891 illi
3343 1842 3358 1906 (
3384 1841 3538 1896 λυπεῖ.

1973 1945 2084 1996 Xiv,
2105 1929 2217 1998 2'5).
2241 1927 2295 1983 Si
2332 1945 2435 1982 non
2466 1944 2630 1991 amas,
2665 1943 2845 1997 parum
2878 1939 2958 1983 est
2982 1948 2994 1981 :
3021 1931 3063 1983 si
3095 1946 3259 1993 amas,
3288 1933 3331 1984 si
3364 1935 3540 2001 snSpi-

1971 2039 2076 2086 ras,
2115 2023 2159 2076 si
2195 2023 2357 2091 gratis
2385 2021 2519 2074 colis
2555 2037 2676 2075 eum
2707 2038 2734 2072 a
2762 2037 2864 2090 quo
2889 2023 3053 2090 gratis
3091 2033 3299 2091 ciuptus
3327 2040 3403 2087 es,
3438 2043 3539 2078 uno

1970 2115 2110 2169 enim
2135 2129 2254 2168 eum
2286 2125 2654 2182 promerueras
2683 2123 2738 2166 ut
2765 2123 2813 2168 te
2841 2115 3140 2176 redimeret,
3171 2116 3212 2166 si
3241 2117 3542 2168 Considera-

1971 2209 2036 2260 tis
2066 2207 2116 2260 in
2149 2216 2198 2260 te
2225 2203 2495 2260 beneflciis
2519 2205 2634 2272 ejus
2663 2204 2915 2273 suspiras,
2955 2215 3007 2258 et
3047 2205 3340 2274 inquietmn
3381 2206 3540 2258 habes

1969 2315 2062 2354 cor
2081 2292 2522 2366 desiderio‘ejus;
2553 2299 2654 2350 noli
2682 2307 2829 2351 extra
2856 2313 2977 2352 eum
3006 2298 3200 2367 aliquid
3227 2298 3293 2352 ab
3317 2315 3380 2351 eo
3399 2315 3543 2367 qua:-

1971 2406 2108 2456 rere,
2140 2389 2251 2457 ipse
2279 2388 2369 2442 tibi
2408 2386 2620 2441 sufficit.
2649 2388 3042 2456 Quantumlibet
3081 2389 3154 2441 sis
3193 2389 3401 2454 avarus,
3433 2389 3543 2443 suf~

1969 2486 2080 2540 ficit
2104 2486 2194 2540 tibi
2217 2485 2372 2538 Deus.
2400 2484 2608 2538 Etenim
2633 2483 2849 2536 avaritia
2874 2492 3068 2537 terram
3094 2483 3358 2551 maerebat
3385 2483 3544 2550 puSSi~

1969 2576 2096 2631 dere
2124 2585 2307 2641 totam,
2335 2575 2469 2630 adde
2500 2585 2553 2628 et
2581 2575 2775 2629 coelum
2798 2591 2810 2626 ε
2833 2575 2947 2642 plus
2976 2584 3056 2626 est
3083 2573 3166 2640 qui
3205 2574 3324 2625 fecit
3349 2574 3539 2625 melino

1969 2677 2022 2721 et
2049 2678 2260 2721 terram.
2289 2667 2488 2732 Dicam,
2521 2665 2707 2719 fratres
2733 2683 2744 2718 :
2780 2665 2829 2717 in
2863 2666 2974 2716 istis
3011 2664 3250 2716 humanis
3281 2664 3543 2730 conjugiis

1971 2758 2304 2812 considerate
2333 2773 2426 2810 cor
2453 2766 2654 2809 castum
2686 2756 2838 2824 quale
2871 2756 2936 2805 sit
2966 2755 3030 2806 ad
3063 2755 3243 2806 Deum.
3267 2753 3425 2807 Certe
3449 2755 3544 2806 liu-

1969 2865 2122 2904 mana
2169 2848 2411 2916 conjugia
2459 2857 2581 2899 sunt
2606 2865 2617 2896 :
2644 2862 2745 2898 non
2776 2845 2944 2914 diligit
2984 2860 3198 2898 uxorem
3253 2861 3422 2903 suam.
3453 2845 3540 2912 qui

1969 2953 2184 3011 promer
2210 2941 2385 2992 dotem
2420 2939 2561 2991 illam
2588 2937 2787 3005 diligit;
2821 2951 2923 2989 non
2964 2937 3208 2988 Itttll'llltltt
3246 2947 3389 2989 caste
3419 2935 3539 2985 dili-

1968 3033 2062 3101 git,
2094 3046 2211 3100 qua:
2253 3039 2531 3096 propterea
2571 3027 2758 3095 diligit,
2788 3027 2908 3095 quia
2950 3026 3146 3094 aliquid
3183 3028 3414 3086 donavit,
3455 3034 3544 3076 aut

1969 3125 2089 3195 quia
2118 3125 2340 3178 multum
2370 3123 2601 3177 donavit.
2625 3121 2694 3174 Et
2721 3120 2866 3174 dives
2895 3131 3134 3183 maritus,
3164 3129 3216 3172 et
3242 3134 3440 3188 panper
3465 3120 3542 3170 fa-

1970 3231 2086 3273 ctus
2138 3219 2358 3272 maritus
2395 3219 2536 3270 cst'.
2561 3217 2726 3282 Quam
2773 3214 2919 3267 multi
2970 3213 3268 3281 proscripti,
3313 3230 3338 3262 a
3384 3214 3543 3264 castis

1973 3312 2221 3364 uxoribus
2267 3310 2492 3378 amplius
2537 3308 2712 3362 dilecti
2765 3307 2925 3360 sunt?
2951 3307 3175 3359 Probata
3217 3315 3339 3358 sunt
3381 3306 3540 3356 uuilta

1971 3414 2112 3459 easta
2161 3403 2403 3474 conjug'n
2450 3401 2836 3456 calamitatibus
2887 3401 3194 3454 maritorum
3237 3418 3247 3452 :
3288 3415 3354 3452 ne
3401 3399 3542 3452 aliud

1973 3511 2150 3550 amare
2175 3512 2329 3564 quam
2359 3495 2601 3548 maritum
2628 3502 2954 3563 putarentur,
2987 3507 3088 3546 non
3117 3491 3286 3544 Solum
3321 3507 3423 3542 non
3452 3495 3544 3540 tte-

1973 3594 2270 3649 seruerunt,
2300 3585 2392 3639 sed
2431 3585 2655 3651 amplius
2682 3584 2948 3636 obsecuta:
2977 3590 3116 3634 situt.
3146 3581 3198 3634 Si
3225 3595 3350 3647 ergo
3382 3580 3542 3631 mmi-

1977 3688 2058 3729 tus
2081 3677 2308 3730 carnalis
2337 3675 2496 3744 gratis
2518 3674 2769 3742 diligitur,
2794 3673 2836 3725 si
2859 3682 3002 3726 caste
3029 3671 3298 3740 diligitur;
3329 3681 3380 3723 et
3412 3686 3545 3722 uxor

1975 3767 2202 3820 carnalis
2228 3767 2392 3834 gratis
2422 3763 2674 3832 diligitur,
2705 3763 2746 3816 si
2774 3771 2916 3816 caste
2941 3761 3174 3831 diligitur
3199 3777 3210 3811 :
3248 3761 3384 3813 flens
3409 3777 3544 3826 quo-

1976 3859 2132 3912 modo
2153 3857 2448 3926 diligendus
2470 3865 2570 3920 est,
2596 3870 2750 3908 verus
2771 3865 2822 3908 et
2843 3869 2996 3908 verax
3021 3857 3211 3906 anima:
3241 3854 3459 3904 maritus
3478 3853 3542 3905 ad

1979 3953 2176 4024 prolem
2225 3950 2559 4019 sempiternm
2606 3949 2726 4001 vita:
2774 3945 3084 4008 fecundans,
3113 3953 3175 4000 et,
3193 3945 3402 4000 steriles
3447 3960 3544 3997 nos

1977 4064 2080 4102 non
2127 4061 2244 4100 esse
2290 4043 2634 4112 permittens?
2671 4041 2816 4096 Illum
2863 4056 2989 4109 ergo
3037 4039 3112 4092 sic
3156 4039 3456 4108 diligamus,
3493 4047 3548 4090 ut

1977 4137 2114 4191 aliud
2141 4145 2332 4206 pra‘tcr
2361 4136 2528 4202 ipsum
2558 4149 2661 4186 non
2683 4132 2926 4199 diligatur
2950 4147 2963 4195 ;
2987 4140 3040 4186 et
3063 4131 3121 4182 fit
3151 4131 3200 4182 in
3230 4131 3378 4184 nobis
3404 4131 3544 4199 quod

1977 4231 2226 4292 diximus,
2253 4227 2390 4297 quod
2414 4225 2762 4286 cantavimus,
2787 4223 2906 4293 quia
2929 4233 2983 4276 et
3005 4223 3089 4276 hic
3112 4238 3209 4274 vox
3237 4234 3413 4274 nostra
3436 4230 3546 4274 cst:

1969 4321 2046 4376 'ln
2088 4335 2396 4391 quacumque
2436 4318 2517 4370 die
2566 4318 2852 4369 invocavero
2897 4325 2967 4377 te,
3007 4329 3117 4367 ecce
3154 4298 3272 4366 scivi
3313 4312 3550 4382 quoqimtt

1980 4415 2116 4470 Deus
2146 4431 2282 4467 meus
2309 4429 2360 4466 es
2389 4421 2462 4466 tu.
2491 4411 2599 4464 lloc
2623 4419 2704 4464 est
2733 4410 2978 4464 invocare
3007 4409 3188 4471 Deum,
3212 4407 3374 4476 gratis
3406 4406 3549 4457 iuro-

1979 4525 2122 4564 care.
2151 4506 2377 4562 Proinde
2416 4504 2481 4558 de
2509 4503 2818 4573 quibusdam
2851 4501 2971 4572 quid
3000 4500 3197 4555 dictqu
3229 4499 3347 4552 est?
3372 4496 3545 4549 Domi.

1981 4617 2100 4653 num
2130 4615 2230 4652 non
2268 4598 2636 4651 invocaverunt.
2669 4593 2828 4662 Quasi
2861 4593 3136 4665 Dominum
3169 4589 3266 4642 sibi
3310 4589 3552 4642 inrui-aue

1984 4692 2326 4754 videbantur;
2371 4698 2424 4744 et
2470 4681 2718 4757 petebant
2763 4701 2884 4739 eum
2927 4685 2992 4736 de
3045 4679 3456 4734 lurrcditatilms.
3486 4677 3550 4730 de

1985 4785 2280 4856 amplianda
2308 4782 2546 4852 pecunia,
2571 4780 2636 4834 de
2661 4774 3014 4848 prolonganda
3038 4775 3140 4826 vita
3165 4773 3282 4835 ista,
3306 4771 3371 4824 dc
3391 4779 3552 4822 caete-

1987 4880 2059 4932 ris
2086 4876 2458 4946 temporalibus
2487 4873 2645 4928 rebus
2677 4888 2689 4922 :
2723 4877 2777 4922 et
2821 4866 2944 4936 quid
2989 4865 3055 4919 de
3103 4864 3207 4916 illis
3247 4861 3554 4930 Scriptura?

1988 4970 2257 5023 Dominum
2296 4984 2395 5020 non
2433 4966 2798 5016 invocaverunt.
2845 4957 2967 5011 Ideo
3003 4955 3126 5026 quid
3170 4953 3436 5022 sequitur?
3477 4950 3554 5002 lbi

1991 5070 2255 5118 timuerunt
2306 5060 2496 5119 timore,
2543 5055 2623 5106 ubi
2674 5069 2774 5105 non
2817 5060 2923 5104 erat
2972 5049 3117 5102 timor
3146 5045 3445 5117 (Psul.xm,
3473 5041 3552 5109 5).

1989 5154 2123 5222 Quid
2153 5160 2254 5215 est,
2279 5149 2360 5202 ubi
2389 5163 2488 5198 non
2514 5153 2620 5198 erat
2650 5143 2838 5196 timor?
2887 5139 2963 5194 Ne
3020 5139 3120 5192 illis
3150 5134 3554 5192 subtraheretur

1992 5245 2230 5316 pecunia,
2268 5256 2334 5296 ne
2357 5235 2618 5306 aliquidin
2637 5234 2793 5288 domo
2822 5249 3004 5288 eorum
3039 5234 3212 5286 minus
3241 5229 3426 5288 fieret;
3458 5238 3555 5292 po-

1993 5348 2190 5394 stremo
2214 5349 2278 5387 ne
2301 5332 2472 5385 minus
2496 5341 2751 5381 annorum
2773 5324 3031 5379 haberent
3054 5324 3103 5377 iu
3133 5324 3227 5375 hac
3254 5321 3378 5382 vita,
3400 5328 3556 5383 quam

1993 5433 2090 5488 sibi
2140 5428 2464 5498 sperabant:
2494 5438 2677 5478 verum
2721 5421 2786 5474 ibi
2836 5419 3206 5488 trapidaverunt
3251 5415 3442 5469 timore,
3473 5405 3555 5460 ubi

1994 5532 2092 5577 non
2124 5497 2226 5575 erat
2257 5519 2422 5571 timor.
2445 5513 2639 5583 Quales
2665 5515 2873 5567 fuerunt
2898 5510 2970 5564 illi
2995 5508 3160 5563 Ιιιιιίυῐ
3189 5525 3201 5558 :
3226 5505 3283 5558 Si
3313 5497 3558 5552 dimiseri-

2059 5675 2075 5705 ί
2109 5669 2324 5721 Nonnulli
2347 5675 2482 5728 Mss,
2507 5679 2666 5730 quam.
2709 5727 2720 5730 _
2741 5727 2752 5730 _
2912 5724 2921 5730 _
3078 5719 3087 5730 ,
3298 5707 3464 5730 ..--_,.._-

2059 5738 2079 5766 ⁸
2111 5715 2564 5783 s‘iﬁi‘éiioifééiis's’.’
2586 5715 2641 5776 At
2663 5727 2798 5782 ΕΜ..
2823 5724 3020 5774 multum
3040 5715 3257 5783 donarit.
3287 5715 3482 5762 Donavit
3511 5718 3554 5762 ιι

1997 5781 2364 5853 dit'esntaritus,
2393 5799 2435 5841 et
2460 5803 2639 5853 pauper
2663 5781 2814 5852 lactus
2836 5795 2904 5836 est
2926 5781 3139 5834 maritus.
3168 5785 3246 5826 etc
