4022 6200
457 363 557 420 ὓὸο

458 501 568 538 nius
589 497 698 537 eum
727 481 904 542 vivere,
932 474 1122 532 venient
1148 473 1390 536 Romani,
1420 481 1464 524 et
1493 472 1715 540 auferent
1744 483 1774 518 a
1803 462 1942 516 nobis
1969 471 2014 515 et

457 581 620 630 locum
664 583 709 627 et
747 581 939 641 gentem
967 567 1155 638 (Joan.
1183 583 1255 629 ιι,
1279 566 1348 621 48
1367 563 1408 637 ).
1439 563 1516 617 Ibi
1548 564 1812 615 timuerunt
1841 559 2016 610 timore

458 667 539 721 ubi
559 681 657 719 non
677 673 781 716 erat
809 665 975 715 timor.
1003 657 1129 713 Ecce
1147 658 1286 722 scivi,
1309 655 1539 726 quoniam
1564 652 1698 706 Deus
1719 666 1852 703 meus
1873 664 1923 702 es
1939 657 1991 700 tu

458 757 657 825 Magnae
682 753 880 807 divitiae
904 751 1100 812 cordis,
1127 763 1372 817 magnum
1405 747 1578 799 lumen
1616 742 1754 797 oculi
1798 741 2014 794 interio-»

457 848 552 910 ris,
599 859 787 914 magna
840 840 1028 896 ﬁducia
1083 837 1412 894 securitatis!
1444 834 1574 888 Ecce
1618 832 1737 886 scivi
1783 829 2018 902 quoniam

457 938 596 992 Deus
623 953 760 990 meus
783 951 836 990 es
865 945 935 986 tu.

530 1032 618 1087 18.
659 1029 808 1103 [υοη.
835 1023 945 1099 Η.]
971 1024 1035 1080 In
1065 1023 1171 1078 Deo
1205 1021 1421 1078 laudabo
1459 1019 1677 1082 verbum,
1715 1018 1766 1070 in
1807 1014 2018 1069 Domino

459 1123 675 1180 laudabo
712 1135 983 1174 sermonem
1005 1135 1024 1171 :
1051 1117 1103 1170 in
1130 1115 1236 1169 Deo
1265 1115 1458 1182 speravi
1490 1113 1530 1176 ί,
1556 1126 1654 1163 non
1691 1106 1866 1161 timebo
1902 1104 2020 1174 quid

463 1216 618 1284 faciat
644 1213 768 1269 mihi
791 1213 958 1265 homo.
985 1209 1100 1265 Jarn
1128 1208 1239 1278 ipse
1263 1215 1342 1260 est
1363 1216 1549 1258 sensus
1573 1202 1660 1280 qui
1680 1201 1922 1270 superius
1940 1208 2022 1252 est

463 1303 734 1372 repetitus.

535 1393 622 1448 l9.
662 1390 812 1463 [υεη.
840 1385 950 1459 12]
978 1386 1041 1440 1η
1068 1403 1144 1440 me
1171 1395 1304 1451 sunt,
1329 1383 1483 1445 Deus,
1510 1390 1624 1435 vota
1649 1390 1754 1444 tua,
1784 1395 1895 1449 quae
1911 1379 2023 1430 red-

463 1487 579 1538 dant
613 1483 776 1538 laudis
801 1481 906 1535 tibi.
931 1480 1146 1540 Vovete,
1172 1488 1224 1532 et
1250 1476 1451 1531 reddite
1474 1473 1692 1527 Domino
1720 1473 1829 1526 Deo
1851 1481 2025 1524 veSIro

467 1575 637 1643 (Psal.
675 1589 831 1640 Lxxv,
862 1571 968 1642 12).
1011 1569 1143 1636 Quid
1185 1567 1436 1629 voveatis,
1479 1563 1603 1634 quid
1645 1559 1913 1616 reddatis?
1943 1562 2022 1614 An

464 1667 599 1721 forte
623 1664 866 1719 animalia
893 1663 978 1716 illa
1001 1676 1118 1732 qua:
1133 1658 1485 1714 offerebantur
1499 1653 1564 1709 ad
1580 1668 1698 1708 aras
1723 1650 2026 1721 aliquando?

465 1757 601 1812 Nihil
633 1757 734 1809 tale
753 1755 944 1809 oﬁ'eras
968 1771 980 1806 :
1005 1753 1056 1806 in
1086 1758 1138 1805 te
1161 1758 1242 1805 est
1262 1747 1400 1819 quod
1422 1759 1617 1799 vovea-s
1646 1751 1700 1798 et
1723 1742 1929 1797 reddas.
1954 1742 2028 1796 De

468 1849 643 1904 cordis
669 1862 789 1902 arca
819 1844 993 1916 profer
1019 1842 1188 1898 laudis
1225 1823 1517 1903 incensum,
1546 1835 1612 1890 de
1637 1835 1848 1889 cellario
1875 1833 2027 1886 bon-.e

465 1938 804 1996 conscientiae
824 1936 999 2006 profer
1017 1931 1330 1989 sacriﬁcium
1355 1928 1495 1982 ﬁdei.
1518 1923 1776 1995 Quidquid
1804 1923 2024 1993 profers,

467 2031 696 2086 accende
722 2029 995 2083 charitate.
1017 2025 1072 2080 In
1106 2033 1156 2078 te
1185 2023 1288 2086 sint
1309 2025 1429 2074 Vela
1451 2061 1466 2081 ,
1498 2033 1617 2088 quae
1643 2015 1831 2071 reddas
1859 2014 2029 2068 laudis

469 2123 598 2176 Deo.
623 2120 781 2189 Cujus
805 2113 1162 2182 laudis?Quid
1187 2111 1327 2165 enim
1359 2109 1451 2163 tibi
1479 2105 1752 2178 prtestitit?
1781 2104 2029 2171 Quoniam

465 2210 635 2264 eruisti
661 2209 878 2261 animam
904 2219 1064 2258 meam
1091 2203 1154 2256 de
1177 2198 1482 2268 morte.lpsa
1513 2204 1594 2251 est
1622 2195 1709 2249 illa
1739 2195 1843 2247 vita
1871 2207 2026 2261 quam

465 2300 705 2356 enuntiat
744 2297 816 2351 illi
841 2314 854 2348 :
879 2294 1034 2359 Deus,
1076 2293 1228 2346 vitam
1267 2305 1429 2343 meam
1466 2286 1716 2341 enuntiaoi
1764 2284 1869 2338 tibi.
1891 2281 2028 2359 Quid

467 2391 607 2444 enim
653 2385 831 2442 eram?
854 2385 1110 2439 Mortuus.
1137 2381 1240 2436 Per
1280 2379 1534 2448 meipsum
1573 2391 1718 2431 eram
1747 2353 2026 2430 mortuus':

466 2498 560 2553 per
590 2489 647 2536 te
669 2479 792 2550 quid
832 2476 987 2548 sum?
1010 2473 1192 2530 Vivus.
1219 2471 1343 2526 Ideo
1369 2472 1422 2525 in
1456 2486 1536 2524 me
1561 2475 1700 2533 sunt,
1731 2466 1886 2530 Deus,
1918 2475 2030 2518 uota

467 2585 576 2639 tua,
619 2585 733 2640 qua:
776 2567 984 2623 reddam
1028 2564 1193 2620 laudis
1233 2562 1339 2617 tibi.
1370 2561 1445 2615 En
1473 2573 1594 2614 amo
1619 2559 1783 2612 Deum
1817 2571 2028 2621 meum;

467 2678 624 2719 nemo
650 2661 788 2716 hunc
815 2659 941 2715 mihi
963 2656 1120 2728 eripit
1142 2673 1158 2710 :
1183 2653 1323 2725 quod
1353 2652 1425 2707 illi
1450 2651 1570 2706 dem
1600 2665 1753 2704 nemo
1781 2647 1907 2702 mihi
1928 2646 2034 2703 eri-

469 2759 573 2825 pit,
603 2754 720 2824 quia
755 2753 805 2807 in
837 2749 997 2806 corde
1025 2748 1282 2802 inclusum
1311 2754 1413 2800 est.
1439 2741 1624 2797 Merito
1649 2739 1840 2794 dicitur
1864 2739 1914 2792 in
1944 2737 2032 2801 illa

469 2847 743 2916 superiore
792 2841 1004 2905 ﬁducia,
1054 2837 1190 2903 Quid
1244 2835 1398 2906 faciat
1447 2833 1569 2886 mihi
1617 2831 1800 2885 homo?
1841 2828 2035 2885 Seeviat

469 2937 650 2999 humo,
694 2933 1027 3006 permittatur
1063 2927 1270 2991 saevire,
1297 2923 1630 2994 permittatur
1657 2920 1867 2975 efﬁcere
1893 2917 2032 2990 quod

469 3035 726 3081 conatur:
754 3022 879 3092 quid
923 3029 1007 3076 est
1045 3014 1350 3072 ablaturus?
1375 3017 1594 3078 Aurum,
1620 3019 1913 3081 argentum,
1944 3024 2035 3079 pe-

471 3135 616 3192 cora,
639 3129 837 3174 servos,
861 3112 1102 3177 ancillas,
1124 3109 1331 3174 fundos,
1353 3107 1574 3169 domos;
1598 3104 1799 3159 auferat
1821 3103 2032 3158 omnia:

472 3191 724 3278 numquid
753 3203 925 3259 aufert
951 3210 1070 3255 vota
1099 3213 1218 3269 quze
1257 3199 1309 3251 in
1352 3211 1436 3250 me
1475 3204 1624 3258 sunt,
1660 3209 1776 3262 quae
1818 3191 2033 3246 reddam

471 3301 641 3365 laudis
671 3297 815 3354 Deo?
841 3293 1136 3350 Permissus
1175 3298 1256 3344 est
1299 3296 1500 3343 tentare
1539 3291 1768 3339 tentator
1794 3291 2034 3338 sanctum

469 3398 639 3450 virum
661 3392 759 3449 Job
782 3407 795 3444 :
820 3402 924 3444 uno
943 3393 1138 3456 puncto
1158 3380 1409 3450 temporis
1427 3377 1644 3432 abstulit
1663 3375 1858 3436 omnia,
1881 3373 2037 3444 quid-

472 3489 596 3559 quid
628 3485 936 3546 facultatum
967 3479 1220 3534 habuerat
1248 3473 1474 3538 ademit,
1513 3470 1728 3526 abstulit
1755 3469 2036 3523 haeredita-

475 3596 601 3646 tem,
650 3575 914 3634 interiecit
958 3567 1236 3632 haeredes;
1269 3579 1440 3633 neque
1488 3563 1588 3615 hoc
1632 3559 1900 3632 paulatim,
1942 3559 2032 3613 sed

473 3669 800 3732 catervatim,
844 3677 950 3720 uno
996 3661 1125 3726 ictu,
1157 3671 1258 3712 uno
1302 3655 1521 3724 impetu,
1551 3661 1606 3706 ut
1644 3651 1819 3704 omnia
1863 3649 2038 3704 subito

475 3762 861 3818 nuntiarentur.
892 3751 1096 3809 Ablatis
1138 3747 1382 3803 omnibus
1427 3744 1573 3799 solus
1619 3740 1869 3796 remansit
1898 3740 2054 3808 Job;

477 3856 568 3911 sed
594 3854 646 3907 in
676 3851 765 3905 illo
793 3855 949 3905 erant
970 3851 1090 3899 vota
1115 3840 1282 3895 laudis
1309 3853 1426 3908 qua:
1455 3833 1702 3891 redderet
1722 3833 1850 3898 Deo,
1875 3832 1926 3885 in
1949 3831 2039 3886 illo

475 3948 633 4018 plane.
659 3951 844 3998 erant:
873 3951 1050 3992 arcam
1090 3933 1254 3990 sancti
1295 3928 1522 4000 pectoris
1563 3925 1646 3981 sui
1683 3925 1765 3980 fur
1801 3924 2040 3979 diabolus

477 4015 584 4092 non
613 4037 892 4094 invaserat,
920 4032 1105 4099 plenus
1124 4033 1238 4080 erat
1255 4022 1397 4078 unde
1413 4018 1752 4074 sacriﬁcaret.
1773 4015 1906 4070 Audi
1922 4031 2040 4085 qua:

477 4127 722 4189 habebat,
749 4122 869 4176 audi
898 4135 1016 4189 quae
1049 4115 1300 4186 protulit:
1324 4111 1572 4165 Dominus
1596 4108 1760 4171 dedit,
1795 4107 2042 4160 Dominus

476 4203 677 4273 abstulit
697 4232 715 4279 ,'
738 4215 865 4266 sicut
890 4209 1106 4263 Domino
1135 4205 1343 4277 placuit,
1371 4205 1442 4256 ita
1481 4205 1669 4273 factum
1704 4208 1774 4254 est
1804 4214 1822 4251 :
1851 4199 1912 4252 sit
1945 4215 2040 4251 no-

478 4303 824 4387 menoDontini
852 4298 1159 4354 benedictum
1186 4295 1206 4366 (
1231 4293 1328 4347 Job
1352 4308 1390 4356 ι,
1423 4290 1628 4361 12-21).
1654 4288 1697 4344 Ο
1726 4288 1920 4353 divitia}
1957 4288 2040 4340 in-

481 4379 722 4464 teriores,
749 4407 853 4465 quo
870 4391 952 4445 fur
975 4404 1080 4444 non
1109 4386 1342 4442 accedit!
1365 4383 1475 4452 Ipse
1499 4382 1714 4436 dederat
1740 4380 1880 4434 Deus
1904 4379 2044 4433 unde

479 4491 798 4562 accipiebat;
851 4485 966 4553 ipse
992 4481 1284 4541 ditaverat,
1317 4475 1457 4528 unde
1500 4473 1574 4527 illi
1617 4470 1870 4525 offerebat
1904 4467 2042 4538 quod

479 4560 710 4640 amabat.
753 4575 984 4634 Laudem
1032 4586 1061 4624 a
1113 4579 1165 4624 te
1215 4567 1406 4638 quierit
1451 4565 1608 4629 Deus,
1657 4560 2041 4616 confessionem

481 4689 625 4729 tuam
647 4671 833 4743 quaerit
855 4668 1012 4722 Deus.
1029 4660 1133 4718 Sed
1155 4659 1221 4713 de
1245 4671 1370 4728 agro
1390 4663 1480 4710 tuo
1499 4651 1694 4732 aliquid
1714 4650 1932 4707 daturus
1950 4649 2044 4702 es?

485 4768 601 4836 Ipse
650 4740 778 4835 pluit
821 4770 881 4817 ut
926 4757 1167 4813 haberes.
1197 4753 1271 4807 De
1307 4763 1429 4802 arca
1473 4746 1687 4800 daturus
1727 4757 1785 4796 es
1813 4740 2044 4811 aliquid?

484 4835 600 4926 Ipse
630 4856 850 4912 instituit
882 4850 1022 4924 quod
1055 4848 1273 4904 daturin
1299 4858 1374 4898 es.
1399 4839 1534 4909 Quid
1571 4837 1788 4892 daturus
1824 4851 1882 4890 es
1905 4835 2045 4903 quod

484 4952 550 5006 ab
579 4949 671 5003 illo
696 4962 798 5001 non
828 4941 1120 5012 accepisti?
1141 4936 1276 5006 Quid
1301 4935 1440 4990 enim
1473 4928 1635 4985 habes
1659 4927 1797 4998 quod
1828 4942 1932 4980 non
1958 4941 2047 4980 ae-

484 5039 670 5112 irepisti
709 5038 727 5107 (
753 5037 771 5091 l
798 5032 916 5090 Cor.
938 5049 1010 5099 iv,
1039 5031 1146 5100 7)?
1175 5030 1250 5085 De
1276 5025 1433 5082 corde
1461 5019 1647 5076 dabis?
1675 5019 1789 5088 Ipse
1817 5017 1961 5072 dedit
1989 5016 2048 5070 ﬁ-

484 5109 632 5196 dem,
661 5141 808 5197 spem
839 5134 894 5180 et
913 5123 1219 5178 charitatem
1244 5135 1256 5170 :
1287 5117 1388 5172 hoc
1417 5114 1736 5185 prolaturus,
1763 5110 1862 5164 hoc
1887 5109 2049 5163 sacri-

489 5199 743 5278 ﬁcaturus
764 5231 840 5271 es.
868 5213 971 5270 Sed
997 5213 1150 5283 plane
1182 5207 1357 5264 omnia
1396 5206 1484 5260 illa
1519 5213 1712 5260 castora,
1746 5208 1920 5270 potest
1956 5199 2047 5252 tibi

489 5315 698 5368 auferre
745 5308 988 5363 inimicus
1033 5302 1215 5364 invito,
1247 5297 1350 5353 hoc
1383 5295 1588 5350 auferre
1615 5307 1718 5347 non
1748 5299 1918 5360 potest
1949 5289 2049 5343 nisi

495 5403 708 5461 volenti.
759 5399 852 5454 llla
905 5394 1088 5465 perdet
1133 5399 1187 5446 et
1240 5389 1477 5450 invitus;
1525 5394 1579 5440 et
1628 5384 1810 5437 volens
1858 5382 2053 5437 habere

492 5511 713 5558 aurum,
745 5489 930 5561 perdet
981 5499 1200 5544 aurum,
1245 5491 1297 5534 et
1337 5479 1519 5532 volens
1567 5475 1760 5528 habere
1801 5475 2054 5542 donnnn,

497 5591 678 5662 perdet
724 5587 982 5640 domum:
1016 5577 1169 5632 ﬁdem
1213 5588 1366 5629 nemo
1408 5569 1592 5640 perdet
1628 5567 1726 5623 nisi
1771 5567 1857 5636 qui
1903 5584 2055 5636 spre.

497 5684 648 5738 Varii.

569 5815 585 5850 ³
619 5812 800 5874 Aliquot
824 5816 947 5867 uss,
973 5817 1068 5867 δρα
1082 5805 1183 5853 alin.

1647 349 1703 404 S.
1746 341 2100 401 AUGUSTlNl
2135 343 2424 399 El‘lSCOPl

3570 361 3678 416 660

2191 461 2280 514 20.
2322 461 2467 534 [vers
2493 462 2604 537 l5.]
2635 465 2697 518 In
2728 483 2804 520 me
2826 478 2960 537 sunt,
2985 467 3140 538 Deus,
3167 481 3278 525 rota
3307 484 3410 538 tua,
3431 492 3540 542 qua
3563 481 3668 531 red-

2121 553 2238 606 dam
2267 556 2431 610 .audis
2464 558 2592 611 tibi:
2611 560 2727 625 quia
2762 562 2933 614 eruisti
2964 568 3183 617 animam
3221 584 3380 620 meam
3412 572 3474 622 de
3498 584 3681 637 morte,
3757 613 3760 616 .

2121 646 2292 699 oculos
2333 662 2465 700 meos
2509 664 2541 700 a
2582 648 2836 719 lacrymis,
2866 662 2909 704 et
2937 655 3087 718 pedes
3127 672 3258 710 meos
3303 661 3364 712 de
3409 660 3592 728 lapsu;
3626 673 3686 716 ut

2123 738 2344 807 placeam
2387 746 2555 792 coram
2594 738 2702 796 Deo
2749 744 2800 796 in
2832 742 3016 799 lumine
3044 748 3337 803 viventium.
3369 752 3550 807 Merito
3577 772 3683 809 non

2125 828 2294 896 placet
2335 829 2456 883 ﬁliis
2500 831 2684 885 alienis
2735 833 2887 904 longe
2934 835 3085 891 factis
3122 855 3150 890 a
3185 843 3400 906 sanctis,
3427 844 3546 912 quia
3578 862 3684 899 non

2125 920 2319 975 habent
2368 922 2545 978 lumen
2597 925 2904 991 viventium,
2950 929 3088 983 unde
3134 931 3345 986 videant
3391 935 3531 1004 quod
3577 936 3692 991 Deo

2123 1013 2310 1082 placet.
2352 1015 2555 1070 Lumen
2601 1018 2886 1072 viventium
2928 1029 3010 1074 est
3059 1019 3236 1077 lumen
3288 1024 3688 1092 immortalium,

2123 1106 2302 1160 lumen
2331 1117 2657 1163 sanctorum.
2686 1109 2784 1176 Qui
2814 1126 2915 1164 non
2945 1123 3026 1166 est
3068 1113 3118 1167 in
3151 1116 3400 1182 tenebris,
3434 1118 3605 1186 placet
3635 1121 3690 1172 in

2126 1197 2320 1252 lumine
2344 1198 2650 1252 viventium.
2675 1201 2977 1254 Attenditur
3003 1201 3161 1256 homo
3189 1215 3242 1259 et
3278 1220 3339 1260 ea
3378 1223 3496 1276 qum
3525 1208 3695 1277 ipsius

2125 1297 2267 1350 sunt,
2297 1303 2451 1342 nemo
2477 1291 2574 1342 scit
2603 1290 2772 1359 qualis
2800 1303 2880 1344 est
2904 1309 2919 1345 :
2944 1293 3080 1347 Deus
3101 1293 3241 1348 videt
3260 1297 3428 1365 qualis
3456 1306 3556 1352 est.
3582 1300 3696 1352 Ali-

2126 1377 2334 1446 quando
2363 1388 2417 1432 et
2445 1380 2613 1448 ipsum
2641 1381 2904 1434 diabolum
2934 1382 3057 1436 latet
3081 1399 3095 1448 ;
3129 1385 3229 1437 nisi
3257 1394 3442 1450 tentet,
3474 1403 3576 1440 non
3609 1387 3696 1440 in-

2127 1470 2271 1523 venit
2298 1469 2435 1523 sicut
2472 1472 2540 1525 de
2583 1472 2683 1525 isto
2720 1473 2834 1526 viro
2869 1490 3024 1542 quem
3061 1476 3218 1532 modo
3255 1482 3692 1534 commemoravi.

2127 1562 2356 1618 Noverat
2396 1580 2512 1618 cum
2558 1565 2716 1628 Deus,
2747 1574 2802 1618 et
2845 1566 2890 1621 ei
2937 1568 3294 1623 testimonium
3339 1572 3690 1639 perhibebat:

2128 1654 2367 1709 diabolus
2394 1670 2510 1710 eum
2539 1672 2641 1708 non
2674 1666 2908 1721 noverat,
2937 1665 2990 1712 et
3018 1657 3136 1712 ideo
3160 1659 3398 1724 dixerat,
3429 1659 3695 1731 Numquid

2127 1745 2226 1800 Job
2252 1747 2407 1816 gratis
2433 1747 2549 1800 colit
2576 1745 2739 1800 Deum
2764 1746 2884 1817 (Job
2931 1763 2968 1814 ι,
2991 1748 3084 1819 9)?
3112 1748 3292 1805 Videte
3316 1767 3419 1820 quo
3443 1764 3697 1821 provocat

2131 1840 2372 1893 inimicus
2397 1839 2494 1895 :ibi
2513 1840 2764 1908 perfectio
2778 1849 2874 1896 est.
2888 1843 3072 1902 Videte
3082 1842 3204 1910 quid
3222 1843 3400 1911 objicit
3425 1844 3689 1900 inimicus.

2132 1928 2353 2010 Videbat
2379 1929 2647 1984 hominem
2675 1931 2786 1986 Deo
2810 1933 3147 1998 servientem,
3177 1933 3229 1988 in
3264 1936 3504 1990 omnibus
3537 1938 3696 1992 obse-

2130 2027 2399 2089 quentem,
2429 2020 2604 2074 omnia
2634 2021 2768 2076 bene
2804 2033 3148 2090 operantem;
3177 2035 3230 2078 et
3254 2026 3373 2094 quia
3404 2027 3551 2082 dives
3579 2039 3695 2083 erat

2131 2117 2186 2163 et
2207 2107 2506 2163 felicissima
2527 2110 2736 2176 domus,
2762 2111 2861 2164 hoc
2881 2112 3060 2180 objicit
3079 2113 3198 2182 quia
3226 2113 3342 2168 ideo
3361 2116 3489 2170 colit
3506 2117 3689 2182 Deum,

2131 2198 2375 2266 quoniam
2418 2198 2563 2254 dedit
2599 2200 2670 2254 illi
2715 2199 2827 2254 ilth
2864 2203 3076 2256 omnia:
3103 2203 3363 2273 Numquid
3399 2207 3499 2261 Job
3539 2211 3696 2278 gratis

2132 2291 2251 2346 colit
2270 2291 2468 2348 Deum?
2492 2293 2603 2348 Hoc
2627 2294 2767 2348 enim
2794 2304 2908 2348 erat
2932 2311 3110 2349 verum
3149 2297 3348 2364 lumen,
3383 2298 3482 2353 hoc
3519 2301 3693 2355 lumen

2131 2384 2438 2449 viventium,
2481 2393 2536 2438 ut
2577 2385 2741 2454 gratis
2786 2386 2984 2440 coleret
3023 2387 3208 2441 Deum.
3234 2388 3371 2444 Deus
3397 2391 3604 2446 videbat
3643 2394 3696 2445 in

2132 2474 2292 2529 corde
2341 2476 2477 2528 servi
2527 2475 2608 2529 sui
2661 2475 2858 2529 cultum
2916 2492 3066 2529 suum
3115 2480 3419 2548 gratuitum.
3453 2481 3700 2537 Placebat

2132 2566 2271 2620 enim
2299 2565 2424 2619 illud
2451 2581 2542 2620 cor
2568 2565 2617 2618 in
2640 2575 2924 2634 conspectu
2957 2567 3181 2634 Domini,
3206 2569 3256 2622 in
3289 2569 3485 2624 lumine
3514 2573 3700 2626 viven-

2133 2659 2261 2712 tium
2284 2674 2300 2710 :
2323 2655 2586 2710 diabolum
2619 2655 2832 2721 latebat,
2854 2657 2972 2725 quia
3005 2657 3054 2710 in
3089 2657 3320 2730 tenebris
3345 2669 3476 2714 erat.
3508 2662 3701 2714 Admi‘

2134 2750 2201 2802 sit
2222 2749 2359 2802 Deus
2385 2757 2722 2809 tentatoretn,
2745 2762 2849 2801 non
2876 2757 2933 2801 ut
2961 2747 3073 2817 ipse
3098 2761 3277 2804 nosset
3295 2751 3433 2821 quod
3456 2763 3722 2820 noverat,

2134 2839 2226 2895 sed
2243 2848 2300 2893 ut
2323 2839 2472 2893 nobis
2486 2839 2801 2893 noscendum
2822 2848 2875 2893 et
2897 2839 3206 2893 imitandum
3231 2841 3512 2909 prmberet.
3535 2842 3703 2896 Num-

2137 2931 2262 3001 quid
2313 2931 2453 2986 enim
2500 2932 2542 2984 si
2589 2940 2817 2984 tentator
2853 2946 2956 2984 non
2994 2932 3704 2999 admitteretur,videremus

2135 3039 2233 3078 nos
2261 3025 2358 3093 ipsi
2389 3025 2440 3078 in
2465 3022 2566 3078 Job
2597 3023 2734 3092 quod
2763 3022 3075 3079 deberemus
3099 3037 3153 3079 et
3181 3027 3432 3083 vellemus
3471 3029 3705 3084 imitari?

2135 3115 2413 3169 Admissus
2452 3123 2534 3169 est
2573 3121 2820 3178 tentator,
2849 3115 3062 3169 abstulit
3090 3118 3283 3180 omnia,
3325 3120 3574 3173 remansit
3613 3120 3707 3174 ille

2137 3203 2280 3258 solus
2304 3219 2334 3256 a
2362 3202 2711 3264 facultatibus,
2736 3203 2878 3257 solus
2905 3218 2932 3254 a
2961 3202 3176 3266 familia,
3197 3207 3340 3259 solus
3361 3222 3390 3260 a
3418 3208 3560 3274 ﬁliis,
3585 3209 3707 3277 ple-

2137 3311 2236 3349 nus
2266 3296 2394 3349 Deo.
2418 3294 2563 3348 Uxor
2589 3309 2716 3348 sane
2740 3295 2919 3348 relicta
2949 3305 3080 3351 erat.
3128 3296 3517 3354 Misericordem
3547 3310 3708 3370 puta-

2139 3387 2204 3440 tis
2247 3383 2532 3450 diabolutn,
2576 3385 2665 3454 qui
2709 3387 2757 3439 ei
2806 3387 3014 3455 reliquit
3060 3388 3567 3444 uxorem?Noverat
3595 3409 3709 3462 per

2137 3493 2293 3547 quam
2333 3477 2612 3546 deceperat
2637 3477 2824 3531 Adam.
2853 3478 3009 3532 Suam
3052 3479 3333 3548 reliquerat
3367 3481 3705 3552 adjutricem,

2137 3583 2244 3622 non
2287 3567 2458 3620 mariti
2511 3567 2934 3622 consolatricem.
2964 3567 3054 3621 llle
3099 3585 3224 3636 ergo
3267 3571 3451 3636 plenus
3490 3572 3622 3639 Deo,
3652 3576 3707 3629 in

2137 3673 2244 3730 quo
2285 3667 2405 3713 vota
2447 3667 2597 3714 erant
2644 3673 2762 3728 quae
2809 3658 3055 3713 redderet
3101 3660 3288 3724 laudis,
3317 3671 3372 3715 ut
3399 3665 3711 3722 ostenderet

2139 3751 2256 3820 quia
2279 3750 2438 3818 gratis
2459 3749 2622 3804 Deum
2648 3747 2874 3813 colebat,
2897 3763 3000 3802 non
3031 3748 3148 3803 ideo
3171 3749 3289 3819 quia
3314 3760 3453 3806 tanta
3480 3768 3709 3823 accepe-

2139 3854 2252 3907 rat;
2279 3852 2332 3898 et
2353 3841 2560 3897 amissis
2589 3841 2830 3895 omnibus
2861 3840 2978 3894 talis
3000 3849 3101 3908 est,
3122 3842 3241 3911 quia
3264 3843 3410 3897 illum
3435 3846 3521 3914 qui
3544 3847 3712 3904 dede-

2141 3945 2222 3991 rat
2247 3935 2419 4014 omnia
2441 3949 2544 3988 non
2570 3933 2774 3986 amisit:
2795 3931 3038 3986 Dominus
3060 3933 3216 4000 dedit,
3245 3935 3433 4004 inquit,
3459 3937 3710 3994 Dominus

2141 4029 2343 4082 abstulit
2363 4044 2380 4090 ;
2400 4028 2524 4081 sicut
2537 4025 2754 4079 Domino
2776 4025 2980 4094 placuit,
3005 4025 3075 4076 ita
3099 4029 3285 4094 factum
3309 4037 3382 4081 est
3404 4045 3422 4082 :
3441 4029 3505 4082 sit
3525 4047 3710 4085 nomen

2141 4119 2348 4173 Domini
2373 4117 2700 4171 benedictum.
2732 4115 2956 4168 Vulnere
2983 4115 3138 4168 etiam
3171 4131 3447 4184 percussus
3477 4135 3502 4171 a
3534 4123 3712 4189 Capite

2145 4225 2310 4280 usque
2335 4209 2397 4262 ad
2427 4207 2605 4277 pedes,
2629 4207 2829 4275 integer
2855 4215 3028 4260 tamen
3053 4206 3212 4272 intus,
3240 4210 3512 4277 respondit
3540 4222 3713 4267 tenta.

2147 4301 2283 4364 triei,
2326 4299 2391 4353 de
2440 4298 2638 4351 lumine
2677 4296 2984 4361 viventium,
3028 4295 3094 4350 de
3138 4296 3336 4350 lumine
3373 4300 3549 4354 cordis
3579 4303 3664 4356 sui
3693 4319 3711 4334 ο

2146 4391 2336 4446 Locuta
2363 4406 2412 4444 es
2439 4399 2673 4457 tanquam
2701 4403 2800 4440 una
2830 4404 2893 4442 ea:
2916 4388 3258 4456 insipientibus
3287 4391 3574 4446 mulieribus
3595 4392 3646 4465 (1
3655 4398 3711 4450 d.

2146 4497 2206 4547 ιι,
2235 4481 2346 4550 10),
2375 4479 2425 4533 id
2454 4489 2553 4543 eSt,
2586 4487 2833 4547 tanquam
2862 4492 2924 4531 ea
2953 4493 3072 4547 qurc
3101 4492 3206 4531 non
3237 4478 3394 4534 habet
3421 4481 3598 4536 lumen
3631 4485 3717 4533 vi—

2146 4573 2401 4626 wntinm.
2440 4569 2639 4622 Lumen
2669 4568 2809 4623 enim
2842 4568 3124 4621 viventium
3168 4569 3445 4639 sapientia,
3476 4584 3529 4626 et
3561 4583 3716 4629 tene-

2147 4663 2256 4718 bras
2287 4660 2641 4728 insipientium
2673 4657 2892 4712 stultitia
2921 4667 3021 4711 est.
3051 4657 3240 4711 Locum
3265 4677 3316 4712 es
3345 4671 3582 4731 tanquam
3610 4682 3720 4718 una

2148 4769 2211 4808 ea:
2239 4751 2582 4820 insipientibus
2620 4750 2911 4802 mulieribus
2939 4763 2958 4801 :
2981 4763 3193 4810 caulem
3222 4765 3392 4804 meam
3420 4753 3598 4818 vides,
3630 4756 3717 4809 lu-

2149 4860 2270 4898 men
2304 4842 2479 4897 cordis
2505 4841 2608 4894 mei
2641 4854 2744 4893 non
2772 4838 2936 4892 vides.
2961 4839 3175 4893 Poterat
3203 4841 3341 4893 enim
3373 4842 3460 4896 illa
3490 4853 3614 4898 tunc
3644 4847 3726 4898 vi-

2150 4953 2268 4993 rum
2313 4935 2535 5004 amplius
2577 4947 2775 4994 amare,
2819 4931 2864 4986 si
2915 4930 3353 4999 pulchritudinem
3407 4933 3721 4990 interiorem

2150 5037 2361 5087 nosset,
2411 5035 2464 5078 et
2515 5023 2794 5092 inspiceret
2823 5022 2837 5053 ¹
2863 5021 2951 5074 ubi
2996 5020 3085 5074 ille
3126 5021 3343 5090 pulcher
3380 5033 3495 5076 erat
3536 5040 3718 5080 coram

2151 5123 2318 5176 oculis
2341 5118 2431 5172 Dei
2455 5133 2470 5170 :
2492 5116 2612 5185 quia
2639 5115 2690 5167 in
2720 5113 2810 5166 illo
2838 5123 2989 5167 erant
3017 5122 3157 5177 vota,
3185 5129 3304 5182 quae
3331 5115 3580 5170 redderet
3607 5118 3713 5171 lau-

2152 5215 2232 5270 dis
2262 5213 2387 5266 Deo.
2417 5207 2691 5276 Quomodo
2732 5204 2859 5260 illud
2889 5203 3261 5273 patrimonium
3302 5221 3403 5259 non
3455 5207 3728 5264 invaserat

2155 5302 2431 5362 inimicus!
2461 5300 2629 5368 Quam
2680 5299 2936 5378 integrum
2975 5306 3091 5351 erat
3130 5298 3268 5366 quod
3313 5297 3636 5367 possidebat,
3672 5313 3730 5357 et

2157 5408 2370 5469 propter
2394 5393 2531 5464 quod
2560 5391 2784 5460 amplius
2807 5389 3178 5458 possidendum
3207 5389 3452 5458 sperabat
3494 5393 3669 5446 iturus
3695 5410 3732 5448 a

2157 5489 2436 5548 virtutibus
2481 5486 2532 5538 in
2577 5483 2855 5537 virtutem!
2884 5482 3044 5551 Ergo,
3075 5481 3282 5546 fratres,
3323 5481 3386 5534 ad
3428 5480 3529 5536 hoc
3567 5487 3736 5542 nobis

2225 5662 2240 5692 ι
2279 5665 2372 5712 Fr.,
2394 5653 2591 5716 sufferre
2612 5658 2656 5701 et
2678 5649 2932 5720 inspicere.
2960 5656 3090 5709 ων..
3111 5649 3246 5720 sumet
3259 5655 3326 5720 ret
3351 5645 3604 5709 inspicere.
3636 5651 3739 5718 Αιι-

2164 5731 2278 5785 quin
2300 5709 2386 5770 Mss
2409 5751 2423 5776 ,
2448 5709 2598 5766 nosset
2617 5721 2659 5766 et
2681 5709 2951 5776 inspiceret.
2976 5721 3070 5760 nm.
3099 5719 3146 5761 et
3169 5709 3248 5759 alii
3273 5717 3393 5769 Mss,
3411 5717 3564 5758 nosset
3584 5718 3630 5762 et
3657 5711 3741 5764 in.

2165 5795 2356 5848 spicere.
