4022 6200
320 303 412 356 σω

314 439 520 492 valeant
567 439 680 496 ba‘c
725 445 923 509 omnia,
965 455 1020 501 ut
1057 446 1220 502 Deum
1262 449 1424 517 gratis
1464 448 1771 519 diligamus,
1823 453 1873 505 in

314 531 403 585 illo
443 546 718 602 speremus
759 551 989 606 semper,
1028 554 1126 593 nec
1171 539 1458 603 hominem,
1487 556 1583 595 nec
1609 541 1874 595 diabolum

313 624 608 678 timeamus.
634 625 741 681 Nec
760 629 870 700 ille,
901 633 998 684 nec
1027 629 1125 683 iste
1156 631 1277 683 lacit
1299 631 1511 700 aliquid,
1543 632 1640 685 nisi
1667 633 1876 701 quando

315 717 928 787 permittiturzpermitti
973 721 1036 773 ad
1083 721 1302 777 nihilum
1354 732 1544 791 potest,
1593 724 1688 777 nisi
1736 723 1874 792 quod

310 807 464 860 nobis
489 808 722 874 prodest.
746 809 1054 866 Toleremus
1094 805 1282 879 malos,
1311 815 1476 869 simus
1501 816 1643 881 boni,
1675 817 1794 884 quia
1823 823 1877 869 et

309 913 406 950 nos
434 898 626 952 luimus
649 901 790 954 mali.
815 902 919 956 Pro
945 901 1110 956 nihilo
1138 905 1317 958 salvos
1339 903 1490 958 lacict
1511 905 1647 960 Deus
1667 920 1871 970 omnes,

307 991 374 1044 de
399 992 591 1059 quibus
617 993 897 1064 desperare
925 996 1178 1051 audemus
1203 997 1240 1048 ‘.
1267 997 1403 1066 Ergo
1440 997 1507 1051 de
1543 998 1750 1050 nemine
1778 997 1874 1050 de—

308 1098 607 1151 speremus,
642 1099 734 1152 pro
762 1086 1004 1139 omnibus
1029 1102 1160 1155 quos
1188 1087 1411 1156 patimur
1436 1102 1676 1148 oremus,
1706 1102 1736 1140 a
1767 1087 1875 1142 Deo

307 1189 577 1242 nunquam
604 1175 933 1230 recedamus.
965 1177 1340 1231 Patrimonium
1374 1190 1606 1232 nostrum
1641 1179 1750 1246 ipse
1783 1179 1870 1239 sit,

305 1280 433 1332 spes
478 1273 655 1326 nostra
704 1266 818 1336 ipse
859 1268 946 1332 sit,
985 1269 1126 1322 salus
1166 1278 1341 1322 nostra
1387 1270 1498 1337 ipse
1535 1271 1620 1323 sit.
1647 1270 1762 1338 lpse
1791 1269 1875 1324 hic

304 1344 628 1422 consolator,
660 1357 729 1410 ibi
768 1367 1092 1419 munerator.
1131 1359 1324 1429 ubique
1357 1359 1647 1413 viviﬁcator
1674 1367 1728 1412 et
1753 1360 1873 1413 vita:

303 1447 480 1511 dator;
508 1443 611 1502 non
639 1450 852 1504 alterius
878 1451 1017 1506 vitze.
1041 1450 1133 1504 sed
1166 1451 1302 1505 illius
1325 1451 1392 1505 de
1416 1467 1514 1520 qua
1545 1451 1738 1504 dictum
1769 1459 1869 1514 est,

305 1536 421 1608 Ego
447 1555 558 1591 sunt
585 1539 664 1593 via
691 1549 737 1593 et
764 1541 943 1594 veritas
972 1551 1016 1593 et
1042 1541 1142 1594 vita
1166 1540 1341 1611 (Joan.
1366 1555 1479 1596 xxv.
1505 1541 1558 1610 li)
1585 1559 1596 1593 :
1623 1550 1682 1594 ut
1707 1551 1759 1594 et
1789 1539 1874 1595 hic

304 1629 358 1684 in
407 1631 605 1685 lumine
653 1630 794 1696 ﬁdei,
834 1639 889 1686 et
929 1631 998 1685 ibi
1049 1633 1099 1684 in
1146 1633 1341 1686 lumine
1381 1633 1596 1700 speciei,
1626 1641 1869 1702 tanquam

303 1723 356 1776 in
407 1723 604 1778 lumine
647 1723 951 1789 viventium,
995 1724 1047 1778 in
1079 1735 1360 1793 conSpeclu
1411 1724 1612 1778 Domini
1663 1715 1871 1794 placea-

304 1832 358 1871 ιιι
365 1831 447 1870 US.

751 2045 831 2106 IN
875 2045 1012 2108 PSA
1021 2045 1248 2108 LMUM
1292 2045 1427 2106 LVI

892 2186 1305 2242 ENARRATIU.

826 2333 992 2374 SERMO
1029 2335 1096 2372 AD
1130 2335 1349 2373 PLEBEM.

370 2452 421 2504 l.
466 2450 775 2504 Audivimus
817 2445 866 2504 in
901 2451 1185 2521 Evangelio
1216 2451 1392 2517 modo,
1444 2451 1665 2516 fratres,
1698 2468 1866 2521 quan-

295 2549 406 2595 tum
458 2555 554 2593 nos
601 2540 780 2609 diligat
836 2541 1082 2594 Dominus
1120 2549 1173 2595 et
1209 2541 1451 2596 Salvator
1500 2553 1676 2596 uoster
1714 2542 1867 2618 ,lesus

292 2633 560 2697 Christus,
611 2632 746 2688 Deus
789 2632 927 2701 apud
971 2632 1197 2696 Patrem,
1257 2634 1415 2687 homo
1456 2635 1591 2703 apud
1643 2650 1758 2700 nos,
1799 2652 1866 2690 ex

291 2724 448 2778 nobis
479 2723 626 2793 ipsis,
651 2724 758 2792 jam
785 2724 922 2778 circa
951 2723 1216 2778 dexteram
1248 2725 1435 2792 Patris,
1465 2727 1867 2794 audistiSquan—

292 2826 402 2871 tum
452 2830 550 2869 nos
589 2816 788 2885 diligat.
822 2815 950 2869 Nam
1000 2833 1110 2870 suae
1149 2815 1420 2871 charitatis
1461 2835 1780 2884 mensuram,
1811 2829 1866 2874 et

292 2907 408 2976 ipse
435 2908 586 2969 dixit,
620 2918 671 2962 et
701 2907 852 2962 nobis
903 2907 1108 2972 indixit,
1156 2909 1456 2962 mandatum
1501 2926 1651 2963 suum
1680 2912 1864 2965 dicens

285 3012 406 3050 esse
436 3005 491 3050 ut
525 3012 620 3050 nos
645 2998 865 3051 invicem
891 2997 1164 3067 diligamus
1193 2996 1365 3067 (Joan.
1397 3015 1509 3063 xm,
1542 3001 1608 3054 54
1628 3002 1667 3069 ).
1697 3001 1760 3055 Ει
1791 3018 1858 3056 ne

285 3103 652 3157 quaereremus
698 3087 997 3142 dubitantes
1043 3098 1097 3142 et
1137 3097 1421 3144 a‘zstuantes
1463 3100 1713 3159 quantum
1760 3107 1860 3145 nos

286 3180 578 3235 debeamus
609 3179 830 3234 invicem
870 3179 1117 3248 diligere,
1157 3189 1457 3248 quantaque
1509 3181 1594 3236 illa
1638 3182 1705 3235 sit
1741 3198 1860 3252 qua:

286 3273 395 3326 Deo
423 3271 590 3341 placet
616 3271 890 3326 charitatis
921 3271 1151 3340 perfecta
1175 3286 1440 3337 mensura,
1471 3288 1532 3327 ea
1563 3275 1702 3328 enim
1734 3290 1856 3343 per-

282 3363 417 3418 fecta
444 3372 545 3426 est,
579 3378 682 3432 qua
713 3361 880 3431 major
903 3377 1020 3417 esse
1051 3379 1154 3417 non
1185 3372 1393 3432 potest,
1426 3367 1685 3434 expressit
1713 3367 1853 3432 ipse,

280 3455 482 3516 docuit,
529 3463 582 3507 et
618 3451 694 3506 ait
723 3470 739 3507 :
768 3452 1020 3522 Major-em
1062 3454 1155 3507 hac
1182 3455 1471 3508 cliaritalem
1513 3445 1654 3511 nemo
1687 3459 1852 3525 habet,

277 3562 432 3614 quam
458 3555 513 3598 ut
537 3545 758 3598 animam
783 3562 928 3599 suam
952 3546 1064 3614 quis
1084 3557 1238 3616 ponat
1273 3565 1363 3617 pro
1389 3549 1560 3602 amicis
1584 3551 1687 3604 suis
1715 3551 1734 3623 (
1766 3551 1851 3608 Id.

278 3653 370 3701 xv,
406 3637 517 3704 l2).
547 3635 692 3692 Fecit
737 3637 847 3705 ipse
895 3638 1035 3708 quod
1082 3638 1291 3703 docuit,
1323 3639 1562 3696 fecerunt
1611 3644 1850 3712 Apostoli

276 3727 422 3801 quod
451 3727 518 3782 ab
539 3727 629 3780 illo
658 3727 974 3793 didicerunt,
1011 3737 1066 3783 et
1091 3729 1241 3783 nobis
1277 3731 1568 3785 faciendum
1596 3734 1850 3801 prwdica-

273 3827 490 3873 verunt.
538 3818 814 3872 Faciamus
841 3827 894 3873 et
924 3833 1048 3882 nos;
1079 3820 1199 3889 quia
1227 3822 1328 3875 etsi
1360 3837 1465 3876 non
1503 3839 1684 3878 sumus
1709 3826 1849 3893 quod

274 3912 364 3966 ille
392 3910 682 3966 secundum
720 3911 770 3964 id
801 3911 941 3980 quod
977 3913 1176 3966 creavit
1217 3929 1346 3978 nos,
1391 3914 1528 3983 quod
1561 3915 1646 3969 ille
1674 3924 1848 3972 tamen

273 4017 461 4056 sumus
499 4002 790 4056 secundum
821 4001 872 4055 .d
901 4001 1040 4072 quod
1071 4002 1237 4057 factus
1277 4012 1359 4057 est
1390 4012 1607 4072 propter
1639 4021 1752 4059 nos.
1785 4008 1849 4062 Et

273 4097 316 4149 si
347 4096 494 4150 solus
515 4095 745 4156 iecisset,
775 4103 914 4150 urte
942 4109 1098 4148 nemo
1125 4103 1361 4148 nostrum
1411 4095 1627 4151 deberet
1652 4099 1846 4154 audere

273 4197 466 4240 umtari
484 4227 498 4249 ,
531 4193 596 4239 ita
620 4186 760 4239 enim
789 4184 878 4239 llle
901 4185 1057 4239 homo
1081 4195 1214 4251 erat,
1243 4197 1296 4239 ut
1316 4195 1369 4240 et
1394 4188 1530 4242 Deus
1549 4199 1690 4243 esset
1713 4208 1725 4242 :
1750 4191 1844 4246 sed

267 4277 322 4332 in
346 4293 412 4331 eo
436 4277 573 4346 quod
602 4275 760 4329 homo
785 4283 918 4340 erat,
953 4276 1136 4328 imitati
1159 4286 1283 4334 sunt
1307 4279 1444 4331 servi
1471 4279 1767 4345 Dominum,
1790 4292 1844 4338 et

269 4368 515 4439 discipuli
541 4367 868 4438 Magistrum,
895 4375 948 4422 et
974 4367 1212 4422 fecerunt
1231 4369 1320 4438 qui
1341 4385 1436 4422 nos
1459 4383 1841 4439 przccesseruut

271 4460 322 4513 in
352 4459 548 4513 familia
590 4459 788 4528 ipsius,
820 4467 994 4527 patres
1038 4459 1250 4528 quidem
1291 4461 1478 4525 nostri,
1523 4463 1614 4515 sed
1666 4473 1837 4520 tamen

265 4551 512 4606 conservi
543 4551 735 4612 nostri;
762 4565 934 4619 neque
959 4550 1247 4619 imperaret
1275 4551 1374 4605 hoc
1405 4553 1540 4606 Deus
1571 4555 1840 4610 utfacere—

265 4657 405 4705 mus,
435 4641 480 4695 si
507 4640 832 4710 impossibile
849 4640 1106 4709 judicaret
1139 4650 1192 4694 ut
1214 4641 1398 4696 hocab
1419 4641 1632 4697 homine
1667 4645 1835 4700 ﬁeret.

261 4734 370 4791 Sed
397 4732 744 4788 considerans
772 4732 1125 4788 infirmitatem
1157 4744 1318 4796 tuam,
1361 4733 1539 4788 delicis
1566 4736 1663 4790 sub
1701 4754 1833 4806 pra:-

259 4826 452 4896 cepto‘!
479 4823 792 4879 Confortare
833 4826 884 4877 iu
922 4826 1191 4892 exemplo.
1222 4823 1326 4878 Sed
1352 4823 1510 4878 etiam
1539 4831 1835 4896 exemplum

257 4917 320 4969 ad
357 4927 406 4970 te
439 4915 661 4970 multum
690 4915 816 4971 est?
841 4915 1006 4971 Adest
1028 4917 1114 4971 ille
1141 4917 1228 4986 qui
1255 4915 1478 4986 przcbuit
1499 4922 1828 4990 exemplum,

255 5016 311 5060 ut
329 5007 564 5077 praabeat
585 5015 640 5062 et
655 5007 930 5062 auxilium.
951 5007 1238 5061 Audiamus
1264 5008 1453 5077 ergoin
1470 5009 1568 5062 isto
1593 5014 1828 5080 psalmo:

252 5108 550 5168 opportune
575 5114 802 5168 namque
831 5099 1040 5164 accidit,
1071 5111 1120 5153 et
1165 5099 1254 5152 illo
1297 5110 1634 5168 procurante,
1684 5114 1740 5160 ut
1781 5107 1829 5161 ei

251 5204 366 5242 eoo.-
385 5200 573 5244 ouaret
604 5191 972 5260 Evangelium,
995 5191 1371 5245 eomntendans
1403 5194 1553 5246 nobis
1582 5195 1825 5250 dilectio-

251 5295 372 5334 nem
406 5281 620 5345 Christi,
653 5283 744 5350 qui
773 5283 1003 5335 animam
1038 5297 1186 5336 suam
1234 5285 1406 5350 posuit
1451 5301 1544 5354 pro
1575 5288 1744 5347 nobis,
1774 5301 1827 5344 ut

248 5381 302 5425 et
331 5388 430 5426 nos
449 5374 676 5428 auitttatn
697 5383 930 5428 nostram
951 5390 1044 5442 pro
1070 5373 1317 5429 fratribus
1331 5392 1583 5443 ponamus
1603 5379 1642 5448 (I
1668 5379 1823 5435 Joau.

250 5478 326 5525 ut,
359 5465 466 5533 16).
521 5463 876 5520 Concordavit
918 5474 972 5518 et
1009 5465 1288 5518 consonuit
1333 5467 1453 5522 huic
1500 5469 1724 5536 psalmo,
1771 5482 1824 5524 ut

248 5556 526 5612 videamus
576 5555 841 5626 quomodo
891 5557 1002 5626 ipse
1050 5557 1302 5614 Dominus
1355 5571 1538 5613 noster
1583 5563 1814 5617 animam

245 5778 278 5823 α
307 5715 325 5745 ¹
362 5713 493 5774 Fdd.,
537 5713 792 5776 desperare
819 5721 911 5764 nan
935 5712 1186 5764 debemus.
1216 5722 1268 5764 Λῑ
1304 5723 1425 5774 uss,
1459 5717 1714 5778 desperare
1737 5731 1816 5766 au-

277 5788 422 5823 cuuis.

277 5788 422 5826 σηιιιδ.

1417 312 1806 370 ENARRATIO
1846 315 1907 369 ΙΝ
1947 319 2258 382 PSALMUM
2299 330 2426 387 LVI.

1945 2369 1947 2372 ⁴
1974 2284 2152 2351 quitur
2175 2289 2224 2340 in
2253 2293 2422 2362 nobis,
2453 2299 2685 2369 loquitur
2709 2309 2776 2363 de
2817 2284 2938 2370 nobi

3442 366 3546 424 662

1985 451 2133 540 suam
2159 446 2330 510 posuit
2353 464 2447 548 pro
2478 453 2630 511 nobis
2659 474 2672 510 :
2707 463 2938 528 psalmus
2957 474 3096 528 enim
3121 477 3216 533 iste
3242 488 3542 548 passionem

1987 543 2149 595 Ipsms
2169 545 2364 644 cantat:
2399 541 2461 594 Et
2487 549 2734 613 quoniam
2763 563 2906 612 totus
2930 563 3167 624 Christus
3203 541 3358 644 caput
3385 541 3544 643 estV-el

1981 633 2192 742 corpu:
2216 629 2358 742 lquod
2391 632 2524 690 bene
2553 654 2646 696 vos
2683 660 2838 702 nosse
2865 669 2969 708 non
3014 659 3194 719 dubito
3223 687 3236 720 ε

1983 715 2092 777 ipse
2140 715 2381 791 salvator
2411 738 2605 796 noster,
2641 752 2824 803 passus
2862 747 2960 802 sub
2990 751 3175 812 Pontio
3215 715 3425 834 Pilalldl:

1984 816 2120 845 mmo
2162 820 2340 845 nnclnn
2384 832 2536 845 ,ευ-..-αι
2596 841 2674 845 μ--
2850 837 2859 845 .

1983 816 2121 859 nunc
2263 820 2310 848 ἰ
2850 837 2859 846 ’
3216 813 3410 834 “mw,
3454 813 3541 845 Ψ..

2162 823 2341 877 pos.ca
2382 832 2538 885 quam
2595 841 2887 891 resurrexit
2918 855 2947 894 a
2993 853 3212 906 mortuis
3286 862 3432 919 sedet
3477 871 3542 925 ad

1983 893 2249 925 Αηυιη-ιι-
2284 904 2370 925 “-”
2409 909 2419 919 ⁸
3218 896 3231 916 ⁸

1978 1722 2148 1827 ι’ἱιειεο
2181 1728 2310 1795 Quia
2339 1751 2466 1807 ergo
2494 1751 2631 1800 totus
2673 1748 2911 1813 Christus
2941 1722 3097 1832 an...
3137 1722 3542 1856 ';;;‘;;“;;,:;:;:;

1978 1831 2125 1856 ριηα·
2163 1835 2435 1856 [inania—nn
2481 1834 2528 1856 2--
2585 1852 2602 1856 Α
2707 1844 2738 1856 .-
2871 1851 2902 1856 _
2976 1855 2984 1856 κ

1976 1831 2126 1885 ejus;
2162 1835 2436 1930 propterea
2481 1834 2530 1888 in
2576 1844 2822 1902 omnibus
2871 1831 3093 1913 Psalmis
3140 1866 3216 1920 sic

1975 1924 2362 2031 voces'capitis,
2411 1934 2466 1978 ut
2507 1929 2785 1994 audiamus
2814 1952 2867 1996 et
2894 1957 3050 2005 voces
3078 1924 3541 2031 θοι-νοτὶς)ῗᾶλῇλῆ

1973 2016 2114 2058 enim
2138 2007 2276 2122 loqui
2303 2022 2605 2089 separatim,
2635 2031 2753 2096 quia
2782 2037 2952 2094 noluit
2979 2059 3096 2100 esse
3138 2007 3541 2122 separatiisiudi':

1973 2108 2101 2153 cens
2130 2116 2145 2152 :
2173 2101 2306 2160 Ecce
2340 2126 2430 2179 ego
2456 2117 2703 2190 uobiscum
2740 2141 2850 2180 sum
2880 2149 3035 2204 usque
3064 2143 3132 2194 ad
3159 2101 3542 2214 cdnsummiilild-

2111 2198 2285 2299 surculi
2304 2199 2535 2313 (litati/1.
2563 2225 2746 2275 xxvm.
2775 2218 2845 2276 20
2872 2221 2909 2293 ).
2938 2198 2991 2279 Si

2253 2323 2422 2403 nulum,
2445 2323 2685 2403 'luqull-lﬂ'
2709 2323 2776 2363 oe
2817 2323 2988 2382 nobis,
3026 2323 3254 2394 loquitur
3281 2351 3374 2403 per
3403 2358 3534 2403 nos:

1972 2383 2093 2475 quia
2119 2386 2171 2430 et
2196 2394 2293 2434 nos
2319 2383 2582 2455 loquimur
2602 2392 2654 2447 in
2688 2397 2778 2451 illo
2805 2418 2820 2454 :
2845 2414 2896 2457 et
2925 2407 3042 2464 ideo
3065 2383 3242 2474 verum

1972 2477 2091 2496 ιιι-ιη
2143 2466 2195 2496 ἓ..
2228 2470 2314 2496 :Il-
2365 2475 2503 2496 1----)
2697 2487 2739 2496 --

1971 2477 2092 2578 quia
2143 2483 2196 2578 t'n
2228 2470 2317 2576 illo
2363 2475 2646 2547 loquimur.
2695 2487 2823 2545 Nam
2870 2503 3080 2564 quando
3109 2507 3160 2562 in
3205 2470 3358 2568 nobi;
3382 2531 3435 2573 et

1972 2558 2122 2666 nobis
2140 2561 2290 2666 rloqui
2320 2569 2660 2644 voluerimus,
2678 2579 2732 2635 in
2754 2589 3027 2646 mendacio
3051 2558 3460 2666 reniaiiebimiis.

1972 2651 2091 2763 m2.
2117 2650 2162 2741 '[
2188 2671 2311 2763 e‘ers.
2339 2661 2387 2714 1.
2412 2659 2447 2763 ].
2473 2666 2602 2763 ρυίθ
2641 2687 2767 2742 ergo
2797 2682 3090 2744 passionem
3125 2650 3537 2763 Domini-eant.“

2399 2755 2709 2859 vale-quem
2754 2767 2960 2826 titulum
3009 2776 3195 2836 habeat
3225 2803 3239 2839 :
3268 2787 3334 2842 In
3362 2793 3533 2859 ﬁnem.

1969 2829 2114 2942 ginis
2135 2835 2373 2939 Christus
2395 2854 2476 2898 est
2507 2847 2678 2917 (Rom.
2714 2871 2766 2921 κ,
2791 2861 2864 2929 4).
2896 2863 3070 2931 Quare
3087 2872 3256 2930 dictus

2181 2927 2194 2939 .
2756 2920 2760 2921 ν
2826 2920 2836 2929 ι
2906 2920 2936 2931 ω
3021 2920 3529 2942 Ἷ--νηωνωηηιδί

1966 2920 2082 3029 N0."
2108 2943 2194 2994 qm
2238 2944 2532 3043 cimsumm’
2565 2943 2657 2995 sed
2699 2948 2786 3014 (illi
2810 2966 3180 3043 [consummeL
3211 2967 3534 3033 Consumere

1957 3490 2276 3582 sumeretur,
2301 3487 2472 3586 tunica
2503 3491 2648 3547 ﬁnita
2671 3506 2822 3552 estut
2841 3505 3201 3568 perﬁceretur.
3233 3516 3373 3573 Finis
3402 3539 3528 3593 ergo

1959 3577 2210 3666 propositi
2243 3577 2405 3666 nostri
2433 3579 2675 3638 Christus
2714 3597 2832 3652 est;
2873 3595 2991 3660 quia
3023 3577 3524 3666 quantumlibetco-

1956 3671 2161 3724 nemur,
2195 3662 2244 3715 in
2277 3665 2366 3717 illo
2411 3671 2734 3741 perlicimur,
2775 3687 2827 3732 et
2876 3683 2942 3734 ab
2975 3662 3064 3739 illo
3093 3662 3444 3765 perﬁeimur,
3470 3662 3522 3760 et

1955 3749 2069 3805 lucc
2096 3765 2179 3807 est
2229 3757 2482 3822 perfectio
2522 3774 2700 3848 qostra
2728 3809 2743 3833 ,
2787 3770 2851 3822 ad
2889 3772 3035 3830 illum
3080 3749 3356 3848 pervenire
3389 3749 3522 3850 πνεξά

1954 3858 2071 3898 cum
2101 3847 2164 3899 ad
2189 3848 2332 3903 illttm
2366 3847 2687 3922 perveneris,
2720 3862 2852 3917 ultra
2884 3883 2986 3922 non
3010 3876 3226 3944 quaeris;
3259 3878 3375 3937 ﬁnis
3405 3847 3523 3944 tuus

1952 3945 2051 3990 est.
2083 3938 2359 4003 Quomodo
2383 3946 2525 4001 enim
2544 3949 2663 4004 ﬁnis
2690 3954 2787 4008 via:
2811 3965 2913 4012 tua:
2938 3938 3082 4019 locus
3109 3938 3310 4038 estque
3328 3938 3518 4044 tendis;

1951 4043 2055 4125 quo
2088 4045 2207 4085 cum
2254 4039 2577 4104 perveneris,
2618 4043 2727 4110 jam
2773 4051 3012 4106 manebis
3045 4072 3055 4106 :
3084 4058 3161 4111 sic
3203 4060 3320 4118 linis
3359 4039 3518 4125 studii

1951 4120 2044 4186 tui',
2074 4126 2325 4222 propositi
2376 4129 2470 4194 tui,
2521 4146 2741 4191 conatus
2773 4142 2866 4205 tui,
2919 4143 3222 4206 intentionis
3265 4166 3385 4222 tuae,
3433 4163 3515 4216 ille

1947 4212 2296 4315 estad-quem
2346 4220 2551 4287 tendis;
2579 4224 2644 4278 ad
2675 4243 2830 4295 quem
2877 4248 2993 4288 cum
3031 4212 3516 4315 perveneriﬁiiltra

1947 4317 2050 4356 non
2098 4303 2458 4376 desiderabis,
2511 4314 2631 4381 quia
2682 4320 2869 4402 melius
2923 4327 3050 4382 nihil
3103 4303 3356 4392 habebis:
3403 4343 3518 4410 Ipse

1945 4411 2072 4466 ergo
2101 4407 2154 4452 et
2199 4403 2501 4471 exemplum
2555 4409 2708 4464 nobis
2745 4414 2954 4472 vivendi
3004 4430 3275 4493 proposuit
3317 4430 3368 4485 in
3421 4403 3517 4492 hac

1945 4489 2072 4550 vita,
2103 4499 2156 4543 et
2179 4493 2452 4559 praemium
2478 4499 2683 4556 vivendi
2705 4503 2853 4560 dabit
2884 4509 2933 4562 in
2967 4489 3135 4569 futura
3160 4520 3284 4576 vita.

2013 4579 2065 4633 5.
2109 4578 2172 4634 1η
2207 4583 2377 4650 finem.
2409 4603 2470 4639 ne
2515 4606 2807 4664 corrumpas
2850 4599 2949 4668 ipsi
2990 4603 3154 4659 David
3188 4610 3238 4662 in
3279 4614 3410 4667 tituli
3433 4619 3514 4672 iu-

1941 4671 2282 4769 scriptionem,
2324 4691 2437 4729 cum
2465 4680 2660 4749 fugeret
2697 4701 2728 4735 a
2773 4689 2903 4756 facie
2945 4692 3076 4747 Sail
3119 4697 3169 4750 in
3201 4703 3510 4769 speluncam.

1941 4758 2253 4817 Referentes
2281 4780 2377 4820 nos
2421 4769 2486 4822 ad
2536 4783 2772 4846 sanctam
2823 4776 3171 4855 Scriptus-am,
3218 4758 3512 4852 invenimus

1939 4851 2149 4916 quidem
2197 4866 2436 4910 sanctmn
2477 4860 2638 4915 David
2688 4864 2833 4920 illum
2881 4885 3055 4940 regem
3087 4851 3240 4932 Israel
3261 4922 3275 4944 .,
3316 4898 3378 4937 ex
3408 4904 3510 4957 quo

1938 4942 2094 4996 etiam
2130 4961 2322 5000 nomen
2352 4953 2549 5030 accepit
2603 4955 2914 5013 Psalterium
2967 4942 3285 5037 Davidicum,
3325 4942 3509 5045 per-se-

1935 5045 2172 5091 cutorem
2203 5055 2412 5107 passum
2453 5044 2612 5099 fuisse
2662 5046 2874 5105 Saulem
2926 5071 3098 5125 regem
3143 5062 3304 5131 ipsius
3333 5073 3506 5140 populi

1940 5129 1958 5200 (
1986 5129 2005 5182 Ι
2034 5129 2159 5200 Reg.
2191 5147 2334 5196 xxnv,
2375 5135 2467 5188 1-4
2494 5135 2544 5205 ),
2574 5137 2709 5193 sicut
2749 5144 2899 5198 multi
2950 5129 3176 5208 vestrum
3227 5129 3502 5226 noverunt,

1933 5223 2021 5292 qui
2054 5221 2354 5291 Seriptnras
2400 5227 2480 5280 Vt'l
2532 5231 2818 5300 attigerunt
2862 5238 2940 5292 vel
2976 5242 3274 5301 audierunt.
3315 5221 3505 5308 Habuit

1932 5329 2058 5382 ergo
2109 5324 2497 5381 persecutorem
2535 5309 2746 5376 saftlem
2779 5341 2869 5379 rex
2899 5329 3060 5385 David
3093 5351 3105 5387 :
3133 5348 3189 5389 et
3214 5353 3331 5392 cum
3363 5353 3506 5398 CSset

1932 5406 2018 5459 ille
2049 5407 2376 5472 mitissimus,
2411 5410 2497 5464 ille
2525 5412 2918 5486 ferocissimus;
2945 5422 3032 5478 ille
3060 5427 3212 5495 lenis,
3244 5430 3332 5486 ille
3364 5433 3504 5488 invi-

1929 5495 2056 5559 dus;
2093 5495 2180 5548 ille
2223 5493 2445 5567 patiens,
2491 5503 2578 5556 ille
2620 5507 2892 5574 crudelis;
2941 5513 3026 5568 ille
3070 5493 3368 5581 beneﬁcus,
3416 5525 3504 5580 ille

1928 5589 2196 5658 ingratus;
2227 5593 2434 5660 pertulit
2461 5611 2579 5648 eum
2609 5607 2750 5653 tanta
2784 5601 3018 5668 leuitate,
3050 5617 3107 5660 ut
3133 5624 3386 5664 cumcum
3409 5630 3502 5668 ac-

1927 5681 2154 5748 Cepisset
2184 5683 2233 5734 iu
2267 5699 2473 5747 manus,
2509 5703 2611 5741 non
2638 5689 2783 5744 illum
2814 5694 3087 5762 attigisset,
3123 5715 3224 5752 non
3256 5701 3494 5760 laesisset.

1931 5773 2146 5842 Accepit
2169 5775 2308 5828 enim
2339 5793 2364 5828 a
2397 5775 2618 5833 Domino
2660 5783 2765 5836 Deo
2793 5795 3123 5852 potestatem,
3151 5800 3208 5842 ut
3250 5791 3294 5844 si
3327 5794 3497 5862 vellet,
