4022 6200
501 306 607 362 οιπδ

502 441 768 497 occideret
790 439 1003 496 Saiilem
1026 439 1140 509 ipse
1165 437 1366 501 David;
1393 446 1447 493 et
1473 437 1631 508 elegit
1657 450 1873 506 parcere
1899 449 2054 507 quam

503 532 762 586 occidere.
793 528 882 584 Ille
906 539 1082 584 autem
1108 543 1209 585 nec
1238 529 1327 583 tali
1375 528 1628 584 beneﬁcio
1653 528 1822 582 victus
1862 536 1964 592 est,
2002 535 2057 581 ut

503 623 768 676 desineret
813 621 1077 691 persequi.
1127 622 1426 677 Invenimus
1476 634 1602 690 ergo
1647 620 1737 697 illo
1788 629 2053 687 tempore,

1680 305 1735 360 S.
1766 301 2124 360 AUGUSTINI
2163 303 2457 364 EPISCOPI

3611 315 3719 372 θω

2163 438 2324 505 mine,
2351 457 2450 498 nec
2493 446 2723 517 cruciligi
2750 452 2918 519 potuit
2957 454 3058 510 nisi
3093 457 3146 511 in
3191 457 3439 527 homine;
3471 465 3593 534 quia
3619 481 3721 523 nec

2160 534 2326 588 teneri
2355 537 2531 603 posset
2558 540 2656 594 nisi
2681 543 2732 596 in
2761 543 2991 602 homine.
3021 549 3275 619 Opposuit
3311 556 3448 611 male
3470 574 3718 628 quaeren-

2160 622 2298 679 tibus
2326 634 2796 695 terram,.servavit
2818 635 2953 691 bene
2977 642 3334 708 qumrentibus
3353 622 3531 700 vitam.
3562 637 3721 721 Fugit

500 713 707 783 quando
732 712 854 768 Said
882 713 1040 768 David
1076 713 1504 783 persequebatur,
1548 726 1722 781 regem
1741 711 1976 804 laturum
2003 720 2058 764 et
2156 727 2282 804 ergo
2305 717 2590 773 secundum
2618 736 2829 804 carnem
2868 726 2919 781 in
2965 730 3267 798 speluncam
3311 748 3341 787 a
3387 734 3521 792 facie

397 821 403 826 ·
501 803 925 870 ιη’ςιεάυδιὶιιτιιιιηι
968 820 1059 858 rex
1104 803 1210 873 iam
1263 803 1591 872 reprobatus,
1619 801 1756 871 quod
1798 801 1984 870 fugerit
2025 815 2052 853 a

498 893 631 947 l‘acie
656 892 777 947 Sail!
809 893 859 948 in
886 894 1184 962 speluncam
1211 894 1322 963 ipse
1348 892 1532 947 David.
1556 892 1690 960 Quid
1718 907 1842 963 ergo
1870 893 1968 946 hoc
1987 891 2054 945 ad

498 982 805 1037 Christum?
833 984 886 1040 Si
916 985 1089 1039 omnia
1106 1000 1222 1055 quae
1251 995 1371 1041 tunc
1382 984 1689 1055 agebantur,
1706 983 1883 1052 ligulae
1900 992 2053 1038 erant

496 1073 811 1151 futurorum,
834 1078 1126 1133 invenimus
1153 1078 1221 1132 ibi
1243 1077 1527 1140 Christum,
1552 1084 1607 1132 et
1627 1077 1792 1130 multo
1808 1077 2050 1151 maxime.

495 1142 625 1219 Nam
654 1142 814 1220 illud:
840 1166 923 1221 Ne
967 1183 1257 1238 corrumpas
1282 1168 1335 1221 in
1364 1168 1496 1221 tituli
1527 1167 1918 1238 inscriptionem,
1946 1180 2051 1222 non

494 1258 646 1313 video
669 1258 933 1329 quomodo
958 1259 1215 1328 pertineat
1256 1259 1325 1314 ad
1367 1259 1517 1314 illum
1563 1258 1745 1313 David.
1773 1258 1885 1314 Non
1911 1261 2051 1316 enim

494 1350 684 1420 aliquis
713 1351 893 1406 titulus
920 1351 1197 1419 inscriptus
1224 1359 1338 1405 erat
1364 1350 1463 1419 ipsi
1491 1350 1675 1418 David,
1696 1363 1851 1420 quem
1888 1350 2053 1407 voluit

493 1455 830 1511 corrumpere
855 1441 997 1497 Said.
1030 1440 1276 1498 Videmus
1295 1450 1468 1497 autem
1498 1441 1819 1512 in-passione
1844 1441 2049 1498 Domini

496 1533 933 1623 scriptum‘l‘uisse
963 1534 1167 1589 titulum
1186 1575 1202 1600 ,
1230 1534 1341 1589 Rea:
1365 1534 1660 1589 Judteorum
1688 1545 1783 1599 ;ut
1803 1535 1892 1591 ille
1925 1536 2051 1590 titu-

493 1624 576 1678 lus
617 1626 958 1695 exprobraret
985 1625 1211 1683 frontem
1248 1626 1518 1697 ipsorum,
1544 1627 1684 1696 quod
1728 1642 1758 1681 a
1806 1643 1930 1698 rege
1955 1642 2051 1683 suo

494 1731 679 1769 manus
722 1730 829 1770 non
872 1715 1255 1773 abstinuerunt.
1298 1715 1354 1772 lu
1395 1717 1500 1772 illis
1524 1718 1663 1772 enim
1689 1716 1814 1773 Said
1839 1727 1971 1778 erat,
1995 1718 2048 1773 in

491 1804 703 1859 Christo
735 1805 891 1860 David
919 1815 1051 1861 erat.
1073 1805 1313 1867 Christus
1336 1806 1496 1868 enim.
1521 1809 1653 1862 sicut
1681 1807 1808 1862 dicit
1832 1818 2049 1877 aposto-

492 1895 650 1951 licum
679 1894 1040 1966 Evangelium,
1071 1905 1173 1962 est,
1199 1897 1338 1967 quod
1364 1897 1624 1964 novimus,
1651 1897 1790 1967 quod
1826 1899 2049 1954 conﬁte—

490 2003 630 2052 mur,
660 2003 721 2040 ει
739 1987 922 2040 semine
942 1986 1105 2041 Dauid
1131 1988 1405 2043 secundum
1423 2002 1623 2042 carnem
1652 1989 1829 2060 (Rom.
1859 2004 1899 2056 ι,
1929 1982 1982 2050 5,
2003 2001 2050 2044 et

490 2077 674 2132 Matth.
703 2094 742 2144 ι,
770 2078 826 2149 1)
859 2096 876 2132 :
901 2094 1020 2131 nam
1045 2078 1332 2133 secundum
1352 2078 1674 2145 divinitatem
1695 2096 1849 2149 supra
1865 2081 2045 2148 David,

384 2198 393 2213 ρ
488 2180 645 2234 supra
671 2181 854 2221 omnes
883 2166 1142 2230 homines,
1160 2182 1316 2238 supra
1345 2168 1535 2225 calum
1555 2179 1610 2223 et
1644 2180 1860 2236 terram,
1888 2187 2048 2241 supra

488 2256 739 2326 Angelos,
794 2271 950 2326 supra
987 2257 1160 2313 omnia
1207 2259 1428 2314 visibilia
1479 2269 1534 2315 et
1578 2262 1886 2329 invisibilia;
1926 2267 2046 2334 quia

488 2348 665 2419 omnia
691 2361 785 2417 per
822 2347 991 2417 ipsum
1021 2346 1156 2403 facta
1180 2357 1323 2416 sunt,
1350 2361 1401 2405 et
1446 2351 1562 2406 sine
1606 2353 1722 2421 ipso
1750 2352 1942 2409 factum
1966 2364 2049 2410 est

487 2436 618 2491 nihil
649 2435 826 2507 (Joan.
849 2452 887 2501 ι,
917 2438 975 2504 5)
1001 2454 1015 2490 :
1042 2437 1284 2508 dignatus
1314 2448 1487 2495 tamen
1515 2440 1675 2499 homo
1716 2440 1829 2498 ﬁeri
1866 2459 1928 2497 ex
1958 2460 2046 2499 sc-

488 2525 630 2582 mine
651 2526 812 2580 David
840 2525 905 2581 ad
935 2542 1031 2581 nos
1056 2527 1234 2595 venit;
1262 2530 1384 2599 quia
1410 2529 1478 2585 de
1520 2530 1658 2586 tribu
1697 2531 1859 2588 David
1888 2544 2043 2591 natus

486 2628 588 2686 est,
611 2619 747 2675 unde
785 2619 934 2691 virgo
957 2619 1116 2675 Maria
1141 2636 1257 2691 qua:
1281 2622 1484 2692 peperit
1511 2620 1777 2678 Christum
1805 2625 1825 2695 (
1849 2624 1974 2687 Luc.
2004 2643 2043 2692 ι,

483 2709 575 2779 27,
600 2720 648 2771 ct
690 2726 746 2782 ιι,
792 2711 823 2769 4
846 2710 885 2785 ).
915 2709 1199 2782 inscriptus
1240 2713 1414 2783 itaque
1450 2713 1630 2768 titulus
1664 2714 1753 2769 ille
1792 2724 1905 2781 est,
1938 2716 2047 2772 Res:

482 2806 798 2861 Judworum.
849 2806 1013 2873 Saul,
1068 2812 1123 2860 ut
1178 2804 1425 2870 diximus,
1481 2806 1705 2875 populus
1745 2806 2043 2864 Judtcorum

482 2907 626 2963 erat;
661 2896 821 2951 David
847 2897 1086 2951 Christus
1114 2905 1228 2951 erat
1252 2913 1264 2950 :
1290 2895 1472 2950 titulus
1489 2895 1579 2964 ibi,
1603 2893 2039 2954 RexJudteorum.

484 2989 740 3060 lndignati
769 2986 1095 3052 suntJudrei,
1120 2989 1238 3056 quia
1266 2987 1549 3059 inscriptus
1563 2997 1678 3043 erat
1704 2988 1907 3056 titulus,
1934 2990 2045 3063 Rea;

482 3081 780 3135 Judteorum
805 3097 824 3132 :
850 3078 1035 3148 puduit
1079 3079 1196 3133 illos
1223 3078 1421 3133 habere
1450 3093 1625 3148 regem
1650 3094 1807 3149 quem
1832 3080 2042 3135 cruciﬁ-

482 3185 607 3241 gere
635 3177 933 3238 potuerunt.
964 3167 1076 3223 Non
1100 3168 1239 3222 enim
1268 3167 1514 3235 viderunt
1531 3168 1653 3238 quia
1679 3170 1791 3237 ipsa
1815 3185 1966 3237 crux,
1989 3170 2043 3227 in

398 3250 407 3255 5
481 3275 584 3328 qua
614 3273 731 3312 eum
768 3257 1031 3323 ﬁxerunt,
1073 3255 1246 3311 futura
1279 3268 1392 3314 erat
1438 3255 1490 3311 in
1537 3256 1796 3313 frontibus
1836 3275 2040 3330 regum.

391 3380 397 3393 -
481 3349 610 3405 Cum
632 3364 757 3417 ergo
785 3347 1177 3415 indignarentur
1205 3362 1271 3402 ex
1305 3347 1397 3402 illo
1428 3347 1600 3411 titulo,
1634 3348 1874 3404 adierunt
1900 3351 2041 3406 Pila-

484 3453 590 3495 tum
614 3439 867 3510 judicem,
896 3438 979 3493 cui
1007 3437 1308 3493 obtulerant
1352 3436 1699 3493 occidendum
1735 3437 2037 3508 Chsistum,

481 3541 535 3586 ct
558 3530 802 3585 dixerunt
826 3527 892 3584 ad
920 3542 1039 3583 eum
1062 3543 1075 3581 :
1106 3525 1230 3582 Noli
1257 3526 1471 3582 scribere
1484 3528 1577 3594 sic,
1600 3526 2039 3597 RexJudazorum;

468 3621 565 3676 scd
592 3620 747 3675 scribe
766 3619 883 3689 quia
908 3619 1017 3689 ipse
1039 3618 1165 3671 dixit
1192 3634 1245 3672 se
1283 3634 1447 3688 regem
1484 3634 1591 3673 esse
1622 3618 1937 3674 Judworum.
1972 3622 2042 3678 Et

478 3715 598 3787 quia
622 3714 729 3784 jam
759 3721 1025 3768 cantatum
1053 3718 1290 3780 eratper
1316 3708 1567 3781 Spiritum
1590 3720 1852 3779 sanctum,
1879 3711 1948 3767 In
1974 3714 2040 3783 ﬁ-

479 3823 631 3870 nem;
671 3823 732 3861 ne
774 3821 1066 3875 corrumpas
1091 3804 1145 3857 in
1174 3803 1305 3859 tituli
1331 3803 1738 3873 inscriptionem,
1766 3805 2040 3874 respondit

478 3900 555 3953 eis
584 3898 812 3953 Pilatus:
835 3895 981 3964 Quod
1000 3895 1179 3965 scripsi
1207 3894 1385 3964 scripsi
1411 3893 1431 3965 (
1456 3893 1613 3949 Joan.
1643 3910 1754 3961 XIX,
1783 3896 1946 3952 19-22
1970 3896 1990 3968 )
2019 3916 2034 3954 :

479 3989 601 4057 quid
631 3988 757 4043 mihi
784 3988 1060 4058 suggeritis
1105 3986 1428 4041 falsitatem?
1468 3986 1579 4057 Ego
1621 4002 1728 4042 non
1755 4002 2037 4061 corrumpe

479 4079 768 4133 veritatem.
1650 4154 1655 4159 ι

548 4171 603 4225 4.
642 4168 946 4222 Audivimus
965 4182 1090 4237 ergo
1114 4167 1238 4236 quid
1269 4168 1369 4223 sibi
1394 4168 1539 4232 velit,
1570 4166 1652 4224 Ne
1673 4186 1965 4240 corrumpas
1983 4173 2035 4226 in

477 4260 610 4314 tituli
627 4258 1014 4328 inscriptionem.
1046 4255 1179 4324 Quid
1208 4273 1333 4328 ergo
1357 4267 1458 4323 est,
1484 4255 1610 4314 Cum
1635 4262 1826 4330 fugeret
1849 4278 1880 4315 α
1907 4262 2038 4332 facie

477 4352 608 4409 Sasil
634 4353 684 4406 in
700 4348 1026 4419 speluncam?
1050 4348 1200 4416 Quod
1230 4349 1440 4419 quidem
1466 4360 1519 4405 et
1556 4351 1719 4406 David
1759 4352 1847 4408 ille
1872 4352 2030 4410 fecit:

475 4443 565 4497 sed
594 4442 712 4513 quia
741 4441 791 4496 in
823 4441 911 4494 illo
939 4454 1042 4494 non
1084 4439 1379 4495 invenimus
1423 4441 1556 4495 tituli
1602 4442 1993 4512 inscriptionem
2013 4486 2029 4512 ,

476 4535 527 4587 in
573 4532 673 4588 hoc
701 4530 1025 4587 inveniamus
1059 4528 1229 4599 fugam
1280 4529 1332 4583 in
1378 4530 1702 4597 speluncam.
1755 4531 2036 4603 Figurabat

474 4629 612 4683 enim
633 4626 825 4698 aliquid
852 4626 938 4682 iila
964 4623 1232 4695 spelunca,
1264 4639 1364 4694 qua
1391 4638 1450 4678 se
1477 4626 1603 4679 texit
1647 4626 1827 4680 David.
1859 4626 2034 4694 Quare

475 4727 651 4772 autem
676 4733 734 4772 se
762 4715 930 4772 texit?
957 4714 1024 4772 Ut
1047 4715 1419 4777 occultaretur,
1456 4722 1510 4767 et
1556 4729 1660 4768 non
1690 4715 2030 4773 inveniretur.

476 4807 612 4874 Quid
643 4815 722 4861 est
750 4810 954 4877 contegi
986 4805 1276 4878 spelunca?
1304 4804 1520 4874 Contegi
1563 4816 1720 4859 terra.
1765 4806 1863 4872 Qui
1893 4808 2030 4863 enim

474 4896 605 4966 fugit
657 4895 707 4950 in
758 4898 1082 4967 speluncam,
1125 4909 1262 4951 terra
1313 4896 1626 4966 contegitur,
1662 4912 1729 4951 ne
1776 4896 2032 4954 videatur.

475 4988 721 5045 Portabat
743 4998 915 5043 autem
937 4998 1126 5043 terram
1152 4987 1324 5051 Jesus,
1354 5002 1566 5043 carnem
1588 5002 1742 5056 quam
1760 5000 2035 5059 acceperat

475 5083 541 5138 de
572 5091 745 5145 terra;
776 5089 831 5134 et
851 5081 902 5133 in
930 5096 990 5134 ea
1016 5095 1074 5136 se
1100 5080 1412 5143 occultabat,
1454 5094 1523 5135 ne
1546 5094 1574 5132 a
1599 5079 1799 5135 Judaeis
1826 5080 2031 5145 inveni-

472 5184 618 5231 retur
642 5172 799 5227 Deus.
826 5171 881 5226 Si
906 5173 1046 5226 enim
1062 5154 1453 5241 cognovissent,
1472 5188 1737 5243 nunquam
1752 5173 2029 5228 Dominum

469 5266 651 5338 gloriae
676 5260 1058 5317 cruciﬁxisseut
1093 5260 1134 5333 (l
1163 5261 1277 5316 Cor.
1303 5278 1361 5329 ιι,
1391 5262 1467 5333 8).
1496 5263 1670 5330 Quare
1697 5279 1825 5334 ergo
1851 5264 2031 5318 Domi-

420 5355 425 5363 ’
471 5374 595 5413 num
611 5355 796 5427 gloria:
820 5367 926 5408 non
951 5352 1297 5408 invenerunt?
1316 5353 1446 5420 Quia
1466 5356 1711 5424 spelunca
1731 5372 1789 5412 se
1810 5365 2029 5424 texerat,

471 5449 526 5504 id
539 5457 639 5509 est,
653 5445 826 5502 carnis
840 5441 1196 5499 inﬁrmitatem
1210 5445 1379 5499 oculis
1390 5445 1686 5514 objiciebat,
1705 5447 2031 5517 majestatem

473 5550 646 5595 autem
669 5536 956 5593 divinitatis
984 5535 1037 5589 in
1064 5535 1303 5605 corporis
1330 5536 1580 5605 tegmine.
1612 5545 1855 5606 tanquam
1878 5547 2032 5592 terra:

468 5631 648 5687 abdito
672 5627 995 5700 contegebat.
1026 5625 1106 5681 illi
1131 5640 1258 5696 ergo
1286 5641 1389 5679 non
1424 5635 1805 5696 cognoscentes
1832 5627 1996 5681 Deum
2014 5670 2028 5692 ,

471 5720 844 5776 Crucilixerrttt
873 5718 1156 5785 hominem,
1191 5718 1297 5774 Nec
1324 5717 1456 5772 mori
1506 5717 1673 5787 potuit
1705 5718 1803 5789 nisi
1841 5718 1892 5772 in
1935 5719 2029 5772 ho.

2152 800 2304 899 Quod
2330 804 2374 859 si
2398 816 2450 861 et
2474 807 2574 899 hoc
2597 810 2727 867 velis
2752 800 3013 887 accipere,
3047 820 3114 874 ita
3147 822 3424 880 Dominum
3451 825 3644 899 fugisse
3661 832 3716 884 in

2154 892 2458 960 speluncam
2487 911 2517 952 a
2543 898 2676 956 facie
2702 901 2850 969 Satil,
2878 906 2997 976 quia
3039 923 3223 978 passus
3246 923 3356 978 est;
3388 892 3554 985 usque
3580 918 3717 975 adeo

2153 997 2215 1038 se
2239 987 2517 1043 occultavit
2540 989 2763 1059 Judreis,
2796 998 2853 1051 ut
2883 1007 2938 1052 et
2962 1013 3297 1059 moreretur.‘
3316 1006 3719 1073 Quautnmlibet

2152 1074 2292 1129 enim
2320 1080 2565 1134 smvirent
2585 1083 2635 1136 in
2654 1098 2774 1138 eum
2794 1085 2983 1154 Judaei,
3010 1090 3179 1148 donec
3201 1110 3518 1163 moreretur,
3540 1103 3720 1160 adhue

2155 1166 2406 1234 putabant
2434 1185 2555 1224 eum
2586 1188 2742 1242 posse
2767 1175 3000 1244 liberari,
3027 1192 3080 1236 et
3103 1186 3386 1243 ostendere
3409 1190 3590 1260 aliquo
3611 1196 3717 1247 mi-
3800 1224 3811 1237 ι

2151 1256 2333 1311 racqu
2356 1260 2495 1328 quod
2523 1261 2687 1319 Filius
2717 1265 2808 1321 Dei
2834 1278 2993 1324 esset.
3024 1272 3137 1329 Hoc
3165 1278 3471 1345 prtcdictum
3502 1256 3624 1337 erat
3661 1287 3716 1341 in

2151 1346 2286 1443 libro
2298 1350 2579 1420 Sapientia:
2602 1372 2617 1408 :
2648 1355 2811 1413 Morte
2834 1364 3119 1432 turpissima
3140 1370 3523 1429 condemnemus
3541 1376 3717 1443 illum;

2149 1441 2244 1494 erit
2281 1445 2410 1497 enim
2457 1459 2705 1516 respectus
2728 1451 2808 1505 illi
2838 1470 2902 1508 ex
2938 1458 3245 1515 sermonibus
3286 1462 3445 1519 illius.
3493 1468 3555 1523 Si
3580 1441 3717 1525 enim

2110 1610 2123 1622 ’
2150 1546 2262 1586 vere
2287 1535 2423 1601 ﬁlius
2448 1536 2544 1592 Dei
2567 1551 2658 1608 est,
2681 1545 2914 1616 suscipiet
2942 1548 3102 1615 illum,
3132 1560 3180 1606 et
3209 1553 3433 1610 liberabit
3473 1559 3616 1614 illum
3651 1563 3719 1618 de

2150 1626 2378 1681 manibus
2417 1635 2779 1689 contrariorum
2816 1637 2990 1710 (Sap.
3020 1658 3075 1707 tt,
3112 1643 3202 1711 20,
3228 1648 3293 1702 i8
3409 1649 3542 1718 Quia
3582 1668 3716 1725 ergo

2150 1721 2570 1791 cruciligr-batur.
2601 1735 2657 1781 et
2685 1744 2788 1782 non
2816 1730 3167 1804 liberabatur,
3190 1741 3536 1799 crediderunt
3562 1721 3713 1803 illum

2151 1827 2254 1864 non
2275 1827 2393 1868 esse
2425 1815 2611 1871 Filium
2648 1819 2756 1875 Dei.
2794 1822 3075 1893 PrOpterea
3106 1829 3417 1889 insultantes
3458 1838 3713 1905 pendenti

2151 1901 2201 1997 iit
2234 1901 2406 1997 ligno,
2438 1915 2494 1961 et
2532 1920 2688 1978 caput
2732 1907 3027 1982 agitantes,
3055 1918 3303 1977 dicebant
3332 1923 3406 1978 illi
3435 1901 3542 1982 {Si
3573 1930 3713 1997 ﬁlius

2147 1992 2329 2062 Dcies,
2359 1996 2600 2054 descende
2640 2003 2703 2055 de
2736 2019 2893 2059 cruce.
2929 2007 3069 2062 Alios
3093 2012 3256 2066 salvos
3288 2017 3404 2084 fecit
3426 2057 3441 2078 ,
3490 1992 3714 2089 seipsum

2148 2087 2341 2142 sulcare
2362 2106 2461 2144 non
2484 2102 2641 2160 potest
2671 2093 2879 2164 (Matth.
2916 2109 3091 2161 xx‘vn.
3118 2104 3217 2170 40,
3248 2106 3357 2174 42).
3395 2109 3495 2163 lsta
3526 2087 3714 2167 dicen-

2150 2186 2250 2245 tes,
2271 2178 2407 2234 sicut
2433 2191 2514 2236 cst
2539 2182 2589 2237 in
2608 2183 2723 2253 ipso
2751 2186 2884 2242 libro
2909 2188 3214 2259 Sapientize,
3243 2196 3350 2251 lucc
3373 2203 3714 2271 cogitaverunt

2128 2278 2192 2331 fet
2211 2284 2529 2339 enaverant;
2556 2280 2962 2334 exctecavitenim
2986 2282 3101 2338 illos
3127 2287 3318 2341 malitia
3351 2305 3527 2345 eorum
3554 2293 3713 2365 (Sap.

2147 2379 2203 2429 ιι,
2225 2361 2339 2435 9-1).
2354 2364 2487 2432 Quid
2501 2368 2640 2421 enim
2671 2384 2914 2440 magnum
2945 2386 3060 2430 emt
3085 2376 3151 2430 de
3170 2393 3328 2435 cruce
3348 2361 3713 2453 descendere,

2145 2458 2228 2511 cui
2283 2456 2434 2512 facile
2458 2457 2553 2512 fuit
2598 2460 2667 2516 de
2707 2463 2950 2532 sepulcro
2992 2471 3313 2539 resurgere?
3357 2472 3464 2528 Sed
3503 2480 3712 2545 quare‘

2147 2564 2311 2620 usque
2354 2550 2419 2605 ad
2454 2562 2673 2608 mortem
2721 2556 2885 2611 voluit
2920 2571 3038 2613 esse
3081 2562 3322 2629 patiens?
3352 2563 3420 2621 Ut
3446 2565 3652 2637 lugeret
3680 2588 3712 2624 a

2145 2639 2278 2696 facie
2315 2641 2438 2698 Said
2466 2643 2517 2697 in
2547 2645 2874 2714 speluncam.
2921 2646 3131 2704 Etenim
3175 2654 3449 2721 spelunca,
3492 2658 3715 2715 inferior

2144 2746 2268 2806 pars
2295 2726 2448 2789 terra:
2479 2745 2649 2804 potest
2685 2738 2872 2811 accipi.
2914 2740 2979 2794 Et
3006 2751 3153 2798 certe
3185 2745 3327 2813 quod
3369 2748 3714 2807 manifestum

2143 2836 2244 2893 est,
2275 2839 2327 2883 et
2352 2837 2551 2883 certum
2586 2830 2850 2898 omnibus,
2898 2848 3091 2905 corpus
3130 2837 3246 2906 ejus
3286 2840 3336 2892 in
3367 2854 3718 2901 monumento

2142 2921 2372 2987 positum
2398 2929 2498 2986 est,
2537 2921 2675 2990 quod
2704 2931 2819 2976 erat
2859 2925 3092 2980 excisum
3137 2927 3189 2981 in
3220 2938 3389 2997 petra.
3434 2932 3548 2987 Hoc
3582 2950 3717 3006 ergo

2144 3020 2543 3066 monumentum
2571 3012 2819 3081 spelunca
2847 3024 2961 3069 erat
2990 3033 3004 3069 :
3034 3015 3160 3072 illuc
3184 3017 3314 3089 fugit
3340 3036 3370 3075 a
3401 3022 3535 3079 l‘acie
3555 3024 3716 3082 Sani.

2142 3102 2363 3159 Tamdiu
2393 3105 2533 3160 enim
2563 3105 2818 3175 persecuti
2835 3117 2959 3162 sunt
2984 3109 3126 3163 illum
3149 3110 3337 3180 Judmi,
3365 3117 3717 3187 quoadusque

2143 3206 2429 3265 poneretur
2452 3197 2505 3251 in
2535 3197 2805 3267 spelunca.
2834 3199 2986 3255 Unde
3010 3203 3301 3270 probamus
3326 3208 3468 3277 quod
3508 3212 3715 3268 tamdiu

2142 3288 2288 3343 illum
2316 3290 2576 3358 persecuti
2605 3298 2744 3354 sunt,
2776 3306 3053 3363 quousque
3079 3294 3147 3350 ibi
3187 3301 3510 3365 poneretur?
3535 3301 3712 3359 Etiam

2145 3389 2408 3435 mortuum
2441 3380 2492 3434 in
2523 3396 2678 3435 cruce
2717 3383 3030 3451 pendentem
3079 3386 3259 3443 lancea
3300 3392 3717 3452 vulneraverunt

2142 3470 2321 3539 (Joan.
2340 3487 2454 3537 xu,
2480 3471 2597 3541 3b).
2627 3473 2693 3526 At
2723 3474 2809 3529 ubi
2838 3474 3102 3550 involutus
3126 3487 3311 3536 curato
3355 3482 3539 3539 funere
3566 3489 3717 3557 posi-

2142 3573 2225 3621 tus
2255 3573 2335 3620 est
2362 3565 2411 3619 in
2443 3565 2715 3635 spelunca,
2739 3566 2847 3635 jam
2887 3568 3018 3623 nihil
3060 3569 3355 3628 habuerunt
3393 3577 3533 3646 quod
3559 3583 3716 3637 carni

2140 3653 2397 3710 lacerent.
2430 3653 2736 3710 Resurrexit
2758 3667 2887 3727 ergo
2918 3657 3170 3715 Dominus
3210 3677 3275 3716 ex
3323 3662 3412 3719 illa
3454 3667 3713 3736 spelunca

2139 3748 2357 3815 illaesus,
2387 3748 2738 3816 incorruptus,
2770 3765 2875 3821 quo
2904 3749 3108 3821 fugerat
3132 3768 3160 3807 a
3193 3753 3324 3811 facie
3343 3756 3500 3826 Satil;
3529 3764 3717 3818 occul-

2142 3848 2256 3894 tans
2273 3853 2331 3895 se
2359 3841 2552 3910 impiis,
2582 3855 2715 3911 quos
2742 3841 3108 3913 prmligurabat
3147 3846 3294 3914 Saiil,
3334 3852 3624 3910 ostendens
3649 3872 3717 3913 se

2138 3942 2312 3989 autem
2363 3933 2615 3989 membris
2652 3930 2791 3989 'suis.
2841 3934 2973 3991 Nam
3026 3942 3348 4011 resurgentis
3386 3947 3623 4004 membra
3680 3967 3714 4005 a

2138 4028 2391 4083 membris
2419 4028 2532 4097 ejus
2557 4029 2761 4099 palpata
2783 4039 2908 4084 sunt
2939 4048 2951 4083 :
2983 4032 3219 4087 membra
3246 4035 3385 4090 enim
3414 4038 3529 4109 ejus
3561 4044 3717 4108 Apo-

2056 4130 2067 4141 ’
2136 4122 2256 4175 stoli
2302 4121 2588 4191 tetigerunt
2636 4130 3021 4190 resurgentem,
3066 4133 3120 4178 et
3146 4126 3485 4184 crediderunt
3526 4130 3548 4204 (
3573 4133 3709 4192 Luc.

2138 4213 2445 4284 xxiv,59);
2492 4224 2544 4268 et
2586 4228 2711 4268 ecce
2758 4213 2890 4268 nihil
2934 4215 3129 4286 proluit
3168 4223 3467 4289 persecutio
3501 4224 3710 4284 Saulis.

2136 4308 2423 4363 Audiamus
2465 4321 2591 4375 ergo
2633 4305 2739 4374 jam
2775 4304 3074 4374 Psalmum,
3109 4310 3230 4379 quia
3274 4309 3341 4366 de
3390 4314 3544 4372 titulo
3587 4318 3716 4387 ejus

2135 4399 2263 4453 satis
2309 4397 2466 4452 locuti
2494 4412 2696 4462 sumus,
2724 4405 2976 4466 quantum
3008 4396 3266 4456 Dominus
3299 4401 3499 4461 donare
3526 4404 3719 4478 digna.

2135 4499 2220 4546 tus
2247 4498 2346 4547 est.

2205 4583 2256 4638 5.
2286 4580 2433 4656 [vers.
2455 4579 2536 4653 2.]
2565 4580 2800 4636 Miserere
2824 4582 2936 4643 mei,
2972 4582 3125 4646 Deus,
3154 4586 3386 4642 miserere
3411 4590 3540 4655 mei,
3571 4608 3713 4656 quo-

2136 4675 2268 4727 niam
2293 4673 2345 4726 in
2373 4684 2418 4726 te
2437 4671 2645 4740 conﬁdit
2664 4672 2830 4724 anima
2855 4688 2984 4724 mea.
3012 4672 3252 4729 Christus
3276 4677 3325 4729 in
3354 4680 3596 4745 passione
3612 4682 3713 4736 di-

2135 4766 2227 4829 cit,
2262 4763 2497 4819 Miserere
2522 4764 2636 4826 mei,
2668 4760 2824 4817 Deus.
2853 4761 2964 4817 Deo
2987 4762 3124 4819 Deus
3149 4765 3295 4833 dicit,
3332 4768 3563 4824 Miserere
3582 4774 3711 4831 mei.

2137 4855 2235 4925 Qui
2267 4872 2383 4910 cum
2411 4855 2565 4909 Patre
2594 4854 2872 4909 miseretur
2898 4855 3001 4921 tui,
3035 4856 3085 4909 in
3119 4865 3168 4912 te
3200 4859 3424 4926 clamat,
3465 4860 3717 4920 Miserere

2078 4956 2085 4969 ’
2136 4948 2251 5001 mei.
2284 4948 2490 5001 Etenim
2511 4946 2650 5016 quod
2677 4945 2743 5001 de
2773 4945 2864 5000 illo
2892 4930 3101 5013 clamat,
3138 4947 3380 5004 Miserere
3406 4954 3519 5017 mei,
3554 4962 3713 5011 tuum

2137 5052 2254 5092 esu
2283 5053 2312 5091 a
2344 5046 2394 5091 te
2422 5036 2524 5091 hoc
2563 5038 2800 5106 accepit,
2848 5047 3063 5106 propter
3106 5048 3157 5094 te
3186 5040 3513 5099 liberandum
3540 5061 3721 5105 carne

2137 5128 2348 5182 indutus
2371 5137 2473 5182 est.
2502 5128 2637 5181 Caro
2667 5127 2775 5196 ipsa
2804 5127 3030 5194 clamat,
3078 5128 3317 5184 Miserere
3356 5135 3452 5187 mei
3475 5178 3489 5198 ,
3523 5134 3668 5192 Deus
3694 5182 3717 5205 ,

2136 5220 2367 5274 miserere
2390 5218 2487 5271 mei
2505 5234 2521 5270 :
2539 5216 2696 5271 homo
2722 5207 2853 5287 ipse,
2877 5218 3049 5273 anima
3071 5229 3125 5274 et
3145 5222 3165 5251 '
3186 5236 3328 5276 caro.
3346 5212 3535 5279 Totum
3559 5228 3717 5287 enim

2137 5309 2406 5365 hominem
2433 5308 2666 5378 suscepit
2692 5306 2945 5371 Verbum,
2969 5319 3021 5363 et
3049 5319 3189 5366 totus
3226 5312 3384 5369 homo
3423 5316 3593 5371 factus
3620 5335 3721 5378 est

2138 5402 2390 5457 Verbum.
2421 5398 2499 5453 Ne
2524 5398 2641 5454 ideo
2668 5408 2877 5468 putetur
2902 5415 3005 5454 non
3031 5401 3101 5457 ibi
3125 5403 3285 5459 fuisse
3309 5406 3560 5471 animam,
3579 5416 3717 5477 quia

2136 5490 2455 5561 evangelista
2487 5489 2555 5543 ita
2581 5488 2709 5544 dicit
2734 5509 2748 5544 :
2782 5488 2993 5545 Verbum
3013 5508 3131 5545 caro
3154 5494 3345 5563 factum
3370 5508 3461 5561 est,
3490 5510 3539 5552 et
3558 5501 3707 5556 habi—

2198 5604 2217 5671 ξ
2252 5602 2381 5671 laid,
2406 5600 2584 5671 quare?
2602 5599 2725 5670 prtia
2744 5613 2908 5671 usque,
2932 5610 3025 5652 etc.
3054 5603 3216 5671 Abest,
3242 5590 3371 5669 quin,
3394 5621 3420 5656 a
3444 5615 3550 5659 Mss.

2199 5666 2219 5696 ²
2253 5663 2385 5733 add,
2410 5663 2509 5724 ipse
2709 5668 2778 5733 est
2808 5670 2853 5712 et
2885 5677 3016 5733 caro.
3054 5663 3305 5732 EXpung'c,
3330 5663 3571 5733 est,juna
3593 5679 3717 5733 ωδ.

2139 5726 2340 5790 ejusque
2362 5722 2469 5774 loco
2489 5724 2707 5784 subaudi,
2728 5722 2918 5775 clamat.
