4022 6200
280 328 383 384 ωε

279 448 396 501 tavit
424 449 474 500 in
502 445 642 501 nobis
663 444 840 518 (Joan.
867 461 905 511 ι,
934 444 1036 515 Η).
1063 443 1268 498 Etenim
1294 443 1488 495 dicitur
1510 455 1635 495 caro
1658 439 1836 501 homo,

278 541 415 592 sicut
452 539 558 594 alio
604 539 721 593 loco
764 539 891 593 dicit
932 538 1221 606 Scriptura,
1252 534 1317 588 Et
1340 535 1520 589 videbit
1540 534 1701 588 omnis
1724 547 1842 585 caro

276 630 499 681 salutare
534 625 629 681 Dei
652 626 800 700 (lsai.
842 643 925 693 xc,
956 628 1026 688 5;
1058 625 1183 679 Luc.
1211 640 1301 688 ιιι,
1332 625 1409 694 6).
1430 622 1690 693 Numquid
1718 635 1844 675 caro

278 719 389 773 Sola
418 719 643 783 videbit,
670 730 722 772 et
751 719 922 773 anima
955 717 1022 772 ibi
1057 732 1158 771 non
1186 716 1326 771 erit?
1356 716 1546 770 lterum
1575 715 1695 768 dicit
1730 714 1842 779 ipse

279 811 535 866 Dominus
578 811 645 865 de
687 810 1027 865 hominibus:
1060 810 1201 863 Sicut
1240 809 1420 869 dedisti
1462 808 1509 861 ei
1553 816 1842 877 potestatth

277 904 441 957 omnis
480 904 644 957 carnis
673 901 869 975 (Joan.
894 919 1022 966 xvu,
1053 900 1143 971 2).
1173 899 1433 970 Numquid
1462 900 1510 953 in
1537 899 1701 952 solam
1724 912 1842 949 ear-

278 1010 400 1048 nem
430 1004 703 1063 acceperat
735 1002 1065 1061 potestatem,
1088 1002 1141 1046 et
1169 1007 1271 1045 non
1297 991 1525 1044 maxime
1546 990 1595 1041 in
1618 988 1840 1051 animas,

277 1102 412 1157 quas
445 1087 685 1156 primitus
712 1086 1003 1141 liberabat?
1026 1086 1161 1155 Ergo
1189 1070 1256 1139 ibi
1280 1094 1391 1138 erat
1415 1083 1610 1145 anima,
1642 1079 1710 1133 ibi
1732 1087 1845 1133 erat

277 1195 405 1232 raro
427 1220 444 1243 ,
478 1179 546 1233 ibi
576 1188 715 1233 totus
738 1178 928 1243 homo;
959 1190 1011 1234 et
1037 1189 1176 1233 totus
1218 1176 1377 1231 homo
1405 1191 1522 1230 eum
1553 1174 1726 1229 Verbo
1748 1214 1762 1235 ,
1792 1180 1846 1225 et

280 1268 512 1325 Verbum
535 1285 652 1323 cum
672 1269 906 1336 homine,
924 1282 978 1324 et
999 1270 1229 1323 homo’et
1250 1267 1477 1321 Verbum
1502 1280 1636 1319 unus
1660 1263 1841 1327 homo,

278 1372 333 1415 et
362 1362 597 1417 Verbum
625 1372 677 1416 et
708 1362 868 1417 homo
897 1376 1033 1416 unus
1065 1352 1225 1415 Deus.
1259 1360 1406 1425 Dicat
1433 1373 1578 1427 ergo,
1608 1355 1847 1409 Miserere

277 1454 397 1511 ruri.
429 1453 581 1514 Deus,
609 1454 841 1509 miserere
868 1455 983 1508 mei.
1004 1453 1118 1508 Non
1145 1466 1558 1522 expaveseamus
1582 1438 1739 1502 voces
1756 1462 1847 1516 pe-

281 1545 443 1598 tentis
485 1544 900 1599 misericordiam
929 1553 985 1599 et
1014 1543 1331 1598 exbibentis.
1364 1541 1486 1597 Ideo
1513 1541 1652 1595 enim
1685 1539 1842 1607 petit,

279 1634 401 1703 quia
434 1634 648 1689 exhibet
676 1652 690 1689 :
718 1635 785 1688 ad
817 1634 916 1689 hoc
942 1635 1083 1689 enim
1126 1634 1284 1689 homo
1304 1676 1318 1697 ,
1359 1634 1480 1704 quia
1510 1632 1841 1695 misericors;

280 1741 386 1778 non
414 1737 471 1779 ut
498 1727 816 1782 conditionis
845 1728 1160 1783 necessitate
1187 1736 1510 1788 nasceretur,
1540 1725 1633 1780 sed
1660 1736 1717 1778 ut
1750 1738 1846 1777 nos

281 1815 349 1869 de
392 1816 694 1872 conditione
747 1818 1076 1873 necessitatis
1118 1818 1385 1873 liberaret.
1437 1816 1671 1871 Miserere
1718 1816 1843 1881 mei,

284 1905 442 1970 Deus,
475 1908 704 1962 miserere
726 1909 854 1975 mei,
892 1909 1126 1978 quoniam
1148 1910 1200 1962 in
1225 1918 1273 1962 te
1294 1909 1501 1975 conﬁdit
1519 1908 1687 1960 anima
1714 1922 1843 1960 mea.

283 1999 451 2052 Audis
477 2000 782 2069 magistrum
810 2009 1046 2055 orantem
1067 2042 1081 2064 ,
1105 1999 1247 2054 disce
1274 2014 1446 2054 orare.
1475 1999 1553 2053 Ad
1582 1999 1680 2054 hoc
1705 1998 1845 2053 enim

283 2094 494 2154 oravit,
528 2102 585 2145 ut
607 2092 823 2147 doceret
847 2107 1001 2147 orare
1024 2109 1039 2147 :
1063 2092 1183 2162 quia
1215 2092 1279 2146 ad
1313 2091 1413 2147 hoc
1438 2105 1621 2160 passus
1646 2099 1759 2155 est,
1789 2098 1848 2143 ut

283 2185 502 2239 doceret
533 2187 674 2253 pati;
703 2186 771 2240 ad
800 2185 902 2241 hoc
942 2185 1271 2251 resurrexit,
1302 2193 1361 2239 ut
1392 2184 1606 2239 doceret
1630 2197 1848 2253 sperare

284 2278 750 2332 resurrectionem.

355 2367 407 2422 6.
436 2365 506 2420 Et
533 2369 585 2421 in
609 2367 786 2421 umbra
805 2368 999 2421 alarum
1019 2375 1217 2421 tuarum
1239 2364 1449 2437 sperabo
1464 2408 1478 2431 ,
1502 2365 1656 2418 donec
1681 2373 1846 2417 trans-

282 2471 364 2513 eat
389 2460 644 2528 iniquitas.
672 2459 784 2514 Hoc
813 2459 966 2526 plane
994 2458 1103 2529 jam
1132 2468 1272 2513 totus
1299 2457 1540 2512 Christus
1565 2455 1696 2509 dixit
1720 2470 1735 2508 :
1763 2454 1850 2508 hic

284 2560 369 2604 est
394 2560 447 2605 et
471 2566 570 2604 vox
599 2558 802 2604 nostra.
838 2549 953 2604 Non
994 2550 1133 2603 enim
1174 2550 1279 2616 jam
1319 2548 1524 2601 transiit
1566 2545 1843 2615 iniquitas,

282 2641 461 2695 adhuc
487 2641 653 2695 fervet
680 2640 950 2709 iniquitas.
984 2641 1049 2693 Et
1080 2640 1130 2693 in
1164 2639 1264 2693 line
1301 2637 1431 2692 dixit
1459 2637 1571 2705 ipse
1601 2635 1849 2690 Dominus

263 2733 657 2786 abundantiam
681 2733 909 2787 futuram
935 2731 1260 2801 iniquitatis:
1283 2729 1351 2783 Et
1369 2730 1601 2799 quoniam
1626 2727 1851 2781 abunda-

286 2825 353 2875 bit
392 2824 628 2894 iniquitas
647 2868 659 2885 ,
688 2825 967 2895 refrigescet
995 2824 1212 2876 cltaritas
1252 2822 1546 2885 multorum;
1575 2821 1657 2891 qui
1687 2830 1848 2873 autem

288 2916 662 2981 perseveraverit
707 2932 864 2986 usque
902 2916 953 2968 in
998 2915 1167 2984 ﬁnem,
1210 2914 1290 2967 hic
1325 2912 1492 2967 salvus
1518 2914 1608 2966 erit
1640 2912 1847 2982 (Matth.

286 3022 431 3070 xxw,
478 3006 545 3060 η
566 3007 603 3075 ).
644 3008 772 3074 Quis
800 3016 974 3061 autem
1001 3006 1354 3075 perseverabit
1385 3020 1550 3074 usque
1589 3005 1639 3059 in
1670 3006 1844 3069 linem,

286 3098 626 3167 quoadusque
654 3109 886 3153 transeat
917 3098 1202 3168 iniquitas?
1227 3097 1325 3163 Qui
1373 3097 1524 3151 fuerit
1567 3097 1617 3151 in
1655 3097 1849 3151 Christi

287 3204 532 3258 corpore,
560 3190 647 3260 qui
676 3190 834 3245 fuerit
856 3191 907 3243 in
932 3190 1183 3244 membris
1205 3189 1421 3251 Christi,
1452 3198 1504 3243 et
1524 3204 1551 3241 a
1574 3189 1742 3258 capite
1764 3187 1850 3241 di-

288 3282 477 3335 dicerit
520 3282 823 3350 patientiam
867 3280 1256 3351 perseverandi.
1280 3280 1499 3334 Transis
1531 3289 1603 3342 tu,
1639 3290 1691 3332 et
1727 3293 1852 3333 ecce

291 3373 614 3427 transierunt
651 3373 965 3427 tentationes
993 3382 1125 3437 tute;
1169 3382 1221 3427 et
1259 3372 1303 3425 is
1331 3372 1380 3424 in
1411 3372 1565 3424 aliam
1593 3370 1751 3423 vitam
1796 3369 1850 3424 in

288 3478 446 3532 quam
474 3463 646 3516 ierunt
670 3462 860 3527 sancti,
890 3462 932 3515 si
965 3472 1180 3516 sanctus
1207 3460 1387 3516 fueris.
1419 3460 1471 3513 1ιι
1493 3460 1647 3513 aliam
1679 3460 1852 3513 ierunt

290 3562 551 3623 titztrtyres
577 3569 591 3606 ε
617 3552 661 3604 si
689 3561 888 3622 martyr
913 3550 1095 3614 fueris,
1134 3552 1179 3604 is
1206 3558 1274 3604 'et
1303 3559 1357 3604 tu
1398 3549 1451 3604 in
1487 3549 1642 3603 aliam
1669 3549 1848 3602 vitam.

288 3643 555 3714 Numquid
579 3644 698 3713 quia
721 3655 775 3697 tu
798 3643 1031 3697 transisti
1055 3643 1194 3707 hinc,
1225 3652 1496 3711 propterea
1517 3640 1625 3710 jam
1648 3639 1855 3694 transiit

290 3736 579 3807 iniquitas?
611 3734 911 3790 Nascuntur
935 3736 1023 3790 alii
1052 3735 1249 3805 iniqui,
1277 3735 1413 3789 sicut
1442 3734 1739 3803 moriuntur
1764 3733 1851 3786 alii

291 3829 478 3898 iniqui.
511 3827 787 3894 Quomodo
830 3843 956 3896 ergo
996 3829 1083 3882 alii
1124 3828 1285 3897 iniqui
1331 3829 1646 3893 moriuntur,
1675 3836 1727 3881 et
1765 3827 1851 3881 alii

293 3930 616 3985 nascuntur;
640 3920 717 3975 sic
739 3919 826 3973 alii
844 3918 970 3986 justi
993 3926 1139 3983 euut,
1163 3927 1217 3972 et
1236 3918 1322 3971 alii
1352 3928 1654 3972 nascuntur.
1681 3916 1854 3986 Usque

264 4013 344 4066 .in
378 4014 537 4065 tinem
568 4011 746 4065 saeculi
777 4026 880 4065 nec
924 4010 1169 4079 iniquitas
1216 4008 1384 4064 deerit
1433 4023 1675 4077 premens
1699 4050 1714 4072 ,
1757 4022 1855 4063 nec

288 4104 490 4173 justitia
520 4102 741 4171 patiens.
768 4100 834 4155 Et
857 4118 910 4155 tn
939 4100 1114 4153 umbra
1139 4100 1337 4153 alarum
1371 4111 1568 4152 tuarum
1611 4098 1818 4167 sperabo
1836 4140 1851 4165 ,

293 4198 450 4250 donec
479 4205 695 4249 transeat
716 4193 949 4263 iniquitas
974 4208 992 4246 :
1016 4192 1067 4247 id
1093 4201 1194 4257 est,
1227 4202 1278 4246 tu
1306 4200 1550 4261 protegas
1577 4206 1662 4244 me
1681 4232 1694 4253 ,
1721 4200 1774 4245 et
1799 4200 1857 4244 ut

293 4287 359 4339 ab
386 4295 517 4339 mstu
542 4286 826 4354 iniquitatis
853 4297 955 4337 non
981 4298 1236 4348 arescam,
1260 4291 1314 4336 tu
1339 4281 1694 4337 umbraculum
1720 4296 1855 4350 prte-

293 4378 445 4432 bebis
474 4374 618 4429 mihi.

363 4469 417 4521 7.
443 4465 591 4537 [vers
616 4463 692 4538 5.]
717 4464 953 4519 Clamabo
970 4464 1038 4518 ad
1062 4462 1224 4516 Deum
1244 4463 1555 4516 altissimum.
1585 4462 1638 4516 Si
1667 4456 1859 4514 altissi-

296 4574 411 4613 mus
438 4569 539 4619 est,
559 4556 822 4626 quomodo
843 4557 987 4609 audit
1011 4566 1059 4609 te
1085 4554 1431 4610 clamantem?
1451 4554 1575 4607 Nata
1599 4563 1679 4607 est
1694 4569 1855 4622 expe-

218 4708 235 4717 ,
295 4652 526 4704 rimcuto
552 4648 736 4701 ﬁducia
762 4665 772 4699 :
802 4646 996 4713 Deum',
1031 4647 1227 4715 inquit,
1257 4646 1340 4715 qui
1360 4645 1597 4716 bettefrcit
1633 4645 1772 4697 mihi.
1799 4643 1857 4698 Si

296 4750 579 4808 antequam
615 4754 733 4793 eum
760 4754 1049 4807 quzrrerent
1079 4737 1338 4791 henel'eeit
1362 4736 1485 4789 mihi
1507 4778 1521 4797 ,
1543 4736 1856 4790 clamantem

296 4847 382 4886 me
424 4846 529 4884 non
569 4820 843 4883 exaudiet?
882 4828 1022 4883 Bene
1063 4834 1199 4882 enim
1248 4828 1399 4882 nobis
1444 4827 1562 4881 fecit
1609 4827 1858 4881 Dominus

297 4924 439 4979 Deus
463 4921 718 4976 mittendo
740 4921 889 4975 nobis
910 4920 1232 4974 Salvatorem
1256 4932 1490 4973 nostrum
1513 4918 1689 4972 Jesum
1708 4918 1859 4973 Chri-

297 5028 471 5078 stum,
499 5026 554 5067 ttt
591 5023 886 5068 moreretur
914 5021 1123 5081 propter
1145 5010 1333 5065 delicta
1365 5021 1572 5073 nostra,
1600 5020 1653 5064 et
1676 5025 1858 5065 resur-

296 5114 447 5175 geret
476 5115 690 5174 propter
710 5104 1132 5173 justificationem
1164 5111 1397 5155 nostram
1426 5100 1607 5170 (Rom.
1642 5118 1713 5163 tv,
1740 5101 1856 5170 23).

296 5197 405 5253 Pro
429 5196 672 5266 qualibus
712 5196 843 5255 mori
883 5193 1045 5247 voluit
1077 5191 1266 5247 Filium
1308 5192 1493 5247 suum?
1519 5192 1621 5278 Pro
1665 5193 1857 5262 impiis.

299 5287 452 5358 lmpii
479 5296 650 5341 autem
681 5302 786 5340 non
815 5283 1119 5354 qurerebaut
1146 5282 1305 5334 Deum
1324 5325 1338 5344 ,
1367 5292 1419 5335 et
1450 5282 1655 5351 quaesiti
1681 5292 1804 5335 sunt
1829 5298 1858 5337 a

301 5380 431 5434 Deo.
461 5377 548 5434 Sic
586 5387 668 5432 est
709 5390 835 5446 ergo
877 5375 962 5428 ille
1000 5372 1312 5434 altissimus,
1346 5383 1402 5450 ut
1432 5390 1533 5426 non
1571 5375 1641 5427 sit
1676 5373 1742 5427 ab
1771 5373 1862 5427 illo

302 5470 457 5540 longe
495 5470 707 5524 miseria
747 5475 920 5521 nostra
949 5475 998 5517 et
1023 5465 1246 5533 gemitus
1285 5474 1495 5527 noster;
1535 5464 1654 5533 quia
1701 5479 1862 5531 prope

302 5573 383 5617 est
410 5561 661 5616 Dominus
686 5560 768 5613 his
787 5559 872 5627 qui
895 5557 1220 5611 obtriverunt
1239 5572 1330 5610 cor
1347 5555 1517 5629 (Psat.
1542 5572 1729 5619 χχχιιι,
1750 5556 1858 5625 19).

308 5655 543 5709 Clamabo
569 5654 635 5705 ad
650 5651 806 5705 Deum
826 5650 1141 5711 altissimum,
1175 5647 1330 5700 Deum
1347 5650 1433 5714 qui
1458 5649 1693 5715 benefrcit
1716 5649 1857 5701 mihi.

374 5746 428 5801 8.
461 5744 606 5817 [vers
633 5745 686 5810 .5,
712 5742 788 5813 5.]
815 5741 951 5795 Misit
974 5742 1035 5793 de
1054 5740 1194 5805 tario,
1219 5752 1261 5794 et
1283 5742 1470 5793 salvum
1494 5741 1605 5809 fi-cit
1628 5756 1719 5792 me.
1743 5738 1855 5793 Jam

1361 311 1746 374 ENARRATIO
1784 307 1845 363 ΙΝ
1883 306 2202 369 PSALMUM
2243 314 2372 370 LVI.

3398 338 3499 393 666

1951 434 2108 490 homo
2135 438 2267 507 ipse,
2296 439 2403 507 jam
2433 456 2558 497 caro
2588 443 2695 513 ipsa
2718 487 2733 510 ,
2760 446 2866 516 jam
2895 448 3055 517 Filius
3077 452 3189 515 Dei,
3214 458 3499 512 secundum

1950 536 2183 581 nostram
2214 531 2665 601 participationem
2698 539 3027 593 manifestum
3045 553 3145 609 est,
3177 547 3296 614 quia
3324 548 3499 601 salva-

1950 630 2033 672 tus
2052 628 2151 682 est,
2174 631 2225 676 et
2250 622 2389 677 misit
2413 624 2480 680 de
2499 628 2631 681 caelo
2655 628 2827 697 Pater,
2857 642 2910 687 et
2937 634 3154 689 salvavit
3182 652 3335 701 eum;
3365 641 3504 695 misit

1948 713 2015 767 de
2040 716 2174 769 caelo
2202 724 2256 769 et
2278 719 2609 775 resuscitavit
2651 738 2809 777 eum:
2842 726 2932 779 sed
2979 738 3033 779 ut
3087 731 3335 785 noveritis
3387 733 3507 801 quia

1949 805 2156 873 ct'ipse
2182 807 2435 862 Dominus
2477 826 2534 865 se
2572 815 2931 881 resuscitavit;
2960 827 3237 889 utrumque
3278 823 3505 891 positum

1948 906 2029 951 est
2081 898 2131 949 in
2181 896 2469 969 Scriptura,
2497 905 2614 972 quia
2664 916 2718 960 et
2754 908 2907 962 Pater
2951 910 3092 963 illum
3144 908 3506 980 resuscitavit,

1949 997 2002 1043 et
2054 991 2174 1058 quia
2236 992 2347 1057 ipse
2400 1008 2459 1048 se
2512 1000 2861 1055 resuscitavit.
2916 1003 3107 1057 Audite
3166 1007 3286 1074 quia
3354 1006 3512 1063 Pater

1950 1079 2095 1133 illum
2146 1085 2475 1138 resuscitarit
2501 1103 2513 1138 :
2542 1089 2824 1156 Apostolus
2873 1092 3025 1155 dicit,
3072 1092 3261 1149 Factus
3304 1108 3400 1159 est,
3433 1099 3512 1151 in-

1949 1171 2080 1240 quit,
2125 1172 2357 1227 obediens
2396 1192 2552 1245 usque
2595 1178 2661 1231 ad
2703 1191 2926 1245 mortem,
2958 1193 3163 1238 mortem
3200 1196 3364 1239 autem
3392 1204 3511 1239 cru-

1948 1261 2020 1313 cis
2041 1277 2060 1315 :
2087 1274 2287 1341 prOpter
2313 1268 2444 1334 quod
2472 1278 2516 1320 et
2550 1266 2682 1323 Deus
2723 1287 2835 1323 eum
2874 1275 3128 1335 exultavit,
3149 1287 3195 1329 et
3233 1277 3432 1330 donavit
3467 1279 3516 1333 ei

1950 1366 2127 1406 nomen
2154 1355 2286 1421 quod
2309 1366 2380 1408 est
2419 1372 2568 1425 super
2596 1376 2740 1412 omne
2776 1376 2951 1413 uomat
2982 1361 3233 1434 (Philipp.
3257 1381 3314 1430 ιι,
3339 1367 3390 1432 8,
3416 1366 3447 1421 9
3469 1369 3507 1434 ).

1950 1442 2187 1497 Audistis
2209 1445 2415 1500 Patrem
2441 1450 2838 1505 resuscitautem
2867 1460 2920 1506 et
2948 1454 3265 1509 exaltantcm
3285 1457 3471 1511 Filium
3494 1477 3509 1523 ;

1951 1531 2129 1586 audite
2157 1535 2276 1603 quia
2308 1545 2361 1590 et
2393 1538 2502 1603 ipse
2529 1552 2739 1594 carnem
2769 1557 2916 1596 suam
2948 1546 3324 1602 resuscitavit:
3361 1549 3411 1601 in
3446 1550 3510 1602 li—

1949 1638 2075 1693 gura
2109 1626 2285 1694 templi
2310 1627 2436 1681 dicit
2463 1628 2529 1681 ad
2555 1628 2787 1697 Judmos,
2818 1630 3008 1687 Solvite
3027 1636 3267 1705 templum
3301 1638 3425 1703 hoc,
3467 1648 3514 1692 et

1949 1714 2002 1767 in
2042 1716 2207 1768 triduo
2244 1718 2493 1772 suscitabo
2529 1720 2675 1773 illud.
2704 1722 3035 1792 Evangelista
3065 1736 3240 1781 autem
3272 1730 3516 1796 exposuit
3588 1768 3591 1773 ι

1952 1806 2102 1881 nobis
2126 1807 2247 1876 quid
2274 1807 2472 1863 diceret
2498 1827 2511 1862 :
2547 1809 2657 1864 Hoc
2676 1812 2861 1879 autem,
2887 1814 3075 1883 inquit,
3098 1817 3289 1870 dicebat
3310 1819 3372 1871 de
3391 1828 3515 1871 tent-

1952 1896 2036 1964 pto
2061 1898 2285 1964 corporis
2308 1899 2387 1957 sui
2411 1898 2589 1968 (Joan.
2622 1917 2677 1967 ιι,
2705 1901 2789 1965 19,
2815 1902 2927 1975 21).
2952 1904 3104 1959 Modo
3141 1923 3267 1976 ergo
3301 1923 3363 1961 ex
3391 1923 3513 1977 per—

1950 1999 2077 2040 sona
2111 1989 2392 2056 precantis,
2423 2004 2488 2044 ex
2519 2006 2744 2060 persona
2782 1992 3031 2063 hominis,
3060 2012 3123 2051 ex
3148 2012 3369 2066 persona
3393 2014 3514 2053 car-

1951 2079 2033 2132 nis
2059 2080 2205 2145 dicit,
2241 2080 2380 2134 Misit
2409 2080 2470 2136 de
2490 2082 2635 2150 cwlo,
2663 2093 2708 2137 et
2730 2086 2924 2139 salvum
2955 2090 3071 2158 fecit
3096 2105 3196 2142 me.

2021 2170 2072 2226 9.
2108 2170 2255 2224 Dedit
2297 2173 2348 2226 in
2379 2173 2700 2243 opprobrium
2730 2176 3075 2231 conculcantes
3112 2196 3208 2234 me.
3233 2179 3333 2247 Qui
3369 2182 3514 2236 illum

1951 2262 2422 2328 conculcaverunt,
2444 2265 2542 2333 qui
2584 2278 2795 2321 mortuo
2830 2268 3247 2335 insultaverunt,
3277 2273 3363 2342 qui
3397 2284 3514 2327 tan-

1951 2368 2107 2418 quam
2138 2354 2402 2410 hominem
2431 2357 2805 2414 cruciiixerunt
2828 2402 2842 2425 ,
2873 2363 2993 2431 quia
3037 2364 3201 2418 Deum
3234 2381 3336 2419 non
3364 2367 3516 2421 intel-

1952 2444 2213 2507 lexerunt,
2243 2446 2389 2501 dedit
2415 2462 2508 2502 eos
2540 2449 2590 2502 in
2618 2453 2981 2519 Opprobrium.
3012 2454 3200 2509 Videte
3229 2457 3270 2509 si
3303 2472 3406 2510 non
3434 2466 3516 2511 est

1952 2535 2143 2591 factum
2172 2557 2181 2591 :
2209 2555 2313 2593 non
2337 2541 2561 2594 futurum
2583 2542 2870 2608 credimus,
2895 2544 2987 2598 sed
3009 2547 3327 2615 co.upletum
3354 2564 3518 2618 agno-

1952 2630 2166 2706 saimus.
2195 2630 2495 2687 Szevierunt
2518 2632 2685 2688 Judaei
2729 2636 2779 2688 in
2809 2634 3077 2697 Christum
3098 2680 3110 2702 ,
3149 2640 3518 2709 superbierunt

1953 2721 2004 2775 in
2032 2721 2336 2777 Christum:
2369 2725 2497 2778 ubi?
2530 2726 2583 2779 In
2629 2727 2842 2782 civitate
2882 2728 3193 2785 Jerusalem.
3237 2732 3330 2787 Ubi
3376 2736 3515 2788 enim

1953 2814 2266 2881 regnabant,
2297 2815 2363 2869 ibi
2394 2818 2683 2883 tumebant,
2714 2818 2784 2872 ibi
2807 2814 3042 2876 cervices
3067 2833 3369 2878 erexerunt.
3393 2825 3518 2881 Post

1954 2904 2482 2974 passionem-Domini
2504 2908 2751 2961 eradicati
2775 2909 2896 2965 inde
2916 2921 3074 2975 sunt;
3098 2922 3149 2965 et
3179 2915 3519 2981 perdiderunt

1952 3012 2194 3067 regnum,
2218 2998 2267 3052 in
2289 3016 2392 3068 quo
2414 3015 2591 3070 regem
2612 3000 2878 3055 Christum
2903 3017 3191 3072 agnoscere
3214 3008 3529 3079 noluerunt._

1953 3089 2407 3157 Quemadmodum
2432 3093 2541 3147 dati
2572 3103 2693 3147 sunt
2719 3095 2770 3148 in
2793 3096 3156 3164 opprobrium,
3189 3100 3362 3155 videte
3392 3119 3403 3153 :
3434 3102 3518 3155 di-

1954 3182 2121 3251 spersi
2169 3191 2293 3237 sunt
2339 3198 2434 3253 per
2475 3199 2665 3241 omnes
2706 3195 2922 3256 gentes,
2966 3203 3225 3260 nusquam
3265 3191 3520 3249 habentes

1953 3273 2293 3329 stabilitatem
2317 3316 2333 3341 ,
2363 3289 2619 3345 nusquam
2651 3288 2850 3332 certam
2884 3279 3085 3336 sedem.
3109 3281 3394 3351 Propterea
3420 3265 3519 3339 au;

1953 3372 2058 3418 tem
2088 3364 2258 3419 adhuc
2284 3365 2448 3420 Judari
2478 3377 2620 3432 sunt,
2649 3376 2708 3421 ut
2737 3368 2926 3424 Libros
2969 3382 3180 3427 nostros
3219 3385 3428 3441 portent
3452 3375 3518 3430 ad

1954 3454 2320 3510 confusionem
2348 3471 2518 3509 suam.
2550 3456 2771 3525 Quando
2799 3461 2938 3514 enim
2956 3462 3211 3525 volumus
3238 3465 3522 3519 ostendere

1954 3545 2325 3614 prophetatum
2353 3545 2642 3613 Christum,
2670 3550 2988 3618 proferimus
3018 3553 3239 3621 Paganis
3260 3554 3386 3608 istas
3407 3556 3520 3607 Lil-

1955 3647 2114 3692 teras.
2145 3638 2211 3692 Et
2235 3654 2299 3693 ne
2328 3637 2465 3694 forte
2491 3639 2668 3694 dicant
2693 3640 2808 3695 duri
2845 3642 2909 3696 ad
2940 3642 3095 3698 fidem
3122 3648 3241 3713 quia
3274 3662 3367 3698 nos
3406 3648 3521 3701 illas

1955 3728 2237 3785 Christiani
2263 3731 2677 3800 composuimus,
2704 3741 2758 3786 ut
2782 3748 2900 3787 cum
2926 3733 3211 3802 Evangelii)
3230 3736 3368 3804 quod
3398 3754 3518 3806 ιιι-εν.

1956 3821 2192 3877 dicamus
2220 3821 2529 3877 ﬁnxerimus
2554 3822 2882 3893 Prophetas,
2920 3840 3015 3893 per
3052 3841 3186 3895 quos
3215 3827 3522 3895 praedictum

1956 3911 2223 3967 videretur
2263 3911 2404 3982 quod
2452 3912 2825 3982 praedicamus;
2872 3914 2994 3985 hinc
3033 3930 3125 3971 eos
3162 3918 3524 3975 convincimus

1958 4004 2076 4073 quia
2109 4017 2294 4058 omnes
2321 4007 2449 4072 ipsae
2471 4002 2683 4059 Littera:
2705 4005 2893 4074 quibus
2918 4005 3158 4062 Christus
3183 4008 3524 4078 pr0phetatus

1958 4105 2059 4159 est,
2086 4093 2223 4163 apud
2249 4094 2462 4149 Judaeos
2490 4105 2631 4158 sunt,
2659 4110 2844 4150 omnes
2885 4097 3025 4166 ipsas
3061 4098 3286 4154 Litteras
3327 4101 3525 4156 habent

1958 4185 2143 4240 Judaei.
2176 4184 2503 4240 Proferimus
2531 4185 2751 4241 Codices
2776 4187 2843 4242 ab
2869 4188 3113 4255 inimicis,
3143 4200 3199 4243 ut
3234 4192 3525 4246 confunda-

1958 4293 2076 4333 mus
2122 4278 2253 4332 alios
2300 4278 2560 4332 inimicos.
2606 4278 2662 4332 In
2711 4279 2852 4348 quali
2899 4296 3025 4351 ergo
3073 4284 3358 4351 ορρτυιπὶο
3404 4294 3525 4339 sunt

1958 4368 2165 4423 Judtci?
2187 4369 2433 4425 Codicem
2461 4378 2635 4440 portat
2652 4369 2886 4436 Judaeus,
2911 4373 3050 4427 unde
3075 4373 3253 4427 credat
3273 4373 3527 4428 Christia-

1959 4475 2079 4514 nus.
2107 4460 2334 4515 Librarii
2364 4462 2528 4516 nostri
2557 4461 2678 4517 facti
2703 4472 2860 4529 sunt,
2889 4465 3156 4532 quomodo
3183 4466 3356 4520 solent
3385 4469 3526 4523 servi

1959 4561 2079 4620 post
2107 4552 2352 4607 dominos
2373 4552 2584 4608 codices
2615 4551 2774 4620 ferre,
2798 4564 2855 4608 ut
2883 4555 2955 4608 illi
2981 4557 3235 4623 porumdo
3258 4556 3525 4627 deﬁciant,

1961 4645 2036 4699 illi
2069 4644 2292 4715 legendo
2317 4645 2617 4714 proficiant.
2648 4645 2705 4699 In
2747 4646 2850 4700 tale
2888 4647 3227 4715 opprobrium
3267 4648 3377 4703 dati
3407 4661 3529 4707 sunt

1960 4734 2164 4800 Judzei;
2197 4743 2252 4790 et
2281 4735 2552 4805 impletum
2579 4736 2827 4805 estquod
2868 4744 3015 4790 tanto
3054 4746 3177 4792 ante
3218 4739 3525 4807 przcdictum

1960 4833 2042 4879 est
2064 4843 2079 4880 :
2100 4824 2247 4879 Dedit
2270 4827 2322 4879 in
2340 4826 2664 4897 opprobrium
2682 4826 3028 4880 conculcantes
3047 4845 3141 4882 me.
3165 4828 3327 4898 Quale
3350 4840 3526 4888 autem

1962 4918 2303 4988 opprobrium
2329 4928 2409 4973 est
2429 4959 2445 4984 ,
2474 4918 2693 4981 fratres,
2730 4928 2785 4971 ut
2812 4917 2953 4973 hunc
2984 4935 3191 4975 versum
3232 4923 3436 4994 legant,
3473 4937 3528 4980 et

1964 5008 2061 5077 ipsi
2087 5010 2212 5063 (ιιιεοί
2242 5009 2517 5063 attendant
2542 5008 2607 5061 ad
2635 5008 2908 5077 speculum
2935 5012 3125 5065 suum?
3148 5012 3236 5068 Sic
3263 5017 3401 5069 enim
3433 5032 3529 5087 ap-

1968 5112 2150 5169 parent
2177 5099 2343 5154 Judaei
2370 5099 2435 5153 de
2455 5098 2723 5168 Scriptura
2750 5110 2927 5155 sancta
2955 5118 3110 5172 quam
3137 5116 3369 5175 portant,
3398 5124 3523 5178 quo-

1966 5193 2123 5247 modo
2134 5201 2349 5262 apparet
2366 5192 2524 5248 facies
2536 5193 2658 5247 caeci
2671 5193 2737 5248 de
2752 5196 2966 5263 speCulo
2986 5198 3079 5252 :ab
3091 5198 3209 5252 aliis
3222 5199 3446 5261 videtur,
3462 5203 3530 5256 ab

1967 5284 2080 5354 ipso
2114 5300 2216 5337 non
2238 5282 2461 5338 videtur.
2480 5282 2630 5337 Dedit
2657 5285 2708 5339 in
2728 5287 3051 5351 opprobrium
3064 5292 3408 5343 conculcantes
3430 5307 3526 5343 me.

2037 5375 2122 5430 10.
2153 5375 2437 5443 Qumrebas
2464 5376 2598 5431 forte
2622 5392 2740 5431 cum
2769 5378 3001 5445 diceret,
3052 5379 3189 5435 Misit
3214 5382 3276 5434 de
3302 5380 3445 5445 caelo,
3486 5391 3532 5433 et

1966 5469 2155 5521 salvum
2190 5484 2267 5520 me
2292 5467 2409 5536 fecit
2429 5485 2445 5521 :
2468 5466 2600 5535 Quid
2628 5470 2769 5523 misit
2806 5470 2873 5526 de
2908 5471 3081 5526 caelo?
3112 5487 3268 5541 quem
3295 5471 3437 5526 misit
3464 5470 3532 5525 de

1967 5558 2134 5612 εαξιοῖ
2158 5558 2414 5628 Angelum
2443 5558 2603 5623 misit,
2634 5570 2688 5613 ut
2717 5560 2918 5615 salvum
2945 5561 3141 5616 faceret
3163 5563 3445 5626 Christum,
3475 5571 3533 5616 et

1969 5665 2062 5721 per
2082 5664 2291 5703 servum
2323 5650 2498 5705 salvus
2528 5651 2587 5705 fit
2617 5651 2912 5707 Dominus?
2939 5651 3135 5707 Omnes
3169 5653 3308 5706 enim
3352 5654 3532 5722 Angeli

1972 5753 2211 5798 creatura
2254 5744 2491 5799 serviens
2534 5744 2745 5801 Christo
2791 5756 2889 5801 est.
2932 5745 3012 5801 Ad
3053 5746 3532 5816 obscquima-mitti
