  <div class='ocr_page' id='page_1' title='image "/cluster/home/n/w/nwhite01/storage/ocr_20150623/36/hvd.32044096580584/342.png"; bbox 0 0 4022 6200; ppageno 0'>
   <div class='ocr_carea' id='block_1_1' title="bbox 224 373 383 445">
    <p class='ocr_par' dir='ltr' id='par_1_1' title="bbox 224 373 383 445">
     <span class='ocr_line' id='line_1_1' title="bbox 224 373 383 445; baseline -0.025 -15"><span class='ocrx_word' id='word_1_1' title='bbox 224 373 383 445; x_wconf 53' lang='grc' dir='ltr'><strong>,σω</strong></span> 
     </span>
    </p>
   </div>
   <div class='ocr_carea' id='block_1_2' title="bbox 281 479 1829 560">
    <p class='ocr_par' dir='ltr' id='par_1_2' title="bbox 281 479 1829 560">
     <span class='ocr_line' id='line_1_2' title="bbox 281 479 1829 560; baseline -0.006 -18"><span class='ocrx_word' id='word_1_2' title='bbox 281 507 388 543; x_wconf 72' lang='lat' dir='ltr'><strong>rum</strong></span> <span class='ocrx_word' id='word_1_3' title='bbox 408 488 605 560; x_wconf 82' lang='lat' dir='ltr'><strong>gladius</strong></span> <span class='ocrx_word' id='word_1_4' title='bbox 619 497 811 542; x_wconf 88' lang='lat' dir='ltr'><strong>acutus.</strong></span> <span class='ocrx_word' id='word_1_5' title='bbox 826 486 941 542; x_wconf 80' lang='lat' dir='ltr'><strong>Noli</strong></span> <span class='ocrx_word' id='word_1_6' title='bbox 966 484 1232 540; x_wconf 88' lang='lat' dir='ltr'><strong>attendere</strong></span> <span class='ocrx_word' id='word_1_7' title='bbox 1260 484 1488 537; x_wconf 85' lang='lat' dir='ltr'><strong>inermes</strong></span> <span class='ocrx_word' id='word_1_8' title='bbox 1512 496 1719 543; x_wconf 86' lang='lat' dir='ltr'><strong>manus,</strong></span> <span class='ocrx_word' id='word_1_9' title='bbox 1738 479 1829 534; x_wconf 89' lang='lat' dir='ltr'><strong>sed</strong></span> 
     </span>
    </p>
   </div>
   <div class='ocr_carea' id='block_1_3' title="bbox 279 570 1833 649">
    <p class='ocr_par' dir='ltr' id='par_1_3' title="bbox 279 570 1833 649">
     <span class='ocr_line' id='line_1_3' title="bbox 279 570 1833 649; baseline -0.009 -14"><span class='ocrx_word' id='word_1_10' title='bbox 279 598 338 635; x_wconf 87' lang='lat' dir='ltr'><strong>os</strong></span> <span class='ocrx_word' id='word_1_11' title='bbox 353 590 608 635; x_wconf 86' lang='lat' dir='ltr'><strong>armatum</strong></span> <span class='ocrx_word' id='word_1_12' title='bbox 640 598 652 634; x_wconf 94' lang='lat'><strong>:</strong></span> <span class='ocrx_word' id='word_1_13' title='bbox 673 579 793 634; x_wconf 90' lang='lat' dir='ltr'><strong>inde</strong></span> <span class='ocrx_word' id='word_1_14' title='bbox 811 578 1012 649; x_wconf 76' lang='lat' dir='ltr'><strong>gladius</strong></span> <span class='ocrx_word' id='word_1_15' title='bbox 1038 573 1287 644; x_wconf 92' lang='lat' dir='ltr'><strong>processit</strong></span> <span class='ocrx_word' id='word_1_16' title='bbox 1306 588 1408 641; x_wconf 89' lang='lat' dir='ltr'><strong>quo</strong></span> <span class='ocrx_word' id='word_1_17' title='bbox 1428 570 1667 625; x_wconf 79' lang='lat' dir='ltr'><strong>Christus</strong></span> <span class='ocrx_word' id='word_1_18' title='bbox 1695 570 1833 624; x_wconf 88' lang='lat' dir='ltr'><strong>occi-</strong></span> 
     </span>
    </p>
   </div>
   <div class='ocr_carea' id='block_1_4' title="bbox 279 660 1835 741">
    <p class='ocr_par' dir='ltr' id='par_1_4' title="bbox 279 660 1835 741">
     <span class='ocr_line' id='line_1_4' title="bbox 279 660 1835 741; baseline -0.009 -15"><span class='ocrx_word' id='word_1_19' title='bbox 279 672 515 734; x_wconf 76' lang='lat' dir='ltr'><strong>deretur;</strong></span> <span class='ocrx_word' id='word_1_20' title='bbox 543 670 808 741; x_wconf 90' lang='lat' dir='ltr'><strong>quomodo</strong></span> <span class='ocrx_word' id='word_1_21' title='bbox 851 677 902 723; x_wconf 90' lang='lat' dir='ltr'><strong>et</strong></span> <span class='ocrx_word' id='word_1_22' title='bbox 937 668 1004 721; x_wconf 91' lang='lat' dir='ltr'><strong>de</strong></span> <span class='ocrx_word' id='word_1_23' title='bbox 1031 682 1123 721; x_wconf 89' lang='lat' dir='ltr'><strong>ore</strong></span> <span class='ocrx_word' id='word_1_24' title='bbox 1159 664 1395 726; x_wconf 90' lang='lat' dir='ltr'><strong>Christi,</strong></span> <span class='ocrx_word' id='word_1_25' title='bbox 1429 663 1565 716; x_wconf 91' lang='lat' dir='ltr'><strong>unde</strong></span> <span class='ocrx_word' id='word_1_26' title='bbox 1595 672 1645 715; x_wconf 90' lang='lat' dir='ltr'><strong>et</strong></span> <span class='ocrx_word' id='word_1_27' title='bbox 1669 660 1835 715; x_wconf 63' lang='lat' dir='ltr'><strong>Judaei</strong></span> 
     </span>
    </p>
   </div>
   <div class='ocr_carea' id='block_1_5' title="bbox 279 750 1834 824">
    <p class='ocr_par' dir='ltr' id='par_1_5' title="bbox 279 750 1834 824">
     <span class='ocr_line' id='line_1_5' title="bbox 279 750 1834 824; baseline -0.009 -9"><span class='ocrx_word' id='word_1_28' title='bbox 279 764 665 818; x_wconf 77' lang='lat' dir='ltr'><strong>occiderentur.</strong></span> <span class='ocrx_word' id='word_1_29' title='bbox 709 760 872 814; x_wconf 82' lang='lat' dir='ltr'><strong>Habet</strong></span> <span class='ocrx_word' id='word_1_30' title='bbox 921 756 1059 811; x_wconf 90' lang='lat' dir='ltr'><strong>enim</strong></span> <span class='ocrx_word' id='word_1_31' title='bbox 1090 755 1176 808; x_wconf 88' lang='lat' dir='ltr'><strong>ille</strong></span> <span class='ocrx_word' id='word_1_32' title='bbox 1198 753 1426 824; x_wconf 76' lang='lat' dir='ltr'><strong>gladium</strong></span> <span class='ocrx_word' id='word_1_33' title='bbox 1465 751 1541 805; x_wconf 88' lang='lat' dir='ltr'><strong>bis</strong></span> <span class='ocrx_word' id='word_1_34' title='bbox 1578 759 1789 805; x_wconf 91' lang='lat' dir='ltr'><strong>acutum</strong></span> <span class='ocrx_word' id='word_1_35' title='bbox 1819 750 1834 779; x_wconf 78' lang='grc' dir='ltr'>ί</span> 
     </span>
    </p>
   </div>
   <div class='ocr_carea' id='block_1_6' title="bbox 279 839 1840 925">
    <p class='ocr_par' dir='ltr' id='par_1_6' title="bbox 279 839 1840 925">
     <span class='ocr_line' id='line_1_6' title="bbox 279 839 1840 925; baseline -0.01 -18"><span class='ocrx_word' id='word_1_36' title='bbox 279 855 466 925; x_wconf 75' lang='lat' dir='ltr'><strong>(Apoc.</strong></span> <span class='ocrx_word' id='word_1_37' title='bbox 502 868 519 907; x_wconf 90' lang='grc' dir='ltr'>ι</span> <span class='ocrx_word' id='word_1_38' title='bbox 544 894 559 920; x_wconf 91' lang='grc'>,</span> <span class='ocrx_word' id='word_1_39' title='bbox 589 850 676 922; x_wconf 73' lang='grc'><strong>16)</strong></span> <span class='ocrx_word' id='word_1_40' title='bbox 702 869 713 905; x_wconf 88' lang='lat'><strong>:</strong></span> <span class='ocrx_word' id='word_1_41' title='bbox 738 859 793 905; x_wconf 91' lang='lat' dir='ltr'><strong>et</strong></span> <span class='ocrx_word' id='word_1_42' title='bbox 821 864 1097 918; x_wconf 86' lang='lat' dir='ltr'><strong>resurgens</strong></span> <span class='ocrx_word' id='word_1_43' title='bbox 1126 844 1381 915; x_wconf 87' lang='lat' dir='ltr'><strong>percussit</strong></span> <span class='ocrx_word' id='word_1_44' title='bbox 1408 858 1500 897; x_wconf 90' lang='lat' dir='ltr'><strong>eos</strong></span> <span class='ocrx_word' id='word_1_45' title='bbox 1526 884 1539 906; x_wconf 95' lang='lat'><strong>,</strong></span> <span class='ocrx_word' id='word_1_46' title='bbox 1567 850 1622 896; x_wconf 87' lang='lat' dir='ltr'><strong>et</strong></span> <span class='ocrx_word' id='word_1_47' title='bbox 1662 839 1840 892; x_wconf 83' lang='lat' dir='ltr'><strong>divisit</strong></span> 
     </span>
    </p>
   </div>
   <div class='ocr_carea' id='block_1_7' title="bbox 277 929 1835 1012">
    <p class='ocr_par' dir='ltr' id='par_1_7' title="bbox 277 929 1835 1012">
     <span class='ocr_line' id='line_1_7' title="bbox 277 929 1835 1012; baseline -0.011 -15"><span class='ocrx_word' id='word_1_48' title='bbox 277 943 347 997; x_wconf 81' lang='lat' dir='ltr'><strong>ab</strong></span> <span class='ocrx_word' id='word_1_49' title='bbox 372 943 449 996; x_wconf 91' lang='lat' dir='ltr'><strong>eis</strong></span> <span class='ocrx_word' id='word_1_50' title='bbox 467 956 598 1012; x_wconf 90' lang='lat' dir='ltr'><strong>quos</strong></span> <span class='ocrx_word' id='word_1_51' title='bbox 620 940 817 994; x_wconf 88' lang='lat' dir='ltr'><strong>faceret</strong></span> <span class='ocrx_word' id='word_1_52' title='bbox 842 938 1022 993; x_wconf 87' lang='lat' dir='ltr'><strong>fideles</strong></span> <span class='ocrx_word' id='word_1_53' title='bbox 1050 950 1192 991; x_wconf 91' lang='lat' dir='ltr'><strong>suos.</strong></span> <span class='ocrx_word' id='word_1_54' title='bbox 1239 934 1318 989; x_wconf 91' lang='lat' dir='ltr'><strong>Illi</strong></span> <span class='ocrx_word' id='word_1_55' title='bbox 1347 932 1540 986; x_wconf 90' lang='lat' dir='ltr'><strong>malum</strong></span> <span class='ocrx_word' id='word_1_56' title='bbox 1566 929 1794 1000; x_wconf 78' lang='lat' dir='ltr'><strong>gladium</strong></span> <span class='ocrx_word' id='word_1_57' title='bbox 1820 966 1835 990; x_wconf 86' lang='lat'><strong>,</strong></span> 
     </span>
    </p>
   </div>
   <div class='ocr_carea' id='block_1_8' title="bbox 180 1020 1839 1109">
    <p class='ocr_par' dir='ltr' id='par_1_8' title="bbox 180 1020 1839 1109">
     <span class='ocr_line' id='line_1_8' title="bbox 180 1020 1839 1109; baseline -0.01 -19"><span class='ocrx_word' id='word_1_58' title='bbox 180 1096 183 1109; x_wconf 35' lang='grc' dir='ltr'><strong><em>η</em></strong></span> <span class='ocrx_word' id='word_1_59' title='bbox 277 1035 370 1089; x_wconf 90' lang='lat' dir='ltr'><strong>ille</strong></span> <span class='ocrx_word' id='word_1_60' title='bbox 397 1034 618 1087; x_wconf 87' lang='lat' dir='ltr'><strong>bonum:</strong></span> <span class='ocrx_word' id='word_1_61' title='bbox 653 1032 727 1087; x_wconf 89' lang='lat' dir='ltr'><strong>illi</strong></span> <span class='ocrx_word' id='word_1_62' title='bbox 751 1032 965 1101; x_wconf 87' lang='lat' dir='ltr'><strong>sagittas</strong></span> <span class='ocrx_word' id='word_1_63' title='bbox 989 1028 1171 1091; x_wconf 89' lang='lat' dir='ltr'><strong>malas,</strong></span> <span class='ocrx_word' id='word_1_64' title='bbox 1200 1027 1287 1080; x_wconf 86' lang='lat' dir='ltr'><strong>ille</strong></span> <span class='ocrx_word' id='word_1_65' title='bbox 1311 1026 1495 1079; x_wconf 90' lang='lat' dir='ltr'><strong>bonas.</strong></span> <span class='ocrx_word' id='word_1_66' title='bbox 1522 1022 1650 1076; x_wconf 86' lang='lat' dir='ltr'><strong>Nam</strong></span> <span class='ocrx_word' id='word_1_67' title='bbox 1677 1020 1839 1074; x_wconf 86' lang='lat' dir='ltr'><strong>habet</strong></span> 
     </span>
    </p>
   </div>
   <div class='ocr_carea' id='block_1_9' title="bbox 272 1113 1841 1194">
    <p class='ocr_par' dir='ltr' id='par_1_9' title="bbox 272 1113 1841 1194">
     <span class='ocr_line' id='line_1_9' title="bbox 272 1113 1841 1194; baseline -0.011 -15"><span class='ocrx_word' id='word_1_68' title='bbox 272 1136 331 1179; x_wconf 83' lang='lat' dir='ltr'><strong>et</strong></span> <span class='ocrx_word' id='word_1_69' title='bbox 372 1124 488 1194; x_wconf 87' lang='lat' dir='ltr'><strong>ipse</strong></span> <span class='ocrx_word' id='word_1_70' title='bbox 511 1124 725 1192; x_wconf 75' lang='lat' dir='ltr'><strong>sagittas</strong></span> <span class='ocrx_word' id='word_1_71' title='bbox 748 1121 914 1176; x_wconf 90' lang='lat' dir='ltr'><strong>bonas</strong></span> <span class='ocrx_word' id='word_1_72' title='bbox 932 1161 946 1185; x_wconf 96' lang='lat'><strong>,</strong></span> <span class='ocrx_word' id='word_1_73' title='bbox 976 1118 1134 1172; x_wconf 89' lang='lat' dir='ltr'><strong>verba</strong></span> <span class='ocrx_word' id='word_1_74' title='bbox 1166 1118 1323 1181; x_wconf 89' lang='lat' dir='ltr'><strong>bona,</strong></span> <span class='ocrx_word' id='word_1_75' title='bbox 1346 1114 1484 1169; x_wconf 90' lang='lat' dir='ltr'><strong>unde</strong></span> <span class='ocrx_word' id='word_1_76' title='bbox 1508 1113 1716 1183; x_wconf 86' lang='lat' dir='ltr'><strong>sagittat</strong></span> <span class='ocrx_word' id='word_1_77' title='bbox 1746 1124 1841 1164; x_wconf 91' lang='lat' dir='ltr'><strong>cor</strong></span> 
     </span>
    </p>
   </div>
   <div class='ocr_carea' id='block_1_10' title="bbox 278 1201 1838 1281">
    <p class='ocr_par' dir='ltr' id='par_1_10' title="bbox 278 1201 1838 1281">
     <span class='ocr_line' id='line_1_10' title="bbox 278 1201 1838 1281; baseline -0.01 -12"><span class='ocrx_word' id='word_1_78' title='bbox 278 1215 458 1279; x_wconf 79' lang='lat' dir='ltr'><strong>fidele,</strong></span> <span class='ocrx_word' id='word_1_79' title='bbox 491 1221 547 1267; x_wconf 92' lang='lat' dir='ltr'><strong>ut</strong></span> <span class='ocrx_word' id='word_1_80' title='bbox 573 1222 797 1267; x_wconf 90' lang='lat' dir='ltr'><strong>ametur.</strong></span> <span class='ocrx_word' id='word_1_81' title='bbox 822 1210 963 1281; x_wconf 74' lang='lat' dir='ltr'><strong>Ergo</strong></span> <span class='ocrx_word' id='word_1_82' title='bbox 988 1208 1103 1262; x_wconf 77' lang='lat' dir='ltr'><strong>alia:</strong></span> <span class='ocrx_word' id='word_1_83' title='bbox 1132 1208 1349 1262; x_wconf 90' lang='lat' dir='ltr'><strong>istorum</strong></span> <span class='ocrx_word' id='word_1_84' title='bbox 1378 1205 1601 1274; x_wconf 64' lang='lat' dir='ltr'><strong>sagittae,</strong></span> <span class='ocrx_word' id='word_1_85' title='bbox 1625 1210 1678 1256; x_wconf 89' lang='lat' dir='ltr'><strong>et</strong></span> <span class='ocrx_word' id='word_1_86' title='bbox 1703 1201 1838 1255; x_wconf 87' lang='lat' dir='ltr'><strong>alius</strong></span> 
     </span>
    </p>
   </div>
   <div class='ocr_carea' id='block_1_11' title="bbox 277 1300 1838 1378">
    <p class='ocr_par' dir='ltr' id='par_1_11' title="bbox 277 1300 1838 1378">
     <span class='ocr_line' id='line_1_11' title="bbox 277 1300 1838 1378; baseline -0.012 -15"><span class='ocrx_word' id='word_1_87' title='bbox 277 1311 503 1363; x_wconf 87' lang='lat' dir='ltr'><strong>istorum</strong></span> <span class='ocrx_word' id='word_1_88' title='bbox 527 1306 750 1378; x_wconf 86' lang='lat' dir='ltr'><strong>gladius.</strong></span> <span class='ocrx_word' id='word_1_89' title='bbox 779 1304 907 1358; x_wconf 84' lang='lat' dir='ltr'><strong>Filii</strong></span> <span class='ocrx_word' id='word_1_90' title='bbox 933 1304 1188 1357; x_wconf 76' lang='lat' dir='ltr'><strong>hominum</strong></span> <span class='ocrx_word' id='word_1_91' title='bbox 1215 1300 1382 1354; x_wconf 78' lang='lat' dir='ltr'><strong>dentes</strong></span> <span class='ocrx_word' id='word_1_92' title='bbox 1424 1313 1595 1352; x_wconf 87' lang='lat' dir='ltr'><strong>eorum</strong></span> <span class='ocrx_word' id='word_1_93' title='bbox 1623 1311 1764 1347; x_wconf 89' lang='lat' dir='ltr'><strong>arma</strong></span> <span class='ocrx_word' id='word_1_94' title='bbox 1791 1302 1838 1346; x_wconf 89' lang='lat' dir='ltr'><strong>et</strong></span> 
     </span>
    </p>
   </div>
   <div class='ocr_carea' id='block_1_12' title="bbox 275 1383 1838 1470">
    <p class='ocr_par' dir='ltr' id='par_1_12' title="bbox 275 1383 1838 1470">
     <span class='ocr_line' id='line_1_12' title="bbox 275 1383 1838 1470; baseline -0.013 -15"><span class='ocrx_word' id='word_1_95' title='bbox 275 1401 491 1470; x_wconf 63' lang='lat' dir='ltr'><strong>sagitta,</strong></span> <span class='ocrx_word' id='word_1_96' title='bbox 520 1406 564 1452; x_wconf 88' lang='lat' dir='ltr'><strong>et</strong></span> <span class='ocrx_word' id='word_1_97' title='bbox 588 1398 760 1468; x_wconf 80' lang='lat' dir='ltr'><strong>lingua</strong></span> <span class='ocrx_word' id='word_1_98' title='bbox 781 1410 951 1450; x_wconf 83' lang='lat' dir='ltr'><strong>eorum</strong></span> <span class='ocrx_word' id='word_1_99' title='bbox 997 1392 1244 1446; x_wconf 77' lang='lat' dir='ltr'><strong>machtera</strong></span> <span class='ocrx_word' id='word_1_100' title='bbox 1274 1398 1440 1442; x_wconf 84' lang='lat' dir='ltr'><strong>acuta.</strong></span> <span class='ocrx_word' id='word_1_101' title='bbox 1470 1387 1666 1453; x_wconf 83' lang='lat' dir='ltr'><strong>Lingua</strong></span> <span class='ocrx_word' id='word_1_102' title='bbox 1702 1383 1838 1437; x_wconf 84' lang='lat' dir='ltr'><strong>ﬁlio-</strong></span> 
     </span>
    </p>
   </div>
   <div class='ocr_carea' id='block_1_13' title="bbox 277 1479 1840 1546">
    <p class='ocr_par' dir='ltr' id='par_1_13' title="bbox 277 1479 1840 1546">
     <span class='ocr_line' id='line_1_13' title="bbox 277 1479 1840 1546; baseline -0.012 -3"><span class='ocrx_word' id='word_1_103' title='bbox 277 1506 396 1543; x_wconf 88' lang='lat' dir='ltr'><strong>rum</strong></span> <span class='ocrx_word' id='word_1_104' title='bbox 426 1488 694 1543; x_wconf 88' lang='lat' dir='ltr'><strong>hominum</strong></span> <span class='ocrx_word' id='word_1_105' title='bbox 716 1482 974 1541; x_wconf 70' lang='lat' dir='ltr'><strong>machaera</strong></span> <span class='ocrx_word' id='word_1_106' title='bbox 1000 1487 1183 1546; x_wconf 80' lang='lat' dir='ltr'><strong>acuta,</strong></span> <span class='ocrx_word' id='word_1_107' title='bbox 1208 1489 1262 1534; x_wconf 90' lang='lat' dir='ltr'><strong>et</strong></span> <span class='ocrx_word' id='word_1_108' title='bbox 1285 1479 1467 1532; x_wconf 88' lang='lat' dir='ltr'><strong>dentes</strong></span> <span class='ocrx_word' id='word_1_109' title='bbox 1487 1490 1668 1531; x_wconf 89' lang='lat' dir='ltr'><strong>eorum</strong></span> <span class='ocrx_word' id='word_1_110' title='bbox 1694 1485 1840 1526; x_wconf 86' lang='lat' dir='ltr'><strong>arma</strong></span> 
     </span>
    </p>
   </div>
   <div class='ocr_carea' id='block_1_14' title="bbox 276 1561 1838 1648">
    <p class='ocr_par' dir='ltr' id='par_1_14' title="bbox 276 1561 1838 1648">
     <span class='ocr_line' id='line_1_14' title="bbox 276 1561 1838 1648; baseline -0.014 -12"><span class='ocrx_word' id='word_1_111' title='bbox 276 1591 331 1636; x_wconf 90' lang='lat' dir='ltr'><strong>et</strong></span> <span class='ocrx_word' id='word_1_112' title='bbox 376 1580 599 1648; x_wconf 64' lang='lat' dir='ltr'><strong>sagittae.</strong></span> <span class='ocrx_word' id='word_1_113' title='bbox 644 1574 862 1643; x_wconf 85' lang='lat' dir='ltr'><strong>Quando</strong></span> <span class='ocrx_word' id='word_1_114' title='bbox 902 1588 1030 1644; x_wconf 92' lang='lat' dir='ltr'><strong>ergo</strong></span> <span class='ocrx_word' id='word_1_115' title='bbox 1077 1578 1481 1641; x_wconf 88' lang='lat' dir='ltr'><strong>percusserunt,</strong></span> <span class='ocrx_word' id='word_1_116' title='bbox 1511 1567 1609 1620; x_wconf 91' lang='lat' dir='ltr'><strong>nisi</strong></span> <span class='ocrx_word' id='word_1_117' title='bbox 1631 1561 1838 1634; x_wconf 91' lang='lat' dir='ltr'><strong>quando</strong></span> 
     </span>
    </p>
   </div>
   <div class='ocr_carea' id='block_1_15' title="bbox 275 1656 1841 1736">
    <p class='ocr_par' dir='ltr' id='par_1_15' title="bbox 275 1656 1841 1736">
     <span class='ocr_line' id='line_1_15' title="bbox 275 1656 1841 1736; baseline -0.011 -11"><span class='ocrx_word' id='word_1_118' title='bbox 275 1672 639 1725; x_wconf 89' lang='lat' dir='ltr'><strong>clamaverunt</strong></span> <span class='ocrx_word' id='word_1_119' title='bbox 668 1684 682 1719; x_wconf 89' lang='lat'>:</span> <span class='ocrx_word' id='word_1_120' title='bbox 712 1666 992 1736; x_wconf 71' lang='lat' dir='ltr'><strong>Cruci/Ege,</strong></span> <span class='ocrx_word' id='word_1_121' title='bbox 1020 1662 1254 1732; x_wconf 82' lang='lat' dir='ltr'><strong>eruciﬁge</strong></span> <span class='ocrx_word' id='word_1_122' title='bbox 1282 1659 1491 1733; x_wconf 80' lang='lat' dir='ltr'><strong>(Matth.</strong></span> <span class='ocrx_word' id='word_1_123' title='bbox 1514 1672 1653 1712; x_wconf 80' lang='lat' dir='ltr'><strong>xxvn</strong></span> <span class='ocrx_word' id='word_1_124' title='bbox 1674 1697 1689 1722; x_wconf 94' lang='lat'><strong>,</strong></span> <span class='ocrx_word' id='word_1_125' title='bbox 1717 1656 1769 1719; x_wconf 63' lang='grc' dir='ltr'><strong>ὁ,</strong></span> <span class='ocrx_word' id='word_1_126' title='bbox 1793 1663 1841 1708; x_wconf 88' lang='lat' dir='ltr'><strong>et</strong></span> 
     </span>
    </p>
   </div>
   <div class='ocr_carea' id='block_1_16' title="bbox 275 1757 767 1829">
    <p class='ocr_par' dir='ltr' id='par_1_16' title="bbox 275 1757 767 1829">
     <span class='ocr_line' id='line_1_16' title="bbox 275 1757 767 1829; baseline 0 -14"><span class='ocrx_word' id='word_1_127' title='bbox 275 1761 435 1815; x_wconf 84' lang='lat' dir='ltr'><strong>Joan.</strong></span> <span class='ocrx_word' id='word_1_128' title='bbox 466 1776 573 1825; x_wconf 72' lang='lat' dir='ltr'><strong>xix,</strong></span> <span class='ocrx_word' id='word_1_129' title='bbox 604 1757 698 1829; x_wconf 80' lang='lat'><strong>6)?</strong></span> <span class='ocrx_word' id='word_1_130' title='bbox 764 1764 767 1769; x_wconf 83' lang='lat'>&#39;</span> 
     </span>
    </p>
   </div>
   <div class='ocr_carea' id='block_1_17' title="bbox 353 1839 1840 1925">
    <p class='ocr_par' dir='ltr' id='par_1_17' title="bbox 353 1839 1840 1925">
     <span class='ocr_line' id='line_1_17' title="bbox 353 1839 1840 1925; baseline -0.01 -18"><span class='ocrx_word' id='word_1_131' title='bbox 353 1855 441 1909; x_wconf 78' lang='grc'><strong>15.</strong></span> <span class='ocrx_word' id='word_1_132' title='bbox 472 1852 617 1925; x_wconf 74' lang='grc' dir='ltr'><strong>[νει-ε.</strong></span> <span class='ocrx_word' id='word_1_133' title='bbox 647 1847 724 1921; x_wconf 84' lang='grc'><strong>6.]</strong></span> <span class='ocrx_word' id='word_1_134' title='bbox 747 1850 813 1904; x_wconf 87' lang='lat' dir='ltr'><strong>Et</strong></span> <span class='ocrx_word' id='word_1_135' title='bbox 828 1845 953 1918; x_wconf 91' lang='lat' dir='ltr'><strong>quid</strong></span> <span class='ocrx_word' id='word_1_136' title='bbox 983 1844 1076 1903; x_wconf 89' lang='lat' dir='ltr'><strong>tibi</strong></span> <span class='ocrx_word' id='word_1_137' title='bbox 1113 1844 1368 1905; x_wconf 89' lang='lat' dir='ltr'><strong>fecerunt,</strong></span> <span class='ocrx_word' id='word_1_138' title='bbox 1396 1858 1429 1897; x_wconf 92' lang='grc' dir='ltr'><strong>ο</strong></span> <span class='ocrx_word' id='word_1_139' title='bbox 1450 1839 1710 1897; x_wconf 89' lang='lat' dir='ltr'><strong>Domine?</strong></span> <span class='ocrx_word' id='word_1_140' title='bbox 1731 1839 1840 1893; x_wconf 80' lang='lat' dir='ltr'><strong>Ex-</strong></span> 
     </span>
    </p>
   </div>
   <div class='ocr_carea' id='block_1_18' title="bbox 277 1931 1842 2009">
    <p class='ocr_par' dir='ltr' id='par_1_18' title="bbox 277 1931 1842 2009">
     <span class='ocr_line' id='line_1_18' title="bbox 277 1931 1842 2009; baseline -0.01 -11"><span class='ocrx_word' id='word_1_141' title='bbox 277 1946 439 1998; x_wconf 87' lang='lat' dir='ltr'><strong>snltet</strong></span> <span class='ocrx_word' id='word_1_142' title='bbox 466 1943 551 1996; x_wconf 91' lang='lat' dir='ltr'><strong>hic</strong></span> <span class='ocrx_word' id='word_1_143' title='bbox 584 1941 870 2009; x_wconf 82' lang='lat' dir='ltr'><strong>Propheta.</strong></span> <span class='ocrx_word' id='word_1_144' title='bbox 921 1937 1175 2006; x_wconf 87' lang='lat' dir='ltr'><strong>Superius</strong></span> <span class='ocrx_word' id='word_1_145' title='bbox 1203 1935 1343 1990; x_wconf 92' lang='lat' dir='ltr'><strong>enim</strong></span> <span class='ocrx_word' id='word_1_146' title='bbox 1370 1947 1554 1986; x_wconf 90' lang='lat' dir='ltr'><strong>omnes</strong></span> <span class='ocrx_word' id='word_1_147' title='bbox 1580 1931 1697 1985; x_wconf 91' lang='lat' dir='ltr'><strong>illos</strong></span> <span class='ocrx_word' id='word_1_148' title='bbox 1721 1945 1842 1986; x_wconf 85' lang='lat' dir='ltr'><strong>ver-</strong></span> 
     </span>
    </p>
   </div>
   <div class='ocr_carea' id='block_1_19' title="bbox 278 2020 1838 2099">
    <p class='ocr_par' dir='ltr' id='par_1_19' title="bbox 278 2020 1838 2099">
     <span class='ocr_line' id='line_1_19' title="bbox 278 2020 1838 2099; baseline -0.01 -9"><span class='ocrx_word' id='word_1_149' title='bbox 278 2051 370 2090; x_wconf 88' lang='lat' dir='ltr'><strong>sus</strong></span> <span class='ocrx_word' id='word_1_150' title='bbox 392 2033 646 2088; x_wconf 88' lang='lat' dir='ltr'><strong>Dominus</strong></span> <span class='ocrx_word' id='word_1_151' title='bbox 695 2030 1005 2099; x_wconf 84' lang='lat' dir='ltr'><strong>loquebatur</strong></span> <span class='ocrx_word' id='word_1_152' title='bbox 1036 2045 1048 2080; x_wconf 91' lang='lat'><strong>:</strong></span> <span class='ocrx_word' id='word_1_153' title='bbox 1077 2025 1337 2094; x_wconf 89' lang='lat' dir='ltr'><strong>Pr0pheta</strong></span> <span class='ocrx_word' id='word_1_154' title='bbox 1380 2022 1589 2093; x_wconf 89' lang='lat' dir='ltr'><strong>quidem</strong></span> <span class='ocrx_word' id='word_1_155' title='bbox 1614 2062 1628 2084; x_wconf 88' lang='lat'><strong>,</strong></span> <span class='ocrx_word' id='word_1_156' title='bbox 1656 2020 1746 2075; x_wconf 90' lang='lat' dir='ltr'><strong>sed</strong></span> <span class='ocrx_word' id='word_1_157' title='bbox 1773 2034 1838 2075; x_wconf 82' lang='lat' dir='ltr'><strong>ex</strong></span> 
     </span>
    </p>
   </div>
   <div class='ocr_carea' id='block_1_20' title="bbox 280 2110 1841 2199">
    <p class='ocr_par' dir='ltr' id='par_1_20' title="bbox 280 2110 1841 2199">
     <span class='ocr_line' id='line_1_20' title="bbox 280 2110 1841 2199; baseline -0.011 -18"><span class='ocrx_word' id='word_1_158' title='bbox 280 2141 503 2199; x_wconf 82' lang='lat' dir='ltr'><strong>persona</strong></span> <span class='ocrx_word' id='word_1_159' title='bbox 526 2123 754 2186; x_wconf 88' lang='lat' dir='ltr'><strong>Domini,</strong></span> <span class='ocrx_word' id='word_1_160' title='bbox 770 2121 888 2198; x_wconf 77' lang='lat' dir='ltr'><strong>quia</strong></span> <span class='ocrx_word' id='word_1_161' title='bbox 903 2121 953 2173; x_wconf 93' lang='lat' dir='ltr'><strong>in</strong></span> <span class='ocrx_word' id='word_1_162' title='bbox 975 2116 1235 2187; x_wconf 84' lang='lat' dir='ltr'><strong>Propheta</strong></span> <span class='ocrx_word' id='word_1_163' title='bbox 1259 2114 1529 2171; x_wconf 83' lang='lat' dir='ltr'><strong>Dominus.</strong></span> <span class='ocrx_word' id='word_1_164' title='bbox 1551 2110 1841 2181; x_wconf 85' lang='lat' dir='ltr'><strong>thuando</strong></span> 
     </span>
    </p>
   </div>
   <div class='ocr_carea' id='block_1_21' title="bbox 280 2201 1839 2287">
    <p class='ocr_par' dir='ltr' id='par_1_21' title="bbox 280 2201 1839 2287">
     <span class='ocr_line' id='line_1_21' title="bbox 280 2201 1839 2287; baseline -0.012 -15"><span class='ocrx_word' id='word_1_165' title='bbox 280 2219 514 2287; x_wconf 85' lang='lat' dir='ltr'><strong>loquitur</strong></span> <span class='ocrx_word' id='word_1_166' title='bbox 548 2230 611 2269; x_wconf 85' lang='lat' dir='ltr'><strong>ex</strong></span> <span class='ocrx_word' id='word_1_167' title='bbox 659 2225 881 2282; x_wconf 85' lang='lat' dir='ltr'><strong>persona</strong></span> <span class='ocrx_word' id='word_1_168' title='bbox 911 2224 1003 2264; x_wconf 89' lang='lat' dir='ltr'><strong>sua</strong></span> <span class='ocrx_word' id='word_1_169' title='bbox 1032 2206 1316 2276; x_wconf 83' lang='lat' dir='ltr'><strong>PrOpheta,</strong></span> <span class='ocrx_word' id='word_1_170' title='bbox 1348 2205 1459 2273; x_wconf 90' lang='lat' dir='ltr'><strong>ipse</strong></span> <span class='ocrx_word' id='word_1_171' title='bbox 1479 2202 1730 2277; x_wconf 82' lang='lat' dir='ltr'><strong>Dominus</strong></span> <span class='ocrx_word' id='word_1_172' title='bbox 1759 2201 1839 2255; x_wconf 90' lang='lat' dir='ltr'><strong>lo-</strong></span> 
     </span>
    </p>
   </div>
   <div class='ocr_carea' id='block_1_22' title="bbox 276 2293 1839 2379">
    <p class='ocr_par' dir='ltr' id='par_1_22' title="bbox 276 2293 1839 2379">
     <span class='ocr_line' id='line_1_22' title="bbox 276 2293 1839 2379; baseline -0.012 -15"><span class='ocrx_word' id='word_1_173' title='bbox 276 2312 456 2379; x_wconf 81' lang='lat' dir='ltr'><strong>quitur</strong></span> <span class='ocrx_word' id='word_1_174' title='bbox 476 2323 569 2377; x_wconf 91' lang='lat' dir='ltr'><strong>per</strong></span> <span class='ocrx_word' id='word_1_175' title='bbox 596 2320 716 2360; x_wconf 89' lang='lat' dir='ltr'><strong>eum</strong></span> <span class='ocrx_word' id='word_1_176' title='bbox 734 2345 747 2370; x_wconf 90' lang='lat'><strong>,</strong></span> <span class='ocrx_word' id='word_1_177' title='bbox 775 2302 865 2373; x_wconf 85' lang='lat' dir='ltr'><strong>qui</strong></span> <span class='ocrx_word' id='word_1_178' title='bbox 894 2301 941 2356; x_wconf 88' lang='lat' dir='ltr'><strong>ei</strong></span> <span class='ocrx_word' id='word_1_179' title='bbox 985 2300 1147 2354; x_wconf 87' lang='lat' dir='ltr'><strong>dictat</strong></span> <span class='ocrx_word' id='word_1_180' title='bbox 1173 2297 1446 2352; x_wconf 83' lang='lat' dir='ltr'><strong>veritatem</strong></span> <span class='ocrx_word' id='word_1_181' title='bbox 1467 2309 1621 2364; x_wconf 88' lang='lat' dir='ltr'><strong>quam</strong></span> <span class='ocrx_word' id='word_1_182' title='bbox 1652 2293 1839 2362; x_wconf 88' lang='lat' dir='ltr'><strong>loqua-</strong></span> 
     </span>
    </p>
   </div>
   <div class='ocr_carea' id='block_1_23' title="bbox 275 2384 1840 2467">
    <p class='ocr_par' dir='ltr' id='par_1_23' title="bbox 275 2384 1840 2467">
     <span class='ocr_line' id='line_1_23' title="bbox 275 2384 1840 2467; baseline -0.012 -11"><span class='ocrx_word' id='word_1_183' title='bbox 275 2412 384 2456; x_wconf 92' lang='lat' dir='ltr'><strong>tur.</strong></span> <span class='ocrx_word' id='word_1_184' title='bbox 412 2398 564 2455; x_wconf 84' lang='lat' dir='ltr'><strong>Modo</strong></span> <span class='ocrx_word' id='word_1_185' title='bbox 591 2412 716 2467; x_wconf 91' lang='lat' dir='ltr'><strong>ergo</strong></span> <span class='ocrx_word' id='word_1_186' title='bbox 757 2411 823 2449; x_wconf 78' lang='lat' dir='ltr'><strong>ex</strong></span> <span class='ocrx_word' id='word_1_187' title='bbox 847 2406 1067 2461; x_wconf 81' lang='lat' dir='ltr'><strong>persona</strong></span> <span class='ocrx_word' id='word_1_188' title='bbox 1094 2390 1370 2459; x_wconf 65' lang='lat' dir='ltr'><strong>Propheta:</strong></span> <span class='ocrx_word' id='word_1_189' title='bbox 1406 2386 1580 2441; x_wconf 86' lang='lat' dir='ltr'><strong>audite</strong></span> <span class='ocrx_word' id='word_1_190' title='bbox 1602 2426 1618 2449; x_wconf 89' lang='lat'><strong>,</strong></span> <span class='ocrx_word' id='word_1_191' title='bbox 1651 2384 1840 2439; x_wconf 82' lang='lat' dir='ltr'><strong>fratres</strong></span> 
     </span>
    </p>
   </div>
   <div class='ocr_carea' id='block_1_24' title="bbox 275 2476 1835 2552">
    <p class='ocr_par' dir='ltr' id='par_1_24' title="bbox 275 2476 1835 2552">
     <span class='ocr_line' id='line_1_24' title="bbox 275 2476 1835 2552; baseline -0.013 -3"><span class='ocrx_word' id='word_1_192' title='bbox 275 2494 405 2549; x_wconf 91' lang='lat' dir='ltr'><strong>mei.</strong></span> <span class='ocrx_word' id='word_1_193' title='bbox 432 2490 573 2545; x_wconf 91' lang='lat' dir='ltr'><strong>Vidit</strong></span> <span class='ocrx_word' id='word_1_194' title='bbox 614 2488 891 2543; x_wconf 92' lang='lat' dir='ltr'><strong>Dominum</strong></span> <span class='ocrx_word' id='word_1_195' title='bbox 918 2485 969 2538; x_wconf 94' lang='lat' dir='ltr'><strong>in</strong></span> <span class='ocrx_word' id='word_1_196' title='bbox 998 2482 1193 2552; x_wconf 88' lang='lat' dir='ltr'><strong>Spiritu</strong></span> <span class='ocrx_word' id='word_1_197' title='bbox 1234 2481 1334 2533; x_wconf 90' lang='lat' dir='ltr'><strong>iste</strong></span> <span class='ocrx_word' id='word_1_198' title='bbox 1375 2476 1627 2548; x_wconf 87' lang='lat' dir='ltr'><strong>propheta</strong></span> <span class='ocrx_word' id='word_1_199' title='bbox 1667 2476 1835 2529; x_wconf 71' lang='lat' dir='ltr'><strong>humi~</strong></span> 
     </span>
    </p>
   </div>
   <div class='ocr_carea' id='block_1_25' title="bbox 274 2568 1841 2647">
    <p class='ocr_par' dir='ltr' id='par_1_25' title="bbox 274 2568 1841 2647">
     <span class='ocr_line' id='line_1_25' title="bbox 274 2568 1841 2647; baseline -0.013 -9"><span class='ocrx_word' id='word_1_200' title='bbox 274 2586 482 2647; x_wconf 90' lang='lat' dir='ltr'><strong>liatum,</strong></span> <span class='ocrx_word' id='word_1_201' title='bbox 509 2594 725 2643; x_wconf 86' lang='lat' dir='ltr'><strong>caesum,</strong></span> <span class='ocrx_word' id='word_1_202' title='bbox 750 2576 1062 2646; x_wconf 81' lang='lat' dir='ltr'><strong>flagellatam</strong></span> <span class='ocrx_word' id='word_1_203' title='bbox 1081 2611 1099 2637; x_wconf 92' lang='lat'><strong>,</strong></span> <span class='ocrx_word' id='word_1_204' title='bbox 1129 2568 1365 2639; x_wconf 87' lang='lat' dir='ltr'><strong>colaphis</strong></span> <span class='ocrx_word' id='word_1_205' title='bbox 1388 2581 1718 2637; x_wconf 90' lang='lat' dir='ltr'><strong>percussum,</strong></span> <span class='ocrx_word' id='word_1_206' title='bbox 1746 2579 1841 2619; x_wconf 86' lang='lat' dir='ltr'><strong>ex-</strong></span> 
     </span>
    </p>
   </div>
   <div class='ocr_carea' id='block_1_26' title="bbox 278 2659 1836 2745">
    <p class='ocr_par' dir='ltr' id='par_1_26' title="bbox 278 2659 1836 2745">
     <span class='ocr_line' id='line_1_26' title="bbox 278 2659 1836 2745; baseline -0.013 -16"><span class='ocrx_word' id='word_1_207' title='bbox 278 2677 565 2745; x_wconf 85' lang='lat' dir='ltr'><strong>palmatum</strong></span> <span class='ocrx_word' id='word_1_208' title='bbox 591 2668 853 2730; x_wconf 88' lang='lat' dir='ltr'><strong>manibus,</strong></span> <span class='ocrx_word' id='word_1_209' title='bbox 884 2664 1050 2734; x_wconf 85' lang='lat' dir='ltr'><strong>sputis</strong></span> <span class='ocrx_word' id='word_1_210' title='bbox 1071 2661 1258 2716; x_wconf 92' lang='lat' dir='ltr'><strong>illitum</strong></span> <span class='ocrx_word' id='word_1_211' title='bbox 1278 2700 1293 2727; x_wconf 77' lang='grc'><strong>,</strong></span> <span class='ocrx_word' id='word_1_212' title='bbox 1319 2659 1483 2727; x_wconf 88' lang='lat' dir='ltr'><strong>spinis</strong></span> <span class='ocrx_word' id='word_1_213' title='bbox 1507 2663 1836 2723; x_wconf 86' lang='lat' dir='ltr'><strong>coronatum,</strong></span> 
     </span>
    </p>
   </div>
   <div class='ocr_carea' id='block_1_27' title="bbox 278 2748 1836 2837">
    <p class='ocr_par' dir='ltr' id='par_1_27' title="bbox 278 2748 1836 2837">
     <span class='ocr_line' id='line_1_27' title="bbox 278 2748 1836 2837; baseline -0.015 -16"><span class='ocrx_word' id='word_1_214' title='bbox 278 2769 421 2837; x_wconf 82' lang='lat' dir='ltr'><strong>ligno</strong></span> <span class='ocrx_word' id='word_1_215' title='bbox 447 2776 782 2832; x_wconf 81' lang='lat' dir='ltr'><strong>suSpensum;</strong></span> <span class='ocrx_word' id='word_1_216' title='bbox 809 2758 930 2812; x_wconf 91' lang='lat' dir='ltr'><strong>illos</strong></span> <span class='ocrx_word' id='word_1_217' title='bbox 972 2754 1248 2809; x_wconf 69' lang='lat' dir='ltr'><strong>saevientes</strong></span> <span class='ocrx_word' id='word_1_218' title='bbox 1271 2792 1286 2817; x_wconf 95' lang='lat'><strong>,</strong></span> <span class='ocrx_word' id='word_1_219' title='bbox 1314 2749 1459 2804; x_wconf 89' lang='lat' dir='ltr'><strong>illum</strong></span> <span class='ocrx_word' id='word_1_220' title='bbox 1489 2748 1797 2802; x_wconf 88' lang='lat' dir='ltr'><strong>tolerantem</strong></span> <span class='ocrx_word' id='word_1_221' title='bbox 1821 2763 1836 2813; x_wconf 91' lang='lat'><strong>;</strong></span> 
     </span>
    </p>
   </div>
   <div class='ocr_carea' id='block_1_28' title="bbox 276 2839 1836 2918">
    <p class='ocr_par' dir='ltr' id='par_1_28' title="bbox 276 2839 1836 2918">
     <span class='ocr_line' id='line_1_28' title="bbox 276 2839 1836 2918; baseline -0.013 -4"><span class='ocrx_word' id='word_1_222' title='bbox 276 2861 400 2914; x_wconf 86' lang='lat' dir='ltr'><strong>illos</strong></span> <span class='ocrx_word' id='word_1_223' title='bbox 428 2856 772 2918; x_wconf 77' lang='lat' dir='ltr'><strong>exsultantes,</strong></span> <span class='ocrx_word' id='word_1_224' title='bbox 805 2850 947 2904; x_wconf 88' lang='lat' dir='ltr'><strong>illum</strong></span> <span class='ocrx_word' id='word_1_225' title='bbox 977 2846 1123 2916; x_wconf 89' lang='lat' dir='ltr'><strong>quasi</strong></span> <span class='ocrx_word' id='word_1_226' title='bbox 1145 2846 1337 2899; x_wconf 88' lang='lat' dir='ltr'><strong>victum</strong></span> <span class='ocrx_word' id='word_1_227' title='bbox 1363 2842 1494 2895; x_wconf 81' lang='lat' dir='ltr'><strong>vidit</strong></span> <span class='ocrx_word' id='word_1_228' title='bbox 1522 2842 1573 2894; x_wconf 91' lang='lat' dir='ltr'><strong>in</strong></span> <span class='ocrx_word' id='word_1_229' title='bbox 1600 2839 1794 2909; x_wconf 90' lang='lat' dir='ltr'><strong>Spiritu</strong></span> <span class='ocrx_word' id='word_1_230' title='bbox 1822 2854 1836 2893; x_wconf 91' lang='lat'><strong>:</strong></span> 
     </span>
    </p>
   </div>
   <div class='ocr_carea' id='block_1_29' title="bbox 277 2932 1838 3020">
    <p class='ocr_par' dir='ltr' id='par_1_29' title="bbox 277 2932 1838 3020">
     <span class='ocr_line' id='line_1_29' title="bbox 277 2932 1838 3020; baseline -0.013 -14"><span class='ocrx_word' id='word_1_231' title='bbox 277 2963 331 3006; x_wconf 91' lang='lat' dir='ltr'><strong>et</strong></span> <span class='ocrx_word' id='word_1_232' title='bbox 358 2959 476 3020; x_wconf 83' lang='lat' dir='ltr'><strong>post</strong></span> <span class='ocrx_word' id='word_1_233' title='bbox 506 2949 646 3003; x_wconf 87' lang='lat' dir='ltr'><strong>illam</strong></span> <span class='ocrx_word' id='word_1_234' title='bbox 668 2945 777 3016; x_wconf 86' lang='lat' dir='ltr'><strong>jam</strong></span> <span class='ocrx_word' id='word_1_235' title='bbox 828 2955 1039 3015; x_wconf 84' lang='lat' dir='ltr'><strong>omnem</strong></span> <span class='ocrx_word' id='word_1_236' title='bbox 1066 2936 1479 2993; x_wconf 86' lang='lat' dir='ltr'><strong>humiliationcm</strong></span> <span class='ocrx_word' id='word_1_237' title='bbox 1498 2973 1514 3000; x_wconf 87' lang='lat'><strong>,</strong></span> <span class='ocrx_word' id='word_1_238' title='bbox 1544 2944 1593 2987; x_wconf 89' lang='lat' dir='ltr'><strong>et</strong></span> <span class='ocrx_word' id='word_1_239' title='bbox 1631 2932 1838 2985; x_wconf 91' lang='lat' dir='ltr'><strong>illorum</strong></span> 
     </span>
    </p>
   </div>
   <div class='ocr_carea' id='block_1_30' title="bbox 278 3021 1842 3098">
    <p class='ocr_par' dir='ltr' id='par_1_30' title="bbox 278 3021 1842 3098">
     <span class='ocr_line' id='line_1_30' title="bbox 278 3021 1842 3098; baseline -0.016 0"><span class='ocrx_word' id='word_1_240' title='bbox 278 3047 512 3098; x_wconf 87' lang='lat' dir='ltr'><strong>furorem</strong></span> <span class='ocrx_word' id='word_1_241' title='bbox 540 3034 891 3093; x_wconf 82' lang='lat' dir='ltr'><strong>resurrexisse</strong></span> <span class='ocrx_word' id='word_1_242' title='bbox 915 3045 1055 3094; x_wconf 90' lang='lat' dir='ltr'><strong>eum,</strong></span> <span class='ocrx_word' id='word_1_243' title='bbox 1086 3038 1139 3083; x_wconf 92' lang='lat' dir='ltr'><strong>et</strong></span> <span class='ocrx_word' id='word_1_244' title='bbox 1164 3027 1248 3082; x_wconf 90' lang='lat' dir='ltr'><strong>illa</strong></span> <span class='ocrx_word' id='word_1_245' title='bbox 1275 3024 1448 3079; x_wconf 89' lang='lat' dir='ltr'><strong>omnia</strong></span> <span class='ocrx_word' id='word_1_246' title='bbox 1467 3038 1583 3093; x_wconf 62' lang='lat' dir='ltr'><strong>quae</strong></span> <span class='ocrx_word' id='word_1_247' title='bbox 1609 3021 1842 3077; x_wconf 89' lang='lat' dir='ltr'><strong>fecerant</strong></span> 
     </span>
    </p>
   </div>
   <div class='ocr_carea' id='block_1_31' title="bbox 277 3111 1836 3189">
    <p class='ocr_par' dir='ltr' id='par_1_31' title="bbox 277 3111 1836 3189">
     <span class='ocr_line' id='line_1_31' title="bbox 277 3111 1836 3189; baseline -0.016 0"><span class='ocrx_word' id='word_1_248' title='bbox 277 3134 445 3189; x_wconf 70' lang='grc' dir='ltr'><strong>,ἰηιιωί</strong></span> <span class='ocrx_word' id='word_1_249' title='bbox 475 3130 753 3185; x_wconf 80' lang='lat' dir='ltr'><strong>saevientes</strong></span> <span class='ocrx_word' id='word_1_250' title='bbox 777 3122 910 3177; x_wconf 87' lang='lat' dir='ltr'><strong>facta</strong></span> <span class='ocrx_word' id='word_1_251' title='bbox 931 3135 1047 3176; x_wconf 90' lang='lat' dir='ltr'><strong>esse</strong></span> <span class='ocrx_word' id='word_1_252' title='bbox 1073 3118 1281 3180; x_wconf 89' lang='lat' dir='ltr'><strong>inania;</strong></span> <span class='ocrx_word' id='word_1_253' title='bbox 1311 3124 1364 3169; x_wconf 91' lang='lat' dir='ltr'><strong>et</strong></span> <span class='ocrx_word' id='word_1_254' title='bbox 1392 3115 1561 3169; x_wconf 88' lang='lat' dir='ltr'><strong>elatus</strong></span> <span class='ocrx_word' id='word_1_255' title='bbox 1580 3114 1600 3144; x_wconf 79' lang='lat'><strong>’</strong></span> <span class='ocrx_word' id='word_1_256' title='bbox 1626 3111 1836 3181; x_wconf 87' lang='lat' dir='ltr'><strong>gaudio,</strong></span> 
     </span>
    </p>
   </div>
   <div class='ocr_carea' id='block_1_32' title="bbox 279 3203 1834 3294">
    <p class='ocr_par' dir='ltr' id='par_1_32' title="bbox 279 3203 1834 3294">
     <span class='ocr_line' id='line_1_32' title="bbox 279 3203 1834 3294; baseline -0.017 -13"><span class='ocrx_word' id='word_1_257' title='bbox 279 3237 530 3294; x_wconf 83' lang='lat' dir='ltr'><strong>tanquam</strong></span> <span class='ocrx_word' id='word_1_258' title='bbox 567 3219 769 3274; x_wconf 83' lang='lat' dir='ltr'><strong>videret</strong></span> <span class='ocrx_word' id='word_1_259' title='bbox 811 3213 955 3278; x_wconf 86' lang='lat' dir='ltr'><strong>fieri,</strong></span> <span class='ocrx_word' id='word_1_260' title='bbox 982 3208 1247 3272; x_wconf 69' lang='lat' dir='ltr'><strong>Eataltare,</strong></span> <span class='ocrx_word' id='word_1_261' title='bbox 1281 3206 1468 3275; x_wconf 85' lang='lat' dir='ltr'><strong>inquit,</strong></span> <span class='ocrx_word' id='word_1_262' title='bbox 1491 3220 1639 3275; x_wconf 83' lang='lat' dir='ltr'><strong>super</strong></span> <span class='ocrx_word' id='word_1_263' title='bbox 1667 3203 1834 3268; x_wconf 78' lang='lat' dir='ltr'><strong>caelos,</strong></span> 
     </span>
    </p>
   </div>
   <div class='ocr_carea' id='block_1_33' title="bbox 275 3297 1839 3374">
    <p class='ocr_par' dir='ltr' id='par_1_33' title="bbox 275 3297 1839 3374">
     <span class='ocr_line' id='line_1_33' title="bbox 275 3297 1839 3374; baseline -0.016 -1"><span class='ocrx_word' id='word_1_264' title='bbox 275 3320 437 3374; x_wconf 80' lang='lat' dir='ltr'><strong>Deus.</strong></span> <span class='ocrx_word' id='word_1_265' title='bbox 484 3314 655 3369; x_wconf 86' lang='lat' dir='ltr'><strong>Homo</strong></span> <span class='ocrx_word' id='word_1_266' title='bbox 684 3311 737 3365; x_wconf 92' lang='lat' dir='ltr'><strong>in</strong></span> <span class='ocrx_word' id='word_1_267' title='bbox 783 3321 938 3364; x_wconf 89' lang='lat' dir='ltr'><strong>cruce</strong></span> <span class='ocrx_word' id='word_1_268' title='bbox 957 3345 971 3368; x_wconf 92' lang='lat'><strong>,</strong></span> <span class='ocrx_word' id='word_1_269' title='bbox 998 3314 1052 3360; x_wconf 90' lang='lat' dir='ltr'><strong>et</strong></span> <span class='ocrx_word' id='word_1_270' title='bbox 1083 3317 1241 3371; x_wconf 90' lang='lat' dir='ltr'><strong>super</strong></span> <span class='ocrx_word' id='word_1_271' title='bbox 1271 3300 1435 3355; x_wconf 69' lang='lat' dir='ltr'><strong>caelos</strong></span> <span class='ocrx_word' id='word_1_272' title='bbox 1462 3298 1617 3353; x_wconf 86' lang='lat' dir='ltr'><strong>Deus.</strong></span> <span class='ocrx_word' id='word_1_273' title='bbox 1650 3297 1839 3351; x_wconf 78' lang='lat' dir='ltr'><strong>Rema-</strong></span> 
     </span>
    </p>
   </div>
   <div class='ocr_carea' id='block_1_34' title="bbox 277 3388 1836 3465">
    <p class='ocr_par' dir='ltr' id='par_1_34' title="bbox 277 3388 1836 3465">
     <span class='ocr_line' id='line_1_34' title="bbox 277 3388 1836 3465; baseline -0.015 0"><span class='ocrx_word' id='word_1_274' title='bbox 277 3417 439 3465; x_wconf 89' lang='lat' dir='ltr'><strong>neant</strong></span> <span class='ocrx_word' id='word_1_275' title='bbox 482 3406 535 3460; x_wconf 92' lang='lat' dir='ltr'><strong>in</strong></span> <span class='ocrx_word' id='word_1_276' title='bbox 586 3413 724 3459; x_wconf 86' lang='lat' dir='ltr'><strong>terra</strong></span> <span class='ocrx_word' id='word_1_277' title='bbox 752 3398 1059 3458; x_wconf 74' lang='lat' dir='ltr'><strong>saevientes,</strong></span> <span class='ocrx_word' id='word_1_278' title='bbox 1088 3403 1143 3449; x_wconf 92' lang='lat' dir='ltr'><strong>tu</strong></span> <span class='ocrx_word' id='word_1_279' title='bbox 1185 3393 1237 3447; x_wconf 91' lang='lat' dir='ltr'><strong>in</strong></span> <span class='ocrx_word' id='word_1_280' title='bbox 1266 3391 1403 3447; x_wconf 79' lang='lat' dir='ltr'><strong>ctelo</strong></span> <span class='ocrx_word' id='word_1_281' title='bbox 1429 3399 1544 3445; x_wconf 87' lang='lat' dir='ltr'><strong>esto</strong></span> <span class='ocrx_word' id='word_1_282' title='bbox 1573 3388 1836 3459; x_wconf 83' lang='lat' dir='ltr'><strong>judicans.</strong></span> 
     </span>
    </p>
   </div>
   <div class='ocr_carea' id='block_1_35' title="bbox 275 3484 1839 3565">
    <p class='ocr_par' dir='ltr' id='par_1_35' title="bbox 275 3484 1839 3565">
     <span class='ocr_line' id='line_1_35' title="bbox 275 3484 1839 3565; baseline -0.016 -8"><span class='ocrx_word' id='word_1_283' title='bbox 275 3504 378 3559; x_wconf 85' lang='lat' dir='ltr'><strong>Ubi</strong></span> <span class='ocrx_word' id='word_1_284' title='bbox 400 3508 524 3555; x_wconf 88' lang='lat' dir='ltr'><strong>sunt</strong></span> <span class='ocrx_word' id='word_1_285' title='bbox 550 3495 638 3565; x_wconf 86' lang='lat' dir='ltr'><strong>qui</strong></span> <span class='ocrx_word' id='word_1_286' title='bbox 667 3489 928 3547; x_wconf 79' lang='lat' dir='ltr'><strong>furebant?</strong></span> <span class='ocrx_word' id='word_1_287' title='bbox 953 3488 1041 3542; x_wconf 91' lang='lat' dir='ltr'><strong>ubi</strong></span> <span class='ocrx_word' id='word_1_288' title='bbox 1077 3495 1198 3541; x_wconf 88' lang='lat' dir='ltr'><strong>sunt</strong></span> <span class='ocrx_word' id='word_1_289' title='bbox 1225 3484 1392 3538; x_wconf 83' lang='lat' dir='ltr'><strong>dentes</strong></span> <span class='ocrx_word' id='word_1_290' title='bbox 1430 3499 1600 3536; x_wconf 88' lang='lat' dir='ltr'><strong>eorum</strong></span> <span class='ocrx_word' id='word_1_291' title='bbox 1626 3497 1765 3534; x_wconf 86' lang='lat' dir='ltr'><strong>arma</strong></span> <span class='ocrx_word' id='word_1_292' title='bbox 1793 3490 1839 3534; x_wconf 86' lang='lat' dir='ltr'><strong>et</strong></span> 
     </span>
    </p>
   </div>
   <div class='ocr_carea' id='block_1_36' title="bbox 275 3575 1839 3664">
    <p class='ocr_par' dir='ltr' id='par_1_36' title="bbox 275 3575 1839 3664">
     <span class='ocr_line' id='line_1_36' title="bbox 275 3575 1839 3664; baseline -0.013 -17"><span class='ocrx_word' id='word_1_293' title='bbox 275 3590 518 3664; x_wconf 67' lang='lat' dir='ltr'><strong>sagittas?</strong></span> <span class='ocrx_word' id='word_1_294' title='bbox 546 3586 731 3641; x_wconf 88' lang='lat' dir='ltr'><strong>Nonne</strong></span> <span class='ocrx_word' id='word_1_295' title='bbox 774 3582 969 3652; x_wconf 77' lang='lat' dir='ltr'><strong>sagitta:</strong></span> <span class='ocrx_word' id='word_1_296' title='bbox 1010 3577 1281 3649; x_wconf 79' lang='lat' dir='ltr'><strong>infantium</strong></span> <span class='ocrx_word' id='word_1_297' title='bbox 1327 3579 1476 3646; x_wconf 69' lang='lat' dir='ltr'><strong>facta:</strong></span> <span class='ocrx_word' id='word_1_298' title='bbox 1516 3583 1629 3628; x_wconf 87' lang='lat' dir='ltr'><strong>sunt</strong></span> <span class='ocrx_word' id='word_1_299' title='bbox 1676 3575 1839 3644; x_wconf 58' lang='lat' dir='ltr'><strong>plaga:</strong></span> 
     </span>
    </p>
   </div>
   <div class='ocr_carea' id='block_1_37' title="bbox 274 3665 1838 3742">
    <p class='ocr_par' dir='ltr' id='par_1_37' title="bbox 274 3665 1838 3742">
     <span class='ocr_line' id='line_1_37' title="bbox 274 3665 1838 3742; baseline -0.016 0"><span class='ocrx_word' id='word_1_300' title='bbox 274 3686 485 3742; x_wconf 84' lang='lat' dir='ltr'><strong>eorum?</strong></span> <span class='ocrx_word' id='word_1_301' title='bbox 512 3681 627 3735; x_wconf 85' lang='lat' dir='ltr'><strong>Alio</strong></span> <span class='ocrx_word' id='word_1_302' title='bbox 652 3677 792 3732; x_wconf 90' lang='lat' dir='ltr'><strong>enim</strong></span> <span class='ocrx_word' id='word_1_303' title='bbox 824 3675 940 3728; x_wconf 92' lang='lat' dir='ltr'><strong>loco</strong></span> <span class='ocrx_word' id='word_1_304' title='bbox 968 3670 1202 3741; x_wconf 83' lang='lat' dir='ltr'><strong>psalmus</strong></span> <span class='ocrx_word' id='word_1_305' title='bbox 1228 3667 1328 3722; x_wconf 89' lang='lat' dir='ltr'><strong>hoc</strong></span> <span class='ocrx_word' id='word_1_306' title='bbox 1366 3666 1512 3729; x_wconf 87' lang='lat' dir='ltr'><strong>dicit,</strong></span> <span class='ocrx_word' id='word_1_307' title='bbox 1539 3665 1721 3719; x_wconf 85' lang='lat' dir='ltr'><strong>volens</strong></span> <span class='ocrx_word' id='word_1_308' title='bbox 1744 3679 1838 3720; x_wconf 90' lang='lat' dir='ltr'><strong>eos</strong></span> 
     </span>
    </p>
   </div>
   <div class='ocr_carea' id='block_1_38' title="bbox 274 3756 1840 3831">
    <p class='ocr_par' dir='ltr' id='par_1_38' title="bbox 274 3756 1840 3831">
     <span class='ocr_line' id='line_1_38' title="bbox 274 3756 1840 3831; baseline -0.015 1"><span class='ocrx_word' id='word_1_309' title='bbox 274 3774 559 3831; x_wconf 85' lang='lat' dir='ltr'><strong>ostendere</strong></span> <span class='ocrx_word' id='word_1_310' title='bbox 587 3768 814 3824; x_wconf 87' lang='lat' dir='ltr'><strong>inaniter</strong></span> <span class='ocrx_word' id='word_1_311' title='bbox 845 3763 1061 3819; x_wconf 80' lang='lat' dir='ltr'><strong>saevisse</strong></span> <span class='ocrx_word' id='word_1_312' title='bbox 1084 3804 1098 3826; x_wconf 87' lang='lat'><strong>,</strong></span> <span class='ocrx_word' id='word_1_313' title='bbox 1124 3770 1175 3814; x_wconf 92' lang='lat' dir='ltr'><strong>et</strong></span> <span class='ocrx_word' id='word_1_314' title='bbox 1205 3759 1428 3813; x_wconf 90' lang='lat' dir='ltr'><strong>inaniter</strong></span> <span class='ocrx_word' id='word_1_315' title='bbox 1450 3758 1499 3810; x_wconf 91' lang='lat' dir='ltr'><strong>iu</strong></span> <span class='ocrx_word' id='word_1_316' title='bbox 1523 3756 1681 3810; x_wconf 87' lang='lat' dir='ltr'><strong>furias</strong></span> <span class='ocrx_word' id='word_1_317' title='bbox 1707 3770 1840 3823; x_wconf 74' lang='lat' dir='ltr'><strong>prte-</strong></span> 
     </span>
    </p>
   </div>
   <div class='ocr_carea' id='block_1_39' title="bbox 273 3846 1839 3939">
    <p class='ocr_par' dir='ltr' id='par_1_39' title="bbox 273 3846 1839 3939">
     <span class='ocr_line' id='line_1_39' title="bbox 273 3846 1839 3939; baseline -0.018 -13"><span class='ocrx_word' id='word_1_318' title='bbox 273 3870 520 3939; x_wconf 77' lang='lat' dir='ltr'><strong>cipitatos</strong></span> <span class='ocrx_word' id='word_1_319' title='bbox 544 3878 661 3917; x_wconf 89' lang='lat' dir='ltr'><strong>esse</strong></span> <span class='ocrx_word' id='word_1_320' title='bbox 686 3879 700 3915; x_wconf 88' lang='lat'><strong>:</strong></span> <span class='ocrx_word' id='word_1_321' title='bbox 732 3856 978 3929; x_wconf 89' lang='lat' dir='ltr'><strong>quoniam</strong></span> <span class='ocrx_word' id='word_1_322' title='bbox 1008 3853 1138 3908; x_wconf 89' lang='lat' dir='ltr'><strong>nihil</strong></span> <span class='ocrx_word' id='word_1_323' title='bbox 1169 3857 1451 3921; x_wconf 90' lang='lat' dir='ltr'><strong>potuerunt</strong></span> <span class='ocrx_word' id='word_1_324' title='bbox 1489 3846 1659 3901; x_wconf 89' lang='lat' dir='ltr'><strong>facere</strong></span> <span class='ocrx_word' id='word_1_325' title='bbox 1681 3846 1839 3939; x_wconf 80' lang='lat' dir='ltr'><strong>Chri-</strong></span> 
     </span>
    </p>
   </div>
   <div class='ocr_carea' id='block_1_40' title="bbox 274 3937 1835 4017">
    <p class='ocr_par' dir='ltr' id='par_1_40' title="bbox 274 3937 1835 4017">
     <span class='ocr_line' id='line_1_40' title="bbox 274 3937 1835 4017; baseline -0.018 0"><span class='ocrx_word' id='word_1_326' title='bbox 274 3937 359 4017; x_wconf 85' lang='lat' dir='ltr'><strong>sto</strong></span> <span class='ocrx_word' id='word_1_327' title='bbox 379 3960 445 4015; x_wconf 86' lang='lat' dir='ltr'><strong>ad</strong></span> <span class='ocrx_word' id='word_1_328' title='bbox 480 3958 659 4010; x_wconf 89' lang='lat' dir='ltr'><strong>horam</strong></span> <span class='ocrx_word' id='word_1_329' title='bbox 686 3949 958 4009; x_wconf 77' lang='lat' dir='ltr'><strong>crueifixo,</strong></span> <span class='ocrx_word' id='word_1_330' title='bbox 989 3954 1041 4000; x_wconf 89' lang='lat' dir='ltr'><strong>et</strong></span> <span class='ocrx_word' id='word_1_331' title='bbox 1068 3952 1245 4013; x_wconf 87' lang='lat' dir='ltr'><strong>postea</strong></span> <span class='ocrx_word' id='word_1_332' title='bbox 1266 3939 1577 4009; x_wconf 87' lang='lat' dir='ltr'><strong>resurgenti,</strong></span> <span class='ocrx_word' id='word_1_333' title='bbox 1606 3946 1763 4006; x_wconf 91' lang='lat' dir='ltr'><strong>atque</strong></span> <span class='ocrx_word' id='word_1_334' title='bbox 1785 3937 1835 3990; x_wconf 94' lang='lat' dir='ltr'><strong>in</strong></span> 
     </span>
    </p>
   </div>
   <div class='ocr_carea' id='block_1_41' title="bbox 273 4030 1837 4113">
    <p class='ocr_par' dir='ltr' id='par_1_41' title="bbox 273 4030 1837 4113">
     <span class='ocr_line' id='line_1_41' title="bbox 273 4030 1837 4113; baseline -0.017 -6"><span class='ocrx_word' id='word_1_335' title='bbox 273 4055 416 4109; x_wconf 64' lang='lat' dir='ltr'><strong>male</strong></span> <span class='ocrx_word' id='word_1_336' title='bbox 457 4046 693 4111; x_wconf 88' lang='lat' dir='ltr'><strong>sedenti,</strong></span> <span class='ocrx_word' id='word_1_337' title='bbox 724 4044 919 4113; x_wconf 68' lang='lat' dir='ltr'><strong>sagitta:</strong></span> <span class='ocrx_word' id='word_1_338' title='bbox 955 4037 1223 4106; x_wconf 83' lang='lat' dir='ltr'><strong>infantium</strong></span> <span class='ocrx_word' id='word_1_339' title='bbox 1250 4036 1396 4100; x_wconf 69' lang='lat' dir='ltr'><strong>facta:</strong></span> <span class='ocrx_word' id='word_1_340' title='bbox 1413 4040 1525 4086; x_wconf 86' lang='lat' dir='ltr'><strong>sunt</strong></span> <span class='ocrx_word' id='word_1_341' title='bbox 1563 4030 1725 4099; x_wconf 77' lang='lat' dir='ltr'><strong>plaga:</strong></span> <span class='ocrx_word' id='word_1_342' title='bbox 1751 4046 1837 4083; x_wconf 81' lang='lat' dir='ltr'><strong>eo-</strong></span> 
     </span>
    </p>
   </div>
   <div class='ocr_carea' id='block_1_42' title="bbox 273 4120 1836 4204">
    <p class='ocr_par' dir='ltr' id='par_1_42' title="bbox 273 4120 1836 4204">
     <span class='ocr_line' id='line_1_42' title="bbox 273 4120 1836 4204; baseline -0.015 -6"><span class='ocrx_word' id='word_1_343' title='bbox 273 4160 387 4198; x_wconf 87' lang='lat' dir='ltr'><strong>rum</strong></span> <span class='ocrx_word' id='word_1_344' title='bbox 412 4140 579 4204; x_wconf 83' lang='lat' dir='ltr'><strong>(Psat.</strong></span> <span class='ocrx_word' id='word_1_345' title='bbox 611 4153 736 4193; x_wconf 79' lang='lat' dir='ltr'><strong>Lxm</strong></span> <span class='ocrx_word' id='word_1_346' title='bbox 760 4177 774 4199; x_wconf 92' lang='lat'><strong>,</strong></span> <span class='ocrx_word' id='word_1_347' title='bbox 804 4134 879 4203; x_wconf 91' lang='lat'><strong>8).</strong></span> <span class='ocrx_word' id='word_1_348' title='bbox 926 4127 1201 4198; x_wconf 86' lang='lat' dir='ltr'><strong>Quomodo</strong></span> <span class='ocrx_word' id='word_1_349' title='bbox 1240 4123 1463 4178; x_wconf 78' lang='lat' dir='ltr'><strong>infantes</strong></span> <span class='ocrx_word' id='word_1_350' title='bbox 1506 4122 1697 4175; x_wconf 89' lang='lat' dir='ltr'><strong>faciunt</strong></span> <span class='ocrx_word' id='word_1_351' title='bbox 1738 4120 1836 4175; x_wconf 90' lang='lat' dir='ltr'><strong>sibi</strong></span> 
     </span>
    </p>
   </div>
   <div class='ocr_carea' id='block_1_43' title="bbox 273 4213 1837 4305">
    <p class='ocr_par' dir='ltr' id='par_1_43' title="bbox 273 4213 1837 4305">
     <span class='ocr_line' id='line_1_43' title="bbox 273 4213 1837 4305; baseline -0.015 -16"><span class='ocrx_word' id='word_1_352' title='bbox 273 4235 527 4305; x_wconf 81' lang='lat' dir='ltr'><strong>sagittas?</strong></span> <span class='ocrx_word' id='word_1_353' title='bbox 558 4230 634 4284; x_wconf 93' lang='lat' dir='ltr'><strong>De</strong></span> <span class='ocrx_word' id='word_1_354' title='bbox 675 4225 859 4282; x_wconf 86' lang='lat' dir='ltr'><strong>cannis</strong></span> <span class='ocrx_word' id='word_1_355' title='bbox 885 4223 925 4275; x_wconf 86' lang='grc'><strong>³.</strong></span> <span class='ocrx_word' id='word_1_356' title='bbox 955 4220 1169 4290; x_wconf 69' lang='lat' dir='ltr'><strong>Sagitta:</strong></span> <span class='ocrx_word' id='word_1_357' title='bbox 1195 4225 1369 4270; x_wconf 90' lang='lat' dir='ltr'><strong>autem</strong></span> <span class='ocrx_word' id='word_1_358' title='bbox 1416 4213 1575 4281; x_wconf 74' lang='lat' dir='ltr'><strong>quae?</strong></span> <span class='ocrx_word' id='word_1_359' title='bbox 1603 4220 1695 4266; x_wconf 88' lang='lat' dir='ltr'><strong>aut</strong></span> <span class='ocrx_word' id='word_1_360' title='bbox 1718 4227 1837 4282; x_wconf 68' lang='lat' dir='ltr'><strong>qua:</strong></span> 
     </span>
    </p>
   </div>
   <div class='ocr_carea' id='block_1_44' title="bbox 272 4305 1837 4391">
    <p class='ocr_par' dir='ltr' id='par_1_44' title="bbox 272 4305 1837 4391">
     <span class='ocr_line' id='line_1_44' title="bbox 272 4305 1837 4391; baseline -0.013 -10"><span class='ocrx_word' id='word_1_361' title='bbox 272 4324 461 4380; x_wconf 81' lang='lat' dir='ltr'><strong>vires?</strong></span> <span class='ocrx_word' id='word_1_362' title='bbox 480 4332 569 4375; x_wconf 91' lang='lat' dir='ltr'><strong>aut</strong></span> <span class='ocrx_word' id='word_1_363' title='bbox 595 4321 683 4391; x_wconf 89' lang='lat' dir='ltr'><strong>qui</strong></span> <span class='ocrx_word' id='word_1_364' title='bbox 711 4316 890 4372; x_wconf 85' lang='lat' dir='ltr'><strong>arcus?</strong></span> <span class='ocrx_word' id='word_1_365' title='bbox 917 4323 1005 4367; x_wconf 89' lang='lat' dir='ltr'><strong>aut</strong></span> <span class='ocrx_word' id='word_1_366' title='bbox 1030 4311 1117 4382; x_wconf 90' lang='lat' dir='ltr'><strong>qui</strong></span> <span class='ocrx_word' id='word_1_367' title='bbox 1145 4308 1311 4364; x_wconf 87' lang='lat' dir='ltr'><strong>ictus?</strong></span> <span class='ocrx_word' id='word_1_368' title='bbox 1331 4315 1420 4361; x_wconf 92' lang='lat' dir='ltr'><strong>ant</strong></span> <span class='ocrx_word' id='word_1_369' title='bbox 1447 4305 1583 4375; x_wconf 91' lang='lat' dir='ltr'><strong>quod</strong></span> <span class='ocrx_word' id='word_1_370' title='bbox 1608 4305 1837 4361; x_wconf 80' lang='lat' dir='ltr'><strong>vulnus?</strong></span> 
     </span>
    </p>
   </div>
   <div class='ocr_carea' id='block_1_45' title="bbox 274 4398 1840 4481">
    <p class='ocr_par' dir='ltr' id='par_1_45' title="bbox 274 4398 1840 4481">
     <span class='ocr_line' id='line_1_45' title="bbox 274 4398 1840 4481; baseline -0.02 -9"><span class='ocrx_word' id='word_1_371' title='bbox 274 4418 522 4473; x_wconf 72' lang='lat' dir='ltr'><strong>Exaltare</strong></span> <span class='ocrx_word' id='word_1_372' title='bbox 544 4429 694 4481; x_wconf 83' lang='lat' dir='ltr'><strong>super</strong></span> <span class='ocrx_word' id='word_1_373' title='bbox 712 4411 878 4472; x_wconf 73' lang='lat' dir='ltr'><strong>cmlos,</strong></span> <span class='ocrx_word' id='word_1_374' title='bbox 894 4407 1052 4470; x_wconf 87' lang='lat' dir='ltr'><strong>Deus,</strong></span> <span class='ocrx_word' id='word_1_375' title='bbox 1071 4414 1115 4457; x_wconf 91' lang='lat' dir='ltr'><strong>et</strong></span> <span class='ocrx_word' id='word_1_376' title='bbox 1139 4418 1288 4469; x_wconf 87' lang='lat' dir='ltr'><strong>super</strong></span> <span class='ocrx_word' id='word_1_377' title='bbox 1305 4415 1499 4462; x_wconf 85' lang='lat' dir='ltr'><strong>omnem</strong></span> <span class='ocrx_word' id='word_1_378' title='bbox 1524 4410 1704 4452; x_wconf 89' lang='lat' dir='ltr'><strong>terram</strong></span> <span class='ocrx_word' id='word_1_379' title='bbox 1731 4398 1840 4469; x_wconf 86' lang='lat' dir='ltr'><strong>glo-</strong></span> 
     </span>
    </p>
   </div>
   <div class='ocr_carea' id='block_1_46' title="bbox 272 4486 1833 4572">
    <p class='ocr_par' dir='ltr' id='par_1_46' title="bbox 272 4486 1833 4572">
     <span class='ocr_line' id='line_1_46' title="bbox 272 4486 1833 4572; baseline -0.013 -9"><span class='ocrx_word' id='word_1_380' title='bbox 272 4511 352 4563; x_wconf 84' lang='lat' dir='ltr'><strong>ria</strong></span> <span class='ocrx_word' id='word_1_381' title='bbox 378 4518 487 4560; x_wconf 86' lang='lat' dir='ltr'><strong>tua.</strong></span> <span class='ocrx_word' id='word_1_382' title='bbox 514 4502 706 4572; x_wconf 86' lang='lat' dir='ltr'><strong>thuid</strong></span> <span class='ocrx_word' id='word_1_383' title='bbox 729 4498 976 4554; x_wconf 82' lang='lat' dir='ltr'><strong>exaltaris</strong></span> <span class='ocrx_word' id='word_1_384' title='bbox 1006 4510 1168 4566; x_wconf 90' lang='lat' dir='ltr'><strong>super</strong></span> <span class='ocrx_word' id='word_1_385' title='bbox 1200 4492 1364 4547; x_wconf 74' lang='grc' dir='ltr'><strong>εωιοε</strong></span> <span class='ocrx_word' id='word_1_386' title='bbox 1396 4488 1565 4543; x_wconf 89' lang='lat' dir='ltr'><strong>Deus?</strong></span> <span class='ocrx_word' id='word_1_387' title='bbox 1589 4486 1833 4555; x_wconf 86' lang='lat' dir='ltr'><strong>Fratres,</strong></span> 
     </span>
    </p>
   </div>
   <div class='ocr_carea' id='block_1_47' title="bbox 273 4581 1835 4660">
    <p class='ocr_par' dir='ltr' id='par_1_47' title="bbox 273 4581 1835 4660">
     <span class='ocr_line' id='line_1_47' title="bbox 273 4581 1835 4660; baseline -0.024 -2"><span class='ocrx_word' id='word_1_388' title='bbox 273 4603 563 4658; x_wconf 81' lang='lat' dir='ltr'><strong>exaltatum</strong></span> <span class='ocrx_word' id='word_1_389' title='bbox 590 4597 758 4651; x_wconf 91' lang='lat' dir='ltr'><strong>Deum</strong></span> <span class='ocrx_word' id='word_1_390' title='bbox 784 4607 942 4660; x_wconf 87' lang='lat' dir='ltr'><strong>super</strong></span> <span class='ocrx_word' id='word_1_391' title='bbox 961 4590 1144 4649; x_wconf 77' lang='lat' dir='ltr'><strong>cmlos,</strong></span> <span class='ocrx_word' id='word_1_392' title='bbox 1170 4600 1273 4639; x_wconf 92' lang='lat' dir='ltr'><strong>non</strong></span> <span class='ocrx_word' id='word_1_393' title='bbox 1304 4582 1541 4637; x_wconf 81' lang='lat' dir='ltr'><strong>videmus</strong></span> <span class='ocrx_word' id='word_1_394' title='bbox 1559 4621 1573 4646; x_wconf 90' lang='lat'><strong>,</strong></span> <span class='ocrx_word' id='word_1_395' title='bbox 1600 4581 1692 4635; x_wconf 84' lang='lat' dir='ltr'><strong>sed</strong></span> <span class='ocrx_word' id='word_1_396' title='bbox 1716 4595 1835 4635; x_wconf 69' lang='grc' dir='ltr'><strong>(ει-θ-</strong></span> 
     </span>
    </p>
   </div>
   <div class='ocr_carea' id='block_1_48' title="bbox 273 4672 1835 4757">
    <p class='ocr_par' dir='ltr' id='par_1_48' title="bbox 273 4672 1835 4757">
     <span class='ocr_line' id='line_1_48' title="bbox 273 4672 1835 4757; baseline -0.015 -8"><span class='ocrx_word' id='word_1_397' title='bbox 273 4695 452 4749; x_wconf 89' lang='lat' dir='ltr'><strong>dimus</strong></span> <span class='ocrx_word' id='word_1_398' title='bbox 480 4708 493 4744; x_wconf 89' lang='lat'>:</span> <span class='ocrx_word' id='word_1_399' title='bbox 520 4702 679 4757; x_wconf 89' lang='lat' dir='ltr'><strong>super</strong></span> <span class='ocrx_word' id='word_1_400' title='bbox 705 4697 914 4738; x_wconf 91' lang='lat' dir='ltr'><strong>omnem</strong></span> <span class='ocrx_word' id='word_1_401' title='bbox 938 4688 1110 4735; x_wconf 89' lang='lat' dir='ltr'><strong>autem</strong></span> <span class='ocrx_word' id='word_1_402' title='bbox 1139 4686 1327 4732; x_wconf 88' lang='lat' dir='ltr'><strong>terram</strong></span> <span class='ocrx_word' id='word_1_403' title='bbox 1355 4672 1570 4743; x_wconf 85' lang='lat' dir='ltr'><strong>gloriam</strong></span> <span class='ocrx_word' id='word_1_404' title='bbox 1588 4672 1702 4739; x_wconf 88' lang='lat' dir='ltr'><strong>ejus</strong></span> <span class='ocrx_word' id='word_1_405' title='bbox 1732 4687 1835 4726; x_wconf 92' lang='lat' dir='ltr'><strong>non</strong></span> 
     </span>
    </p>
   </div>
   <div class='ocr_carea' id='block_1_49' title="bbox 272 4763 1833 4840">
    <p class='ocr_par' dir='ltr' id='par_1_49' title="bbox 272 4763 1833 4840">
     <span class='ocr_line' id='line_1_49' title="bbox 272 4763 1833 4840; baseline -0.015 0"><span class='ocrx_word' id='word_1_406' title='bbox 272 4795 481 4840; x_wconf 90' lang='lat' dir='ltr'><strong>tantum</strong></span> <span class='ocrx_word' id='word_1_407' title='bbox 510 4778 795 4836; x_wconf 86' lang='lat' dir='ltr'><strong>credimus,</strong></span> <span class='ocrx_word' id='word_1_408' title='bbox 821 4772 911 4827; x_wconf 90' lang='lat' dir='ltr'><strong>sed</strong></span> <span class='ocrx_word' id='word_1_409' title='bbox 942 4772 1098 4824; x_wconf 84' lang='lat' dir='ltr'><strong>etiam</strong></span> <span class='ocrx_word' id='word_1_410' title='bbox 1128 4768 1382 4821; x_wconf 87' lang='lat' dir='ltr'><strong>videmus.</strong></span> <span class='ocrx_word' id='word_1_411' title='bbox 1410 4763 1626 4830; x_wconf 83' lang='lat' dir='ltr'><strong>Qualem</strong></span> <span class='ocrx_word' id='word_1_412' title='bbox 1655 4778 1833 4817; x_wconf 89' lang='lat' dir='ltr'><strong>verum</strong></span> 
     </span>
    </p>
   </div>
   <div class='ocr_carea' id='block_1_50' title="bbox 269 4852 1832 4939">
    <p class='ocr_par' dir='ltr' id='par_1_50' title="bbox 269 4852 1832 4939">
     <span class='ocr_line' id='line_1_50' title="bbox 269 4852 1832 4939; baseline -0.013 -11"><span class='ocrx_word' id='word_1_413' title='bbox 269 4875 543 4931; x_wconf 82' lang='lat' dir='ltr'><strong>vesaniam</strong></span> <span class='ocrx_word' id='word_1_414' title='bbox 583 4868 845 4939; x_wconf 87' lang='lat' dir='ltr'><strong>patiantur</strong></span> <span class='ocrx_word' id='word_1_415' title='bbox 895 4859 1163 4920; x_wconf 60' lang='lat' dir='ltr'><strong>haeretici,</strong></span> <span class='ocrx_word' id='word_1_416' title='bbox 1209 4870 1388 4926; x_wconf 68' lang='lat' dir='ltr'><strong>quaeso</strong></span> <span class='ocrx_word' id='word_1_417' title='bbox 1434 4862 1490 4907; x_wconf 91' lang='lat' dir='ltr'><strong>ut</strong></span> <span class='ocrx_word' id='word_1_418' title='bbox 1533 4852 1832 4907; x_wconf 86' lang='lat' dir='ltr'><strong>attendatis.</strong></span> 
     </span>
    </p>
   </div>
   <div class='ocr_carea' id='block_1_51' title="bbox 268 4944 1834 5034">
    <p class='ocr_par' dir='ltr' id='par_1_51' title="bbox 268 4944 1834 5034">
     <span class='ocr_line' id='line_1_51' title="bbox 268 4944 1834 5034; baseline -0.015 -13"><span class='ocrx_word' id='word_1_419' title='bbox 268 4966 350 5021; x_wconf 86' lang='lat' dir='ltr'><strong>Illi</strong></span> <span class='ocrx_word' id='word_1_420' title='bbox 384 4960 589 5034; x_wconf 64' lang='lat' dir='ltr'><strong>pra‘eisi</strong></span> <span class='ocrx_word' id='word_1_421' title='bbox 627 4976 655 5011; x_wconf 91' lang='lat' dir='ltr'><strong>a</strong></span> <span class='ocrx_word' id='word_1_422' title='bbox 689 4953 996 5023; x_wconf 73' lang='lat' dir='ltr'><strong>compagine</strong></span> <span class='ocrx_word' id='word_1_423' title='bbox 1026 4948 1270 5003; x_wconf 60' lang='lat' dir='ltr'><strong>Ecclesiae</strong></span> <span class='ocrx_word' id='word_1_424' title='bbox 1299 4944 1523 5007; x_wconf 88' lang='lat' dir='ltr'><strong>Christi,</strong></span> <span class='ocrx_word' id='word_1_425' title='bbox 1552 4952 1606 4997; x_wconf 92' lang='lat' dir='ltr'><strong>et</strong></span> <span class='ocrx_word' id='word_1_426' title='bbox 1634 4953 1834 5013; x_wconf 88' lang='lat' dir='ltr'><strong>partem</strong></span> 
     </span>
    </p>
   </div>
   <div class='ocr_carea' id='block_1_52' title="bbox 268 5036 1835 5112">
    <p class='ocr_par' dir='ltr' id='par_1_52' title="bbox 268 5036 1835 5112">
     <span class='ocr_line' id='line_1_52' title="bbox 268 5036 1835 5112; baseline -0.014 -1"><span class='ocrx_word' id='word_1_427' title='bbox 268 5066 536 5112; x_wconf 81' lang='lat' dir='ltr'><strong>tenentes,</strong></span> <span class='ocrx_word' id='word_1_428' title='bbox 560 5059 723 5104; x_wconf 91' lang='lat' dir='ltr'><strong>totum</strong></span> <span class='ocrx_word' id='word_1_429' title='bbox 751 5046 1048 5099; x_wconf 88' lang='lat' dir='ltr'><strong>amittentes</strong></span> <span class='ocrx_word' id='word_1_430' title='bbox 1069 5082 1082 5103; x_wconf 94' lang='lat'><strong>,</strong></span> <span class='ocrx_word' id='word_1_431' title='bbox 1111 5039 1294 5092; x_wconf 90' lang='lat' dir='ltr'><strong>nolunt</strong></span> <span class='ocrx_word' id='word_1_432' title='bbox 1316 5036 1700 5090; x_wconf 89' lang='lat' dir='ltr'><strong>communicare</strong></span> <span class='ocrx_word' id='word_1_433' title='bbox 1721 5036 1835 5089; x_wconf 90' lang='lat' dir='ltr'><strong>orbi</strong></span> 
     </span>
    </p>
   </div>
   <div class='ocr_carea' id='block_1_53' title="bbox 266 5126 1836 5211">
    <p class='ocr_par' dir='ltr' id='par_1_53' title="bbox 266 5126 1836 5211">
     <span class='ocr_line' id='line_1_53' title="bbox 266 5126 1836 5211; baseline -0.015 -8"><span class='ocrx_word' id='word_1_434' title='bbox 266 5158 556 5207; x_wconf 73' lang='lat' dir='ltr'><strong>terrarum,</strong></span> <span class='ocrx_word' id='word_1_435' title='bbox 579 5157 680 5211; x_wconf 91' lang='lat' dir='ltr'><strong>qua</strong></span> <span class='ocrx_word' id='word_1_436' title='bbox 700 5137 885 5192; x_wconf 83' lang='lat' dir='ltr'><strong>diffusa</strong></span> <span class='ocrx_word' id='word_1_437' title='bbox 902 5142 983 5188; x_wconf 91' lang='lat' dir='ltr'><strong>est</strong></span> <span class='ocrx_word' id='word_1_438' title='bbox 1000 5132 1160 5203; x_wconf 81' lang='lat' dir='ltr'><strong>gloria</strong></span> <span class='ocrx_word' id='word_1_439' title='bbox 1184 5128 1398 5183; x_wconf 88' lang='lat' dir='ltr'><strong>Christi.</strong></span> <span class='ocrx_word' id='word_1_440' title='bbox 1421 5126 1528 5181; x_wconf 82' lang='lat' dir='ltr'><strong>Nos</strong></span> <span class='ocrx_word' id='word_1_441' title='bbox 1545 5135 1720 5181; x_wconf 88' lang='lat' dir='ltr'><strong>autem</strong></span> <span class='ocrx_word' id='word_1_442' title='bbox 1739 5126 1836 5180; x_wconf 89' lang='lat' dir='ltr'><strong>Ca-</strong></span> 
     </span>
    </p>
   </div>
   <div class='ocr_carea' id='block_1_54' title="bbox 268 5219 1832 5293">
    <p class='ocr_par' dir='ltr' id='par_1_54' title="bbox 268 5219 1832 5293">
     <span class='ocr_line' id='line_1_54' title="bbox 268 5219 1832 5293; baseline -0.015 1"><span class='ocrx_word' id='word_1_443' title='bbox 268 5236 456 5293; x_wconf 89' lang='lat' dir='ltr'><strong>tholici</strong></span> <span class='ocrx_word' id='word_1_444' title='bbox 481 5237 531 5288; x_wconf 90' lang='lat' dir='ltr'><strong>in</strong></span> <span class='ocrx_word' id='word_1_445' title='bbox 552 5231 695 5287; x_wconf 92' lang='lat' dir='ltr'><strong>omni</strong></span> <span class='ocrx_word' id='word_1_446' title='bbox 720 5242 856 5283; x_wconf 89' lang='lat' dir='ltr'><strong>terra</strong></span> <span class='ocrx_word' id='word_1_447' title='bbox 881 5239 1082 5287; x_wconf 88' lang='lat' dir='ltr'><strong>sumus,</strong></span> <span class='ocrx_word' id='word_1_448' title='bbox 1107 5222 1225 5291; x_wconf 87' lang='lat' dir='ltr'><strong>quia</strong></span> <span class='ocrx_word' id='word_1_449' title='bbox 1254 5219 1394 5273; x_wconf 92' lang='lat' dir='ltr'><strong>omni</strong></span> <span class='ocrx_word' id='word_1_450' title='bbox 1417 5226 1569 5272; x_wconf 65' lang='lat' dir='ltr'><strong>terra:</strong></span> <span class='ocrx_word' id='word_1_451' title='bbox 1594 5232 1832 5272; x_wconf 88' lang='lat' dir='ltr'><strong>commu-</strong></span> 
     </span>
    </p>
   </div>
   <div class='ocr_carea' id='block_1_55' title="bbox 263 5308 1835 5395">
    <p class='ocr_par' dir='ltr' id='par_1_55' title="bbox 263 5308 1835 5395">
     <span class='ocr_line' id='line_1_55' title="bbox 263 5308 1835 5395; baseline -0.017 -9"><span class='ocrx_word' id='word_1_452' title='bbox 263 5332 509 5387; x_wconf 84' lang='lat' dir='ltr'><strong>nicamus</strong></span> <span class='ocrx_word' id='word_1_453' title='bbox 531 5333 859 5395; x_wconf 88' lang='lat' dir='ltr'><strong>quacumque</strong></span> <span class='ocrx_word' id='word_1_454' title='bbox 879 5316 1044 5386; x_wconf 89' lang='lat' dir='ltr'><strong>gloria</strong></span> <span class='ocrx_word' id='word_1_455' title='bbox 1066 5312 1254 5367; x_wconf 88' lang='lat' dir='ltr'><strong>Christi</strong></span> <span class='ocrx_word' id='word_1_456' title='bbox 1282 5309 1465 5364; x_wconf 79' lang='lat' dir='ltr'><strong>diffusa</strong></span> <span class='ocrx_word' id='word_1_457' title='bbox 1479 5308 1835 5364; x_wconf 90' lang='lat' dir='ltr'><strong>est.Videmus</strong></span> 
     </span>
    </p>
   </div>
   <div class='ocr_carea' id='block_1_56' title="bbox 263 5398 1833 5489">
    <p class='ocr_par' dir='ltr' id='par_1_56' title="bbox 263 5398 1833 5489">
     <span class='ocr_line' id='line_1_56' title="bbox 263 5398 1833 5489; baseline -0.017 -12"><span class='ocrx_word' id='word_1_458' title='bbox 263 5424 413 5477; x_wconf 86' lang='lat' dir='ltr'><strong>enim</strong></span> <span class='ocrx_word' id='word_1_459' title='bbox 438 5417 577 5489; x_wconf 89' lang='lat' dir='ltr'><strong>quod</strong></span> <span class='ocrx_word' id='word_1_460' title='bbox 607 5424 731 5469; x_wconf 91' lang='lat' dir='ltr'><strong>tunc</strong></span> <span class='ocrx_word' id='word_1_461' title='bbox 768 5418 1033 5465; x_wconf 88' lang='lat' dir='ltr'><strong>cantatum</strong></span> <span class='ocrx_word' id='word_1_462' title='bbox 1055 5414 1153 5469; x_wconf 87' lang='lat' dir='ltr'><strong>est,</strong></span> <span class='ocrx_word' id='word_1_463' title='bbox 1179 5403 1335 5459; x_wconf 89' lang='lat' dir='ltr'><strong>modo</strong></span> <span class='ocrx_word' id='word_1_464' title='bbox 1356 5401 1695 5470; x_wconf 84' lang='lat' dir='ltr'><strong>completum.</strong></span> <span class='ocrx_word' id='word_1_465' title='bbox 1722 5398 1833 5452; x_wconf 82' lang='lat' dir='ltr'><strong>Ex-</strong></span> 
     </span>
    </p>
   </div>
   <div class='ocr_carea' id='block_1_57' title="bbox 267 5499 1828 5576">
    <p class='ocr_par' dir='ltr' id='par_1_57' title="bbox 267 5499 1828 5576">
     <span class='ocr_line' id='line_1_57' title="bbox 267 5499 1828 5576; baseline -0.017 -6"><span class='ocrx_word' id='word_1_466' title='bbox 267 5517 465 5570; x_wconf 71' lang='lat' dir='ltr'><strong>citatus</strong></span> <span class='ocrx_word' id='word_1_467' title='bbox 493 5517 575 5565; x_wconf 90' lang='lat' dir='ltr'><strong>est</strong></span> <span class='ocrx_word' id='word_1_468' title='bbox 599 5520 757 5576; x_wconf 89' lang='lat' dir='ltr'><strong>super</strong></span> <span class='ocrx_word' id='word_1_469' title='bbox 777 5502 941 5557; x_wconf 68' lang='lat' dir='ltr'><strong>ctu-los</strong></span> <span class='ocrx_word' id='word_1_470' title='bbox 971 5499 1110 5552; x_wconf 87' lang='lat' dir='ltr'><strong>Deus</strong></span> <span class='ocrx_word' id='word_1_471' title='bbox 1137 5505 1337 5561; x_wconf 76' lang='lat' dir='ltr'><strong>noster,</strong></span> <span class='ocrx_word' id='word_1_472' title='bbox 1360 5503 1412 5549; x_wconf 91' lang='lat' dir='ltr'><strong>et</strong></span> <span class='ocrx_word' id='word_1_473' title='bbox 1431 5508 1590 5564; x_wconf 89' lang='lat' dir='ltr'><strong>super</strong></span> <span class='ocrx_word' id='word_1_474' title='bbox 1617 5506 1828 5546; x_wconf 90' lang='lat' dir='ltr'><strong>omnem</strong></span> 
     </span>
    </p>
   </div>
   <div class='ocr_carea' id='block_1_58' title="bbox 333 5601 1833 5677">
    <p class='ocr_par' dir='ltr' id='par_1_58' title="bbox 333 5601 1833 5677">
     <span class='ocr_line' id='line_1_58' title="bbox 333 5601 1833 5677; baseline -0.019 1"><span class='ocrx_word' id='word_1_475' title='bbox 333 5632 348 5657; x_wconf 75' lang='lat'><em>‘</em></span> <span class='ocrx_word' id='word_1_476' title='bbox 387 5626 469 5677; x_wconf 86' lang='lat' dir='ltr'><strong>Hic</strong></span> <span class='ocrx_word' id='word_1_477' title='bbox 489 5620 598 5673; x_wconf 75' lang='lat' dir='ltr'><strong>add.</strong></span> <span class='ocrx_word' id='word_1_478' title='bbox 622 5616 819 5674; x_wconf 85' lang='lat' dir='ltr'><strong>addunt,</strong></span> <span class='ocrx_word' id='word_1_479' title='bbox 841 5605 1099 5663; x_wconf 83' lang='lat' dir='ltr'><strong>occidentis</strong></span> <span class='ocrx_word' id='word_1_480' title='bbox 1122 5615 1164 5659; x_wconf 88' lang='lat' dir='ltr'><strong>et</strong></span> <span class='ocrx_word' id='word_1_481' title='bbox 1181 5604 1472 5672; x_wconf 79' lang='lat' dir='ltr'><strong>resurgentis</strong></span> <span class='ocrx_word' id='word_1_482' title='bbox 1500 5616 1518 5655; x_wconf 90' lang='lat'><strong><em>:</em></strong></span> <span class='ocrx_word' id='word_1_483' title='bbox 1541 5601 1669 5667; x_wconf 88' lang='lat' dir='ltr'><strong>quod</strong></span> <span class='ocrx_word' id='word_1_484' title='bbox 1695 5602 1833 5651; x_wconf 86' lang='lat' dir='ltr'><strong>abest</strong></span> 
     </span>
    </p>
   </div>
   <div class='ocr_carea' id='block_1_59' title="bbox 261 5696 1048 5796">
    <p class='ocr_par' dir='ltr' id='par_1_59' title="bbox 261 5696 1048 5796">
     <span class='ocr_line' id='line_1_59' title="bbox 261 5696 1048 5796; baseline -0.017 0"><span class='ocrx_word' id='word_1_485' title='bbox 261 5703 287 5736; x_wconf 54' lang='lat'><strong>3</strong></span> <span class='ocrx_word' id='word_1_486' title='bbox 322 5696 454 5796; x_wconf 40' lang='grc' dir='ltr'><strong>Ἱὲχῖἶυ</strong></span> <span class='ocrx_word' id='word_1_487' title='bbox 476 5754 578 5794; x_wconf 72' lang='lat' dir='ltr'><strong>uss.</strong></span> <span class='ocrx_word' id='word_1_488' title='bbox 606 5750 657 5792; x_wconf 82' lang='grc' dir='ltr'><strong>Αι</strong></span> <span class='ocrx_word' id='word_1_489' title='bbox 679 5735 1048 5795; x_wconf 71' lang='lat' dir='ltr'><strong>Edd.,elevatus.</strong></span> 
     </span>
    </p>
   </div>
   <div class='ocr_carea' id='block_1_60' title="bbox 339 5804 774 5867">
    <p class='ocr_par' dir='ltr' id='par_1_60' title="bbox 339 5804 774 5867">
     <span class='ocr_line' id='line_1_60' title="bbox 339 5804 774 5867; baseline -0.021 -7"><span class='ocrx_word' id='word_1_490' title='bbox 339 5814 358 5842; x_wconf 76' lang='grc'>³</span> <span class='ocrx_word' id='word_1_491' title='bbox 388 5820 472 5861; x_wconf 66' lang='lat' dir='ltr'><strong>Mss</strong></span> <span class='ocrx_word' id='word_1_492' title='bbox 497 5846 511 5867; x_wconf 93' lang='lat'><strong>,</strong></span> <span class='ocrx_word' id='word_1_493' title='bbox 532 5804 774 5856; x_wconf 58' lang='lat' dir='ltr'><strong>(retinetis.</strong></span> 
     </span>
    </p>
   </div>
   <div class='ocr_carea' id='block_1_61' title="bbox 1355 358 2352 428">
    <p class='ocr_par' dir='ltr' id='par_1_61' title="bbox 1355 358 2352 428">
     <span class='ocr_line' id='line_1_61' title="bbox 1355 358 2352 428; baseline 0.005 -5"><span class='ocrx_word' id='word_1_494' title='bbox 1355 358 1761 423; x_wconf 62' lang='lat' dir='ltr'><strong>ENARRATIU</strong></span> <span class='ocrx_word' id='word_1_495' title='bbox 1780 367 1841 421; x_wconf 85' lang='lat' dir='ltr'><strong>IN</strong></span> <span class='ocrx_word' id='word_1_496' title='bbox 1867 367 2181 428; x_wconf 79' lang='lat' dir='ltr'><strong>PSALMUM</strong></span> <span class='ocrx_word' id='word_1_497' title='bbox 2222 373 2352 428; x_wconf 85' lang='lat' dir='ltr'><strong>LVI.</strong></span> 
     </span>
    </p>
   </div>
   <div class='ocr_carea' id='block_1_62' title="bbox 3398 388 3495 444">
    <p class='ocr_par' dir='ltr' id='par_1_62' title="bbox 3398 388 3495 444">
     <span class='ocr_line' id='line_1_62' title="bbox 3398 388 3495 444; baseline 0.021 -2"><span class='ocrx_word' id='word_1_498' title='bbox 3398 388 3495 444; x_wconf 75' lang='lat'><strong>670</strong></span> 
     </span>
    </p>
   </div>
   <div class='ocr_carea' id='block_1_63' title="bbox 1941 486 3493 565">
    <p class='ocr_par' dir='ltr' id='par_1_63' title="bbox 1941 486 3493 565">
     <span class='ocr_line' id='line_1_63' title="bbox 1941 486 3493 565; baseline 0.012 -29"><span class='ocrx_word' id='word_1_499' title='bbox 1941 490 2133 538; x_wconf 89' lang='lat' dir='ltr'><strong>terram</strong></span> <span class='ocrx_word' id='word_1_500' title='bbox 2164 486 2324 555; x_wconf 84' lang='lat' dir='ltr'><strong>gloria</strong></span> <span class='ocrx_word' id='word_1_501' title='bbox 2358 488 2541 557; x_wconf 89' lang='lat' dir='ltr'><strong>ipsius.</strong></span> <span class='ocrx_word' id='word_1_502' title='bbox 2570 489 2614 545; x_wconf 92' lang='grc' dir='ltr'>ο</span> <span class='ocrx_word' id='word_1_503' title='bbox 2654 492 2902 547; x_wconf 73' lang='lat' dir='ltr'><strong>hmretica</strong></span> <span class='ocrx_word' id='word_1_504' title='bbox 2949 495 3179 551; x_wconf 88' lang='lat' dir='ltr'><strong>insania!</strong></span> <span class='ocrx_word' id='word_1_505' title='bbox 3212 497 3359 565; x_wconf 89' lang='lat' dir='ltr'><strong>Quod</strong></span> <span class='ocrx_word' id='word_1_506' title='bbox 3388 516 3493 561; x_wconf 77' lang='lat' dir='ltr'><strong>non</strong></span> 
     </span>
    </p>
   </div>
   <div class='ocr_carea' id='block_1_64' title="bbox 1945 573 3497 657">
    <p class='ocr_par' dir='ltr' id='par_1_64' title="bbox 1945 573 3497 657">
     <span class='ocr_line' id='line_1_64' title="bbox 1945 573 3497 657; baseline 0.017 -34"><span class='ocrx_word' id='word_1_507' title='bbox 1945 573 2091 628; x_wconf 90' lang='lat' dir='ltr'><strong>vides</strong></span> <span class='ocrx_word' id='word_1_508' title='bbox 2117 577 2286 630; x_wconf 81' lang='lat' dir='ltr'><strong>credis</strong></span> <span class='ocrx_word' id='word_1_509' title='bbox 2308 593 2532 643; x_wconf 86' lang='lat' dir='ltr'><strong>mecum,</strong></span> <span class='ocrx_word' id='word_1_510' title='bbox 2551 583 2688 651; x_wconf 88' lang='lat' dir='ltr'><strong>quod</strong></span> <span class='ocrx_word' id='word_1_511' title='bbox 2712 585 2855 639; x_wconf 81' lang='lat' dir='ltr'><strong>vides</strong></span> <span class='ocrx_word' id='word_1_512' title='bbox 2877 602 3036 657; x_wconf 83' lang='lat' dir='ltr'><strong>negas</strong></span> <span class='ocrx_word' id='word_1_513' title='bbox 3061 605 3072 640; x_wconf 90' lang='lat'><strong>:</strong></span> <span class='ocrx_word' id='word_1_514' title='bbox 3102 590 3272 644; x_wconf 88' lang='lat' dir='ltr'><strong>credis</strong></span> <span class='ocrx_word' id='word_1_515' title='bbox 3294 608 3497 649; x_wconf 84' lang='lat' dir='ltr'><strong>mecum</strong></span> 
     </span>
    </p>
   </div>
   <div class='ocr_carea' id='block_1_65' title="bbox 1942 669 3497 751">
    <p class='ocr_par' dir='ltr' id='par_1_65' title="bbox 1942 669 3497 751">
     <span class='ocr_line' id='line_1_65' title="bbox 1942 669 3497 751; baseline 0.014 -31"><span class='ocrx_word' id='word_1_516' title='bbox 1942 669 2221 723; x_wconf 79' lang='lat' dir='ltr'><strong>exaltatum</strong></span> <span class='ocrx_word' id='word_1_517' title='bbox 2251 672 2514 729; x_wconf 88' lang='lat' dir='ltr'><strong>Christum</strong></span> <span class='ocrx_word' id='word_1_518' title='bbox 2544 691 2701 746; x_wconf 87' lang='lat' dir='ltr'><strong>super</strong></span> <span class='ocrx_word' id='word_1_519' title='bbox 2729 680 2909 744; x_wconf 75' lang='lat' dir='ltr'><strong>cmlos,</strong></span> <span class='ocrx_word' id='word_1_520' title='bbox 2941 683 3077 750; x_wconf 90' lang='lat' dir='ltr'><strong>quod</strong></span> <span class='ocrx_word' id='word_1_521' title='bbox 3107 698 3208 736; x_wconf 90' lang='lat' dir='ltr'><strong>non</strong></span> <span class='ocrx_word' id='word_1_522' title='bbox 3240 686 3497 751; x_wconf 88' lang='lat' dir='ltr'><strong>videmus;</strong></span> 
     </span>
    </p>
   </div>
   <div class='ocr_carea' id='block_1_66' title="bbox 1943 763 3501 847">
    <p class='ocr_par' dir='ltr' id='par_1_66' title="bbox 1943 763 3501 847">
     <span class='ocr_line' id='line_1_66' title="bbox 1943 763 3501 847; baseline 0.013 -34"><span class='ocrx_word' id='word_1_523' title='bbox 1943 769 1997 813; x_wconf 88' lang='lat' dir='ltr'><strong>et</strong></span> <span class='ocrx_word' id='word_1_524' title='bbox 2024 776 2180 831; x_wconf 89' lang='lat' dir='ltr'><strong>negas</strong></span> <span class='ocrx_word' id='word_1_525' title='bbox 2209 763 2423 832; x_wconf 89' lang='lat' dir='ltr'><strong>gloriam</strong></span> <span class='ocrx_word' id='word_1_526' title='bbox 2450 767 2563 837; x_wconf 90' lang='lat' dir='ltr'><strong>ejus</strong></span> <span class='ocrx_word' id='word_1_527' title='bbox 2584 784 2739 839; x_wconf 90' lang='lat' dir='ltr'><strong>super</strong></span> <span class='ocrx_word' id='word_1_528' title='bbox 2767 788 2976 827; x_wconf 89' lang='lat' dir='ltr'><strong>omnem</strong></span> <span class='ocrx_word' id='word_1_529' title='bbox 3007 783 3219 841; x_wconf 88' lang='lat' dir='ltr'><strong>terram,</strong></span> <span class='ocrx_word' id='word_1_530' title='bbox 3251 779 3389 847; x_wconf 89' lang='lat' dir='ltr'><strong>quod</strong></span> <span class='ocrx_word' id='word_1_531' title='bbox 3420 782 3501 834; x_wconf 86' lang='lat' dir='ltr'><strong>vi-</strong></span> 
     </span>
    </p>
   </div>
   <div class='ocr_carea' id='block_1_67' title="bbox 1943 849 3504 938">
    <p class='ocr_par' dir='ltr' id='par_1_67' title="bbox 1943 849 3504 938">
     <span class='ocr_line' id='line_1_67' title="bbox 1943 849 3504 938; baseline 0.015 -36"><span class='ocrx_word' id='word_1_532' title='bbox 1943 849 2146 907; x_wconf 82' lang='lat' dir='ltr'><strong>demus.</strong></span> <span class='ocrx_word' id='word_1_533' title='bbox 2178 854 2415 912; x_wconf 71' lang='lat' dir='ltr'><strong>Exaltare</strong></span> <span class='ocrx_word' id='word_1_534' title='bbox 2457 877 2606 928; x_wconf 81' lang='lat' dir='ltr'><strong>super</strong></span> <span class='ocrx_word' id='word_1_535' title='bbox 2629 864 2796 929; x_wconf 65' lang='lat' dir='ltr'><strong>calas,</strong></span> <span class='ocrx_word' id='word_1_536' title='bbox 2831 863 2968 920; x_wconf 88' lang='lat' dir='ltr'><strong>Deus</strong></span> <span class='ocrx_word' id='word_1_537' title='bbox 2991 907 3004 931; x_wconf 92' lang='lat'><strong>,</strong></span> <span class='ocrx_word' id='word_1_538' title='bbox 3029 878 3074 920; x_wconf 90' lang='lat' dir='ltr'><strong>et</strong></span> <span class='ocrx_word' id='word_1_539' title='bbox 3112 885 3262 938; x_wconf 87' lang='lat' dir='ltr'><strong>super</strong></span> <span class='ocrx_word' id='word_1_540' title='bbox 3309 888 3504 926; x_wconf 86' lang='lat' dir='ltr'><strong>onmem</strong></span> 
     </span>
    </p>
   </div>
   <div class='ocr_carea' id='block_1_68' title="bbox 1944 946 3497 1014">
    <p class='ocr_par' dir='ltr' id='par_1_68' title="bbox 1944 946 3497 1014">
     <span class='ocr_line' id='line_1_68' title="bbox 1944 946 3497 1014; baseline 0 -21"><span class='ocrx_word' id='word_1_541' title='bbox 1944 950 2124 995; x_wconf 86' lang='lat' dir='ltr'><strong>terram</strong></span> <span class='ocrx_word' id='word_1_542' title='bbox 2146 946 2305 1014; x_wconf 79' lang='lat' dir='ltr'><strong>gloria</strong></span> <span class='ocrx_word' id='word_1_543' title='bbox 2328 958 2432 1003; x_wconf 88' lang='lat' dir='ltr'><strong>tua.</strong></span> <span class='ocrx_word' id='word_1_544' title='bbox 3494 992 3497 993; x_wconf 65' lang='lat'>,</span> 
     </span>
    </p>
   </div>
   <div class='ocr_carea' id='block_1_69' title="bbox 2016 1032 3507 1122">
    <p class='ocr_par' dir='ltr' id='par_1_69' title="bbox 2016 1032 3507 1122">
     <span class='ocr_line' id='line_1_69' title="bbox 2016 1032 3507 1122; baseline 0.016 -36"><span class='ocrx_word' id='word_1_545' title='bbox 2016 1032 2100 1086; x_wconf 74' lang='grc' dir='ltr'><strong>Μ.</strong></span> <span class='ocrx_word' id='word_1_546' title='bbox 2129 1032 2274 1105; x_wconf 83' lang='lat' dir='ltr'><strong>[vers.</strong></span> <span class='ocrx_word' id='word_1_547' title='bbox 2307 1038 2383 1111; x_wconf 85' lang='lat'><strong>7.]</strong></span> <span class='ocrx_word' id='word_1_548' title='bbox 2408 1041 2565 1097; x_wconf 83' lang='lat' dir='ltr'><strong>Redit</strong></span> <span class='ocrx_word' id='word_1_549' title='bbox 2601 1044 2666 1099; x_wconf 86' lang='lat' dir='ltr'><strong>ad</strong></span> <span class='ocrx_word' id='word_1_550' title='bbox 2697 1046 2857 1102; x_wconf 87' lang='lat' dir='ltr'><strong>verba</strong></span> <span class='ocrx_word' id='word_1_551' title='bbox 2905 1048 3110 1103; x_wconf 91' lang='lat' dir='ltr'><strong>Domini</strong></span> <span class='ocrx_word' id='word_1_552' title='bbox 3137 1069 3150 1108; x_wconf 91' lang='lat'><strong>:</strong></span> <span class='ocrx_word' id='word_1_553' title='bbox 3181 1062 3233 1107; x_wconf 86' lang='lat' dir='ltr'><strong>et</strong></span> <span class='ocrx_word' id='word_1_554' title='bbox 3260 1054 3369 1122; x_wconf 86' lang='lat' dir='ltr'><strong>ipse</strong></span> <span class='ocrx_word' id='word_1_555' title='bbox 3401 1056 3507 1110; x_wconf 87' lang='lat' dir='ltr'><strong>Do-</strong></span> 
     </span>
    </p>
   </div>
   <div class='ocr_carea' id='block_1_70' title="bbox 1943 1124 3503 1213">
    <p class='ocr_par' dir='ltr' id='par_1_70' title="bbox 1943 1124 3503 1213">
     <span class='ocr_line' id='line_1_70' title="bbox 1943 1124 3503 1213; baseline 0.015 -38"><span class='ocrx_word' id='word_1_556' title='bbox 1943 1124 2115 1178; x_wconf 90' lang='lat' dir='ltr'><strong>minus</strong></span> <span class='ocrx_word' id='word_1_557' title='bbox 2140 1142 2355 1183; x_wconf 90' lang='lat' dir='ltr'><strong>narrare</strong></span> <span class='ocrx_word' id='word_1_558' title='bbox 2384 1133 2533 1187; x_wconf 90' lang='lat' dir='ltr'><strong>nobis</strong></span> <span class='ocrx_word' id='word_1_559' title='bbox 2561 1134 2769 1204; x_wconf 89' lang='lat' dir='ltr'><strong>incipit,</strong></span> <span class='ocrx_word' id='word_1_560' title='bbox 2800 1146 3044 1208; x_wconf 88' lang='lat' dir='ltr'><strong>tanquam</strong></span> <span class='ocrx_word' id='word_1_561' title='bbox 3071 1143 3342 1213; x_wconf 88' lang='lat' dir='ltr'><strong>alloquens</strong></span> <span class='ocrx_word' id='word_1_562' title='bbox 3374 1162 3503 1211; x_wconf 90' lang='lat' dir='ltr'><strong>nos,</strong></span> 
     </span>
    </p>
   </div>
   <div class='ocr_carea' id='block_1_71' title="bbox 1943 1218 3506 1307">
    <p class='ocr_par' dir='ltr' id='par_1_71' title="bbox 1943 1218 3506 1307">
     <span class='ocr_line' id='line_1_71' title="bbox 1943 1218 3506 1307; baseline 0.015 -39"><span class='ocrx_word' id='word_1_563' title='bbox 1943 1218 2234 1274; x_wconf 81' lang='lat' dir='ltr'><strong>exsultante</strong></span> <span class='ocrx_word' id='word_1_564' title='bbox 2260 1223 2416 1277; x_wconf 89' lang='lat' dir='ltr'><strong>etiam</strong></span> <span class='ocrx_word' id='word_1_565' title='bbox 2449 1225 2707 1293; x_wconf 89' lang='lat' dir='ltr'><strong>Propheta</strong></span> <span class='ocrx_word' id='word_1_566' title='bbox 2736 1239 2789 1283; x_wconf 91' lang='lat' dir='ltr'><strong>et</strong></span> <span class='ocrx_word' id='word_1_567' title='bbox 2818 1231 3025 1287; x_wconf 81' lang='lat' dir='ltr'><strong>dicente</strong></span> <span class='ocrx_word' id='word_1_568' title='bbox 3044 1275 3057 1296; x_wconf 90' lang='lat'><strong>,</strong></span> <span class='ocrx_word' id='word_1_569' title='bbox 3092 1235 3332 1290; x_wconf 76' lang='lat' dir='ltr'><strong>Exattare</strong></span> <span class='ocrx_word' id='word_1_570' title='bbox 3358 1256 3506 1307; x_wconf 84' lang='lat' dir='ltr'><strong>super</strong></span> 
     </span>
    </p>
   </div>
   <div class='ocr_carea' id='block_1_72' title="bbox 1944 1310 3503 1393">
    <p class='ocr_par' dir='ltr' id='par_1_72' title="bbox 1944 1310 3503 1393">
     <span class='ocr_line' id='line_1_72' title="bbox 1944 1310 3503 1393; baseline 0.011 -32"><span class='ocrx_word' id='word_1_571' title='bbox 1944 1310 2111 1376; x_wconf 77' lang='lat' dir='ltr'><strong>crelos,</strong></span> <span class='ocrx_word' id='word_1_572' title='bbox 2132 1311 2288 1376; x_wconf 83' lang='lat' dir='ltr'><strong>Deus,</strong></span> <span class='ocrx_word' id='word_1_573' title='bbox 2316 1324 2364 1367; x_wconf 88' lang='lat' dir='ltr'><strong>et</strong></span> <span class='ocrx_word' id='word_1_574' title='bbox 2390 1332 2542 1386; x_wconf 83' lang='lat' dir='ltr'><strong>super</strong></span> <span class='ocrx_word' id='word_1_575' title='bbox 2558 1335 2751 1372; x_wconf 85' lang='lat' dir='ltr'><strong>omnem</strong></span> <span class='ocrx_word' id='word_1_576' title='bbox 2779 1330 2959 1375; x_wconf 82' lang='lat' dir='ltr'><strong>terram</strong></span> <span class='ocrx_word' id='word_1_577' title='bbox 2985 1323 3145 1393; x_wconf 83' lang='lat' dir='ltr'><strong>gloria</strong></span> <span class='ocrx_word' id='word_1_578' title='bbox 3166 1337 3270 1378; x_wconf 85' lang='lat' dir='ltr'><strong>tua.</strong></span> <span class='ocrx_word' id='word_1_579' title='bbox 3297 1328 3503 1382; x_wconf 80' lang='lat' dir='ltr'><strong>Confir—</strong></span> 
     </span>
    </p>
   </div>
   <div class='ocr_carea' id='block_1_73' title="bbox 1944 1405 3503 1484">
    <p class='ocr_par' dir='ltr' id='par_1_73' title="bbox 1944 1405 3503 1484">
     <span class='ocr_line' id='line_1_73' title="bbox 1944 1405 3503 1484; baseline 0.013 -33"><span class='ocrx_word' id='word_1_580' title='bbox 1944 1410 2052 1453; x_wconf 91' lang='lat' dir='ltr'><strong>mat</strong></span> <span class='ocrx_word' id='word_1_581' title='bbox 2098 1417 2192 1456; x_wconf 90' lang='lat' dir='ltr'><strong>nos</strong></span> <span class='ocrx_word' id='word_1_582' title='bbox 2235 1414 2287 1458; x_wconf 90' lang='lat' dir='ltr'><strong>et</strong></span> <span class='ocrx_word' id='word_1_583' title='bbox 2315 1405 2425 1474; x_wconf 82' lang='lat' dir='ltr'><strong>ipse</strong></span> <span class='ocrx_word' id='word_1_584' title='bbox 2451 1449 2465 1470; x_wconf 93' lang='lat'><strong>,</strong></span> <span class='ocrx_word' id='word_1_585' title='bbox 2494 1418 2740 1479; x_wconf 89' lang='lat' dir='ltr'><strong>tanquam</strong></span> <span class='ocrx_word' id='word_1_586' title='bbox 2772 1411 2953 1466; x_wconf 91' lang='lat' dir='ltr'><strong>dicens</strong></span> <span class='ocrx_word' id='word_1_587' title='bbox 2984 1416 3135 1468; x_wconf 90' lang='lat' dir='ltr'><strong>nobis</strong></span> <span class='ocrx_word' id='word_1_588' title='bbox 3163 1432 3176 1469; x_wconf 88' lang='lat'><strong>:</strong></span> <span class='ocrx_word' id='word_1_589' title='bbox 3209 1416 3345 1484; x_wconf 91' lang='lat' dir='ltr'><strong>Quid</strong></span> <span class='ocrx_word' id='word_1_590' title='bbox 3378 1419 3503 1472; x_wconf 88' lang='lat' dir='ltr'><strong>mihi</strong></span> 
     </span>
    </p>
   </div>
   <div class='ocr_carea' id='block_1_74' title="bbox 1945 1489 3506 1575">
    <p class='ocr_par' dir='ltr' id='par_1_74' title="bbox 1945 1489 3506 1575">
     <span class='ocr_line' id='line_1_74' title="bbox 1945 1489 3506 1575; baseline 0.012 -32"><span class='ocrx_word' id='word_1_591' title='bbox 1945 1489 2113 1547; x_wconf 85' lang='lat' dir='ltr'><strong>facere</strong></span> <span class='ocrx_word' id='word_1_592' title='bbox 2150 1502 2433 1563; x_wconf 86' lang='lat' dir='ltr'><strong>potuerunt</strong></span> <span class='ocrx_word' id='word_1_593' title='bbox 2476 1498 2546 1553; x_wconf 90' lang='lat' dir='ltr'><strong>illi</strong></span> <span class='ocrx_word' id='word_1_594' title='bbox 2591 1500 2678 1569; x_wconf 87' lang='lat' dir='ltr'><strong>qui</strong></span> <span class='ocrx_word' id='word_1_595' title='bbox 2707 1517 2790 1556; x_wconf 94' lang='lat' dir='ltr'><strong>me</strong></span> <span class='ocrx_word' id='word_1_596' title='bbox 2836 1506 3096 1572; x_wconf 87' lang='lat' dir='ltr'><strong>persecuti</strong></span> <span class='ocrx_word' id='word_1_597' title='bbox 3137 1509 3302 1561; x_wconf 86' lang='lat' dir='ltr'><strong>sunt?</strong></span> <span class='ocrx_word' id='word_1_598' title='bbox 3331 1509 3506 1575; x_wconf 82' lang='lat' dir='ltr'><strong>Quare</strong></span> 
     </span>
    </p>
   </div>
   <div class='ocr_carea' id='block_1_75' title="bbox 1943 1589 3505 1659">
    <p class='ocr_par' dir='ltr' id='par_1_75' title="bbox 1943 1589 3505 1659">
     <span class='ocr_line' id='line_1_75' title="bbox 1943 1589 3505 1659; baseline 0.011 -24"><span class='ocrx_word' id='word_1_599' title='bbox 1943 1592 2115 1638; x_wconf 88' lang='lat' dir='ltr'><strong>autem</strong></span> <span class='ocrx_word' id='word_1_600' title='bbox 2146 1602 2242 1640; x_wconf 91' lang='lat' dir='ltr'><strong>nos</strong></span> <span class='ocrx_word' id='word_1_601' title='bbox 2278 1589 2582 1659; x_wconf 83' lang='lat' dir='ltr'><strong>alloquitur?</strong></span> <span class='ocrx_word' id='word_1_602' title='bbox 2613 1591 2745 1658; x_wconf 92' lang='lat' dir='ltr'><strong>Quia</strong></span> <span class='ocrx_word' id='word_1_603' title='bbox 2771 1592 2968 1647; x_wconf 90' lang='lat' dir='ltr'><strong>faciunt</strong></span> <span class='ocrx_word' id='word_1_604' title='bbox 2996 1604 3048 1650; x_wconf 91' lang='lat' dir='ltr'><strong>et</strong></span> <span class='ocrx_word' id='word_1_605' title='bbox 3091 1596 3261 1650; x_wconf 91' lang='lat' dir='ltr'><strong>nobis.</strong></span> <span class='ocrx_word' id='word_1_606' title='bbox 3292 1598 3393 1653; x_wconf 85' lang='lat' dir='ltr'><strong>Sed</strong></span> <span class='ocrx_word' id='word_1_607' title='bbox 3422 1599 3505 1652; x_wconf 87' lang='lat' dir='ltr'><strong>ni-</strong></span> 
     </span>
    </p>
   </div>
   <div class='ocr_carea' id='block_1_76' title="bbox 1943 1673 3507 1755">
    <p class='ocr_par' dir='ltr' id='par_1_76' title="bbox 1943 1673 3507 1755">
     <span class='ocr_line' id='line_1_76' title="bbox 1943 1673 3507 1755; baseline 0.011 -28"><span class='ocrx_word' id='word_1_608' title='bbox 1943 1673 2015 1730; x_wconf 88' lang='lat' dir='ltr'><strong>hil</strong></span> <span class='ocrx_word' id='word_1_609' title='bbox 2046 1676 2239 1732; x_wconf 90' lang='lat' dir='ltr'><strong>facinnt</strong></span> <span class='ocrx_word' id='word_1_610' title='bbox 2276 1682 2361 1747; x_wconf 89' lang='lat' dir='ltr'><strong>qui</strong></span> <span class='ocrx_word' id='word_1_611' title='bbox 2389 1696 2483 1735; x_wconf 88' lang='lat' dir='ltr'><strong>nos</strong></span> <span class='ocrx_word' id='word_1_612' title='bbox 2516 1683 2757 1737; x_wconf 88' lang='lat' dir='ltr'><strong>similiter</strong></span> <span class='ocrx_word' id='word_1_613' title='bbox 2787 1684 2977 1739; x_wconf 89' lang='lat' dir='ltr'><strong>fuerint</strong></span> <span class='ocrx_word' id='word_1_614' title='bbox 3004 1690 3287 1755; x_wconf 87' lang='lat' dir='ltr'><strong>persecuti.</strong></span> <span class='ocrx_word' id='word_1_615' title='bbox 3320 1690 3507 1744; x_wconf 81' lang='lat' dir='ltr'><strong>Videat</strong></span> 
     </span>
    </p>
   </div>
   <div class='ocr_carea' id='block_1_77' title="bbox 1943 1764 3507 1843">
    <p class='ocr_par' dir='ltr' id='par_1_77' title="bbox 1943 1764 3507 1843">
     <span class='ocr_line' id='line_1_77' title="bbox 1943 1764 3507 1843; baseline 0.01 -26"><span class='ocrx_word' id='word_1_616' title='bbox 1943 1765 2082 1818; x_wconf 91' lang='lat' dir='ltr'><strong>enim</strong></span> <span class='ocrx_word' id='word_1_617' title='bbox 2112 1764 2353 1823; x_wconf 89' lang='lat' dir='ltr'><strong>Charitas</strong></span> <span class='ocrx_word' id='word_1_618' title='bbox 2382 1769 2565 1825; x_wconf 89' lang='lat' dir='ltr'><strong>Vestra</strong></span> <span class='ocrx_word' id='word_1_619' title='bbox 2600 1772 2952 1841; x_wconf 88' lang='lat' dir='ltr'><strong>alloquentem</strong></span> <span class='ocrx_word' id='word_1_620' title='bbox 2984 1790 3079 1829; x_wconf 92' lang='lat' dir='ltr'><strong>nos</strong></span> <span class='ocrx_word' id='word_1_621' title='bbox 3108 1776 3385 1831; x_wconf 91' lang='lat' dir='ltr'><strong>Dominum</strong></span> <span class='ocrx_word' id='word_1_622' title='bbox 3408 1820 3421 1843; x_wconf 92' lang='lat'><strong>,</strong></span> <span class='ocrx_word' id='word_1_623' title='bbox 3454 1789 3507 1833; x_wconf 91' lang='lat' dir='ltr'><strong>et</strong></span> 
     </span>
    </p>
   </div>
   <div class='ocr_carea' id='block_1_78' title="bbox 1942 1857 3508 1938">
    <p class='ocr_par' dir='ltr' id='par_1_78' title="bbox 1942 1857 3508 1938">
     <span class='ocr_line' id='line_1_78' title="bbox 1942 1857 3508 1938; baseline 0.008 -28"><span class='ocrx_word' id='word_1_624' title='bbox 1942 1857 2312 1916; x_wconf 82' lang='lat' dir='ltr'><strong>exhortantem</strong></span> <span class='ocrx_word' id='word_1_625' title='bbox 2339 1879 2434 1918; x_wconf 93' lang='lat' dir='ltr'><strong>nos</strong></span> <span class='ocrx_word' id='word_1_626' title='bbox 2485 1866 2729 1934; x_wconf 72' lang='lat' dir='ltr'><strong>exemplo</strong></span> <span class='ocrx_word' id='word_1_627' title='bbox 2768 1880 2882 1921; x_wconf 91' lang='lat' dir='ltr'><strong>suo.</strong></span> <span class='ocrx_word' id='word_1_628' title='bbox 2931 1866 3270 1937; x_wconf 81' lang='lat' dir='ltr'><strong>Muscipulam</strong></span> <span class='ocrx_word' id='word_1_629' title='bbox 3298 1886 3508 1938; x_wconf 87' lang='lat' dir='ltr'><strong>parave-</strong></span> 
     </span>
    </p>
   </div>
   <div class='ocr_carea' id='block_1_79' title="bbox 1941 1952 3507 2020">
    <p class='ocr_par' dir='ltr' id='par_1_79' title="bbox 1941 1952 3507 2020">
     <span class='ocr_line' id='line_1_79' title="bbox 1941 1952 3507 2020; baseline 0.007 -18"><span class='ocrx_word' id='word_1_630' title='bbox 1941 1959 2059 2003; x_wconf 88' lang='lat' dir='ltr'><strong>runt</strong></span> <span class='ocrx_word' id='word_1_631' title='bbox 2083 1952 2287 2020; x_wconf 84' lang='lat' dir='ltr'><strong>pedibus</strong></span> <span class='ocrx_word' id='word_1_632' title='bbox 2312 1955 2449 2017; x_wconf 87' lang='lat' dir='ltr'><strong>meis,</strong></span> <span class='ocrx_word' id='word_1_633' title='bbox 2481 1966 2528 2007; x_wconf 88' lang='lat' dir='ltr'><strong>et</strong></span> <span class='ocrx_word' id='word_1_634' title='bbox 2546 1956 2921 2010; x_wconf 85' lang='lat' dir='ltr'><strong>incurvaverunt</strong></span> <span class='ocrx_word' id='word_1_635' title='bbox 2947 1958 3167 2011; x_wconf 86' lang='lat' dir='ltr'><strong>animam</strong></span> <span class='ocrx_word' id='word_1_636' title='bbox 3187 1976 3366 2012; x_wconf 87' lang='lat' dir='ltr'><strong>meam.</strong></span> <span class='ocrx_word' id='word_1_637' title='bbox 3398 1961 3507 2014; x_wconf 88' lang='lat' dir='ltr'><strong>Vo-</strong></span> 
     </span>
    </p>
   </div>
   <div class='ocr_carea' id='block_1_80' title="bbox 1943 2039 3506 2115">
    <p class='ocr_par' dir='ltr' id='par_1_80' title="bbox 1943 2039 3506 2115">
     <span class='ocr_line' id='line_1_80' title="bbox 1943 2039 3506 2115; baseline 0.01 -23"><span class='ocrx_word' id='word_1_638' title='bbox 1943 2039 2150 2095; x_wconf 90' lang='lat' dir='ltr'><strong>luerunt</strong></span> <span class='ocrx_word' id='word_1_639' title='bbox 2178 2041 2319 2095; x_wconf 91' lang='lat' dir='ltr'><strong>illam</strong></span> <span class='ocrx_word' id='word_1_640' title='bbox 2342 2046 2487 2113; x_wconf 90' lang='lat' dir='ltr'><strong>quasi</strong></span> <span class='ocrx_word' id='word_1_641' title='bbox 2515 2045 2581 2098; x_wconf 89' lang='lat' dir='ltr'><strong>de</strong></span> <span class='ocrx_word' id='word_1_642' title='bbox 2603 2047 2742 2099; x_wconf 57' lang='lat' dir='ltr'><strong>caelo</strong></span> <span class='ocrx_word' id='word_1_643' title='bbox 2769 2045 3055 2115; x_wconf 86' lang='lat' dir='ltr'><strong>deponere,</strong></span> <span class='ocrx_word' id='word_1_644' title='bbox 3085 2058 3138 2102; x_wconf 90' lang='lat' dir='ltr'><strong>et</strong></span> <span class='ocrx_word' id='word_1_645' title='bbox 3166 2050 3229 2101; x_wconf 90' lang='lat' dir='ltr'><strong>ad</strong></span> <span class='ocrx_word' id='word_1_646' title='bbox 3259 2049 3506 2107; x_wconf 84' lang='lat' dir='ltr'><strong>inferiora</strong></span> 
     </span>
    </p>
   </div>
   <div class='ocr_carea' id='block_1_81' title="bbox 1941 2130 3509 2199">
    <p class='ocr_par' dir='ltr' id='par_1_81' title="bbox 1941 2130 3509 2199">
     <span class='ocr_line' id='line_1_81' title="bbox 1941 2130 3509 2199; baseline 0.006 -16"><span class='ocrx_word' id='word_1_647' title='bbox 1941 2130 2238 2199; x_wconf 86' lang='lat' dir='ltr'><strong>deprimere</strong></span> <span class='ocrx_word' id='word_1_648' title='bbox 2270 2149 2282 2184; x_wconf 86' lang='lat'><strong>:</strong></span> <span class='ocrx_word' id='word_1_649' title='bbox 2312 2134 2619 2188; x_wconf 86' lang='lat' dir='ltr'><strong>Curaverunt</strong></span> <span class='ocrx_word' id='word_1_650' title='bbox 2646 2136 2867 2189; x_wconf 87' lang='lat' dir='ltr'><strong>animam</strong></span> <span class='ocrx_word' id='word_1_651' title='bbox 2890 2154 3069 2191; x_wconf 84' lang='lat' dir='ltr'><strong>meam.</strong></span> <span class='ocrx_word' id='word_1_652' title='bbox 3101 2137 3363 2192; x_wconf 86' lang='lat' dir='ltr'><strong>Foderunt</strong></span> <span class='ocrx_word' id='word_1_653' title='bbox 3392 2150 3509 2193; x_wconf 87' lang='lat' dir='ltr'><strong>ante</strong></span> 
     </span>
    </p>
   </div>
   <div class='ocr_carea' id='block_1_82' title="bbox 1942 2222 3506 2297">
    <p class='ocr_par' dir='ltr' id='par_1_82' title="bbox 1942 2222 3506 2297">
     <span class='ocr_line' id='line_1_82' title="bbox 1942 2222 3506 2297; baseline 0.006 -23"><span class='ocrx_word' id='word_1_654' title='bbox 1942 2222 2121 2292; x_wconf 83' lang='lat' dir='ltr'><strong>faciem</strong></span> <span class='ocrx_word' id='word_1_655' title='bbox 2169 2240 2327 2277; x_wconf 87' lang='lat' dir='ltr'><strong>meam</strong></span> <span class='ocrx_word' id='word_1_656' title='bbox 2357 2229 2547 2296; x_wconf 81' lang='lat' dir='ltr'><strong>foveam</strong></span> <span class='ocrx_word' id='word_1_657' title='bbox 2567 2267 2581 2291; x_wconf 93' lang='lat'><strong>,</strong></span> <span class='ocrx_word' id='word_1_658' title='bbox 2612 2236 2658 2280; x_wconf 87' lang='lat' dir='ltr'><strong>et</strong></span> <span class='ocrx_word' id='word_1_659' title='bbox 2704 2228 2803 2297; x_wconf 86' lang='lat' dir='ltr'><strong>ipsi</strong></span> <span class='ocrx_word' id='word_1_660' title='bbox 2830 2228 3111 2282; x_wconf 85' lang='lat' dir='ltr'><strong>inciderunt</strong></span> <span class='ocrx_word' id='word_1_661' title='bbox 3136 2230 3186 2283; x_wconf 87' lang='lat' dir='ltr'><strong>in</strong></span> <span class='ocrx_word' id='word_1_662' title='bbox 3223 2247 3352 2283; x_wconf 90' lang='lat' dir='ltr'><strong>eam.</strong></span> <span class='ocrx_word' id='word_1_663' title='bbox 3383 2231 3506 2285; x_wconf 82' lang='lat' dir='ltr'><strong>Mihi</strong></span> 
     </span>
    </p>
   </div>
   <div class='ocr_carea' id='block_1_83' title="bbox 1944 2316 3510 2390">
    <p class='ocr_par' dir='ltr' id='par_1_83' title="bbox 1944 2316 3510 2390">
     <span class='ocr_line' id='line_1_83' title="bbox 1944 2316 3510 2390; baseline 0.008 -25"><span class='ocrx_word' id='word_1_664' title='bbox 1944 2323 2264 2379; x_wconf 87' lang='lat' dir='ltr'><strong>nocuerunt,</strong></span> <span class='ocrx_word' id='word_1_665' title='bbox 2296 2330 2361 2367; x_wconf 89' lang='lat' dir='ltr'><strong>an</strong></span> <span class='ocrx_word' id='word_1_666' title='bbox 2394 2316 2530 2370; x_wconf 88' lang='lat' dir='ltr'><strong>sibi?</strong></span> <span class='ocrx_word' id='word_1_667' title='bbox 2550 2316 2684 2372; x_wconf 81' lang='lat' dir='ltr'><strong>Ecce</strong></span> <span class='ocrx_word' id='word_1_668' title='bbox 2711 2318 2801 2373; x_wconf 90' lang='lat' dir='ltr'><strong>ille</strong></span> <span class='ocrx_word' id='word_1_669' title='bbox 2826 2319 3085 2373; x_wconf 83' lang='lat' dir='ltr'><strong>exaltatus</strong></span> <span class='ocrx_word' id='word_1_670' title='bbox 3112 2328 3195 2373; x_wconf 91' lang='lat' dir='ltr'><strong>est</strong></span> <span class='ocrx_word' id='word_1_671' title='bbox 3219 2336 3378 2390; x_wconf 89' lang='lat' dir='ltr'><strong>super</strong></span> <span class='ocrx_word' id='word_1_672' title='bbox 3401 2338 3510 2378; x_wconf 76' lang='lat' dir='ltr'><strong>cte-</strong></span> 
     </span>
    </p>
   </div>
   <div class='ocr_carea' id='block_1_84' title="bbox 1942 2403 3505 2482">
    <p class='ocr_par' dir='ltr' id='par_1_84' title="bbox 1942 2403 3505 2482">
     <span class='ocr_line' id='line_1_84' title="bbox 1942 2403 3505 2482; baseline 0.007 -26"><span class='ocrx_word' id='word_1_673' title='bbox 1942 2403 2021 2457; x_wconf 94' lang='lat' dir='ltr'><strong>los</strong></span> <span class='ocrx_word' id='word_1_674' title='bbox 2051 2404 2207 2469; x_wconf 89' lang='lat' dir='ltr'><strong>Deus,</strong></span> <span class='ocrx_word' id='word_1_675' title='bbox 2239 2414 2293 2459; x_wconf 92' lang='lat' dir='ltr'><strong>et</strong></span> <span class='ocrx_word' id='word_1_676' title='bbox 2320 2421 2443 2460; x_wconf 90' lang='lat' dir='ltr'><strong>ecce</strong></span> <span class='ocrx_word' id='word_1_677' title='bbox 2464 2422 2623 2476; x_wconf 90' lang='lat' dir='ltr'><strong>super</strong></span> <span class='ocrx_word' id='word_1_678' title='bbox 2644 2424 2854 2463; x_wconf 87' lang='lat' dir='ltr'><strong>omnem</strong></span> <span class='ocrx_word' id='word_1_679' title='bbox 2887 2418 3081 2464; x_wconf 90' lang='lat' dir='ltr'><strong>terram</strong></span> <span class='ocrx_word' id='word_1_680' title='bbox 3112 2412 3279 2480; x_wconf 90' lang='lat' dir='ltr'><strong>gloria</strong></span> <span class='ocrx_word' id='word_1_681' title='bbox 3306 2413 3505 2482; x_wconf 90' lang='lat' dir='ltr'><strong>ipsius:</strong></span> 
     </span>
    </p>
   </div>
   <div class='ocr_carea' id='block_1_85' title="bbox 1942 2496 3510 2573">
    <p class='ocr_par' dir='ltr' id='par_1_85' title="bbox 1942 2496 3510 2573">
     <span class='ocr_line' id='line_1_85' title="bbox 1942 2496 3510 2573; baseline 0.006 -22"><span class='ocrx_word' id='word_1_682' title='bbox 1942 2512 2161 2565; x_wconf 81' lang='lat' dir='ltr'><strong>regnum</strong></span> <span class='ocrx_word' id='word_1_683' title='bbox 2186 2496 2380 2552; x_wconf 88' lang='lat' dir='ltr'><strong>Christi</strong></span> <span class='ocrx_word' id='word_1_684' title='bbox 2411 2498 2667 2567; x_wconf 88' lang='lat' dir='ltr'><strong>videmus,</strong></span> <span class='ocrx_word' id='word_1_685' title='bbox 2698 2502 2785 2555; x_wconf 86' lang='lat' dir='ltr'><strong>ubi</strong></span> <span class='ocrx_word' id='word_1_686' title='bbox 2810 2511 2893 2557; x_wconf 86' lang='lat' dir='ltr'><strong>est</strong></span> <span class='ocrx_word' id='word_1_687' title='bbox 2936 2518 3154 2573; x_wconf 83' lang='lat' dir='ltr'><strong>regnum</strong></span> <span class='ocrx_word' id='word_1_688' title='bbox 3180 2504 3510 2560; x_wconf 69' lang='lat' dir='ltr'><strong>Judatorunt?</strong></span> 
     </span>
    </p>
   </div>
   <div class='ocr_carea' id='block_1_86' title="bbox 1942 2588 3503 2662">
    <p class='ocr_par' dir='ltr' id='par_1_86' title="bbox 1942 2588 3503 2662">
     <span class='ocr_line' id='line_1_86' title="bbox 1942 2588 3503 2662; baseline 0.006 -20"><span class='ocrx_word' id='word_1_689' title='bbox 1942 2588 2199 2657; x_wconf 88' lang='lat' dir='ltr'><strong>Quoniam</strong></span> <span class='ocrx_word' id='word_1_690' title='bbox 2226 2606 2351 2660; x_wconf 88' lang='lat' dir='ltr'><strong>ergo</strong></span> <span class='ocrx_word' id='word_1_691' title='bbox 2383 2589 2617 2645; x_wconf 85' lang='lat' dir='ltr'><strong>fecerunt</strong></span> <span class='ocrx_word' id='word_1_692' title='bbox 2654 2594 2792 2662; x_wconf 90' lang='lat' dir='ltr'><strong>quod</strong></span> <span class='ocrx_word' id='word_1_693' title='bbox 2837 2592 3012 2649; x_wconf 84' lang='lat' dir='ltr'><strong>facere</strong></span> <span class='ocrx_word' id='word_1_694' title='bbox 3046 2611 3153 2648; x_wconf 92' lang='lat' dir='ltr'><strong>non</strong></span> <span class='ocrx_word' id='word_1_695' title='bbox 3181 2596 3503 2662; x_wconf 81' lang='lat' dir='ltr'><strong>debuerunt,</strong></span> 
     </span>
    </p>
   </div>
   <div class='ocr_carea' id='block_1_87' title="bbox 1942 2678 3510 2757">
    <p class='ocr_par' dir='ltr' id='par_1_87' title="bbox 1942 2678 3510 2757">
     <span class='ocr_line' id='line_1_87' title="bbox 1942 2678 3510 2757; baseline 0.005 -25"><span class='ocrx_word' id='word_1_696' title='bbox 1942 2678 2136 2734; x_wconf 87' lang='lat' dir='ltr'><strong>factum</strong></span> <span class='ocrx_word' id='word_1_697' title='bbox 2158 2689 2238 2735; x_wconf 85' lang='lat' dir='ltr'><strong>est</strong></span> <span class='ocrx_word' id='word_1_698' title='bbox 2260 2680 2311 2734; x_wconf 90' lang='lat' dir='ltr'><strong>in</strong></span> <span class='ocrx_word' id='word_1_699' title='bbox 2336 2682 2453 2735; x_wconf 92' lang='lat' dir='ltr'><strong>illos</strong></span> <span class='ocrx_word' id='word_1_700' title='bbox 2476 2681 2615 2751; x_wconf 90' lang='lat' dir='ltr'><strong>quod</strong></span> <span class='ocrx_word' id='word_1_701' title='bbox 2642 2684 2743 2750; x_wconf 87' lang='lat' dir='ltr'><strong>pati</strong></span> <span class='ocrx_word' id='word_1_702' title='bbox 2772 2683 2965 2738; x_wconf 67' lang='lat' dir='ltr'><strong>debuei</strong></span> <span class='ocrx_word' id='word_1_703' title='bbox 2979 2694 3075 2738; x_wconf 82' lang='lat' dir='ltr'><strong>unt</strong></span> <span class='ocrx_word' id='word_1_704' title='bbox 3101 2703 3113 2737; x_wconf 91' lang='lat'>:</span> <span class='ocrx_word' id='word_1_705' title='bbox 3150 2686 3244 2754; x_wconf 91' lang='lat' dir='ltr'><strong>ipsi</strong></span> <span class='ocrx_word' id='word_1_706' title='bbox 3275 2688 3510 2757; x_wconf 72' lang='lat' dir='ltr'><strong>foderunt</strong></span> 
     </span>
    </p>
   </div>
   <div class='ocr_carea' id='block_1_88' title="bbox 1943 2772 3511 2846">
    <p class='ocr_par' dir='ltr' id='par_1_88' title="bbox 1943 2772 3511 2846">
     <span class='ocr_line' id='line_1_88' title="bbox 1943 2772 3511 2846; baseline 0.004 -21"><span class='ocrx_word' id='word_1_707' title='bbox 1943 2772 2169 2841; x_wconf 80' lang='lat' dir='ltr'><strong>foveam,</strong></span> <span class='ocrx_word' id='word_1_708' title='bbox 2199 2781 2245 2826; x_wconf 89' lang='lat' dir='ltr'><strong>et</strong></span> <span class='ocrx_word' id='word_1_709' title='bbox 2270 2773 2369 2842; x_wconf 89' lang='lat' dir='ltr'><strong>ipsi</strong></span> <span class='ocrx_word' id='word_1_710' title='bbox 2393 2773 2670 2827; x_wconf 82' lang='lat' dir='ltr'><strong>inciderunt</strong></span> <span class='ocrx_word' id='word_1_711' title='bbox 2699 2775 2751 2827; x_wconf 89' lang='lat' dir='ltr'><strong>in</strong></span> <span class='ocrx_word' id='word_1_712' title='bbox 2793 2791 2921 2827; x_wconf 88' lang='lat' dir='ltr'><strong>eam.</strong></span> <span class='ocrx_word' id='word_1_713' title='bbox 2949 2774 3099 2841; x_wconf 87' lang='lat' dir='ltr'><strong>Quod</strong></span> <span class='ocrx_word' id='word_1_714' title='bbox 3146 2777 3286 2830; x_wconf 89' lang='lat' dir='ltr'><strong>enim</strong></span> <span class='ocrx_word' id='word_1_715' title='bbox 3332 2792 3511 2846; x_wconf 88' lang='lat' dir='ltr'><strong>perse-</strong></span> 
     </span>
    </p>
   </div>
   <div class='ocr_carea' id='block_1_89' title="bbox 1942 2864 3511 2943">
    <p class='ocr_par' dir='ltr' id='par_1_89' title="bbox 1942 2864 3511 2943">
     <span class='ocr_line' id='line_1_89' title="bbox 1942 2864 3511 2943; baseline 0.001 -24"><span class='ocrx_word' id='word_1_716' title='bbox 1942 2866 2047 2919; x_wconf 91' lang='lat' dir='ltr'><strong>cuti</strong></span> <span class='ocrx_word' id='word_1_717' title='bbox 2078 2874 2200 2919; x_wconf 90' lang='lat' dir='ltr'><strong>sunt</strong></span> <span class='ocrx_word' id='word_1_718' title='bbox 2227 2864 2515 2932; x_wconf 89' lang='lat' dir='ltr'><strong>Christum,</strong></span> <span class='ocrx_word' id='word_1_719' title='bbox 2549 2866 2759 2921; x_wconf 85' lang='lat' dir='ltr'><strong>Christo</strong></span> <span class='ocrx_word' id='word_1_720' title='bbox 2785 2882 2888 2921; x_wconf 91' lang='lat' dir='ltr'><strong>non</strong></span> <span class='ocrx_word' id='word_1_721' title='bbox 2917 2869 3103 2930; x_wconf 88' lang='lat' dir='ltr'><strong>obfuit,</strong></span> <span class='ocrx_word' id='word_1_722' title='bbox 3141 2868 3233 2943; x_wconf 85' lang='lat' dir='ltr'><strong>sed</strong></span> <span class='ocrx_word' id='word_1_723' title='bbox 3260 2870 3388 2939; x_wconf 86' lang='lat' dir='ltr'><strong>ipsis</strong></span> <span class='ocrx_word' id='word_1_724' title='bbox 3416 2870 3511 2923; x_wconf 81' lang='lat' dir='ltr'><strong>oh—</strong></span> 
     </span>
    </p>
   </div>
   <div class='ocr_carea' id='block_1_90' title="bbox 1943 2953 3508 3027">
    <p class='ocr_par' dir='ltr' id='par_1_90' title="bbox 1943 2953 3508 3027">
     <span class='ocr_line' id='line_1_90' title="bbox 1943 2953 3508 3027; baseline 0.004 -19"><span class='ocrx_word' id='word_1_725' title='bbox 1943 2953 2059 3010; x_wconf 87' lang='lat' dir='ltr'><strong>fuit.</strong></span> <span class='ocrx_word' id='word_1_726' title='bbox 2112 2956 2178 3009; x_wconf 90' lang='lat' dir='ltr'><strong>Et</strong></span> <span class='ocrx_word' id='word_1_727' title='bbox 2205 2956 2362 3010; x_wconf 90' lang='lat' dir='ltr'><strong>nolite</strong></span> <span class='ocrx_word' id='word_1_728' title='bbox 2389 2966 2572 3024; x_wconf 88' lang='lat' dir='ltr'><strong>putare</strong></span> <span class='ocrx_word' id='word_1_729' title='bbox 2592 2998 2606 3021; x_wconf 95' lang='lat'><strong>,</strong></span> <span class='ocrx_word' id='word_1_730' title='bbox 2630 2955 2821 3010; x_wconf 87' lang='lat' dir='ltr'><strong>fratres</strong></span> <span class='ocrx_word' id='word_1_731' title='bbox 2843 2998 2857 3024; x_wconf 93' lang='lat'><strong>,</strong></span> <span class='ocrx_word' id='word_1_732' title='bbox 2886 2957 3014 3027; x_wconf 85' lang='lat' dir='ltr'><strong>ipsis</strong></span> <span class='ocrx_word' id='word_1_733' title='bbox 3059 2960 3187 3014; x_wconf 71' lang='lat' dir='ltr'><strong>solis</strong></span> <span class='ocrx_word' id='word_1_734' title='bbox 3227 2959 3328 3013; x_wconf 90' lang='lat' dir='ltr'><strong>hoc</strong></span> <span class='ocrx_word' id='word_1_735' title='bbox 3365 2962 3508 3015; x_wconf 89' lang='lat' dir='ltr'><strong>acci-</strong></span> 
     </span>
    </p>
   </div>
   <div class='ocr_carea' id='block_1_91' title="bbox 1943 3046 3511 3117">
    <p class='ocr_par' dir='ltr' id='par_1_91' title="bbox 1943 3046 3511 3117">
     <span class='ocr_line' id='line_1_91' title="bbox 1943 3046 3511 3117; baseline 0.003 -16"><span class='ocrx_word' id='word_1_736' title='bbox 1943 3046 2104 3101; x_wconf 88' lang='lat' dir='ltr'><strong>disse.</strong></span> <span class='ocrx_word' id='word_1_737' title='bbox 2132 3046 2314 3101; x_wconf 90' lang='lat' dir='ltr'><strong>Omnis</strong></span> <span class='ocrx_word' id='word_1_738' title='bbox 2344 3048 2431 3115; x_wconf 90' lang='lat' dir='ltr'><strong>qui</strong></span> <span class='ocrx_word' id='word_1_739' title='bbox 2456 3056 2606 3117; x_wconf 88' lang='lat' dir='ltr'><strong>parat</strong></span> <span class='ocrx_word' id='word_1_740' title='bbox 2626 3047 2827 3101; x_wconf 86' lang='lat' dir='ltr'><strong>foveam</strong></span> <span class='ocrx_word' id='word_1_741' title='bbox 2860 3048 3007 3103; x_wconf 83' lang='lat' dir='ltr'><strong>fratri</strong></span> <span class='ocrx_word' id='word_1_742' title='bbox 3033 3065 3150 3112; x_wconf 73' lang='lat' dir='ltr'><strong>suo,</strong></span> <span class='ocrx_word' id='word_1_743' title='bbox 3181 3066 3400 3104; x_wconf 87' lang='lat' dir='ltr'><strong>necesse</strong></span> <span class='ocrx_word' id='word_1_744' title='bbox 3430 3060 3511 3105; x_wconf 88' lang='lat' dir='ltr'><strong>est</strong></span> 
     </span>
    </p>
   </div>
   <div class='ocr_carea' id='block_1_92' title="bbox 1942 3136 3509 3207">
    <p class='ocr_par' dir='ltr' id='par_1_92' title="bbox 1942 3136 3509 3207">
     <span class='ocr_line' id='line_1_92' title="bbox 1942 3136 3509 3207; baseline 0.002 -15"><span class='ocrx_word' id='word_1_745' title='bbox 1942 3146 2000 3192; x_wconf 88' lang='lat' dir='ltr'><strong>ut</strong></span> <span class='ocrx_word' id='word_1_746' title='bbox 2025 3138 2139 3207; x_wconf 90' lang='lat' dir='ltr'><strong>ipse</strong></span> <span class='ocrx_word' id='word_1_747' title='bbox 2163 3136 2358 3191; x_wconf 89' lang='lat' dir='ltr'><strong>incidat</strong></span> <span class='ocrx_word' id='word_1_748' title='bbox 2400 3137 2449 3190; x_wconf 91' lang='lat' dir='ltr'><strong>in</strong></span> <span class='ocrx_word' id='word_1_749' title='bbox 2478 3151 2618 3191; x_wconf 90' lang='lat' dir='ltr'><strong>eam.</strong></span> <span class='ocrx_word' id='word_1_750' title='bbox 2650 3136 2940 3201; x_wconf 84' lang='lat' dir='ltr'><strong>intendite,</strong></span> <span class='ocrx_word' id='word_1_751' title='bbox 2975 3138 3165 3193; x_wconf 88' lang='lat' dir='ltr'><strong>fratres</strong></span> <span class='ocrx_word' id='word_1_752' title='bbox 3194 3142 3334 3207; x_wconf 91' lang='lat' dir='ltr'><strong>mei,</strong></span> <span class='ocrx_word' id='word_1_753' title='bbox 3363 3141 3509 3194; x_wconf 89' lang='lat' dir='ltr'><strong>chri-</strong></span> 
     </span>
    </p>
   </div>
   <div class='ocr_carea' id='block_1_93' title="bbox 1943 3228 3511 3297">
    <p class='ocr_par' dir='ltr' id='par_1_93' title="bbox 1943 3228 3511 3297">
     <span class='ocr_line' id='line_1_93' title="bbox 1943 3228 3511 3297; baseline 0.001 -13"><span class='ocrx_word' id='word_1_754' title='bbox 1943 3228 2141 3285; x_wconf 90' lang='lat' dir='ltr'><strong>stianos</strong></span> <span class='ocrx_word' id='word_1_755' title='bbox 2162 3230 2345 3283; x_wconf 90' lang='lat' dir='ltr'><strong>oculos</strong></span> <span class='ocrx_word' id='word_1_756' title='bbox 2374 3229 2563 3283; x_wconf 88' lang='lat' dir='ltr'><strong>habete</strong></span> <span class='ocrx_word' id='word_1_757' title='bbox 2581 3270 2595 3293; x_wconf 89' lang='lat'><strong>,</strong></span> <span class='ocrx_word' id='word_1_758' title='bbox 2628 3229 2791 3283; x_wconf 91' lang='lat' dir='ltr'><strong>nolite</strong></span> <span class='ocrx_word' id='word_1_759' title='bbox 2810 3228 2981 3297; x_wconf 71' lang='lat' dir='ltr'><strong>decipi</strong></span> <span class='ocrx_word' id='word_1_760' title='bbox 3008 3231 3324 3285; x_wconf 85' lang='lat' dir='ltr'><strong>visibilibus.</strong></span> <span class='ocrx_word' id='word_1_761' title='bbox 3352 3230 3511 3286; x_wconf 83' lang='lat' dir='ltr'><strong>Forte</strong></span> 
     </span>
    </p>
   </div>
   <div class='ocr_carea' id='block_1_94' title="bbox 1942 3320 3509 3389">
    <p class='ocr_par' dir='ltr' id='par_1_94' title="bbox 1942 3320 3509 3389">
     <span class='ocr_line' id='line_1_94' title="bbox 1942 3320 3509 3389; baseline 0 -14"><span class='ocrx_word' id='word_1_762' title='bbox 1942 3322 2083 3377; x_wconf 90' lang='lat' dir='ltr'><strong>enim</strong></span> <span class='ocrx_word' id='word_1_763' title='bbox 2130 3320 2285 3374; x_wconf 89' lang='lat' dir='ltr'><strong>alicui</strong></span> <span class='ocrx_word' id='word_1_764' title='bbox 2312 3329 2543 3374; x_wconf 87' lang='lat' dir='ltr'><strong>vestrum</strong></span> <span class='ocrx_word' id='word_1_765' title='bbox 2562 3363 2576 3385; x_wconf 93' lang='lat'><strong>,</strong></span> <span class='ocrx_word' id='word_1_766' title='bbox 2601 3321 2719 3389; x_wconf 84' lang='lat' dir='ltr'><strong>quia</strong></span> <span class='ocrx_word' id='word_1_767' title='bbox 2764 3323 2861 3374; x_wconf 88' lang='lat' dir='ltr'><strong>hoc</strong></span> <span class='ocrx_word' id='word_1_768' title='bbox 2887 3321 2991 3375; x_wconf 82' lang='lat' dir='ltr'><strong>dixi</strong></span> <span class='ocrx_word' id='word_1_769' title='bbox 3017 3363 3032 3387; x_wconf 93' lang='lat'><strong>,</strong></span> <span class='ocrx_word' id='word_1_770' title='bbox 3070 3324 3315 3378; x_wconf 89' lang='lat' dir='ltr'><strong>subvenit</strong></span> <span class='ocrx_word' id='word_1_771' title='bbox 3347 3325 3509 3377; x_wconf 86' lang='lat' dir='ltr'><strong>modo</strong></span> 
     </span>
    </p>
   </div>
   <div class='ocr_carea' id='block_1_95' title="bbox 1941 3410 3511 3481">
    <p class='ocr_par' dir='ltr' id='par_1_95' title="bbox 1941 3410 3511 3481">
     <span class='ocr_line' id='line_1_95' title="bbox 1941 3410 3511 3481; baseline 0.004 -17"><span class='ocrx_word' id='word_1_772' title='bbox 1941 3411 2128 3481; x_wconf 89' lang='lat' dir='ltr'><strong>aliquis</strong></span> <span class='ocrx_word' id='word_1_773' title='bbox 2153 3412 2240 3481; x_wconf 92' lang='lat' dir='ltr'><strong>qui</strong></span> <span class='ocrx_word' id='word_1_774' title='bbox 2266 3410 2432 3465; x_wconf 89' lang='lat' dir='ltr'><strong>voluit</strong></span> <span class='ocrx_word' id='word_1_775' title='bbox 2461 3411 2604 3465; x_wconf 87' lang='lat' dir='ltr'><strong>fratri</strong></span> <span class='ocrx_word' id='word_1_776' title='bbox 2626 3426 2722 3465; x_wconf 90' lang='lat' dir='ltr'><strong>suo</strong></span> <span class='ocrx_word' id='word_1_777' title='bbox 2761 3411 2994 3467; x_wconf 89' lang='lat' dir='ltr'><strong>fraudem</strong></span> <span class='ocrx_word' id='word_1_778' title='bbox 3022 3412 3196 3470; x_wconf 89' lang='lat' dir='ltr'><strong>facere</strong></span> <span class='ocrx_word' id='word_1_779' title='bbox 3220 3457 3234 3478; x_wconf 98' lang='lat'><strong>,</strong></span> <span class='ocrx_word' id='word_1_780' title='bbox 3264 3424 3319 3470; x_wconf 89' lang='lat' dir='ltr'><strong>et</strong></span> <span class='ocrx_word' id='word_1_781' title='bbox 3343 3416 3511 3470; x_wconf 90' lang='lat' dir='ltr'><strong>voluit</strong></span> 
     </span>
    </p>
   </div>
   <div class='ocr_carea' id='block_1_96' title="bbox 1941 3501 3511 3574">
    <p class='ocr_par' dir='ltr' id='par_1_96' title="bbox 1941 3501 3511 3574">
     <span class='ocr_line' id='line_1_96' title="bbox 1941 3501 3511 3574; baseline 0.004 -17"><span class='ocrx_word' id='word_1_782' title='bbox 1941 3502 1987 3557; x_wconf 90' lang='lat' dir='ltr'><strong>ei</strong></span> <span class='ocrx_word' id='word_1_783' title='bbox 2018 3502 2217 3571; x_wconf 88' lang='lat' dir='ltr'><strong>aliquas</strong></span> <span class='ocrx_word' id='word_1_784' title='bbox 2260 3501 2475 3556; x_wconf 89' lang='lat' dir='ltr'><strong>insidias</strong></span> <span class='ocrx_word' id='word_1_785' title='bbox 2503 3501 2821 3568; x_wconf 88' lang='lat' dir='ltr'><strong>machinari,</strong></span> <span class='ocrx_word' id='word_1_786' title='bbox 2862 3513 2916 3557; x_wconf 91' lang='lat' dir='ltr'><strong>et</strong></span> <span class='ocrx_word' id='word_1_787' title='bbox 2963 3505 3292 3561; x_wconf 85' lang='lat' dir='ltr'><strong>machinatus</strong></span> <span class='ocrx_word' id='word_1_788' title='bbox 3313 3519 3427 3574; x_wconf 93' lang='lat' dir='ltr'><strong>est,</strong></span> <span class='ocrx_word' id='word_1_789' title='bbox 3456 3519 3511 3563; x_wconf 91' lang='lat' dir='ltr'><strong>et</strong></span> 
     </span>
    </p>
   </div>
   <div class='ocr_carea' id='block_1_97' title="bbox 1940 3592 3508 3666">
    <p class='ocr_par' dir='ltr' id='par_1_97' title="bbox 1940 3592 3508 3666">
     <span class='ocr_line' id='line_1_97' title="bbox 1940 3592 3508 3666; baseline 0.001 -18"><span class='ocrx_word' id='word_1_790' title='bbox 1940 3594 2208 3662; x_wconf 90' lang='lat' dir='ltr'><strong>implevit,</strong></span> <span class='ocrx_word' id='word_1_791' title='bbox 2236 3601 2289 3646; x_wconf 91' lang='lat' dir='ltr'><strong>et</strong></span> <span class='ocrx_word' id='word_1_792' title='bbox 2316 3592 2508 3647; x_wconf 88' lang='lat' dir='ltr'><strong>cecidit</strong></span> <span class='ocrx_word' id='word_1_793' title='bbox 2532 3592 2691 3646; x_wconf 90' lang='lat' dir='ltr'><strong>frater</strong></span> <span class='ocrx_word' id='word_1_794' title='bbox 2718 3592 2768 3645; x_wconf 93' lang='lat' dir='ltr'><strong>in</strong></span> <span class='ocrx_word' id='word_1_795' title='bbox 2797 3593 3013 3646; x_wconf 89' lang='lat' dir='ltr'><strong>insidias</strong></span> <span class='ocrx_word' id='word_1_796' title='bbox 3057 3595 3202 3663; x_wconf 90' lang='lat' dir='ltr'><strong>ejus,</strong></span> <span class='ocrx_word' id='word_1_797' title='bbox 3232 3607 3285 3650; x_wconf 90' lang='lat' dir='ltr'><strong>et</strong></span> <span class='ocrx_word' id='word_1_798' title='bbox 3310 3598 3508 3666; x_wconf 88' lang='lat' dir='ltr'><strong>spolia-</strong></span> 
     </span>
    </p>
   </div>
   <div class='ocr_carea' id='block_1_98' title="bbox 1941 3681 3511 3751">
    <p class='ocr_par' dir='ltr' id='par_1_98' title="bbox 1941 3681 3511 3751">
     <span class='ocr_line' id='line_1_98' title="bbox 1941 3681 3511 3751; baseline 0 -12"><span class='ocrx_word' id='word_1_799' title='bbox 1941 3693 2026 3739; x_wconf 91' lang='lat' dir='ltr'><strong>tus</strong></span> <span class='ocrx_word' id='word_1_800' title='bbox 2063 3692 2162 3748; x_wconf 89' lang='lat' dir='ltr'><strong>est,</strong></span> <span class='ocrx_word' id='word_1_801' title='bbox 2189 3692 2278 3736; x_wconf 92' lang='lat' dir='ltr'><strong>aut</strong></span> <span class='ocrx_word' id='word_1_802' title='bbox 2302 3696 2517 3751; x_wconf 89' lang='lat' dir='ltr'><strong>pressus</strong></span> <span class='ocrx_word' id='word_1_803' title='bbox 2563 3689 2672 3747; x_wconf 87' lang='lat' dir='ltr'><strong>est,</strong></span> <span class='ocrx_word' id='word_1_804' title='bbox 2702 3681 2812 3735; x_wconf 91' lang='lat' dir='ltr'><strong>sive</strong></span> <span class='ocrx_word' id='word_1_805' title='bbox 2850 3684 3063 3736; x_wconf 89' lang='lat' dir='ltr'><strong>carcere</strong></span> <span class='ocrx_word' id='word_1_806' title='bbox 3089 3723 3102 3745; x_wconf 92' lang='lat'><strong>,</strong></span> <span class='ocrx_word' id='word_1_807' title='bbox 3129 3684 3244 3737; x_wconf 90' lang='lat' dir='ltr'><strong>sive</strong></span> <span class='ocrx_word' id='word_1_808' title='bbox 3275 3685 3404 3738; x_wconf 90' lang='lat' dir='ltr'><strong>falso</strong></span> <span class='ocrx_word' id='word_1_809' title='bbox 3433 3696 3511 3739; x_wconf 86' lang='lat' dir='ltr'><strong>te-</strong></span> 
     </span>
    </p>
   </div>
   <div class='ocr_carea' id='block_1_99' title="bbox 1940 3772 3510 3840">
    <p class='ocr_par' dir='ltr' id='par_1_99' title="bbox 1940 3772 3510 3840">
     <span class='ocr_line' id='line_1_99' title="bbox 1940 3772 3510 3840; baseline 0.001 -12"><span class='ocrx_word' id='word_1_810' title='bbox 1940 3774 2227 3835; x_wconf 81' lang='lat' dir='ltr'><strong>stimonio,</strong></span> <span class='ocrx_word' id='word_1_811' title='bbox 2257 3774 2367 3827; x_wconf 87' lang='lat' dir='ltr'><strong>sive</strong></span> <span class='ocrx_word' id='word_1_812' title='bbox 2409 3773 2582 3840; x_wconf 90' lang='lat' dir='ltr'><strong>aliqua</strong></span> <span class='ocrx_word' id='word_1_813' title='bbox 2626 3772 2824 3827; x_wconf 87' lang='lat' dir='ltr'><strong>nefaria</strong></span> <span class='ocrx_word' id='word_1_814' title='bbox 2872 3773 3240 3827; x_wconf 90' lang='lat' dir='ltr'><strong>criminatione</strong></span> <span class='ocrx_word' id='word_1_815' title='bbox 3285 3776 3510 3829; x_wconf 85' lang='lat' dir='ltr'><strong>circnm-</strong></span> 
     </span>
    </p>
   </div>
   <div class='ocr_carea' id='block_1_100' title="bbox 1940 3865 3506 3937">
    <p class='ocr_par' dir='ltr' id='par_1_100' title="bbox 1940 3865 3506 3937">
     <span class='ocr_line' id='line_1_100' title="bbox 1940 3865 3506 3937; baseline 0.001 -15"><span class='ocrx_word' id='word_1_816' title='bbox 1940 3876 2163 3922; x_wconf 86' lang='lat' dir='ltr'><strong>ventns:</strong></span> <span class='ocrx_word' id='word_1_817' title='bbox 2195 3865 2403 3919; x_wconf 88' lang='lat' dir='ltr'><strong>videtur</strong></span> <span class='ocrx_word' id='word_1_818' title='bbox 2430 3875 2606 3919; x_wconf 89' lang='lat' dir='ltr'><strong>autem</strong></span> <span class='ocrx_word' id='word_1_819' title='bbox 2655 3865 2756 3919; x_wconf 89' lang='lat' dir='ltr'><strong>iste</strong></span> <span class='ocrx_word' id='word_1_820' title='bbox 2800 3880 3083 3935; x_wconf 92' lang='lat' dir='ltr'><strong>oppressus</strong></span> <span class='ocrx_word' id='word_1_821' title='bbox 3104 3907 3119 3932; x_wconf 92' lang='lat'><strong>,</strong></span> <span class='ocrx_word' id='word_1_822' title='bbox 3154 3867 3241 3921; x_wconf 84' lang='lat' dir='ltr'><strong>ille</strong></span> <span class='ocrx_word' id='word_1_823' title='bbox 3284 3882 3506 3937; x_wconf 82' lang='lat' dir='ltr'><strong>Oppres-</strong></span> 
     </span>
    </p>
   </div>
   <div class='ocr_carea' id='block_1_101' title="bbox 1940 3941 3507 4030">
    <p class='ocr_par' dir='ltr' id='par_1_101' title="bbox 1940 3941 3507 4030">
     <span class='ocr_line' id='line_1_101' title="bbox 1940 3941 3507 4030; baseline 0.001 -15"><span class='ocrx_word' id='word_1_824' title='bbox 1940 3961 2092 4024; x_wconf 87' lang='lat' dir='ltr'><strong>sisse;</strong></span> <span class='ocrx_word' id='word_1_825' title='bbox 2124 3941 2232 4013; x_wconf 29' lang='lat' dir='ltr'><strong>iste.</strong></span> <span class='ocrx_word' id='word_1_826' title='bbox 2252 3958 2444 4022; x_wconf 86' lang='lat' dir='ltr'><strong>victus,</strong></span> <span class='ocrx_word' id='word_1_827' title='bbox 2474 3959 2561 4012; x_wconf 91' lang='lat' dir='ltr'><strong>ille</strong></span> <span class='ocrx_word' id='word_1_828' title='bbox 2591 3959 2813 4021; x_wconf 78' lang='lat' dir='ltr'><strong>vicisse;</strong></span> <span class='ocrx_word' id='word_1_829' title='bbox 2842 3967 2896 4012; x_wconf 93' lang='lat' dir='ltr'><strong>et</strong></span> <span class='ocrx_word' id='word_1_830' title='bbox 2920 3958 3103 4012; x_wconf 89' lang='lat' dir='ltr'><strong>falsum</strong></span> <span class='ocrx_word' id='word_1_831' title='bbox 3128 3968 3342 4029; x_wconf 86' lang='lat' dir='ltr'><strong>putatur</strong></span> <span class='ocrx_word' id='word_1_832' title='bbox 3368 3962 3507 4030; x_wconf 89' lang='lat' dir='ltr'><strong>quod</strong></span> 
     </span>
    </p>
   </div>
   <div class='ocr_carea' id='block_1_102' title="bbox 1940 4049 3511 4121">
    <p class='ocr_par' dir='ltr' id='par_1_102' title="bbox 1940 4049 3511 4121">
     <span class='ocr_line' id='line_1_102' title="bbox 1940 4049 3511 4121; baseline 0.001 -14"><span class='ocrx_word' id='word_1_833' title='bbox 1940 4052 2203 4117; x_wconf 84' lang='lat' dir='ltr'><strong>diximus,</strong></span> <span class='ocrx_word' id='word_1_834' title='bbox 2234 4051 2480 4120; x_wconf 86' lang='lat' dir='ltr'><strong>quoniam</strong></span> <span class='ocrx_word' id='word_1_835' title='bbox 2523 4052 2842 4119; x_wconf 89' lang='lat' dir='ltr'><strong>quicumque</strong></span> <span class='ocrx_word' id='word_1_836' title='bbox 2868 4049 3072 4104; x_wconf 88' lang='lat' dir='ltr'><strong>foveam</strong></span> <span class='ocrx_word' id='word_1_837' title='bbox 3115 4054 3377 4121; x_wconf 90' lang='lat' dir='ltr'><strong>paraverit</strong></span> <span class='ocrx_word' id='word_1_838' title='bbox 3406 4055 3511 4107; x_wconf 23' lang='lat' dir='ltr'><strong>fras</strong></span> 
     </span>
    </p>
   </div>
   <div class='ocr_carea' id='block_1_103' title="bbox 1942 4141 3505 4215">
    <p class='ocr_par' dir='ltr' id='par_1_103' title="bbox 1942 4141 3505 4215">
     <span class='ocr_line' id='line_1_103' title="bbox 1942 4141 3505 4215; baseline 0.003 -18"><span class='ocrx_word' id='word_1_839' title='bbox 1942 4144 2007 4197; x_wconf 93' lang='lat' dir='ltr'><strong>tri</strong></span> <span class='ocrx_word' id='word_1_840' title='bbox 2048 4158 2144 4197; x_wconf 91' lang='lat' dir='ltr'><strong>suo</strong></span> <span class='ocrx_word' id='word_1_841' title='bbox 2171 4184 2185 4206; x_wconf 93' lang='lat'><strong>,</strong></span> <span class='ocrx_word' id='word_1_842' title='bbox 2224 4143 2336 4212; x_wconf 89' lang='lat' dir='ltr'><strong>ipse</strong></span> <span class='ocrx_word' id='word_1_843' title='bbox 2365 4141 2506 4196; x_wconf 89' lang='lat' dir='ltr'><strong>cadit</strong></span> <span class='ocrx_word' id='word_1_844' title='bbox 2554 4142 2605 4195; x_wconf 91' lang='lat' dir='ltr'><strong>in</strong></span> <span class='ocrx_word' id='word_1_845' title='bbox 2646 4157 2783 4196; x_wconf 90' lang='lat' dir='ltr'><strong>eam.</strong></span> <span class='ocrx_word' id='word_1_846' title='bbox 2832 4141 3105 4213; x_wconf 85' lang='lat' dir='ltr'><strong>Interrogo</strong></span> <span class='ocrx_word' id='word_1_847' title='bbox 3139 4159 3232 4197; x_wconf 89' lang='lat' dir='ltr'><strong>vos</strong></span> <span class='ocrx_word' id='word_1_848' title='bbox 3259 4155 3505 4215; x_wconf 87' lang='lat' dir='ltr'><strong>tanquam</strong></span> 
     </span>
    </p>
   </div>
   <div class='ocr_carea' id='block_1_104' title="bbox 1940 4234 3507 4307">
    <p class='ocr_par' dir='ltr' id='par_1_104' title="bbox 1940 4234 3507 4307">
     <span class='ocr_line' id='line_1_104' title="bbox 1940 4234 3507 4307; baseline 0.001 -15"><span class='ocrx_word' id='word_1_849' title='bbox 1940 4236 2255 4293; x_wconf 89' lang='lat' dir='ltr'><strong>christianos</strong></span> <span class='ocrx_word' id='word_1_850' title='bbox 2279 4276 2293 4297; x_wconf 92' lang='lat'><strong>,</strong></span> <span class='ocrx_word' id='word_1_851' title='bbox 2325 4244 2381 4289; x_wconf 92' lang='lat' dir='ltr'><strong>ut</strong></span> <span class='ocrx_word' id='word_1_852' title='bbox 2429 4234 2649 4288; x_wconf 88' lang='lat' dir='ltr'><strong>sumatis</strong></span> <span class='ocrx_word' id='word_1_853' title='bbox 2674 4235 2971 4305; x_wconf 81' lang='lat' dir='ltr'><strong>exemplum</strong></span> <span class='ocrx_word' id='word_1_854' title='bbox 3016 4236 3083 4291; x_wconf 93' lang='lat' dir='ltr'><strong>de</strong></span> <span class='ocrx_word' id='word_1_855' title='bbox 3114 4236 3197 4291; x_wconf 91' lang='lat' dir='ltr'><strong>his</strong></span> <span class='ocrx_word' id='word_1_856' title='bbox 3239 4254 3356 4307; x_wconf 73' lang='lat' dir='ltr'><strong>qua:</strong></span> <span class='ocrx_word' id='word_1_857' title='bbox 3397 4239 3507 4307; x_wconf 81' lang='lat' dir='ltr'><strong>jam</strong></span> 
     </span>
    </p>
   </div>
   <div class='ocr_carea' id='block_1_105' title="bbox 1941 4327 3509 4400">
    <p class='ocr_par' dir='ltr' id='par_1_105' title="bbox 1941 4327 3509 4400">
     <span class='ocr_line' id='line_1_105' title="bbox 1941 4327 3509 4400; baseline -0.002 -14"><span class='ocrx_word' id='word_1_858' title='bbox 1941 4332 2200 4386; x_wconf 88' lang='lat' dir='ltr'><strong>novimus.</strong></span> <span class='ocrx_word' id='word_1_859' title='bbox 2224 4327 2420 4398; x_wconf 86' lang='lat' dir='ltr'><strong>Pagani</strong></span> <span class='ocrx_word' id='word_1_860' title='bbox 2442 4327 2700 4397; x_wconf 89' lang='lat' dir='ltr'><strong>persecuti</strong></span> <span class='ocrx_word' id='word_1_861' title='bbox 2724 4337 2845 4382; x_wconf 92' lang='lat' dir='ltr'><strong>sunt</strong></span> <span class='ocrx_word' id='word_1_862' title='bbox 2873 4336 3154 4399; x_wconf 86' lang='lat' dir='ltr'><strong>martyres,</strong></span> <span class='ocrx_word' id='word_1_863' title='bbox 3178 4338 3229 4383; x_wconf 91' lang='lat' dir='ltr'><strong>et</strong></span> <span class='ocrx_word' id='word_1_864' title='bbox 3251 4339 3509 4400; x_wconf 77' lang='lat' dir='ltr'><strong>martyres</strong></span> 
     </span>
    </p>
   </div>
   <div class='ocr_carea' id='block_1_106' title="bbox 1939 4417 3512 4490">
    <p class='ocr_par' dir='ltr' id='par_1_106' title="bbox 1939 4417 3512 4490">
     <span class='ocr_line' id='line_1_106' title="bbox 1939 4417 3512 4490; baseline -0.003 -14"><span class='ocrx_word' id='word_1_865' title='bbox 1939 4421 2078 4490; x_wconf 90' lang='lat' dir='ltr'><strong>capti</strong></span> <span class='ocrx_word' id='word_1_866' title='bbox 2107 4427 2259 4486; x_wconf 88' lang='lat' dir='ltr'><strong>sunt,</strong></span> <span class='ocrx_word' id='word_1_867' title='bbox 2294 4417 2438 4488; x_wconf 85' lang='lat' dir='ltr'><strong>ligati</strong></span> <span class='ocrx_word' id='word_1_868' title='bbox 2464 4427 2588 4472; x_wconf 59' lang='lat' dir='ltr'><strong>sunt</strong></span> <span class='ocrx_word' id='word_1_869' title='bbox 2611 4458 2624 4483; x_wconf 92' lang='lat'><strong>,</strong></span> <span class='ocrx_word' id='word_1_870' title='bbox 2658 4417 2710 4471; x_wconf 91' lang='lat' dir='ltr'><strong>in</strong></span> <span class='ocrx_word' id='word_1_871' title='bbox 2758 4433 3024 4473; x_wconf 89' lang='lat' dir='ltr'><strong>carcerem</strong></span> <span class='ocrx_word' id='word_1_872' title='bbox 3053 4420 3198 4473; x_wconf 84' lang='lat' dir='ltr'><strong>missi</strong></span> <span class='ocrx_word' id='word_1_873' title='bbox 3225 4428 3379 4480; x_wconf 89' lang='lat' dir='ltr'><strong>sunt,</strong></span> <span class='ocrx_word' id='word_1_874' title='bbox 3412 4420 3476 4472; x_wconf 92' lang='lat' dir='ltr'><strong>be</strong></span> <span class='ocrx_word' id='word_1_875' title='bbox 3497 4450 3512 4459; x_wconf 87' lang='lat'><strong>-</strong></span> 
     </span>
    </p>
   </div>
   <div class='ocr_carea' id='block_1_107' title="bbox 1940 4510 3509 4580">
    <p class='ocr_par' dir='ltr' id='par_1_107' title="bbox 1940 4510 3509 4580">
     <span class='ocr_line' id='line_1_107' title="bbox 1940 4510 3509 4580; baseline -0.003 -12"><span class='ocrx_word' id='word_1_876' title='bbox 1940 4514 2054 4568; x_wconf 90' lang='lat' dir='ltr'><strong>stiis</strong></span> <span class='ocrx_word' id='word_1_877' title='bbox 2098 4511 2327 4567; x_wconf 87' lang='lat' dir='ltr'><strong>subrecti</strong></span> <span class='ocrx_word' id='word_1_878' title='bbox 2375 4519 2498 4564; x_wconf 91' lang='lat' dir='ltr'><strong>sunt</strong></span> <span class='ocrx_word' id='word_1_879' title='bbox 2527 4511 2544 4542; x_wconf 75' lang='grc' dir='ltr'>ί</span> <span class='ocrx_word' id='word_1_880' title='bbox 2569 4552 2585 4576; x_wconf 95' lang='lat'><strong>,</strong></span> <span class='ocrx_word' id='word_1_881' title='bbox 2616 4511 2703 4565; x_wconf 90' lang='lat' dir='ltr'><strong>alii</strong></span> <span class='ocrx_word' id='word_1_882' title='bbox 2758 4510 2897 4565; x_wconf 89' lang='lat' dir='ltr'><strong>ferro</strong></span> <span class='ocrx_word' id='word_1_883' title='bbox 2938 4512 3212 4579; x_wconf 87' lang='lat' dir='ltr'><strong>percussi,</strong></span> <span class='ocrx_word' id='word_1_884' title='bbox 3243 4510 3331 4564; x_wconf 90' lang='lat' dir='ltr'><strong>alii</strong></span> <span class='ocrx_word' id='word_1_885' title='bbox 3375 4512 3509 4580; x_wconf 56' lang='lat' dir='ltr'><strong>igni.</strong></span> 
     </span>
    </p>
   </div>
   <div class='ocr_carea' id='block_1_108' title="bbox 1940 4602 3505 4672">
    <p class='ocr_par' dir='ltr' id='par_1_108' title="bbox 1940 4602 3505 4672">
     <span class='ocr_line' id='line_1_108' title="bbox 1940 4602 3505 4672; baseline -0.004 -10"><span class='ocrx_word' id='word_1_886' title='bbox 1940 4608 2037 4663; x_wconf 90' lang='lat' dir='ltr'><strong>bus</strong></span> <span class='ocrx_word' id='word_1_887' title='bbox 2084 4605 2402 4660; x_wconf 88' lang='lat' dir='ltr'><strong>concremati</strong></span> <span class='ocrx_word' id='word_1_888' title='bbox 2457 4620 2471 4657; x_wconf 89' lang='lat'><strong>:</strong></span> <span class='ocrx_word' id='word_1_889' title='bbox 2524 4602 2764 4657; x_wconf 90' lang='lat' dir='ltr'><strong>vicerunt</strong></span> <span class='ocrx_word' id='word_1_890' title='bbox 2808 4611 3191 4672; x_wconf 85' lang='lat' dir='ltr'><strong>persequentes</strong></span> <span class='ocrx_word' id='word_1_891' title='bbox 3218 4642 3233 4666; x_wconf 92' lang='lat'><strong>,</strong></span> <span class='ocrx_word' id='word_1_892' title='bbox 3291 4612 3343 4656; x_wconf 91' lang='lat' dir='ltr'><strong>et</strong></span> <span class='ocrx_word' id='word_1_893' title='bbox 3384 4604 3505 4656; x_wconf 81' lang='lat' dir='ltr'><strong>victi</strong></span> 
     </span>
    </p>
   </div>
   <div class='ocr_carea' id='block_1_109' title="bbox 1938 4694 3505 4766">
    <p class='ocr_par' dir='ltr' id='par_1_109' title="bbox 1938 4694 3505 4766">
     <span class='ocr_line' id='line_1_109' title="bbox 1938 4694 3505 4766; baseline -0.004 -12"><span class='ocrx_word' id='word_1_894' title='bbox 1938 4707 2061 4755; x_wconf 88' lang='lat' dir='ltr'><strong>sunt</strong></span> <span class='ocrx_word' id='word_1_895' title='bbox 2089 4694 2387 4766; x_wconf 79' lang='lat' dir='ltr'><strong>martyres?</strong></span> <span class='ocrx_word' id='word_1_896' title='bbox 2406 4695 2573 4750; x_wconf 88' lang='lat' dir='ltr'><strong>Absit.</strong></span> <span class='ocrx_word' id='word_1_897' title='bbox 2606 4694 2793 4761; x_wconf 84' lang='lat' dir='ltr'><strong>Quaere</strong></span> <span class='ocrx_word' id='word_1_898' title='bbox 2812 4694 3029 4764; x_wconf 86' lang='lat' dir='ltr'><strong>gloriam</strong></span> <span class='ocrx_word' id='word_1_899' title='bbox 3060 4704 3346 4763; x_wconf 85' lang='lat' dir='ltr'><strong>martyrum</strong></span> <span class='ocrx_word' id='word_1_900' title='bbox 3369 4695 3505 4765; x_wconf 87' lang='lat' dir='ltr'><strong>apud</strong></span> 
     </span>
    </p>
   </div>
   <div class='ocr_carea' id='block_1_110' title="bbox 1940 4784 3509 4857">
    <p class='ocr_par' dir='ltr' id='par_1_110' title="bbox 1940 4784 3509 4857">
     <span class='ocr_line' id='line_1_110' title="bbox 1940 4784 3509 4857; baseline -0.003 -12"><span class='ocrx_word' id='word_1_901' title='bbox 1940 4790 2139 4854; x_wconf 85' lang='lat' dir='ltr'><strong>Deum,</strong></span> <span class='ocrx_word' id='word_1_902' title='bbox 2182 4803 2358 4857; x_wconf 75' lang='lat' dir='ltr'><strong>quzere</strong></span> <span class='ocrx_word' id='word_1_903' title='bbox 2401 4785 2602 4840; x_wconf 86' lang='lat' dir='ltr'><strong>foveam</strong></span> <span class='ocrx_word' id='word_1_904' title='bbox 2656 4785 2979 4854; x_wconf 87' lang='lat' dir='ltr'><strong>Paganorum</strong></span> <span class='ocrx_word' id='word_1_905' title='bbox 3012 4785 3062 4838; x_wconf 94' lang='lat' dir='ltr'><strong>in</strong></span> <span class='ocrx_word' id='word_1_906' title='bbox 3100 4784 3343 4840; x_wconf 87' lang='lat' dir='ltr'><strong>confossa</strong></span> <span class='ocrx_word' id='word_1_907' title='bbox 3382 4803 3509 4841; x_wconf 86' lang='lat' dir='ltr'><strong>con-</strong></span> 
     </span>
    </p>
   </div>
   <div class='ocr_carea' id='block_1_111' title="bbox 1939 4876 3507 4947">
    <p class='ocr_par' dir='ltr' id='par_1_111' title="bbox 1939 4876 3507 4947">
     <span class='ocr_line' id='line_1_111' title="bbox 1939 4876 3507 4947; baseline -0.004 -9"><span class='ocrx_word' id='word_1_908' title='bbox 1939 4881 2155 4938; x_wconf 87' lang='lat' dir='ltr'><strong>scientia</strong></span> <span class='ocrx_word' id='word_1_909' title='bbox 2184 4898 2197 4934; x_wconf 88' lang='lat'><strong>:</strong></span> <span class='ocrx_word' id='word_1_910' title='bbox 2227 4879 2293 4933; x_wconf 92' lang='lat' dir='ltr'><strong>ibi</strong></span> <span class='ocrx_word' id='word_1_911' title='bbox 2323 4888 2405 4933; x_wconf 91' lang='lat' dir='ltr'><strong>est</strong></span> <span class='ocrx_word' id='word_1_912' title='bbox 2432 4879 2569 4931; x_wconf 89' lang='lat' dir='ltr'><strong>enim</strong></span> <span class='ocrx_word' id='word_1_913' title='bbox 2600 4876 2748 4930; x_wconf 89' lang='lat' dir='ltr'><strong>fovea</strong></span> <span class='ocrx_word' id='word_1_914' title='bbox 2774 4891 2877 4945; x_wconf 91' lang='lat' dir='ltr'><strong>quo</strong></span> <span class='ocrx_word' id='word_1_915' title='bbox 2905 4876 3043 4930; x_wconf 88' lang='lat' dir='ltr'><strong>cadit</strong></span> <span class='ocrx_word' id='word_1_916' title='bbox 3070 4877 3279 4947; x_wconf 89' lang='lat' dir='ltr'><strong>impius,</strong></span> <span class='ocrx_word' id='word_1_917' title='bbox 3304 4878 3354 4932; x_wconf 91' lang='lat' dir='ltr'><strong>in</strong></span> <span class='ocrx_word' id='word_1_918' title='bbox 3379 4895 3507 4933; x_wconf 87' lang='lat' dir='ltr'><strong>eon-</strong></span> 
     </span>
    </p>
   </div>
   <div class='ocr_carea' id='block_1_112' title="bbox 1938 4967 3502 5034">
    <p class='ocr_par' dir='ltr' id='par_1_112' title="bbox 1938 4967 3502 5034">
     <span class='ocr_line' id='line_1_112' title="bbox 1938 4967 3502 5034; baseline -0.002 -5"><span class='ocrx_word' id='word_1_919' title='bbox 1938 4973 2154 5029; x_wconf 90' lang='lat' dir='ltr'><strong>scientia</strong></span> <span class='ocrx_word' id='word_1_920' title='bbox 2202 4971 2357 5026; x_wconf 90' lang='lat' dir='ltr'><strong>mala.</strong></span> <span class='ocrx_word' id='word_1_921' title='bbox 2384 4970 2544 5023; x_wconf 89' lang='lat' dir='ltr'><strong>Putas</strong></span> <span class='ocrx_word' id='word_1_922' title='bbox 2572 4984 2691 5021; x_wconf 88' lang='lat' dir='ltr'><strong>eum</strong></span> <span class='ocrx_word' id='word_1_923' title='bbox 2722 4967 2773 5021; x_wconf 90' lang='lat' dir='ltr'><strong>in</strong></span> <span class='ocrx_word' id='word_1_924' title='bbox 2817 4967 3020 5022; x_wconf 89' lang='lat' dir='ltr'><strong>foveam</strong></span> <span class='ocrx_word' id='word_1_925' title='bbox 3066 4985 3168 5024; x_wconf 90' lang='lat' dir='ltr'><strong>non</strong></span> <span class='ocrx_word' id='word_1_926' title='bbox 3208 4972 3463 5026; x_wconf 82' lang='lat' dir='ltr'><strong>cecidisse</strong></span> <span class='ocrx_word' id='word_1_927' title='bbox 3487 5013 3502 5034; x_wconf 87' lang='lat'><strong>,</strong></span> 
     </span>
    </p>
   </div>
   <div class='ocr_carea' id='block_1_113' title="bbox 1938 5059 3507 5133">
    <p class='ocr_par' dir='ltr' id='par_1_113' title="bbox 1938 5059 3507 5133">
     <span class='ocr_line' id='line_1_113' title="bbox 1938 5059 3507 5133; baseline -0.001 -15"><span class='ocrx_word' id='word_1_928' title='bbox 1938 5067 2026 5133; x_wconf 90' lang='lat' dir='ltr'><strong>qui</strong></span> <span class='ocrx_word' id='word_1_929' title='bbox 2054 5066 2222 5119; x_wconf 87' lang='lat' dir='ltr'><strong>lucem</strong></span> <span class='ocrx_word' id='word_1_930' title='bbox 2243 5061 2433 5116; x_wconf 88' lang='lat' dir='ltr'><strong>Christi</strong></span> <span class='ocrx_word' id='word_1_931' title='bbox 2464 5059 2687 5129; x_wconf 82' lang='lat' dir='ltr'><strong>perdidit</strong></span> <span class='ocrx_word' id='word_1_932' title='bbox 2722 5070 2775 5115; x_wconf 90' lang='lat' dir='ltr'><strong>et</strong></span> <span class='ocrx_word' id='word_1_933' title='bbox 2813 5061 3047 5115; x_wconf 61' lang='lat' dir='ltr'><strong>caecitate</strong></span> <span class='ocrx_word' id='word_1_934' title='bbox 3077 5078 3354 5131; x_wconf 89' lang='lat' dir='ltr'><strong>percussus</strong></span> <span class='ocrx_word' id='word_1_935' title='bbox 3379 5064 3507 5117; x_wconf 85' lang='lat' dir='ltr'><strong>est?</strong></span> 
     </span>
    </p>
   </div>
   <div class='ocr_carea' id='block_1_114' title="bbox 1937 5148 3505 5214">
    <p class='ocr_par' dir='ltr' id='par_1_114' title="bbox 1937 5148 3505 5214">
     <span class='ocr_line' id='line_1_114' title="bbox 1937 5148 3505 5214; baseline -0.001 -5"><span class='ocrx_word' id='word_1_936' title='bbox 1937 5154 1991 5210; x_wconf 87' lang='lat' dir='ltr'><strong>Si</strong></span> <span class='ocrx_word' id='word_1_937' title='bbox 2021 5170 2123 5209; x_wconf 92' lang='lat' dir='ltr'><strong>non</strong></span> <span class='ocrx_word' id='word_1_938' title='bbox 2150 5152 2359 5207; x_wconf 88' lang='lat' dir='ltr'><strong>caderet</strong></span> <span class='ocrx_word' id='word_1_939' title='bbox 2402 5151 2450 5203; x_wconf 95' lang='lat' dir='ltr'><strong>in</strong></span> <span class='ocrx_word' id='word_1_940' title='bbox 2501 5148 2738 5214; x_wconf 89' lang='lat' dir='ltr'><strong>foveam,</strong></span> <span class='ocrx_word' id='word_1_941' title='bbox 2786 5150 2988 5206; x_wconf 89' lang='lat' dir='ltr'><strong>videret</strong></span> <span class='ocrx_word' id='word_1_942' title='bbox 3026 5162 3147 5207; x_wconf 91' lang='lat' dir='ltr'><strong>ante</strong></span> <span class='ocrx_word' id='word_1_943' title='bbox 3191 5169 3290 5208; x_wconf 88' lang='lat' dir='ltr'><strong>se:</strong></span> <span class='ocrx_word' id='word_1_944' title='bbox 3332 5156 3505 5209; x_wconf 85' lang='lat' dir='ltr'><strong>nescit</strong></span> 
     </span>
    </p>
   </div>
   <div class='ocr_carea' id='block_1_115' title="bbox 1938 5240 3504 5314">
    <p class='ocr_par' dir='ltr' id='par_1_115' title="bbox 1938 5240 3504 5314">
     <span class='ocr_line' id='line_1_115' title="bbox 1938 5240 3504 5314; baseline -0.001 -15"><span class='ocrx_word' id='word_1_945' title='bbox 1938 5261 2037 5314; x_wconf 90' lang='lat' dir='ltr'><strong>qua</strong></span> <span class='ocrx_word' id='word_1_946' title='bbox 2064 5254 2181 5307; x_wconf 87' lang='lat' dir='ltr'><strong>eat;</strong></span> <span class='ocrx_word' id='word_1_947' title='bbox 2222 5240 2484 5311; x_wconf 89' lang='lat' dir='ltr'><strong>quomodo</strong></span> <span class='ocrx_word' id='word_1_948' title='bbox 2510 5240 2596 5309; x_wconf 90' lang='lat' dir='ltr'><strong>qui</strong></span> <span class='ocrx_word' id='word_1_949' title='bbox 2625 5241 2857 5295; x_wconf 83' lang='lat' dir='ltr'><strong>ambulat</strong></span> <span class='ocrx_word' id='word_1_950' title='bbox 2882 5242 2932 5295; x_wconf 94' lang='lat' dir='ltr'><strong>in</strong></span> <span class='ocrx_word' id='word_1_951' title='bbox 2968 5243 3048 5295; x_wconf 89' lang='lat' dir='ltr'><strong>via</strong></span> <span class='ocrx_word' id='word_1_952' title='bbox 3087 5258 3204 5297; x_wconf 90' lang='lat' dir='ltr'><strong>cum</strong></span> <span class='ocrx_word' id='word_1_953' title='bbox 3252 5244 3504 5298; x_wconf 84' lang='lat' dir='ltr'><strong>ceciderit</strong></span> 
     </span>
    </p>
   </div>
   <div class='ocr_carea' id='block_1_116' title="bbox 1938 5333 3503 5409">
    <p class='ocr_par' dir='ltr' id='par_1_116' title="bbox 1938 5333 3503 5409">
     <span class='ocr_line' id='line_1_116' title="bbox 1938 5333 3503 5409; baseline -0.001 -17"><span class='ocrx_word' id='word_1_954' title='bbox 1938 5338 1990 5392; x_wconf 90' lang='lat' dir='ltr'><strong>in</strong></span> <span class='ocrx_word' id='word_1_955' title='bbox 2021 5336 2227 5390; x_wconf 90' lang='lat' dir='ltr'><strong>foveam</strong></span> <span class='ocrx_word' id='word_1_956' title='bbox 2254 5377 2268 5399; x_wconf 91' lang='lat'><strong>,</strong></span> <span class='ocrx_word' id='word_1_957' title='bbox 2302 5333 2527 5401; x_wconf 81' lang='lat' dir='ltr'><strong>perdidit</strong></span> <span class='ocrx_word' id='word_1_958' title='bbox 2550 5334 2710 5388; x_wconf 87' lang='lat' dir='ltr'><strong>viam.</strong></span> <span class='ocrx_word' id='word_1_959' title='bbox 2739 5334 2939 5390; x_wconf 84' lang='lat' dir='ltr'><strong>Videtis</strong></span> <span class='ocrx_word' id='word_1_960' title='bbox 2967 5351 3093 5409; x_wconf 80' lang='lat' dir='ltr'><strong>ergo</strong></span> <span class='ocrx_word' id='word_1_961' title='bbox 3122 5352 3305 5391; x_wconf 88' lang='lat' dir='ltr'><strong>omnes</strong></span> <span class='ocrx_word' id='word_1_962' title='bbox 3344 5338 3503 5390; x_wconf 91' lang='lat' dir='ltr'><strong>male-</strong></span> 
     </span>
    </p>
   </div>
   <div class='ocr_carea' id='block_1_117' title="bbox 1939 5424 3498 5495">
    <p class='ocr_par' dir='ltr' id='par_1_117' title="bbox 1939 5424 3498 5495">
     <span class='ocr_line' id='line_1_117' title="bbox 1939 5424 3498 5495; baseline 0 -14"><span class='ocrx_word' id='word_1_963' title='bbox 1939 5427 2162 5481; x_wconf 86' lang='lat' dir='ltr'><strong>factores</strong></span> <span class='ocrx_word' id='word_1_964' title='bbox 2212 5424 2502 5494; x_wconf 86' lang='lat' dir='ltr'><strong>perdidisse</strong></span> <span class='ocrx_word' id='word_1_965' title='bbox 2547 5426 2723 5489; x_wconf 85' lang='lat' dir='ltr'><strong>viam,</strong></span> <span class='ocrx_word' id='word_1_966' title='bbox 2764 5425 3059 5495; x_wconf 67' lang='lat' dir='ltr'><strong>implicates</strong></span> <span class='ocrx_word' id='word_1_967' title='bbox 3103 5428 3351 5482; x_wconf 86' lang='lat' dir='ltr'><strong>facinore.</strong></span> <span class='ocrx_word' id='word_1_968' title='bbox 3395 5428 3498 5483; x_wconf 81' lang='lat' dir='ltr'><strong>Sed</strong></span> 
     </span>
    </p>
   </div>
   <div class='ocr_carea' id='block_1_118' title="bbox 1934 5515 3499 5597">
    <p class='ocr_par' dir='ltr' id='par_1_118' title="bbox 1934 5515 3499 5597">
     <span class='ocr_line' id='line_1_118' title="bbox 1934 5515 3499 5597; baseline 0.001 -26"><span class='ocrx_word' id='word_1_969' title='bbox 1934 5517 2040 5586; x_wconf 89' lang='lat' dir='ltr'><strong>jam</strong></span> <span class='ocrx_word' id='word_1_970' title='bbox 2072 5525 2121 5570; x_wconf 78' lang='lat' dir='ltr'><strong>te.</strong></span> <span class='ocrx_word' id='word_1_971' title='bbox 2152 5515 2365 5570; x_wconf 86' lang='lat' dir='ltr'><strong>tradidit</strong></span> <span class='ocrx_word' id='word_1_972' title='bbox 2390 5516 2439 5570; x_wconf 92' lang='lat' dir='ltr'><strong>in</strong></span> <span class='ocrx_word' id='word_1_973' title='bbox 2467 5532 2653 5571; x_wconf 90' lang='lat' dir='ltr'><strong>manus</strong></span> <span class='ocrx_word' id='word_1_974' title='bbox 2685 5517 2819 5573; x_wconf 89' lang='lat' dir='ltr'><strong>forte</strong></span> <span class='ocrx_word' id='word_1_975' title='bbox 2849 5518 3085 5597; x_wconf 76' lang='lat' dir='ltr'><strong>latronis,</strong></span> <span class='ocrx_word' id='word_1_976' title='bbox 3117 5528 3207 5571; x_wconf 89' lang='lat' dir='ltr'><strong>aut</strong></span> <span class='ocrx_word' id='word_1_977' title='bbox 3236 5518 3285 5571; x_wconf 92' lang='lat' dir='ltr'><strong>in</strong></span> <span class='ocrx_word' id='word_1_978' title='bbox 3314 5534 3499 5572; x_wconf 90' lang='lat' dir='ltr'><strong>manus</strong></span> 
     </span>
    </p>
   </div>
   <div class='ocr_carea' id='block_1_119' title="bbox 1936 5606 3500 5679">
    <p class='ocr_par' dir='ltr' id='par_1_119' title="bbox 1936 5606 3500 5679">
     <span class='ocr_line' id='line_1_119' title="bbox 1936 5606 3500 5679; baseline -0.001 -16"><span class='ocrx_word' id='word_1_979' title='bbox 1936 5607 2154 5676; x_wconf 88' lang='lat' dir='ltr'><strong>alicujus</strong></span> <span class='ocrx_word' id='word_1_980' title='bbox 2180 5606 2358 5675; x_wconf 88' lang='lat' dir='ltr'><strong>injusti</strong></span> <span class='ocrx_word' id='word_1_981' title='bbox 2385 5607 2465 5661; x_wconf 85' lang='lat' dir='ltr'><strong>vei</strong></span> <span class='ocrx_word' id='word_1_982' title='bbox 2494 5608 2840 5665; x_wconf 80' lang='lat' dir='ltr'><strong>circumventi</strong></span> <span class='ocrx_word' id='word_1_983' title='bbox 2871 5624 2900 5664; x_wconf 89' lang='lat' dir='ltr'><strong>a</strong></span> <span class='ocrx_word' id='word_1_984' title='bbox 2927 5624 2984 5663; x_wconf 85' lang='lat' dir='ltr'><strong>se</strong></span> <span class='ocrx_word' id='word_1_985' title='bbox 3017 5609 3211 5679; x_wconf 86' lang='lat' dir='ltr'><strong>judieis</strong></span> <span class='ocrx_word' id='word_1_986' title='bbox 3240 5626 3252 5662; x_wconf 92' lang='lat'><strong>:</strong></span> <span class='ocrx_word' id='word_1_987' title='bbox 3282 5618 3333 5662; x_wconf 89' lang='lat' dir='ltr'><strong>et</strong></span> <span class='ocrx_word' id='word_1_988' title='bbox 3366 5617 3418 5660; x_wconf 90' lang='lat' dir='ltr'><strong>tu</strong></span> <span class='ocrx_word' id='word_1_989' title='bbox 3446 5608 3500 5662; x_wconf 88' lang='lat' dir='ltr'><strong>in</strong></span> 
     </span>
    </p>
   </div>
   <div class='ocr_carea' id='block_1_120' title="bbox 2001 5715 3499 5781">
    <p class='ocr_par' dir='ltr' id='par_1_120' title="bbox 2001 5715 3499 5781">
     <span class='ocr_line' id='line_1_120' title="bbox 2001 5715 3499 5781; baseline 0.001 -15"><span class='ocrx_word' id='word_1_990' title='bbox 2001 5720 2014 5750; x_wconf 74' lang='grc' dir='ltr'>ι</span> <span class='ocrx_word' id='word_1_991' title='bbox 2052 5716 2365 5781; x_wconf 55' lang='grc' dir='ltr'><strong>Βαὰιρεειῂἱδ</strong></span> <span class='ocrx_word' id='word_1_992' title='bbox 2386 5715 2598 5781; x_wconf 67' lang='lat' dir='ltr'><strong>subjecti.</strong></span> <span class='ocrx_word' id='word_1_993' title='bbox 2641 5728 2693 5767; x_wconf 76' lang='lat' dir='ltr'><strong>At</strong></span> <span class='ocrx_word' id='word_1_994' title='bbox 2716 5726 2840 5781; x_wconf 69' lang='lat' dir='ltr'><strong>Mss,</strong></span> <span class='ocrx_word' id='word_1_995' title='bbox 2864 5718 3018 5769; x_wconf 73' lang='lat' dir='ltr'><strong>bestiis</strong></span> <span class='ocrx_word' id='word_1_996' title='bbox 3059 5716 3274 5769; x_wconf 66' lang='lat' dir='ltr'><strong>&#39;ubl&#39;CCli.</strong></span> <span class='ocrx_word' id='word_1_997' title='bbox 3298 5721 3397 5769; x_wconf 73' lang='grc' dir='ltr'><strong>για.</strong></span> <span class='ocrx_word' id='word_1_998' title='bbox 3420 5730 3499 5767; x_wconf 79' lang='lat' dir='ltr'><strong>su-</strong></span> 
     </span>
    </p>
   </div>
   <div class='ocr_carea' id='block_1_121' title="bbox 1937 5779 2757 5845">
    <p class='ocr_par' dir='ltr' id='par_1_121' title="bbox 1937 5779 2757 5845">
     <span class='ocr_line' id='line_1_121' title="bbox 1937 5779 2757 5845; baseline -0.004 -14"><span class='ocrx_word' id='word_1_999' title='bbox 1937 5792 2035 5845; x_wconf 77' lang='lat' dir='ltr'><strong>pra,</strong></span> <span class='ocrx_word' id='word_1_1000' title='bbox 2052 5780 2140 5831; x_wconf 82' lang='lat' dir='ltr'><strong>col.</strong></span> <span class='ocrx_word' id='word_1_1001' title='bbox 2167 5779 2274 5839; x_wconf 79' lang='lat'><strong>605,</strong></span> <span class='ocrx_word' id='word_1_1002' title='bbox 2298 5779 2381 5830; x_wconf 86' lang='lat' dir='ltr'><strong>lin.</strong></span> <span class='ocrx_word' id='word_1_1003' title='bbox 2413 5780 2484 5840; x_wconf 87' lang='lat' dir='ltr'><strong>to,</strong></span> <span class='ocrx_word' id='word_1_1004' title='bbox 2506 5793 2614 5831; x_wconf 89' lang='lat' dir='ltr'><strong>cum</strong></span> <span class='ocrx_word' id='word_1_1005' title='bbox 2632 5790 2757 5831; x_wconf 81' lang='lat' dir='ltr'><strong>uota.</strong></span> 
     </span>
    </p>
   </div>
  </div>
