4022 6200
485 320 584 376 671

485 437 726 509 μήδεαι-τι
753 446 830 497 es,
863 431 950 486 ille
977 430 1205 494 lzctat-ir,
1233 425 1322 482 ille
1341 421 1586 479 exsultat.
1608 418 1748 487 Noli,
1772 417 1879 488 jam
1906 416 2042 480 dixi,

485 507 590 582 noli
631 525 824 580 habere
861 522 1041 577 oculos
1088 519 1416 589 Paganorum
1462 510 1820 568 :christianos
1865 507 2048 563 oculos

486 619 638 674 habe.
679 614 838 671 Vides
881 613 1025 667 illum
1066 611 1155 682 qui
1197 608 1464 664 exsultat:
1498 606 1608 675 ipsa
1650 601 1930 658 exsultatio
1967 609 2050 653 est

484 706 632 765 fovea
664 707 847 777 ipsius.
878 705 1063 759 Melior
1090 713 1170 758 est
1197 702 1335 756 enim
1367 698 1579 753 tristitia
1619 695 1793 763 iniqua
1840 693 2044 763 patien-

484 800 548 853 tis
568 841 581 864 ,
614 796 977 866 qnamiaetitia
1006 795 1180 863 iniqua
1228 792 1481 846 facientis.
1511 788 1626 857 Ipsa
1667 786 1845 841 lzetitia
1871 784 2046 853 iniqua

483 889 750 954 facientis,
776 889 886 958 ipsa
910 897 991 941 est
1014 885 1158 940 fovea
1185 902 1199 938 :
1222 884 1344 937 illuc
1371 881 1593 952 quisque
1615 893 1732 933 cum
1759 875 2042 939 ceciderit,

482 982 666 1036 oculos
693 980 885 1052 perdit.
918 979 993 1034 Te
1037 979 1183 1033 doles
1206 1017 1220 1043 ,
1263 975 1383 1045 quia
1422 971 1695 1044 perdidisti
1736 978 1966 1032 vestem;
1996 974 2068 1020 et"

486 1074 632 1126 illum
664 1087 767 1125 non
795 1070 943 1124 doles
963 1110 978 1136 ,
1009 1070 1131 1139 quia
1165 1065 1390 1136 perdidit
1417 1062 1615 1118 fidem?
1643 1060 1773 1129 Quis
1816 1067 2048 1113 vestrum

484 1166 727 1236 graviore
755 1164 950 1219 damno
978 1174 1259 1231 percussus
1285 1156 1407 1213 est?
1450 1157 1584 1210 Ecce
1623 1154 1710 1208 ille
1735 1151 1956 1213 occidit,
1993 1157 2048 1202 tu

483 1255 741 1311 occideris
771 1273 783 1309 :
808 1254 936 1308 vivit
963 1253 1066 1316 ille,
1093 1260 1146 1304 tu
1177 1257 1414 1304 mortuus
1435 1262 1492 1302 es
1512 1246 1536 1298 γ
1559 1245 1726 1300 Absit.
1758 1242 1858 1298 Ubi
1884 1249 1965 1316 est
1988 1239 2050 1293 ti-

483 1349 582 1404 des
604 1343 1070 1402 Christianorum?
1102 1340 1190 1396 ubi
1218 1351 1297 1394 est
1326 1339 1415 1392 ille
1445 1336 1530 1406 qui
1572 1334 1793 1388 moritur
1817 1331 1881 1385 ad
1915 1340 2049 1384 tem-

485 1439 620 1512 pus?
650 1437 842 1492 Audiat
862 1435 1141 1490 Dominum
1181 1447 1332 1487 suum
1365 1449 1377 1484 :
1411 1429 1509 1493 Qui
1534 1426 1688 1480 credit
1716 1425 1766 1478 in
1795 1439 1872 1476 me
1893 1464 1908 1486 ,
1937 1421 2051 1475 licet

486 1532 751 1596 moriatur,
778 1529 893 1583 vivit
925 1526 1112 1598 (Joan.
1146 1540 1218 1591 χι,
1251 1521 1377 1594 25).
1412 1521 1551 1590 Ergo
1579 1518 1667 1589 qui
1695 1533 1798 1571 non
1839 1514 2048 1580 credit,

485 1625 611 1680 licet
637 1623 778 1677 vivat
802 1663 815 1687 ,
857 1629 1095 1676 mortuus
1120 1626 1218 1672 est.
1250 1614 1511 1668 Foderunt
1537 1621 1650 1664 ante
1687 1609 1865 1679 facient
1891 1621 2051 1658 nteant

485 1721 699 1788 foveam,
731 1724 779 1770 et
814 1714 912 1782 ipsi
934 1712 1214 1766 inciderunt
1241 1709 1293 1762 in
1331 1722 1462 1761 eam.
1494 1703 1750 1760 Omnibus
1777 1699 1928 1754 malis
1957 1713 2050 1753 ne-

485 1823 636 1863 cesse
663 1814 822 1862 estut
842 1803 941 1858 hoc
969 1801 1254 1871 contingat.

557 1899 643 1953 15.
682 1896 850 1969 [vers.
878 1891 968 1967 8.]
1013 1893 1270 1946 Boaorum
1313 1896 1486 1942 autem
1513 1884 1757 1956 patientia
1784 1895 2048 1952 praepara-

483 1989 627 2046 tione
641 1987 817 2044 cordis
832 1985 1029 2053 excipit
1049 1983 1366 2036 voluntatem
1389 1977 1501 2041 Dei,
1533 1985 1586 2031 et
1603 1975 1856 2045 gloriatur
1874 1971 1924 2026 in
1959 1971 2054 2026 tri.

483 2079 859 2141 bulatiouibus,
919 2075 1100 2130 dicens
1148 2070 1288 2142 quod
1333 2068 1569 2138 sequitur
1615 2083 1630 2120 :
1678 2063 1921 2118 Paratum
1965 2078 2052 2116 cor

484 2160 672 2237 meum,
701 2168 860 2232 Deus,
889 2174 1125 2236 paratum
1150 2179 1236 2216 cor
1272 2174 1471 2223 meum;
1497 2157 1704 2212 cantabo
1733 2163 1780 2209 et
1811 2153 2047 2226 psallam.

483 2260 619 2328 Quid
649 2257 768 2313 fecit
801 2255 968 2312 mihi?
999 2250 1204 2308 Paravit
1229 2251 1452 2313 foveam,
1479 2263 1573 2301 cor
1608 2259 1781 2300 meum
1815 2252 2050 2314 paratum

484 2362 586 2408 cst.
618 2350 709 2406 ille
735 2347 933 2420 paravit
955 2345 1158 2400 foveam
1186 2343 1250 2395 ad
1282 2338 1670 2410 decipiendum,
1699 2352 1799 2407 ego
1823 2351 1915 2392 cor
1943 2349 2047 2389 non
2065 2407 2082 2417 Ι

485 2442 682 2514 parabo
700 2440 764 2496 ad
784 2434 1217 2510 perpetiendum?
1238 2433 1327 2488 Ille
1341 2431 1546 2510 paravit
1568 2430 1768 2485 foveam
1794 2429 1858 2484 ad
1881 2428 2054 2497 oppri-

485 2533 753 2597 mendum,
794 2545 892 2601 ego
931 2545 1027 2584 cor
1055 2542 1159 2582 non
1187 2524 1382 2596 parabo
1409 2523 1475 2578 ad
1517 2521 1844 2576 tolerandum
1871 2519 1895 2572 ἲ
1921 2520 2052 2574 Pro-

487 2635 668 2696 pterea
701 2622 790 2678 ille
832 2620 1028 2676 incidet
1069 2620 1120 2671 in
1171 2632 1318 2682 eam,
1371 2629 1468 2686 ego
1505 2622 1679 2668 autem
1721 2611 1946 2666 cantabo
1997 2620 2052 2666 et

485 2715 722 2786 psallam.
754 2710 888 2766 Audi
917 2726 1008 2766 cor
1034 2719 1270 2779 paratum
1299 2709 1348 2761 in
1375 2703 1773 2776 Apostolo,qttia
1818 2703 2050 2758 imitatus

483 2817 567 2862 est
593 2805 869 2861 Dominum
896 2818 1046 2857 suum
1074 2819 1086 2855 :
1121 2799 1425 2868 Gloriamur,
1455 2799 1642 2868 inquit,
1683 2797 1735 2850 in
1765 2796 2049 2850 tribulatio-

485 2899 669 2964 nibus;
703 2897 820 2968 quia
877 2895 1129 2948 tribulatio
1169 2893 1459 2962 patientiam
1501 2899 1769 2960 operatur,
1811 2890 2051 2958 patientia

487 2988 854 3059 probationem.
885 2985 1112 3056 probatio
1148 3000 1285 3052 spent
1304 3023 1318 3048 ,
1337 2999 1449 3050 spes
1487 2997 1599 3035 vero
1626 2997 1725 3034 non
1751 2981 2047 3050 confundit:

485 3081 604 3150 quia
622 3078 840 3133 cltaritas
869 3076 966 3131 Dei
990 3074 1178 3142 diﬂ'usa
1200 3085 1269 3128 est
1296 3074 1347 3126 in
1372 3072 1601 3127 cordibus
1616 3072 1798 3126 nostris
1820 3088 1910 3142 per
1930 3071 2052 3140 Spi-

486 3171 638 3222 ritum
672 3177 898 3221 sanctum
923 3165 1174 3240 quidatus
1203 3173 1273 3217 est
1307 3163 1445 3216 nobis
1467 3162 1638 3234 (lium.
1665 3177 1717 3224 v,
1741 3162 1830 3217 55
1853 3162 1893 3231 ).
1931 3163 2053 3216 Erat

486 3261 542 3316 in
559 3259 838 3331 pressuris,
857 3258 909 3312 iu
936 3259 1155 3321 catenis,
1178 3257 1232 3309 in
1243 3253 1560 3317 carceribus,
1581 3253 1630 3307 in
1649 3252 1828 3322 plagis,
1848 3253 2053 3308 infame

487 3365 540 3409 et
555 3353 721 3420 siti,in
735 3351 926 3422 frigore
945 3358 998 3405 et
1015 3347 1266 3414 nuditate,
1285 3347 1335 3401 in
1353 3346 1495 3401 omni
1514 3345 1800 3398 vastatione
1818 3345 2051 3399 laborum

487 3459 541 3504 et
568 3446 809 3501 dolorum
838 3443 915 3516 (11
942 3442 1059 3500 Cor.
1086 3440 1243 3506 XI,27
1265 3442 1282 3511 )
1302 3482 1316 3505 ,
1338 3448 1392 3494 et
1418 3439 1622 3493 dicebat
1653 3455 1667 3492 :
1697 3437 1982 3491 Glorientur
2001 3443 2055 3493 in

487 3535 907 3591 tribulationibus.
951 3532 1122 3597 Unde,
1137 3531 1236 3586 nisi
1273 3530 1394 3600 quia
1414 3538 1648 3598 paratum
1675 3538 1754 3583 est
1777 3543 1869 3582 cor
1900 3528 2056 3597 ejus?

489 3629 611 3684 Ideo
635 3626 877 3683 cantabat
907 3634 961 3680 et
983 3623 1235 3694 psallebat
1259 3640 1273 3678 :
1303 3620 1550 3674 Paratum
1575 3637 1661 3674 cor
1680 3636 1864 3685 meum,
1896 3619 2051 3686 Deus,

489 3730 721 3792 paratum
745 3736 830 3774 cor
855 3732 1054 3780 nteant;
1074 3716 1281 3771 cantabo
1302 3723 1347 3768 et
1377 3714 1611 3783 psallam.

559 3812 645 3868 16.
673 3811 821 3882 Iners.
849 3807 928 3880 9.]
957 3805 1187 3878 Exsurge
1205 3845 1219 3869 ,
1247 3805 1411 3876 gloria
1452 3820 1580 3857 mea.
1611 3801 1702 3857 ille
1725 3803 1813 3870 qui
1841 3800 2047 3873 fugerat

489 3920 519 3958 a
547 3903 676 3958 facie
698 3901 823 3957 Saiil
853 3900 904 3955 in
933 3899 1261 3969 speluncam,
1287 3895 1538 3965 Exsurge,
1559 3893 1721 3965 gloria
1745 3909 1873 3959 mea,
1890 3893 2053 3962 glori-

493 3994 675 4048 ficetur
702 3992 856 4047 Jesus
891 3999 1011 4060 post
1054 3987 1372 4060 passionem.
1398 3983 1657 4056 Exsurge,
1689 3982 1979 4054 psalterium
2010 3993 2058 4037 et

493 4085 707 4140 cithara.
751 4082 885 4150 Quid
931 4090 1110 4144 vocat,
1158 4088 1215 4132 ut
1242 4076 1460 4147 surgat?
1487 4076 1600 4131 Duo
1635 4089 1829 4145 organa
1869 4073 2054 4140 video,

493 4189 686 4245 corpus
711 4183 887 4227 autem
913 4169 1107 4225 Christi
1133 4185 1293 4223 unum
1321 4167 1472 4222 video
1496 4184 1510 4220 :
1542 4181 1643 4220 una
1681 4181 1804 4221 caro
1825 4179 2059 4221 resurre-

495 4269 602 4332 xit,
633 4275 688 4321 et
723 4263 827 4319 duo
863 4276 1056 4331 organa
1101 4267 1461 4314 surrexerunt.
1492 4258 1726 4312 Alterum
1751 4270 1879 4328 ergo
1903 4271 2058 4328 orga-

495 4375 620 4416 num
664 4355 1003 4427 psalterium,
1035 4351 1254 4405 alterum
1303 4349 1522 4418 cithara.
1567 4349 1772 4419 Organa
1816 4348 2060 4403 dicuntur

497 4451 670 4506 omnia
701 4451 1047 4502 instrumenta
1066 4440 1406 4496 musicorum.
1423 4439 1538 4494 Non
1563 4440 1733 4495 solum
1756 4437 1881 4493 illud
1907 4454 2061 4511 orga-

497 4559 626 4598 num
647 4541 860 4601 dicitur,
887 4535 1030 4607 quod
1053 4533 1252 4606 grande
1277 4540 1378 4590 est.
1400 4540 1453 4587 et
1469 4531 1681 4586 inﬂatur
1701 4530 1939 4594 follibus;
1968 4530 2061 4586 sed

499 4631 749 4703 quidquid
796 4636 1008 4700 aptatur
1043 4624 1109 4679 ad
1138 4620 1453 4679 cantilenam
1474 4663 1488 4685 ,
1530 4629 1584 4676 et
1618 4636 1927 4690 corporeum
1951 4629 2056 4687 est,

501 4739 605 4791 quo
633 4724 980 4777 instrumento
1019 4716 1183 4771 utitur
1219 4713 1305 4784 qui
1336 4721 1538 4777 cantat,
1571 4726 1824 4782 organum
1852 4711 2060 4766 dicitur.

503 4813 755 4867 Distincla
797 4822 919 4866 sunt
955 4819 1131 4864 autem
1182 4807 1318 4862 inter
1347 4821 1406 4860 se
1447 4804 1544 4858 ista
1572 4817 1795 4873 organa;
1825 4813 1878 4858 et
1904 4803 2024 4858 volo
2047 4845 2063 4869 ,

505 4912 755 4973 quantum
796 4901 1050 4956 Dominus
1079 4899 1186 4965 dat,
1230 4896 1465 4951 indicare
1493 4893 1642 4948 vobis
1661 4933 1676 4960 ,
1704 4904 1757 4948 et
1805 4894 2066 4975 quomodo

502 4994 748 5052 distincta
773 5003 916 5060 sunt,
943 5001 998 5047 et
1015 5007 1176 5062 quare
1195 4991 1463 5056 distincta,
1492 4997 1547 5043 et
1573 5002 1736 5058 quare
1763 4987 1970 5057 utrique
1988 4987 2070 5041 di-

503 5096 676 5152 catur,
706 5085 950 5155 Exsurge.
973 5083 1084 5138 lam
1111 5083 1358 5149 diximus,
1385 5097 1484 5136 una
1509 5095 1632 5136 caro
1650 5078 1855 5134 Domini
1885 5093 2066 5134 resur-

504 5179 676 5244 rexit;
703 5189 756 5233 et
776 5177 984 5239 dicitur,
1020 5175 1266 5246 Exsurge,
1296 5174 1585 5242 psalterium
1611 5181 1656 5226 et
1683 5171 1895 5225 cithara.
1923 5170 2070 5225 Psal-

505 5271 698 5326 terium
719 5276 799 5323 est
820 5281 1094 5335 organum,
1119 5264 1254 5334 quod
1272 5264 1480 5333 quidem
1506 5262 1745 5316 manibus
1769 5261 1933 5316 fertur
1955 5276 2073 5330 per-

503 5363 774 5430 cutientis,
803 5369 856 5416 et
876 5357 1104 5414 chordas
1123 5347 1377 5411 distentas
1400 5358 1582 5419 habet;
1609 5353 1700 5408 sed
1726 5355 1869 5408 illum
1899 5354 2069 5407 locum

505 5456 650 5513 unde
679 5467 866 5509 sonum
883 5444 1391 5518 accipiuntchordze,
1410 5444 1536 5499 illud
1560 5457 1843 5497 concavum
1876 5442 2070 5511 lignum

508 5552 650 5622 quod
680 5545 872 5620 pendet
895 5551 948 5599 et
971 5549 1165 5596 tactum
1192 5545 1424 5604 resonat,
1452 5536 1572 5606 quia
1600 5533 1829 5602 concipit
1862 5547 2066 5598 aerem,

513 5621 822 5712 psalterium
860 5637 912 5691 in
946 5631 1222 5703 superiore
1257 5636 1406 5700 parte
1439 5623 1616 5679 habet.
1647 5621 1857 5678 Cithara
1898 5631 2073 5676 autem

513 5733 614 5790 hoc
658 5747 824 5804 genus
866 5726 990 5801 iigui
1028 5737 1314 5782 concavum
1355 5731 1408 5778 et
1436 5729 1688 5775 resonans
1733 5715 1784 5770 in
1829 5713 2072 5770 inferiore

1701 303 1756 356 s.
1799 270 2154 356 AUGUSTINI
2195 297 2496 356 sriscoet

3616 308 3724 358 671‘.

2154 426 2302 485 parte
2326 417 2500 473 habet.
2533 418 2711 489 itaque
2739 420 2789 474 in
2829 420 3075 489 psalterio
3110 422 3324 492 chorda:
3347 439 3533 482 sonum
3555 427 3716 480 dt-sn-

2155 524 2249 576 per
2272 509 2555 580 accipiunt;
2583 511 2631 564 in
2659 511 2860 568 cithara
2888 524 3064 569 autem
3093 515 3304 570 chorda:
3323 531 3506 570 sonum
3533 532 3600 572 ex
3635 521 3690 571 in

2155 599 2344 654 feriore
2377 611 2520 669 parte
2545 602 2808 670 accipiunt
2834 620 2848 656 :
2873 605 2971 659 hoc
2997 605 3220 659 interest
3245 606 3379 660 inter
3406 609 3716 676 psalterium

2153 700 2206 744 et
2234 691 2507 748 citharam.
2549 693 2680 761 Quid
2711 709 2836 763 ergo
2862 695 2968 749 duo
3011 696 3122 750 haec
3152 712 3344 767 organa
3390 700 3539 752 nobis
3587 703 3724 768 lign-

2153 788 2308 840 rant?
2356 787 2567 841 Excitat
2619 788 3027 844 enimChristus
3073 788 3327 843 Dominus
3375 791 3507 844 Deus
3536 805 3724 844 noster

2155 879 2454 946 psalterium
2491 894 2641 932 sumn
2669 889 2720 932 et
2749 880 3000 933 citharam
3032 897 3180 935 suam
3208 924 3222 948 ,
3264 891 3318 936 ct
3343 882 3486 946 dicit,
3522 883 3718 936 Exsur-

2153 987 2269 1039 gant
2295 970 2534 1024 diluculo.
2566 970 2697 1024 Puto
2721 973 2840 1039 quia
2873 973 2956 1027 hic
2977 974 3084 1041 jam
3122 976 3408 1045 agnoscitis
3434 977 3717 1030 hominum

2155 1069 2536 1130 resurgentem.
2584 1061 2826 1132 Legimus
2867 1063 2918 1118 in
2963 1063 3248 1134 Evangelia
3282 1084 3295 1120 :
3329 1068 3499 1122 videte
3530 1069 3720 1123 horam

2154 1153 2574 1207 resurrectionis.
2626 1154 2882 1222 Quamdiu
2940 1172 3032 1223 per
3085 1157 3295 1211 umbras
3345 1160 3723 1228 qua-rebatur‘

2153 1240 2436 1298 Christus?
2493 1244 2682 1307 Luxit,
2738 1257 3085 1313 agnoscatur;
3139 1249 3370 1303 diluculo
3427 1235 3724 1307 resurrexit

2153 1333 2343 1401 (Marc.
2373 1351 2478 1402 xvi,
2505 1335 2584 1405 2).
2607 1335 2709 1392 Sed
2738 1337 2862 1406 quid
2888 1347 2972 1393 est
3000 1339 3335 1406 psalterium?
3368 1342 3493 1410 quid
3527 1353 3610 1397 est
3639 1345 3720 1398 cio

2155 1426 2340 1481 thara‘.’
2378 1426 2481 1484 Per
2506 1442 2718 1483 carnem
2748 1442 2895 1483 suam
2927 1429 3180 1486 Dominus
3203 1431 3307 1486 duo
3328 1447 3516 1502 genera
3547 1435 3714 1488 facto-

2156 1533 2274 1572 rum
2311 1527 2558 1586 operatus
2597 1528 2704 1582 est,
2735 1519 2984 1576 miracula
3026 1531 3081 1576 et
3121 1523 3430 1590 passiones:
3465 1525 3720 1578 miracula

2153 1609 2380 1679 desuper
2405 1611 2646 1675 fuerunt,
2674 1612 2947 1682 passiones
2975 1612 3040 1668 de
3075 1612 3323 1670 inferiore
3361 1615 3592 1672 fuerunt.
3629 1617 3721 1673 Illa

2154 1709 2292 1762 enim
2317 1723 2431 1776 qua:
2455 1707 2576 1763 fecit
2601 1709 2873 1773 miracula,
2896 1709 3070 1763 divina
3089 1719 3240 1764 erant
3260 1725 3274 1774 ;
3295 1710 3385 1765 scd
3413 1727 3507 1780 per
3524 1727 3723 1780 corpus

2156 1798 2310 1863 fecit,
2352 1815 2446 1868 per
2487 1815 2699 1854 carnem
2743 1799 2884 1856 fecit.
2914 1801 3048 1855 Caro
3087 1815 3214 1870 ergo
3253 1800 3426 1856 divina
3457 1818 3720 1870 operans,

2155 1892 2455 1960 psalterium
2499 1900 2582 1945 est
2620 1909 2632 1944 :
2683 1907 2808 1946 caro
2836 1892 3063 1946 humana
3108 1894 3342 1963 patiens,
3375 1896 3575 1951 cithara
3613 1909 3718 1952 est.

2153 1983 2316 2038 Sunet
2342 1984 2646 2054 psalterium
2669 2001 2684 2048 ;
2724 1985 3083 2040 ilinntinentur
3103 1987 3230 2041 ρωθὶ
3249 2028 3264 2049 ,
3298 1987 3513 2050 audiant
3537 1990 3717 2054 surdi,

2152 2075 2475 2144 stringantur
2504 2064 2792 2147 paralytici,
2814 2074 3083 2130 ambulent
3098 2075 3294 2142 claudi,
3319 2091 3535 2146 surgant
3557 2096 3729 2146 :Pgru-

2155 2167 2211 2230 ti,
2243 2175 2516 2236 resurgant
2537 2165 2728 2220 mortui
2759 2184 2772 2219 :
2803 2166 2902 2221 iste
2919 2173 3001 2222 est
3019 2181 3182 2244 sonus
3209 2169 3459 2236 psalterii.
3485 2171 3647 2223 Snuet
3667 2183 3721 2224 et

2153 2259 2381 2318 cithara;
2409 2257 2624 2318 esuriat,
2647 2256 2806 2321 sitiat,
2834 2257 3080 2322 dormiat,
3112 2267 3371 2322 teneatur,
3401 2259 3718 2328 ﬂttgt-llelttr,

2154 2347 2448 2412 irrideatur,
2479 2348 2832 2418 crucifigatur,
2863 2349 3166 2417 sepeliatur.
3185 2350 3314 2405 Cum
3341 2366 3468 2421 ergo
3498 2353 3642 2406 vides
3667 2355 3719 2406 in

2155 2439 2238 2493 illa
2269 2454 2426 2494 carne
2464 2439 2702 2509 quaedam
2726 2440 2968 2495 sonuisse
2993 2440 3238 2510 desuper,
3269 2443 3510 2512 qmedam
3537 2444 3604 2498 de
3631 2445 3718 2498 iu-

2155 2530 2342 2585 leriore
2383 2541 2529 2600 parte
2553 2572 2568 2595 ,
2601 2547 2700 2585 una
2745 2545 2869 2585 caro
2899 2526 3215 2597 resurrexit,
3255 2542 3310 2588 et
3349 2533 3400 2587 in
3431 2550 3530 2588 una
3558 2552 3725 2592 carne

2153 2623 2485 2693 agnoscimus
2510 2631 2564 2677 et
2589 2621 2891 2692 psalterium
2911 2631 2966 2677 et
2985 2622 3262 2678 citharam.
3292 2623 3356 2678 Et
3377 2624 3473 2678 ista
3499 2625 3604 2678 duo
3625 2642 3723 2694 ge-

2155 2731 2278 2770 nera
2303 2714 2560 2769 factorum
2591 2715 2937 2783 impleverunt
2975 2715 3344 2785 Evangelium,
3380 2725 3434 2770 et
3463 2719 3722 2785 pra-dica-

2156 2818 2240 2863 tur
2260 2809 2311 2863 in
2335 2807 2614 2879 gentibus;
2647 2823 2765 2862 nam
2789 2816 2842 2862 et
2865 2808 3112 2863 miracula
3133 2817 3186 2864 et
3212 2809 3485 2879 passiones
3511 2811 3723 2867 Domini

2157 2883 2526 2972 praidicantur.
3109 2966 3112 2970 _

2227 2995 2312 3049 i7.
2341 2992 2486 3064 [vers.
2512 2991 2708 3062 £042.]
2734 2991 2871 3061 Ergo
2891 2993 3118 3058 surrexit
3139 2994 3438 3062 psalterium
3466 3006 3520 3050 et
3545 2999 3719 3051 citha-

2156 3101 2212 3140 ra
2237 3084 2464 3139 diluculo
2483 3126 2496 3146 ,
2526 3093 2581 3138 et
2607 3083 2887 3138 conﬁtetur
2920 3083 3142 3138 Domino
3168 3105 3179 3140 :
3207 3094 3261 3140 et
3289 3088 3412 3156 quid
3441 3089 3552 3143 ait?
3581 3091 3722 3144 Con-

2156 3178 2330 3246 [itebor
2359 3176 2445 3230 tibi
2473 3178 2524 3229 in
2551 3176 2777 3247 populis,
2808 3174 3053 3243 Domine,
3084 3187 3130 3232 et
3157 3179 3371 3248 psallam
3403 3181 3489 3233 tibi
3517 3183 3568 3234 in
3595 3200 3724 3252 gen-

2155 3269 2284 3322 tibus
2306 3283 2324 3321 :
2351 3270 2471 3336 quia
2489 3268 2811 3338 magni/irata
2836 3276 2905 3321 est
2930 3285 3083 3337 usque
3104 3270 3172 3321 ad
3197 3271 3345 3323 calas
3375 3272 3728 3327 misericordia

2157 3370 2263 3424 tua,
2290 3369 2336 3412 et
2361 3375 2512 3426 usque
2530 3358 2596 3410 ad
2616 3359 2767 3412 nubes
2788 3359 2964 3412 ueritas
2989 3369 3094 3412 tua.
3115 3357 3247 3414 Caeli
3271 3375 3429 3429 snpra
3454 3362 3641 3424 nubes,
3669 3375 3729 3418 ct

2157 3449 2323 3504 nubes
2352 3448 2483 3503 infra
2513 3449 2676 3503 caelos
2710 3465 2723 3501 :
2766 3459 2818 3503 et
2847 3457 3023 3503 tamen
3052 3448 3118 3504 ad
3164 3450 3265 3505 hoc
3303 3453 3495 3506 caelum
3545 3455 3730 3522 proxi-

2159 3556 2300 3594 mum
2341 3540 2602 3609 pertinent
2643 3540 2826 3594 nuhes.
2856 3540 2959 3595 Sed
2979 3541 3272 3609 aliquando
3307 3543 3478 3597 nubes
3517 3560 3730 3600 recum-

2160 3632 2288 3687 bunt
2325 3632 2374 3686 in
2414 3631 2707 3698 montibus,
2739 3646 2903 3701 usque
2938 3631 3072 3686 adeo
3097 3632 3148 3686 in
3179 3633 3419 3703 proximo
3444 3652 3568 3690 aere
3597 3652 3733 3690 con-

2157 3725 2532 3795 glomerantur.
2557 3723 2761 3777 Caelum
2791 3732 2962 3777 autem
2992 3737 3212 3778 sursum
3241 3733 3344 3791 est,
3371 3724 3731 3784 habitationes

2160 3815 2508 3886 Angelorutn,
2537 3814 2774 3880 Sedium,
2808 3813 3228 3868 Dominationum
3251 3856 3264 3878 .
3303 3815 3730 3886 Principatuum,

2161 3911 2506 3966 Potestatum.
2528 3907 2656 3961 Illud
2675 3921 2798 3976 ergo
2825 3905 2956 3960 forte
2976 3906 3217 3960 videatur
3237 3907 3396 3962 fuisse
3415 3907 3726 3971 dicendum,

2160 4002 2480 4071 Maguiticata
2512 4007 2594 4054 est
2617 4014 2780 4069 usque
2817 3997 2880 4052 ad
2907 4000 3072 4053 caelos
3104 3999 3294 4053 veritas
3335 4007 3442 4060 tua.
3477 4011 3531 4055 et
3557 4018 3731 4071 usque

2159 4094 2225 4150 ad
2268 4094 2435 4148 nubes
2472 4090 2828 4146 misericordia
2872 4098 2976 4143 tua.
3028 4089 3234 4144 Etenim
3279 4091 3328 4144 in
3363 4091 3502 4146 caelo
3537 4095 3731 4162 Angeli

2161 4187 2376 4241 laudant
2405 4186 2588 4247 Deum,
2610 4182 2848 4236 videntes
2877 4182 3041 4251 ipsam
3065 4183 3294 4253 speciem
3325 4183 3581 4244 veritatis.
3607 4185 3733 4241 sine

2162 4279 2265 4332 ulla
2290 4277 2509 4346 caligine
2537 4273 2774 4336 visionis,
2803 4272 2920 4327 sine
2949 4273 3352 4342 interpolatione
3370 4275 3390 4305 ³
3417 4275 3590 4344 aliqua
3620 4274 3731 4328 fal‘

2161 4368 2331 4423 sitatis
2363 4385 2376 4419 :
2404 4365 2604 4428 vident,
2629 4362 2882 4432 diligunt,
2907 4363 3154 4429 laudant,
3185 4379 3290 4416 non
3318 4362 3618 4434 fatigantur.
3650 4365 3733 4421 lhi

2162 4459 2396 4515 veritas:
2436 4456 2522 4511 hic
2547 4463 2724 4509 autem
2751 4455 2803 4509 in
2843 4453 3275 4522 nostragmiseria
3300 4455 3478 4524 utique
3516 4456 3734 4510 miseri-

2164 4551 2357 4607 cordia.
2385 4548 2575 4603 Misero
2605 4548 2746 4603 enim
2781 4545 3059 4616 praebenda
3090 4554 3172 4600 est
3200 4546 3583 4602 misericordia.
3610 4547 3735 4604 Non

2165 4643 2304 4699 enim
2326 4653 2458 4710 opus
2478 4647 2558 4693 est
2578 4636 2935 4691 misericordia
2961 4651 3190 4702 sursum,
3216 4637 3298 4689 ubi
3321 4636 3495 4690 nullus
3519 4647 3599 4691 est
3620 4639 3740 4692 nti-

2168 4750 2272 4790 ser.
2306 4733 2417 4786 Hoc
2460 4735 2736 4799 propterea
2763 4727 2867 4781 dixi
2894 4768 2908 4791 ,
2955 4727 3075 4796 quia
3105 4727 3312 4781 videtur
3355 4728 3743 4797 congruentius

2167 4825 2268 4881 dici
2293 4822 2543 4893 potuisse,
2568 4819 2891 4889 Magniﬁcata
2918 4829 3000 4872 cst
3033 4834 3200 4887 usque
3237 4819 3302 4873 ad
3325 4819 3507 4874 caelos
3535 4820 3746 4875 veritas

2171 4927 2278 4980 tua,
2310 4924 2362 4968 et
2388 4926 2550 4982 usque
2578 4909 2642 4964 ad
2672 4909 2837 4963 nubes
2865 4908 3220 4963 misericordia
3248 4894 3357 4963 tua.
3386 4910 3561 4964 Nubes
3585 4910 3745 4967 enim

2172 5007 2509 5076 intelligimus
2531 5002 2898 5073 praedicatores
2921 5002 3176 5064 veritatis,
3203 5002 3444 5057 homines
3463 5011 3750 5070 portantes

2173 5099 2324 5152 istam
2361 5110 2574 5150 carnem
2608 5093 2945 5161 caliginosum
2975 5092 3394 5161 quodammodo,
3422 5091 3563 5145 unde
3590 5092 3750 5148 Dens

2174 5201 2226 5244 et
2252 5195 2494 5242 coruscat
2519 5183 2803 5248 miraculis,
2829 5192 2884 5236 et
2910 5193 3052 5236 tonat
3083 5184 3359 5252 praiceptis
3379 5202 3392 5235 :
3415 5196 3468 5238 et
3491 5183 3587 5252 ipsi
3610 5195 3753 5239 sunt

2176 5283 2277 5336 illa:
2308 5281 2472 5333 nubes
2494 5277 2560 5332 de
2594 5277 2780 5346 quibus
2805 5275 2932 5329 dicit
2955 5276 3112 5329 Isaias
3139 5291 3203 5330 ex
3239 5290 3460 5345 persona
3501 5275 3751 5342 Domini,

2176 5373 2454 5440 increpans
2483 5367 2760 5437 quamdam
2789 5366 2992 5420 vincam
3025 5366 3236 5429 malam,
3264 5366 3520 5431 sterilem,
3551 5367 3753 5434 spino-

2178 5479 2309 5526 sam,
2345 5458 2595 5514 Mandabo
2621 5457 2827 5511 nubibus
2852 5458 2973 5510 meis
2992 5499 3007 5523 ,
3042 5473 3103 5510 ne
3129 5457 3303 5526 pluunt
3331 5473 3482 5526 super
3501 5474 3610 5510 eam
3636 5455 3754 5510 int-

2242 5597 2256 5628 ι
2293 5591 2502 5662 Nonnulli
2526 5589 2649 5650 odd.,
2677 5601 2916 5662 miraretur
2951 5597 3164 5662 (anuus
3184 5593 3208 5642 ζ’
3245 5599 3412 5641 Postea
3453 5587 3567 5638 add.
3608 5585 3757 5640 fere-

2178 5658 2311 5711 bant,
2343 5665 2440 5703 tua:
2456 5654 2627 5714 itaque.
2654 5659 2853 5714 Attuss.,
2880 5653 3034 5702 uixit.

2251 5721 2268 5750 ⁸
2304 5727 2325 5766 t‘
2337 5716 2520 5782 lcrique
2537 5713 2684 5773 Mss,
2705 5713 3087 5775 interpellatione.
