4022 6200
350 291 454 349 ιιτδ

340 591 561 658 gelizent
590 592 639 646 iu
676 603 812 647 terra
847 594 976 646 bona
1009 595 1270 663 Gentium,
1303 600 1438 654 unde
1467 618 1571 656 non
1597 605 1782 674 spinm,
1809 605 1905 660 sed

339 696 455 733 uvae
481 684 784 750 procedant.
816 684 1064 738 Novimus
1089 703 1215 756 ergo
1243 690 1409 744 nubes
1437 692 1525 745 Dei
1562 708 1680 748 esse
1710 695 1900 764 praedi-

337 783 544 828 catores
569 760 826 842 veritatis,
854 777 1140 847 Prophetas
1158 821 1174 845 ,
1206 782 1511 851 Apostolus,
1548 800 1734 841 omnes
1761 796 1902 841 recte

337 867 664 935 proferentes
689 869 905 924 verbum
927 872 1161 926 veritatis
1187 882 1242 926 ct
1269 874 1521 930 habentes
1553 878 1602 930 in
1635 894 1694 932 se
1723 880 1898 934 lumen

249 981 253 985 -
331 959 617 1025 occultum,
645 959 782 1014 sicut
809 961 1002 1016 habent
1027 959 1197 1018 nubes
1213 965 1351 1019 unde
1370 977 1646 1022 coruscant
1681 987 1694 1044 ς
1724 968 1897 1023 horni-

330 1065 430 1105 nes
454 1066 580 1119 ergo
614 1051 804 1106 nubes.
835 1053 970 1118 Quid
997 1055 1093 1108 sibi
1126 1056 1302 1126 itaque
1329 1059 1456 1124 vult,
1497 1060 1738 1127 Domine,
1765 1062 1897 1130 Quia

329 1143 654 1212 attigui/imm
700 1153 771 1197 est
823 1161 976 1215 usque
1031 1149 1097 1200 ad
1132 1150 1279 1203 caelos
1312 1151 1648 1206 misericordia
1685 1164 1800 1218 tua,
1850 1167 1895 1208 et

325 1247 484 1298 usque
508 1233 575 1285 ad
602 1235 756 1287 nubes
789 1237 968 1289 veritas
1002 1249 1086 1291 tua
1106 1239 1132 1292 7
1163 1239 1366 1297 Veritas
1402 1239 1672 1312 prat'pollel
1700 1246 1752 1299 in
1781 1248 1892 1300 An-

319 1325 456 1393 gelis
504 1343 517 1379 :
561 1324 655 1379 sed
703 1325 892 1381 dedisti
939 1327 1079 1381 illam
1139 1341 1190 1384 et
1240 1332 1568 1400 hominibus,
1617 1344 1670 1392 et
1725 1337 1893 1392 dedu-

321 1417 443 1468 xisti
497 1417 638 1471 illam
693 1432 858 1488 usque
909 1419 975 1473 ad
1024 1421 1208 1476 nubes.
1266 1423 1528 1479 Sursum'
1585 1429 1886 1484 miscricor-

315 1506 403 1559 dia
458 1507 703 1561 videntur
752 1509 939 1578 Angeli
996 1526 1100 1565 non
1155 1513 1422 1584 indigere;
1479 1518 1569 1571 sed
1619 1521 1738 1588 quia
1794 1521 1888 1576 ho-

315 1596 489 1650 mines
531 1597 752 1653 miseros
781 1607 834 1654 tu
882 1601 1182 1669 miser-aris,
1213 1613 1269 1659 et
1315 1607 1601 1675 prutbcudo
1643 1611 1745 1665 illis
1789 1612 1886 1665 mi-

311 1688 658 1743 sericordiam
695 1692 1172 1749 communicatione
1209 1699 1611 1753 resurrectionis
1650 1702 1884 1773 Angelos

310 1778 462 1842 facis,
489 1793 653 1850 usque
674 1780 738 1836 ad
755 1782 922 1837 oculos
945 1792 1027 1838 est
1051 1785 1406 1842 misericordia
1433 1797 1538 1842 tua.
1571 1790 1747 1846 Gloria
1780 1795 1882 1850 Do-

306 1872 457 1924 mino
482 1883 680 1936 nostro,
709 1883 764 1928 et
782 1875 1155 1930 misericordia:
1185 1877 1368 1946 ipsius,
1391 1888 1444 1934 et
1464 1882 1666 1936 veritati
1694 1885 1875 1953 ipsius,

305 1964 428 2031 quia
479 1979 575 2020 nec
636 1964 870 2020 deseruit
915 1981 1012 2026 nos
1059 1969 1416 2025 misericordia
1467 1971 1639 2028 facere
1695 1975 1878 2032 beatos

303 2071 401 2124 per
424 2057 643 2126 gratiam
681 2072 828 2112 suam
849 2100 863 2122 ,
896 2073 996 2114 nec
1030 2058 1290 2114 fraudavit
1334 2077 1430 2116 nos
1455 2064 1675 2120 veritate
1708 2083 1720 2118 :
1754 2067 1876 2137 quia

302 2146 476 2214 prium
507 2148 702 2202 veritas
737 2161 898 2203 carne
938 2159 1119 2218 operta
1145 2151 1288 2206 venit
1331 2152 1396 2206 ad
1427 2168 1522 2208 nos
1543 2196 1558 2218 ,
1588 2167 1639 2210 et
1667 2159 1876 2214 sanavit

300 2254 398 2305 per
425 2253 636 2293 carnem
667 2253 816 2293 suam
845 2241 1052 2295 oculum
1078 2242 1377 2297 interiorem
1404 2245 1580 2300 cordis
1605 2249 1790 2312 nostri,
1817 2260 1873 2304 ut

296 2343 416 2381 eam
456 2339 632 2396 postea
656 2328 787 2385 facie
815 2330 881 2384 ad
923 2329 1113 2387 faciem
1150 2333 1325 2388 videre
1358 2349 1634 2402 possemus
1662 2338 1716 2410 (Ι
1749 2339 1865 2394 Cor.

295 2435 412 2480 xm.
449 2419 511 2472 12
532 2420 567 2488 ).
601 2422 827 2490 Agentes
852 2437 978 2491 ergo
1003 2422 1076 2476 illi
1103 2413 1316 2492 gratias,
1344 2425 1581 2480 dicamus
1607 2442 1724 2482 cum
1753 2429 1869 2498 ipso

295 2509 508 2563 Psahuo
537 2510 744 2565 ultimos
771 2526 954 2567 versus
977 2555 991 2578 ,
1020 2528 1150 2582 quos
1170 2514 1478 2584 jamdudum
1505 2518 1662 2572 etiam
1690 2518 1825 2573 dixit
1850 2539 1863 2574 :

295 2601 540 2657 Exultare
565 2621 714 2672 super
737 2605 888 2658 ctclos
917 2605 1071 2668 Deus,
1095 2616 1139 2659 ct
1156 2623 1306 2677 super
1332 2624 1525 2662 omnem
1553 2620 1735 2664 terram
1754 2611 1868 2681 glo-

292 2696 372 2747 ria
399 2707 504 2748 tua.
553 2695 663 2750 lloc
688 2697 828 2750 enim
857 2697 906 2751 ei
947 2697 1077 2750 dixit
1104 2697 1359 2766 Propheta
1395 2710 1517 2754 ante
1551 2709 1626 2754 tot
1649 2717 1816 2757 annos
1848 2723 1862 2758 :

292 2790 394 2838 hoc
424 2785 580 2839 modo
609 2785 848 2841 videmus
872 2803 1002 2851 nus;
1032 2787 1132 2842 hoc
1156 2804 1282 2858 ergo
1301 2789 1538 2845 dicamus
1563 2804 1616 2846 et
1645 2809 1762 2848 nos.

721 2953 801 3013 1N
845 2953 1215 3016 PSALMUM
1250 2930 1412 3016 LVII

872 3074 1287 3130 ENARRATIO.
1355 3069 1363 3080 ’

779 3184 948 3226 εειιιιο
997 3185 1065 3224 ΔΙ)
1116 3184 1336 3224 Ριειιειι.

357 3268 410 3320 1.
436 3266 583 3339 luers.
641 3264 670 3317 ἲ
694 3305 709 3328 ,
761 3261 841 3335 2.]
869 3262 980 3317 Vox
1009 3278 1162 3332 quam
1191 3262 1542 3328 cantavimus,
1592 3265 1854 3321 audienda

285 3359 439 3410 nobis
495 3356 659 3426 magis
699 3363 817 3419 est,
867 3362 1046 3424 quam'
1075 3353 1366 3408 clamanda.
1401 3355 1655 3410 Omnibus
1706 3359 1848 3411 enim

283 3460 533 3521 tanquam
565 3449 614 3503 iu
643 3446 897 3502 concione
920 3446 1128 3516 generis
1157 3446 1370 3500 humani
1400 3447 1593 3501 veritas
1618 3449 1809 3503 clamat
1834 3469 1848 3505 :

281 3543 346 3597 Si
369 3558 480 3595 uere
508 3541 676 3609 utique
691 3539 944 3610 justitiam
965 3537 1223 3607 loquimini
1241 3579 1256 3603 ,
1288 3549 1424 3592 recta
1450 3541 1680 3608 judicate
1707 3583 1723 3607 ,
1755 3543 1851 3610 ﬁlii

281 3635 564 3686 hominum.
587 3629 680 3685 Cui
711 3631 850 3683 enim
883 3629 1061 3698 iniquo
1090 3645 1191 3682 non
1220 3629 1374 3684 facile
1404 3639 1484 3683 est
1512 3631 1652 3700 loqui
1690 3633 1847 3701 justi-

281 3724 453 3778 tiam?
480 3734 570 3777 aut
599 3723 717 3794 quis
739 3722 807 3777 de
830 3722 1028 3791 justitia
1079 3723 1466 3792 interrogatus,
1500 3725 1711 3793 quando
1740 3742 1843 3780 non

278 3818 442 3877 habet
468 3831 699 3878 causam,
724 3829 828 3869 non
860 3813 1011 3868 facile
1028 3814 1346 3882 respondeat
1369 3815 1492 3884 quid
1524 3817 1591 3869 sit
1614 3816 1849 3885 justum?

277 3906 710 3976 Quatuluquitlettt
742 3920 896 3958 manu
930 3903 1229 3958 formatoris
1259 3905 1424 3957 nostri
1471 3905 1520 3958 in
1575 3906 1701 3974 ipsis
1727 3922 1847 3960 cor-

276 4002 432 4052 dihu:
457 3998 649 4050 nostris
677 3996 870 4050 veritas
901 3995 1109 4063 scripsit
1139 4010 1154 4048 :
1187 3993 1335 4060 Quod
1356 3995 1442 4048 tibi
1465 4013 1564 4049 non
1591 3998 1666 4049 vis
1697 3998 1839 4064 ﬁeri,

276 4109 339 4143 ne
371 4091 528 4161 facins
554 4089 696 4141 alteri
724 4085 872 4151 tTob.
905 4101 958 4139 tv
980 4129 994 4148 ,
1025 4085 1090 4139 16
1110 4127 1124 4147 ,
1149 4096 1193 4139 et
1228 4085 1413 4139 Matth.
1443 4103 1515 4142 vn
1536 4129 1550 4152 ,
1591 4088 1699 4160 12).
1736 4090 1843 4145 lloc

273 4194 324 4237 et
355 4194 634 4248 antequam
665 4178 770 4233 Lex
801 4177 1014 4231 daretur
1060 4191 1214 4231 nemo
1263 4178 1504 4246 ignorare
1553 4180 1842 4249 permissus

273 4285 356 4329 cst
381 4317 394 4336 ,
427 4284 482 4326 ut
508 4280 649 4325 esset
679 4271 816 4324 unde
865 4268 1226 4337 judicareutur
1250 4279 1304 4323 et
1346 4271 1538 4340 quibus
1580 4272 1685 4327 Lex
1735 4289 1837 4328 non

271 4375 417 4420 esset
442 4365 582 4418 data.
608 4361 804 4416 Sedlnc
831 4361 927 4414 sibi
960 4360 1197 4415 homines
1225 4361 1417 4430 aliquid
1445 4361 1673 4416 defuisse
1696 4379 1838 4433 quas-

270 4465 520 4512 rcrentur
540 4495 555 4514 .
581 4453 835 4520 scriptum
859 4462 939 4506 est
962 4460 1016 4505 et
1044 4452 1094 4505 in
1128 4451 1316 4504 tabulis
1341 4452 1478 4520 quod
1515 4453 1564 4506 in
1590 4455 1838 4509 cordibus

269 4563 376 4603 non
406 4547 664 4615 legebant.
687 4542 801 4596 Non
830 4543 969 4596 enim
999 4544 1247 4611 scriptum
1279 4558 1380 4594 non
1409 4541 1670 4597 habebant
1693 4585 1709 4610 ,
1743 4547 1834 4600 sed

267 4640 445 4708 legere
475 4635 742 4690 nolebant.
772 4634 1078 4703 Oppositum
1125 4643 1202 4686 est
1252 4634 1418 4690 oculis
1462 4649 1644 4687 eorum
1695 4637 1835 4704 quod

267 4732 320 4784 in
348 4727 672 4783 conscientia
701 4725 878 4778 videre
903 4733 1249 4792 cogerentur;
1281 4733 1331 4777 et
1367 4725 1513 4794 quasi
1544 4724 1835 4781 forinsecus

265 4823 481 4876 admota
521 4833 649 4872 voce
680 4816 771 4870 Dei
795 4859 809 4880 ,
841 4817 904 4870 ad
933 4815 1178 4868 interiora
1203 4829 1295 4868 sua
1324 4814 1483 4868 homo
1532 4816 1833 4886 compulsus

263 4923 347 4967 est
371 4952 387 4977 ,
421 4911 626 4964 dicente
655 4909 920 4977 Scriptura
948 4925 960 4959 :
1001 4905 1066 4959 In
1105 4906 1483 4976 cogitationibus
1524 4907 1654 4960 enim
1689 4910 1831 4979 impii

263 4999 588 5069 interrogatio
608 5000 697 5052 erit
722 4997 874 5071 (Sap.
911 5012 959 5060 ι,
987 4995 1064 5066 9).
1094 4995 1194 5052 Ubi
1221 4997 1543 5067 interrogatio
1565 5039 1580 5063 ,
1610 4998 1680 5052 ibi
1723 5001 1826 5054 lex.

261 5094 369 5150 sed
399 5094 515 5162 quia
547 5091 786 5145 homines
809 5098 1115 5159 appetentes
1135 5103 1194 5143 ea
1216 5104 1332 5158 qua:
1359 5087 1486 5144 foris
1509 5099 1650 5155 sunt,
1673 5094 1828 5148 etiam

262 5200 293 5239 a
319 5185 510 5254 scipsis
538 5184 749 5237 exsules
776 5181 895 5235 facti
926 5187 1070 5244 sunt,
1090 5179 1206 5232 data
1231 5189 1312 5233 est
1335 5179 1492 5234 etiam
1531 5184 1826 5252 conscripta

263 5276 353 5332 lex
383 5294 398 5330 :
431 5291 534 5329 non
564 5275 682 5346 quia
711 5275 762 5327 in
789 5272 1035 5328 cordibus
1060 5272 1250 5340 scripta
1281 5287 1384 5326 non
1407 5281 1551 5336 erat;
1583 5274 1674 5328 scd
1705 5277 1826 5346 quia

262 5379 316 5421 tu
347 5365 592 5436 fugitivus
612 5379 730 5419 cras
769 5363 945 5418 cordis
992 5363 1100 5426 tui,
1146 5363 1212 5416 ab
1265 5362 1353 5416 illo
1378 5364 1464 5448 qui
1508 5364 1697 5434 ubique
1745 5375 1826 5420 est

259 5456 732 5528 comprehenderis
765 5495 780 5516 ,
831 5464 884 5508 et
930 5453 995 5507 ad
1053 5454 1283 5523 teipsum
1344 5455 1483 5508 intro
1538 5457 1820 5511 revocaris.

264 5552 548 5615 Propterea
576 5547 772 5616 scripta
793 5545 874 5601 lex
905 5547 1027 5618 quid
1056 5547 1246 5601 clamat
1276 5546 1352 5600 eis
1373 5547 1460 5616 qui
1483 5545 1825 5601 deseruerunt

262 5639 428 5708 legem
451 5639 701 5710 scriptam
722 5638 773 5692 iu
793 5637 1043 5692 cordibus
1072 5639 1179 5693 suis
1209 5637 1378 5708 (Rom.
1412 5653 1467 5703 ιι,
1497 5632 1621 5708 l5)?
1648 5635 1824 5693 Redite

325 5775 339 5804 ⁸
373 5781 546 5822 crimes
569 5779 690 5834 uss,
715 5779 903 5822 Rursus.

1455 301 1841 362 ENARRATIO
1881 307 1943 364 ΙΝ
1985 309 2298 374 [δειωιυιι
2325 320 2472 378 LHI.

348 419 478 462 umu
500 409 649 477 "sui.
681 427 730 471 ν,
759 410 813 480 6)
849 429 860 466 :
893 411 941 466 id
973 423 1069 477 est,
1103 416 1658 488 mandabo-Apostolis
1689 423 1911 487 meis,ut

343 500 591 556 deserant
617 502 849 569 ,ιιιιι;ιτος,
879 513 932 556 et
959 521 1061 558 non
1094 499 1192 560 illis
1214 511 1597 579 cvangelizeut,
1628 515 1720 568 sed
1749 532 1909 569 evan-

3474 353 3574 411 674

2013 434 2419 495 promaricatores
2459 429 2635 497 alter
2676 443 2834 514 .(lsrti.
2868 467 2988 510 xt.vr
3011 495 3027 522 ,
3058 457 3133 525 8).
3166 461 3292 528 Quis
3329 471 3472 526 enim
3522 484 3572 528 te
3639 499 3650 519 ν

2010 517 2186 574 docuit
2206 563 2220 585 .
2255 526 2396 581 nolle
2424 532 2602 586 accedi
2623 534 2691 589 ab
2715 537 2885 594 altero
2908 544 2974 597 ad
3005 517 3221 604 uxorem
3245 563 3382 611 tuam
3405 560 3427 612 2
3453 563 3572 630 quis

2010 618 2060 662 te
2081 609 2300 676 docuit,
2351 618 2491 673 nolle
2518 621 2610 676 tibi
2641 624 2836 682 furtum
2889 632 3042 689 fieri?
3088 640 3206 708 quis
3254 653 3305 698 te
3345 609 3570 711 doctu—tn.

2006 701 2145 755 nolle
2170 703 2410 772 injuriam
2440 713 2543 778 pati
2565 755 2579 777 ,
2608 724 2662 768 et
2687 719 2938 790 quidquid
2959 701 3209 784 aliud-vel
3259 701 3571 794 universali:

1990 794 2084 844 'ter
2111 795 2192 847 vel
2233 800 2618 866 particulariter
2641 807 2742 863 dici
2772 817 2981 879 potest?
3033 819 3189 876 Multa
3235 827 3376 882 enim
3403 845 3522 886 sunt
3547 876 3563 900 ,

2001 881 2067 937 de
2093 885 2285 954 quibus
2311 890 2530 960 singulis
2583 897 2884 973 interrogati
2940 908 3215 980 homines,
3258 920 3398 974 clara
3438 881 3568 982 voce

2000 977 2381 1047 respondeant,
2412 986 2551 1040 nolle
2574 1002 2632 1042 se
2659 994 2784 1059 pati.
2812 997 2920 1067 Age
2944 1040 2960 1066 ,
2992 1002 3034 1053 si
3061 1018 3164 1058 non
3194 977 3272 1062 vis
3297 1012 3402 1079 pati

1999 1068 2250 1136 numquid
2282 1072 2425 1125 solus
2449 1091 2508 1128 es
2538 1077 2733 1135 homo?
2757 1101 2932 1143 nonne
2955 1091 3004 1144 in
3031 1095 3282 1153 societate
3314 1103 3439 1157 vivis
3467 1122 3563 1176 ge-

1999 1156 2134 1176 ---_!-
2164 1157 2189 1176 ιλ
2363 1165 2410 1176 ⁸⁸⁸
2450 1166 2480 1176 "
2531 1171 2538 1176 '
2782 1175 2792 1176 ί

1997 1156 2138 1212 ueris
2164 1157 2411 1217 humani?
2443 1166 2541 1234 Qui
2574 1179 2742 1227 tecum
2772 1175 2944 1234 factus
2967 1194 3049 1236 est
3071 1225 3085 1251 ,
3118 1191 3290 1244 socius
3324 1203 3440 1249 tuus
3459 1156 3560 1264 3a;

1993 1254 2046 1299 et
2065 1262 2250 1304 omnes
2270 1252 2389 1307 facti
2422 1257 2485 1310 ad
2515 1259 2794 1330 imaginem
2823 1268 2946 1334 Dei,
2977 1273 3076 1328 nisi
3107 1281 3328 1334 terrenis
3352 1252 3562 1354 cupidi:

1995 1337 2186 1391 tatibus
2217 1353 2488 1430 conterunt
2520 1351 2657 1418 quod
2692 1355 2780 1409 ille
2809 1355 3073 1416 formavit.
3131 1367 3279 1432 Quod
3317 1337 3560 1443 ergo

1991 1443 2087 1482 non
2109 1433 2179 1484 vis
2203 1435 2341 1499 ﬁeri,
2380 1437 2485 1490 noli
2510 1441 2657 1494 alteri
2695 1446 2878 1513 facere.
2924 1451 3138 1510 Judicas
3177 1461 3316 1515 enim
3363 1469 3557 1524 malum

1987 1534 2107 1574 esse
2145 1522 2281 1577 ineo
2309 1528 2446 1594 quod
2477 1533 2580 1599 pati
2615 1550 2717 1589 nou
2749 1539 2824 1593 vis
2855 1559 2868 1593 :
2900 1555 2953 1596 et
2983 1545 3084 1602 hoc
3132 1559 3180 1602 te
3209 1555 3346 1622 cogit
3400 1574 3556 1616 nosse

1987 1611 2070 1664 lex
2099 1614 2278 1668 intima
2305 1659 2318 1680 ,
2354 1619 2403 1672 in
2453 1621 2566 1692 ipso
2597 1636 2684 1679 tuo
2711 1631 2872 1686 corde
2897 1640 3215 1709 conscripta.
3261 1645 3513 1705 Faciebas
3537 1694 3552 1719 ,

1985 1710 2038 1754 et
2063 1702 2386 1760 clamabatur
2413 1711 2551 1767 inter
2597 1731 2785 1774 manus
2835 1733 2988 1780 tuas:
3043 1735 3307 1799 quomodo
3348 1702 3554 1811 cogeris

1985 1790 2157 1846 redire
2181 1794 2246 1848 ad
2277 1812 2370 1850 cor
2406 1810 2587 1869 tuutn,
2619 1821 2738 1862 cmn
2795 1810 2896 1866 hoc
2944 1821 3140 1884 pateris
3179 1823 3316 1878 inter
3363 1790 3550 1888 [tigillis

1981 1883 2179 1939 alienas
2200 1888 2221 1939 ?
2243 1887 2458 1946 Furtum
2491 1895 2683 1952 bomun
2707 1902 2830 1955 est?
2865 1883 3000 1960 Non.
3045 1910 3313 1985 Interrogo
3341 1935 3354 1971 :
3384 1921 3550 1976 Adul-

1981 1976 2170 2030 teriqu
2216 1979 2408 2036 bonum
2429 1987 2554 2070 est?
2605 1989 2801 2048 Omnes
2827 1996 3097 2056 clamant:
3129 1976 3274 2060 Non:
3315 2011 3546 2073 l-lomici-

1977 2067 2123 2124 dium
2153 2071 2348 2129 bonum
2376 2067 2500 2132 est?
2539 2079 2735 2152 Omnes
2764 2085 2992 2145 clamant
3022 2093 3273 2164 detestari
3303 2116 3380 2156 se.
3409 2105 3546 2159 Cou-

1976 2160 2244 2229 cupiscere
2269 2180 2378 2219 rem
2411 2172 2633 2236 proximi
2658 2174 2852 2231 bonum
2881 2182 3000 2234 est?
3026 2161 3163 2251 Non,
3183 2205 3284 2244 vox
3308 2196 3542 2251 omnium

1975 2260 2074 2306 est.
2107 2255 2212 2308 Aut
2235 2258 2274 2310 si
2303 2258 2475 2315 adhuc
2501 2278 2608 2318 non
2633 2271 2938 2338 confiteris,
2977 2279 3182 2334 accedit
3209 2285 3295 2351 qui
3346 2301 3542 2343 Cuncu-
3608 2351 3612 2356 ν

1973 2344 2140 2412 piscat
2163 2362 2272 2421 rem
2302 2359 2442 2406 tuam
2470 2373 2483 2406 :
2518 2357 2722 2424 placeat
2744 2361 2834 2416 tibi
2857 2404 2871 2429 ,
2903 2376 2959 2420 et
2987 2344 3249 2441 responde
3278 2379 3415 2446 quod
3443 2382 3537 2437 κίε.

1971 2433 2168 2491 Omnes
2205 2453 2332 2509 ergo
2369 2442 2547 2499 dehis
2594 2450 2752 2504 rebus
2783 2433 3119 2528 interrogati,
3168 2433 3397 2521 clamant
3427 2470 3539 2528 lnrc

1971 2524 2105 2579 bona
2133 2543 2237 2582 non
2267 2545 2403 2588 esse.
2439 2534 2638 2592 Rursus
2663 2541 2730 2597 de
2774 2543 3046 2603 beneficiis
3069 2592 3084 2618 ,
3143 2571 3244 2608 nou
3277 2561 3442 2615 solmn
3470 2565 3537 2620 de

1969 2631 2071 2671 noo
2102 2623 2340 2676 nocendo
2365 2665 2378 2689 ,
2409 2643 2588 2682 verum
2618 2634 2776 2688 etiam
2815 2636 2881 2690 de
2913 2644 3211 2707 praestando
3257 2659 3413 2718 atque
3444 2657 3536 2707 tri-

1966 2706 2194 2764 bucndo.
2223 2713 2579 2786 lutei-rogatur
2601 2727 2774 2779 omnis
2797 2729 2968 2783 anima
2998 2737 3238 2790 esuriens
3263 2780 3276 2803 ,
3311 2741 3530 2800 Famem

1965 2799 2192 2865 pateris;
2223 2804 2358 2857 alius
2387 2807 2542 2862 habet
2567 2827 2754 2879 panem
2777 2857 2790 2883 ,
2821 2827 2873 2872 et
2909 2823 3166 2878 redundat
3186 2829 3231 2880 ei
3259 2831 3392 2884 ultra
3421 2836 3534 2888 snf-'

1963 2889 2276 2961 ficienliam,
2311 2900 2452 2953 novit
2483 2909 2535 2956 te
2576 2917 2767 2975 egere,
2823 2926 2927 2964 non
2973 2914 3099 2969 dat:
3141 2918 3383 2990 displicet
3439 2929 3528 2982 tibi

1960 2983 2208 3038 esurienti
2233 3003 2247 3052 ;
2293 2987 2570 3061 diSpliccat
2597 3005 2650 3050 et
2675 2999 2864 3054 satiato
2887 3042 2901 3067 ,
2929 3019 3045 3058 cum
3075 3009 3298 3066 alterum
3327 3019 3531 3074 esurire

1958 3080 2290 3143 cognoveris.
2341 3083 2657 3154 Peregrinus
2698 3101 2838 3146 tecto
2884 3096 3122 3167 indigens
3154 3108 3298 3158 venit
3349 3108 3398 3161 in
3432 3127 3528 3179 pa-

1960 3167 2110 3221 triam
2139 3179 2278 3224 tuam
2300 3213 2314 3237 ,
2341 3189 2443 3228 non
2493 3182 2777 3248 suscipitur
2804 3201 2817 3236 :
2873 3187 2960 3241 ille
2992 3199 3116 3246 tunc
3143 3198 3333 3250 clamat
3366 3201 3525 3254 inhu-

1956 3273 2164 3314 manam
2209 3278 2328 3319 esse
2379 3266 2521 3322 illam
2549 3271 2853 3340 civitatem,
2890 3280 3041 3336 faeile
3085 3287 3222 3354 apud
3272 3287 3550 3356 barbaros.

1952 3349 2050 3403 sibi
2080 3366 2196 3407 esse
2218 3357 2449 3434 potuisse
2474 3363 2751 3432 refugium.
2795 3367 2964 3424 Sentit
2997 3349 3324 3443 iniquitatem
3345 3422 3359 3443 ,
3388 3384 3513 3450 quia

1951 3444 2146 3510 patitur
2174 3463 2188 3499 :
2225 3457 2276 3502 tu
2307 3450 2438 3506 forte
2467 3469 2569 3506 non
2602 3459 2768 3512 sentis
2792 3475 2806 3522 ;
2830 3462 2921 3514 sed
2950 3474 3159 3532 oportet
3185 3477 3240 3523 ut
3269 3481 3321 3524 et
3350 3444 3520 3528 te-co-

1950 3535 2082 3603 gites
2108 3542 2440 3608 peregrinum
2466 3584 2480 3607 ,
2503 3554 2557 3598 ct
2579 3547 2756 3602 videas
2781 3554 3048 3618 quomodo
3077 3557 3166 3610 tibi
3195 3563 3358 3626 possit
3404 3565 3516 3616 dis-

1950 3628 2146 3697 plicere
2168 3631 2256 3698 qui
2289 3633 2378 3686 tibi
2411 3650 2515 3688 non
2547 3639 2848 3705 pra-stiterit
2886 3645 3024 3710 quod
3058 3656 3110 3699 Ill
3149 3649 3198 3700 iu
3233 3653 3394 3717 patria
3429 3664 3515 3709 tua

1948 3734 2051 3772 non
2081 3720 2158 3773 vis
2188 3723 2466 3791 peregrino
2492 3736 2763 3793 przestare.
2808 3729 3076 3803 Interrogo
3119 3751 3304 3792 omnes
3331 3760 3344 3794 :
3383 3743 3514 3798 Vera

1945 3820 2068 3864 sunt
2092 3811 2241 3865 lucc?
2277 3813 2426 3868 Vera.
2455 3815 2601 3869 Justa
2633 3829 2754 3872 sunt
2783 3820 2894 3874 hzec
2916 3823 2938 3874 ?
2957 3823 3125 3891 .l_nsta.

2012 3900 2067 3952 2.
2095 3900 2196 3956 Sed
2227 3903 2489 3958 Psalmum
2518 3907 2694 3962 audite
2721 3926 2734 3962 :
2766 3911 2827 3963 Si
2854 3929 2963 3964 vere
2995 3930 3113 3984 ergo
3151 3917 3392 3985 iustitiam
3425 3923 3509 3977 Ιο-

1941 3993 2176 4063 quimim',
2207 4005 2341 4078 recta
2353 3997 2614 4066 judicatc,
2640 4003 2736 4070 ﬁlii
2760 4003 3035 4061 hominum.
3063 4010 3174 4065 Non
3204 4015 3272 4068 sit
3304 4017 3508 4086 justitia

1944 4085 2197 4139 labiorum
2223 4128 2238 4151 ,
2258 4067 2358 4142 sed
2385 4098 2437 4143 et
2464 4090 2739 4148 factorum.
2769 4096 2823 4150 Si
2856 4098 2995 4152 enim
3020 4102 3176 4157 aliter
3209 4107 3320 4175 agis
3345 4113 3501 4177 quam

1942 4172 2170 4242 loqueris
2194 4217 2208 4240 ,
2239 4175 2372 4230 bona
2405 4179 2636 4248 loqueris
2656 4224 2668 4243 ,
2726 4195 2778 4238 et
2830 4188 2965 4242 male
2989 4187 3213 4259 judidas.
3245 4172 3318 4250 ’δι
3364 4172 3504 4256 enim

1939 4268 2052 4335 agis
2079 4269 2343 4336 quomodo
2366 4270 2612 4338 judicas?
2638 4276 2991 4348 Interrogatus
3017 4285 3140 4353 quid
3168 4288 3237 4341 sit
3277 4292 3465 4346 n'ielius
3487 4335 3503 4360 ,

1938 4372 2124 4411 aurum
2153 4375 2218 4413 an
2243 4359 2371 4414 fides
2390 4403 2404 4425 ,
2433 4377 2534 4416 non
2567 4379 2732 4434 usque
2766 4369 2899 4424 adeo
2927 4387 3205 4440 pervorsus
3244 4390 3295 4432 et
3321 4381 3506 4439 devius

1937 4464 1995 4504 cs
2022 4449 2090 4504 ab
2117 4452 2258 4506 omni
2291 4455 2509 4510 veritate
2529 4497 2544 4522 ,
2575 4468 2630 4511 ut
2657 4474 2842 4515 aurum
2893 4466 3082 4520 melius
3109 4483 3227 4523 esse
3274 4487 3498 4540 respon-

1936 4539 2063 4615 deas
2091 4560 2106 4595 :
2137 4544 2398 4612 pra-ponis
2418 4561 2546 4616 ergo
2573 4548 2924 4620 interrogatus
2943 4571 3074 4608 auro
3101 4557 3254 4612 fidem
3281 4578 3297 4624 ;
3353 4539 3502 4617 locu-

1938 4641 2020 4685 tus
2045 4646 2103 4686 es
2123 4633 2400 4701 justitiam.
2430 4640 2631 4693 Audisti
2657 4641 2922 4698 Psaltnum
2941 4647 2966 4697 Ἰ
2994 4645 3054 4702 Si
3075 4665 3184 4702 rere
3202 4667 3320 4722 ergo
3344 4654 3499 4724 justi-

1936 4727 2358 4800 tiamloquimini.
2398 4742 2531 4785 recta
2563 4735 2818 4804 judicate,
2870 4737 2966 4807 ﬁlii
3011 4741 3287 4796 hominum.
3321 4749 3381 4800 Et
3412 4751 3497 4805 ubi

1935 4819 2166 4886 probabo
2191 4837 2292 4874 non
2325 4831 2376 4876 te
2417 4824 2485 4876 ita
2517 4833 2573 4877 ut
2615 4825 2818 4882 locutus
2863 4843 2922 4882 es
2969 4830 3246 4898 judicare?
3272 4835 3386 4891 Jam
3423 4849 3496 4894 te-

1935 4923 2034 4963 neo
2073 4909 2470 4981 responsionem
2518 4925 2658 4968 tuam
2708 4931 3100 4987 prmponentcm
3145 4941 3275 4982 auro
3313 4930 3485 4985 fidem.

1932 5002 2068 5057 Ecee
2093 5004 2270 5058 nescio
2292 5007 2430 5060 unde
2456 5007 2657 5060 amicus
2680 5011 2864 5075 venit,
2887 5020 2941 5065 ct
2966 5014 3110 5068 nullo
3138 5025 3271 5073 teste
3299 5035 3486 5076 aurum

1929 5095 2351 5158 commendavit;
2383 5095 2530 5149 solus
2557 5096 2656 5151 hoc
2703 5100 2848 5154 novit
2871 5141 2902 5167 ,.
2927 5111 2981 5156 et
3029 5112 3081 5156 ttt
3101 5145 3116 5169 ,
3145 5119 3395 5176 quantum
3423 5113 3487 5166 ad

1931 5177 2172 5242 homines
2191 5189 2395 5242 attinet.
2427 5187 2608 5242 Estibi
2632 5191 2763 5246 alius
2783 5195 2930 5249 testis
2957 5197 3044 5265 qui
3075 5214 3177 5256 non
3207 5202 3416 5256 videtur
3437 5213 3491 5258 et

1928 5278 2112 5333 videt:
2143 5287 2198 5334 et
2242 5279 2332 5334 ille
2359 5279 2450 5334 tibi
2483 5295 2666 5334 aurum
2713 5283 2762 5336 in
2811 5294 3019 5340 secreto
3064 5290 3196 5342 etin
3243 5292 3488 5346 cubiculo

1898 5349 2018 5423 'tuo
2041 5410 2056 5435 ,
2085 5368 2218 5424 forte
2245 5371 2462 5425 remotis
2487 5372 2732 5427 omnibus
2764 5375 2975 5431 arbitris
3054 5383 3433 5436 'ommendavit
3468 5400 3482 5447 ;

1927 5461 2076 5514 testis
2103 5459 2190 5528 qui
2216 5459 2393 5528 adest,
2425 5475 2527 5515 non
2556 5462 2606 5516 in
2625 5463 2866 5519 cubiculo
2902 5466 3054 5522 adest
3073 5471 3326 5538 parietum
3352 5511 3367 5534 ,
3393 5472 3486 5526 sed

1925 5549 1976 5603 iu
1999 5549 2256 5606 cubilibus
2273 5552 2713 5608 conscientiarum
2735 5567 3050 5628 vestrarum.
3084 5560 3483 5618 Commendavit

1925 5644 2013 5700 ille
2035 5655 2191 5717 atque
2217 5646 2499 5714 discessit,
2528 5649 2653 5702 nulli
2683 5664 2899 5705 suorum
2926 5661 3107 5706 notum
3153 5651 3309 5718 fecit,
3360 5655 3482 5708 red-

1927 5739 2120 5794 iturum
2146 5753 2204 5794 se
2250 5753 2497 5810 Sperans,
2530 5749 2583 5796 ct
2609 5741 2677 5796 ah
2701 5743 2872 5796 amico
2898 5741 3036 5812 quod
3065 5741 3280 5799 dederat
3330 5760 3481 5803 rece-
