4022 6200
525 310 624 366 375

519 441 728 501 pturum
757 447 768 480 :
804 437 854 481 nt
885 428 1108 481 humana
1144 433 1294 485 sunt,
1319 415 1554 476 mortalis
1573 430 1686 486 est,
1710 420 1867 474 habet
1901 419 2070 472 hazre-

517 523 634 574 dem
659 559 676 584 ,
708 517 917 586 reliquit
947 516 1144 580 lilium;
1172 514 1377 583 ignorat
1402 512 1540 566 ﬁlius
1555 509 1674 579 quid
1694 519 1841 578 pater
1871 507 2072 561 habue-

518 614 583 666 rit
609 653 622 675 ,
651 610 773 680 quid
797 609 887 663 tibi
908 607 1375 664 commendaverit.
1407 605 1498 659 Eia
1528 613 1583 656 tu
1607 602 1740 667 redi,
1777 600 1908 667 redi,
1934 614 2073 671 pra}:
2103 652 2108 658 .

515 705 789 767 varicator,
814 701 879 755 ad
901 715 993 754 cor
1009 741 1023 766 ,
1048 701 1116 754 ibi
1148 700 1338 766 scripta
1361 697 1444 752 lex
1469 705 1578 752 est:
1597 693 1742 762 Quod
1765 693 1851 747 tibi
1877 709 1976 746 non
1999 693 2072 745 vis

519 794 652 862 ﬁeri,
685 793 856 846 aliine
901 792 1093 862 feceris.
1115 789 1362 859 Teipsum
1411 788 1579 856 cogita
1627 785 2025 840 commendasse
2051 823 2066 849 ,

512 885 638 938 nulli
672 893 881 937 tuortnn
899 882 1116 946 dixisse,
1141 889 1404 934 mortuum
1427 893 1564 939 esse,
1587 876 1748 929 lilium
1775 875 2068 942 reliquisse:

510 977 633 1044 quid
655 978 701 1029 ei
735 975 892 1030 velles
913 990 940 1026 a
968 984 1055 1027 tuo
1076 954 1250 1026 amico.
1272 969 1507 1040 prmstari
1527 969 1550 1021 ?
1573 967 1874 1037 Responde,
1896 964 2070 1036 judica

509 1081 720 1119 causam
751 1082 762 1117 :
807 1063 1001 1133 jndicis
1029 1063 1045 1093 ¹
1079 1062 1307 1116 tribunal
1336 1068 1413 1115 est
1466 1060 1516 1111 in
1550 1066 1727 1112 mente
1759 1067 1876 1120 tua;
1923 1056 2072 1109 sedet

511 1157 580 1210 ibi
607 1157 739 1210 Deus
764 1198 778 1220 ,
807 1157 959 1210 adest
984 1153 1276 1208 accusalrix
1304 1151 1656 1212 conscientia,
1695 1157 1862 1202 tortor
1891 1148 2066 1200 timor.

510 1249 564 1302 Ιιι
591 1250 748 1302 rebus
774 1247 1014 1301 humanis
1058 1260 1137 1310 es,
1168 1245 1219 1297 iu
1245 1243 1496 1296 societate
1520 1239 1744 1293 humana
1776 1237 2064 1292 detineris:

509 1341 678 1408 cogita
704 1338 826 1406 quid
858 1337 1020 1390 velles
1060 1333 1296 1404 praestari
1350 1331 1454 1386 lilio
1483 1341 1571 1384 tuo
1620 1330 1688 1384 ab
1731 1329 1904 1383 amico
1956 1336 2064 1382 tuo.

507 1431 636 1485 Novi
658 1430 780 1499 quid
806 1429 894 1481 tibi
939 1425 1260 1494 respondeat
1283 1421 1532 1490 cogitatio
1560 1430 1643 1474 tua
1675 1436 1687 1472 :
1735 1421 1812 1473 sic
1843 1417 2019 1488 judica
2049 1459 2063 1484 ,

507 1524 642 1576 sicut
666 1520 834 1574 audis.
866 1519 1046 1573 Judica
1071 1559 1085 1582 ,
1110 1534 1208 1570 vox
1230 1517 1330 1570 erit
1354 1519 1395 1568 '.
1425 1515 1536 1568 Vox
1564 1513 1799 1567 veritatis
1829 1525 1930 1564 non
1986 1515 2064 1564 ta-

507 1623 630 1674 cet;
662 1629 762 1666 nou
797 1613 946 1665 labiis
991 1611 1214 1674 clamat,
1271 1608 1364 1662 sed
1410 1605 1725 1661 vociferatur
1742 1620 1814 1669 ,ex
1865 1604 2062 1658 corde:

505 1706 941 1765 adhibeam-em;
998 1703 1064 1755 ibi
1118 1709 1232 1756 esto
1279 1715 1397 1754 cum
1449 1699 1554 1752 lilio
1583 1696 1745 1751 amici
1780 1696 1874 1750 tui.
1907 1695 2066 1748 Vides

503 1796 727 1850 fortasse
756 1795 911 1848 etiam
948 1793 1264 1862 indigentem
1293 1789 1467 1860 vagari
1494 1788 1545 1852 ³,
1593 1787 1913 1842 nescientem
1939 1783 2062 1855 quid

504 1898 653 1957 pater
679 1888 792 1956 ejus
819 1885 1094 1948 habuerit,
1126 1882 1211 1938 ubi
1252 1881 1523 1951 posuerit,
1546 1880 1629 1933 cui
1651 1877 2062 1933 commendave-

503 1982 610 2034 rit:
643 1981 811 2052 cogita
836 1988 888 2031 et
928 1977 1090 2030 lilium
1124 1984 1266 2028 tuum
1289 2015 1303 2039 ,
1361 1972 1442 2026 fac
1494 1971 1640 2025 illuni
1691 1971 1867 2023 vivere
1902 1983 2058 2038 quem

405 2104 408 2107 -
500 2070 796 2125 contemnis
843 2077 1136 2130 nmrtuum,
1196 2073 1246 2118 te
1295 2070 1558 2117 mortuum
1611 2061 1783 2130 cogita
1811 2070 1869 2114 ut
1894 2059 2057 2112 vivas.

501 2165 605 2219 Sed
654 2162 792 2215 aliud
829 2160 979 2228 jubet
1004 2158 1253 2221 avaritia,
1297 2155 1445 2225 jubet
1471 2163 1654 2208 contra
1685 2152 1890 2216 Deum;
1925 2152 2061 2206 Deus

499 2255 637 2308 aliud
664 2296 678 2318 ,
708 2253 847 2306 aliud
872 2250 1124 2309 avaritia;
1152 2247 1289 2303 aliud
1315 2248 1365 2300 iu
1393 2245 1636 2316 paradiso
1676 2243 1918 2298 conditor
1962 2258 2059 2296 no-

499 2357 608 2398 ster
627 2386 643 2409 ,
672 2342 811 2396 aliud
838 2341 905 2396 de
929 2349 1232 2394 transverso
1259 2337 1503 2392 seductor
1529 2351 1766 2406 serpens.
1797 2334 1983 2388 Veniat
2008 2334 2056 2387 in

497 2447 727 2492 mentem
752 2435 896 2503 prior
922 2447 1077 2486 casus
1105 2439 1222 2485 tuus
1252 2447 1263 2482 :
1298 2438 1574 2498 pr0pterea
1631 2425 1867 2481 mortalis
1887 2468 1901 2490 ,
1933 2441 2058 2494 pro-

498 2539 675 2598 pterea
701 2526 966 2586 laborans,
992 2531 1267 2592 propterea
1288 2522 1338 2575 in
1364 2520 1555 2574 sudore
1583 2519 1756 2572 vultus
1776 2519 1847 2572 tui
1873 2534 2055 2586 panem

497 2619 778 2675 coincdens
803 2660 816 2683 ,
851 2626 1132 2687 pt‘Oplcroa
1153 2614 1332 2683 Spinas
1355 2623 1405 2666 et
1435 2611 1656 2665 tribulos
1680 2611 1769 2664 tibi
1799 2620 1936 2664 terra
1962 2626 2055 2678 ge-

498 2721 647 2784 nerat
674 2709 823 2780 (Gen.
853 2724 908 2761 ιιι
930 2749 944 2767 ,
998 2707 1092 2771 l7,
1143 2704 1227 2770 18)
1259 2722 1272 2757 :
1303 2704 1663 2771 experimento
1707 2700 1849 2755 disce
1873 2741 1887 2766 ,
1917 2697 2055 2769 quod

496 2803 705 2856 noluisti
739 2805 1019 2868 praecepto.
1045 2795 1148 2848 Sed
1174 2794 1334 2848 vincit
1369 2793 1665 2860 cupiditas:
1690 2805 1786 2844 cur
1819 2804 1924 2844 non
1964 2805 2056 2858 po-

496 2897 598 2949 tius
628 2890 862 2946 veritas?
890 2890 956 2943 Et
985 2888 1071 2942 ubi
1102 2897 1184 2942 est
1213 2885 1349 2956 quod
1387 2882 1720 2952 loquebaris?
1743 2881 1881 2936 Ecce
1908 2882 2054 2950 cogi—

494 2996 574 3040 tas
597 3000 779 3038 aurum
800 2995 1011 3051 negare,
1037 2994 1160 3033 ecce
1181 2976 1380 3046 cogitas
1404 2975 1596 3030 hmredi
1617 2973 1774 3028 amici
1804 2973 1878 3027 tui
1909 2987 2055 3041 pror-

494 3093 584 3132 sus
611 3073 958 3129 abscondere.
999 3070 1453 3137 lnterrogaveram
1489 3065 1643 3133 paulo
1687 3073 1808 3117 ante
1833 3063 1956 3131 quid
1987 3063 2055 3116 sit

494 3167 703 3220 charius
722 3204 737 3229 ,
762 3160 962 3230 etquid
992 3160 1060 3212 sit
1104 3157 1290 3211 melius
1314 3196 1328 3221 ,
1361 3171 1548 3208 aurum
1589 3169 1656 3206 an
1705 3151 1854 3207 lides.
1881 3151 2055 3220 Quare

493 3257 632 3313 aliud
657 3257 825 3320 dicis,
858 3251 998 3306 aliud
1045 3249 1188 3318 agis?
1220 3248 1331 3301 Non
1372 3247 1526 3300 times
1556 3245 1692 3300 hanc
1726 3259 1910 3298 vocem
1939 3283 1956 3309 ,
1993 3244 2053 3296 Si

492 3366 602 3404 vere
614 3346 860 3418 justitiam
887 3339 1176 3410 loquimini,
1200 3348 1332 3390 recta
1357 3336 1610 3408 judicate,
1634 3335 1728 3403 ﬁlii
1753 3334 2007 3386 hominum
2029 3334 2054 3386 Σ)

493 3443 629 3497 Ecce
646 3441 851 3493 locutus
874 3450 933 3490 es
960 3432 1086 3486 mihi
1112 3429 1383 3486 meliorem
1413 3441 1530 3482 esse
1553 3425 1705 3480 ﬁdem
1726 3467 1741 3490 ,
1764 3436 1818 3480 et
1838 3427 1889 3480 in
1914 3426 2050 3494 judi-

489 3537 573 3590 cio
595 3541 684 3588 tuo
708 3529 896 3585 melius
925 3525 1117 3580 duxisti
1139 3537 1346 3577 aurum.
1371 3520 1483 3574 Non
1510 3518 1587 3574 sic
1607 3518 1850 3588 judicasti
1879 3528 1936 3572 ut
1972 3519 2050 3572 lo-

489 3636 642 3680 cutus
669 3637 726 3677 es
751 3639 762 3674 :
787 3634 910 3674 vera
932 3617 1138 3670 locutus
1161 3629 1221 3668 es
1243 3653 1258 3678 ,
1298 3619 1353 3666 et
1388 3609 1516 3664 falsa
1542 3608 1804 3678 judicasti.
1833 3608 1970 3678 Ergo
1997 3617 2052 3663 et

488 3733 610 3774 cum
657 3709 956 3784 loquebaris
995 3705 1284 3776 justitiam,
1337 3717 1440 3756 non
1468 3714 1592 3755 vere
1619 3699 1956 3768 loquebaris:
1991 3699 2051 3754 Si

487 3810 630 3867 enim
656 3823 766 3861 vere
781 3802 1034 3874 justitiam
1061 3795 1355 3867 loquimini,
1384 3802 1519 3847 recta
1550 3791 1806 3861 iudicate,
1835 3791 1931 3860 ﬁlii
1954 3791 2050 3844 ho-

489 3902 698 3954 minum.
727 3893 947 3963 Quando
970 3889 1097 3944 mihi
1127 3887 1192 3942 de
1216 3885 1414 3957 jttslitia
1441 3881 1798 3953 respondebas
1815 3923 1830 3948 ,
1863 3882 2052 3937 erube-

489 3990 714 4052 scendo,
739 4002 841 4040 non
870 3981 1081 4038 fatendo
1105 3977 1422 4049 loquebaris.

561 4085 615 4137 5.
641 4079 746 4136 Sed
776 4078 840 4131 ad
867 4090 1081 4131 causam
1131 4078 1448 4143 praesentem
1489 4066 1597 4136 jam
1642 4064 1953 4130 veniamus,
2005 4065 2052 4121 si

490 4178 681 4249 placet.
706 4172 822 4226 Vox
852 4177 934 4222 est
953 4167 1094 4222 enim
1123 4165 1208 4217 illa
1227 4162 1396 4217 dulcis
1416 4167 1470 4215 et
1484 4167 1604 4214 nota
1631 4159 1847 4212 auribus
1868 4157 2051 4213 Eccle-

488 4267 582 4324 size
605 4308 620 4330 ,
652 4279 752 4316 vox
781 4257 986 4314 Domini
1021 4255 1184 4309 nostri
1212 4253 1337 4308 Jesu
1380 4249 1574 4304 Christi
1599 4290 1613 4314 ,
1644 4257 1698 4302 et
1737 4262 1836 4301 vox
1859 4262 2051 4318 corpo-

487 4367 562 4416 ris
587 4357 734 4428 ejus,
779 4367 878 4405 vox
908 4346 1156 4403 Ecclesia:
1200 4342 1521 4407 laborantis,
1571 4338 1954 4409 peregrinantis
1996 4339 2049 4392 in

487 4463 662 4514 terra,
705 4446 844 4500 inter
889 4435 1311 4494 maledicentium
1356 4442 1409 4486 et
1450 4430 1773 4486 adulantium
1820 4429 2048 4498 pericula

485 4540 733 4596 viventis.
785 4532 899 4589 Non
933 4527 1141 4586 timebis
1166 4523 1598 4580 comminatorem
1621 4561 1635 4584 ,
1680 4521 1723 4574 si
1769 4534 1873 4574 non
1905 4534 2050 4574 amas

485 4633 834 4687 adulatorem.
863 4617 1095 4677 Attendit
1123 4629 1249 4685 ergo
1284 4614 1370 4667 ille
1397 4612 1546 4680 cujus
1570 4610 1684 4665 haec
1711 4625 1808 4664 vox
1851 4619 1931 4665 est
1954 4651 1969 4676 ,
1997 4617 2051 4665 et

486 4725 616 4777 vidit
639 4734 826 4775 omnes
851 4714 993 4784 loqui
1026 4709 1300 4781 justitiam.
1328 4705 1456 4774 Quis
1487 4704 1626 4758 enim
1657 4703 1816 4758 audet
1839 4719 1942 4758 non
1967 4703 2047 4757 lo-

485 4817 574 4885 qui
601 4829 754 4879 eam,
777 4827 842 4865 ne
868 4809 1074 4863 dicatur
1093 4798 1353 4871 injustus?
1381 4798 1510 4852 Cum
1541 4810 1668 4864 ergo
1693 4804 1937 4864 tanquam
1965 4811 2050 4849 au-

485 4908 625 4960 diret
647 4905 880 4960 ou‘tuium
907 4913 1100 4961 voces,
1146 4903 1200 4947 et
1248 4889 1543 4945 intenderet
1593 4886 1826 4939 omnium
1877 4886 2044 4950 labia,

485 4999 750 5055 clamabat
771 4994 836 5048 ad
858 5008 950 5046 eos
975 5009 988 5043 :
1013 4990 1074 5045 Si
1096 5004 1204 5043 vere
1221 4986 1389 5054 utique
1415 4981 1664 5052 justitiam
1691 4977 1979 5046 loquimini,
2001 4979 2047 5032 si

489 5109 592 5147 non
622 5089 751 5142 falso
772 5085 1025 5155 justitiam
1058 5077 1358 5150 loquimini,
1385 5076 1426 5129 si
1469 5089 1571 5126 non
1617 5071 1754 5125 aliud
1806 5072 1855 5124 in
1897 5070 2048 5125 labiis

489 5167 772 5252 perstrepit
794 5217 810 5240 ,
833 5172 974 5227 aliud
1005 5171 1202 5226 celatur
1228 5169 1279 5221 in
1301 5165 1550 5221 cordibus
1572 5203 1587 5229 ,
1620 5172 1750 5215 recta
1775 5160 2002 5231 judicate
2027 5201 2044 5227 ,

488 5277 580 5346 ﬁlii
610 5269 883 5326 hominum.
917 5262 1050 5318 Audi
1079 5277 1141 5314 ex
1191 5258 1474 5326 Evangelio
1515 5255 1776 5324 propriam
1819 5267 2002 5306 vocem
2031 5293 2044 5315 ,

485 5343 725 5423 eamdem
768 5360 932 5428 ipsam
961 5369 1077 5422 quae
1107 5353 1160 5404 in
1188 5351 1286 5402 hoc
1317 5348 1520 5416 psalmo
1567 5355 1666 5400 est.
1727 5343 2048 5414 Παρθενίαι,

487 5461 562 5515 ait
590 5453 840 5510 Dominus
870 5444 1149 5501 Pharisazis
1166 5481 1181 5507 ,
1209 5439 1454 5508 quomodo
1490 5436 1690 5504 potestis
1717 5435 1847 5488 bona
1875 5433 2011 5501 loqui
2029 5471 2048 5495 ,

553 5595 570 5624 ι
608 5589 826 5649 verum
847 5588 974 5635 ωεεη
1000 5573 1402 5649 insinuare-seu
1425 5562 1926 5649 aestimetae-

551 5657 573 5685 ²
690 5628 858 5697 ’έιῖᾑᾷιξ
869 5628 1042 5692 omnes
1063 5628 1295 5700 l'ere_';\tss.
1320 5628 1534 5700 Nonnulli
1560 5640 1676 5677 vero
1697 5628 1936 5686 omittunt,
1960 5637 2050 5676 vos

489 5715 596 5768 erit.
607 5693 676 5761 νιξῖ
699 5693 845 5766 eitum
868 5713 997 5760 t.ov.,
1010 5696 1236 5768 .Iuridica
1250 5706 1349 5768 om:
1366 5693 1473 5742 erit.

554 5777 575 5808 ³
606 5779 676 5825 sic
699 5764 770 5821 Er.
799 5779 849 5820 et
872 5767 1016 5816 ιιι)δυί
1043 5770 1146 5812 uss.
1173 5768 1226 5808 At
1250 5764 1378 5816 Lov.,
1404 5764 1578 5804 vacare.

1732 303 1788 361 S.
1829 302 2188 362 AUGUSTINI
2226 305 2520 364 EPISCOPI

3636 315 3742 388 ore

2176 438 2286 474 cum
2306 423 2412 476 sitis
2432 423 2592 477 mali?
2617 422 2714 476 Aut
2739 426 2888 493 facile
2929 425 3154 479 arborem
3197 424 3411 493 bonam,
3445 437 3490 480 et
3516 430 3740 499 fructum

2175 513 2281 580 ejus
2307 512 2524 578 bonum;
2551 526 2635 566 aut
2655 516 2803 583 facile
2827 515 3054 571 arborem
3081 517 3296 582 malam,
3319 528 3364 570 et
3389 520 3604 586 fructum
3629 525 3740 583 ejus

2173 604 2362 658 malum
2385 605 2590 674 (Matth.
2638 622 2744 672 xu,
2775 608 2847 663 ’54
2869 649 2882 673 ,
2928 609 3040 678 55).
3073 609 3207 675 Quid
3238 619 3288 663 te
3329 610 3408 663 vis
3435 611 3685 666 dealbare
3718 654 3734 673 .

2174 699 2346 767 paries
2367 698 2543 756 lntee?
2570 699 2697 758 Novi
2728 701 2972 756 interiora
2999 710 3119 767 tua,
3163 716 3269 756 non
3323 701 3475 757 fallor
3513 706 3737 758 tet-torio

2173 798 2300 846 tuo:
2333 793 2454 846 novi
2482 792 2603 862 quid
2635 793 2955 862 prietendas,
3004 794 3126 847 novi
3174 794 3300 864 quid
3349 789 3512 864 tegas.
3560 795 3739 862 Neque

2171 887 2299 938 enim
2321 902 2444 955 opus
2469 886 2517 938 ei
2539 897 2644 940 erat
2663 928 2678 953 ,
2699 886 2772 940 ait
2796 886 3114 958 evangelista
3135 927 3149 951 ,
3177 896 3231 939 ut
3258 887 3521 957 quisquam
3545 887 3590 939 ei
3616 903 3732 958 per-

2172 975 2354 1029 hiberet
2383 975 2713 1030 testimonium
2741 976 2800 1030 de
2836 977 3032 1031 homine
3054 992 3074 1030 :
3098 977 3204 1047 ipse
3239 979 3370 1031 enim
3412 978 3594 1030 sciebat
3614 977 3736 1046 quid

2171 1075 2293 1118 esset
2311 1065 2364 1118 in
2388 1066 2586 1119 homine
2607 1066 2781 1136 (Joan.
2806 1082 2872 1132 ll,
2893 1065 3008 1138 25).
3049 1065 3250 1121 Sciebat
3281 1067 3404 1137 quid
3427 1079 3550 1121 esset
3573 1068 3626 1119 in
3652 1068 3734 1119 ho-

2171 1156 2329 1221 mine,
2358 1157 2443 1225 qui
2477 1155 2677 1212 l‘ecerat.
2697 1157 2959 1212 hominem
2979 1200 2993 1224 ,
3022 1166 3078 1213 et
3132 1157 3292 1212 homo
3339 1158 3508 1213 lactus
3535 1170 3653 1214 erat
3681 1172 3734 1213 ut

2168 1257 2425 1314 quaereret
2446 1246 2733 1320 hominem.
2769 1248 2953 1304 Videte
2975 1265 3101 1319 ergo
3127 1250 3170 1302 si
3220 1265 3324 1304 non
3353 1261 3645 1320 sequuntur
3675 1268 3735 1306 se

2169 1350 2326 1390 voces
2353 1336 2465 1391 ista;
2493 1355 2506 1391 :
2542 1337 2859 1408 llypocritaa,
2886 1339 3133 1408 quomodo
3160 1340 3363 1408 potestis
3401 1338 3530 1393 bona
3553 1341 3693 1409 loqui
3719 1383 3733 1400 .

2167 1441 2280 1478 cum
2306 1428 2412 1481 sitis
2436 1427 2593 1482 mali?
2625 1429 2686 1485 Si
2732 1445 2841 1483 vere
2862 1447 2980 1500 ergo
2996 1431 3246 1500 justitiam
3279 1430 3569 1501 loquimini,
3597 1444 3736 1485 recta

2157 1516 2418 1585 judicate,
2441 1517 2536 1584 ﬁlii
2560 1519 2838 1573 hominum.
2867 1519 3053 1575 Nonne
3087 1520 3345 1590 justitiam
3374 1522 3532 1576 locuti
3560 1524 3694 1578 estis
3718 1563 3733 1587 ,

2167 1607 2376 1676 quando
2416 1607 2660 1664 dixistis:
2716 1610 2988 1682 Magister,
3033 1613 3219 1666 scimus
3246 1613 3367 1682 quia
3411 1614 3584 1683 justus
3625 1633 3682 1668 es
3715 1657 3731 1678 ,

2165 1708 2211 1751 et
2235 1700 2420 1778 nullius
2444 1717 2704 1770 personam
2746 1704 2931 1774 accipis
2959 1704 3169 1773 (Matth.
3200 1722 3305 1760 χχιι
3329 1745 3345 1770 ,
3376 1706 3506 1774 i6)?
3556 1705 3735 1773 Quare

2165 1789 2343 1844 dolum
2376 1793 2430 1846 in
2467 1794 2627 1849 corde
2657 1795 2948 1864 tegebatis?
2994 1812 3158 1870 quare
3195 1798 3475 1868 imaginem
3501 1799 3735 1854 Catsaris

2164 1877 2396 1934 Creatori
2439 1893 2618 1938 vestro
2665 1883 3059 1948 ostendebatis,
3109 1895 3165 1941 et
3209 1886 3324 1956 ejus
3367 1888 3646 1958 imaginem
3680 1891 3730 1942 in

2163 1971 2354 2024 vestris
2383 1971 2630 2028 cordibus
2659 1973 2953 2029 delebatis‘i
2982 1974 3168 2031 Nonne
3218 1976 3456 2031 auditum
3496 1987 3578 2032 est
3601 1979 3728 2047 quid

2166 2061 2320 2116 locuti
2348 2064 2548 2119 fueritis
2568 2106 2583 2130 ,
2607 2075 2659 2121 et
2684 2077 2959 2136 expertum
2989 2075 3070 2122 est
3102 2069 3548 2139 quemadmodum
3590 2071 3732 2138 judi~

2162 2152 2439 2206 caveritis?
2465 2153 2651 2209 Nonne
2679 2171 2773 2211 vos
2797 2157 3133 2236 cruciﬁxistis
3157 2173 3278 2236 eum
3325 2175 3482 2229 quem
3526 2159 3728 2228 justum

2161 2260 2281 2300 esse
2306 2245 2598 2301 dixeratis?
2622 2247 2682 2302 Si
2701 2263 2810 2302 vere
2827 2231 2946 2320 ergo
2977 2231 3230 2319 justitiam
3250 2240 3540 2317 loquimini,
3592 2263 3730 2304 recta

2152 2335 2408 2404 judicate,
2436 2338 2530 2406 ﬁlii
2554 2337 2828 2392 hominum.
2863 2339 3054 2410 thuid
3087 2340 3245 2396 audio
3294 2341 3609 2397 locutiOuem
3633 2359 3730 2397 ve-

2159 2438 2342 2493 stram,
2370 2428 2569 2483 Scimus
2588 2430 2706 2499 quia
2713 2432 2881 2502 justus
2901 2449 2950 2486 es
2965 2449 2982 2497 ;
2997 2447 3122 2486 cum
3144 2432 3456 2501 praevideam
3472 2433 3728 2502 judicium

2159 2529 2412 2586 vestrum,
2445 2519 2718 2591 Cruciﬁge,
2742 2523 3016 2593 cruriﬁge?
3040 2522 3100 2577 Si
3119 2539 3230 2577 vere
3249 2540 3365 2594 ergo
3375 2524 3630 2593 justitiam
3653 2525 3730 2578 lo-

2157 2611 2363 2679 quimim
2384 2652 2396 2672 ,
2421 2612 2807 2680 rectajudicate,
2829 2613 2925 2682 ﬁlii
2945 2613 3220 2668 hominum.
3243 2613 3378 2681 Quid
3401 2615 3544 2671 enim
3566 2615 3728 2670 iecis-

2159 2701 2224 2755 tis
2249 2700 2515 2755 saeviendo
2534 2701 2786 2756 adversus
2814 2703 2977 2757 Deum
2999 2703 3090 2774 qui
3135 2704 3294 2760 homo
3319 2715 3432 2760 erat
3450 2747 3465 2772 ,
3499 2715 3556 2762 et
3577 2708 3726 2761 occio

2157 2789 2330 2845 dendo
2355 2806 2531 2861 regem
2558 2793 2827 2846 vestrum?
2855 2792 2968 2847 Non
3017 2798 3158 2848 enim
3189 2795 3309 2849 ideo
3339 2811 3430 2850 rex
3476 2810 3580 2851 non
3608 2791 3728 2852 erat

2159 2880 2390 2947 futurus,
2421 2882 2542 2952 quia
2582 2883 2790 2937 occisus
2813 2892 2894 2938 est
2940 2897 2971 2937 a
2999 2883 3148 2938 vobis
3201 2895 3616 2941 resurrecturus.
3667 2886 3726 2942 In

2158 2972 2308 3027 titulo
2333 2971 2420 3027 ubi
2449 2974 2698 3043 scriptum
2721 2982 2855 3039 erat,
2888 2973 2998 3028 Rea:
3014 2973 3331 3043 Judteorum,
3353 2977 3526 3046 posito
3563 2993 3728 3047 super

2155 3077 2363 3118 crucem
2395 3063 2598 3118 Domini
2624 3103 2641 3128 ,
2673 3063 2864 3134 linguis
2912 3065 3077 3121 tribus
3100 3107 3115 3132 ,
3165 3066 3440 3132 bebraica,
3497 3085 3672 3140 graeca
3701 3111 3719 3135 ,

2157 3155 2312 3208 latina
2339 3153 2485 3225 (Luc.
2513 3171 2640 3209 xxtn
2662 3197 2678 3220 ,
2701 3155 2791 3227 38)
2814 3195 2828 3218 .
2853 3164 3075 3211 noverat
3100 3156 3279 3213 dicere
3318 3158 3482 3228 judex
3509 3159 3675 3217 homo
3704 3203 3722 3227 ,

2157 3245 2303 3309 Quod
2345 3245 2555 3313 scripsi,
2578 3246 2798 3316 scripsi:
2834 3255 2889 3300 et
2934 3246 3071 3301 Deus
3098 3262 3204 3301 non
3243 3258 3460 3302 noverat
3494 3249 3678 3304 dicere
3706 3292 3722 3316 ,

2153 3333 2302 3399 Quod
2326 3335 2546 3403 scripsi,
2570 3335 2795 3404 scripsi?
2822 3335 3043 3390 Prorsus
3069 3351 3158 3390 rex
3186 3347 3364 3391 vester
3382 3347 3464 3392 est
3485 3353 3500 3391 :
3527 3341 3682 3392 vivus
3706 3381 3722 3404 ,

2155 3439 2242 3478 rex
2266 3434 2440 3479 vester
2464 3433 2578 3489 est;
2607 3427 2812 3480 occisus
2832 3468 2847 3491 ,
2869 3441 2963 3480 rex
2983 3434 3156 3481 vester
3181 3436 3283 3482 est.
3325 3428 3462 3483 Ecce
3484 3444 3725 3483 resurre-

2157 3516 2252 3578 xit,
2285 3526 2337 3570 et
2366 3517 2416 3568 in
2435 3516 2570 3571 caelo
2597 3532 2691 3571 rex
2718 3526 2893 3572 vester
2919 3526 3002 3572 est
3031 3535 3045 3572 :
3072 3531 3200 3573 ecce
3222 3528 3472 3574 venturus
3491 3529 3611 3585 est;
3643 3537 3726 3575 va:

2153 3609 2330 3676 vobis,
2356 3609 2474 3679 quia
2503 3623 2594 3663 rex
2610 3617 2788 3665 vester
2813 3617 2915 3664 est.
2939 3609 3014 3664 lte
3034 3625 3192 3670 nunc.
3223 3618 3278 3665 et
3301 3609 3579 3681 loquimini
3625 3613 3724 3681 ju-

2151 3702 2345 3755 stitiam
2363 3741 2378 3768 ,
2401 3709 2454 3755 et
2478 3700 2640 3756 nolite
2663 3711 2803 3755 recta
2839 3699 3078 3770 judicare
3097 3741 3116 3768 ,
3148 3702 3240 3756 lilii
3280 3702 3574 3756 hominum.
3600 3702 3723 3758 Non

2151 3791 2306 3846 vultis
2332 3803 2476 3846 recte
2498 3791 2736 3861 judicare
2757 3832 2771 3854 ,
2799 3799 2942 3846 recte
2987 3791 3374 3861 judicabimini.
3407 3793 3544 3848 Vivit
3569 3795 3720 3849 enim

2152 3885 2243 3942 ille
2270 3900 2360 3940 rex
2385 3895 2560 3939 vester
2577 3926 2592 3950 ,
2620 3877 2675 3939 et
2703 3884 2811 3953 jam
2851 3899 2955 3939 non
2981 3885 3202 3939 moritur
3221 3925 3238 3951 ,
3261 3893 3314 3938 et
3339 3899 3483 3939 mors
3509 3885 3560 3940 ei
3582 3887 3722 3940 ultra

2157 3995 2263 4034 non
2283 3978 2653 4034 dominabitur.
2697 3977 2870 4047 (Rom.
2911 3993 2998 4040 vr,
3041 3977 3120 4047 9).
3154 3977 3289 4032 Ecce
3330 3978 3510 4044 venit;
3541 3980 3720 4042 redite,

2153 4074 2574 4146 prtevaricatores,
2613 4072 2679 4123 ad
2719 4087 2805 4124 cor
2843 4068 2994 4142 (Isai.
3017 4085 3172 4135 xLVI,
3213 4070 3292 4141 8).
3324 4071 3459 4124 Ecce
3499 4072 3675 4126 veniet
3706 4113 3721 4134 ,

2153 4162 2473 4233 corrigimini
2500 4173 2776 4230 antequam
2801 4161 3010 4226 veniat,
3057 4159 3346 4229 prmvenite
3385 4159 3572 4216 faciem
3601 4163 3725 4230 ejus

2153 4257 2206 4311 in
2233 4254 2565 4311 confessione
2585 4251 2750 4325 (Psal.
2778 4267 2931 4317 χειν,
2957 4250 3035 4314 2).
3064 4251 3203 4307 Ecce
3249 4254 3458 4318 veniet;
3504 4269 3596 4309 rex
3627 4270 3724 4309 ve-

2151 4354 2382 4401 sterest.
2419 4342 2784 4399 Recordamini
2813 4343 3019 4396 titulum
3047 4356 3208 4414 super
3246 4357 3480 4398 crucem.
3527 4344 3582 4399 Si
3609 4361 3722 4400 non

2153 4454 2272 4492 eum
2300 4436 2487 4490 videtis
2533 4435 2823 4503 scriptum,
2852 4443 3028 4488 manet
3074 4442 3292 4488 tamen:
3342 4435 3391 4488 in
3439 4445 3577 4490 terra
3610 4453 3722 4491 mm

2152 4528 2341 4597 legitur
2360 4566 2373 4590 ,
2400 4524 2491 4580 sed
2523 4524 2573 4578 in
2600 4523 2735 4578 coelo
2756 4534 3013 4578 servatur.
3039 4522 3239 4578 Putatis
3263 4524 3402 4577 enim
3441 4526 3582 4578 illam
3629 4527 3720 4580 in-

2152 4617 2490 4689 scriptionem
2519 4614 2678 4669 luisse
2696 4611 3028 4683 corruptam?
3047 4613 3114 4667 Et
3131 4613 3256 4684 quid
3281 4614 3353 4666 ait
3377 4615 3553 4668 titulus
3574 4621 3724 4684 psal—

2153 4711 2225 4766 mi
2255 4709 2409 4778 hujus
2435 4707 2458 4762 ?
2486 4705 2553 4760 In
2572 4706 2756 4774 ﬁnem,
2785 4720 2847 4756 ne
2864 4720 3157 4772 corrumpas
3176 4704 3275 4775 ipsi
3299 4703 3469 4759 David
3503 4707 3554 4759 in
3582 4707 3733 4760 litui

2148 4800 2547 4869 inscriptionem.
2569 4795 2682 4850 Non
2701 4810 2826 4864 ergo
2846 4795 3201 4863 corrumpitur
3223 4795 3308 4848 illa
3343 4795 3618 4866 inscriptio
3652 4800 3727 4850 tio

2153 4892 2268 4947 tttli.
2291 4891 2403 4945 Rex
2428 4897 2601 4943 vester
2624 4896 2705 4940 est
2731 4885 3127 4956 Christus,quia
3153 4885 3385 4939 omnium
3423 4901 3515 4940 rex
3558 4885 3728 4939 Citri-

2151 4999 2262 5042 stus
2287 5004 2300 5039 :
2326 4984 2559 5056 quoniam
2590 4982 2750 5049 ipsius
2778 4989 2848 5032 est
2871 4995 3074 5048 regnum
3097 5018 3113 5042 ,
3140 4987 3186 5032 et
3231 4979 3336 5047 ipse
3376 4977 3728 5033 dominabitur

2151 5077 2369 5149 gentium
2391 5073 2557 5143 (Psal.
2582 5086 2698 5134 χιιι,
2720 5069 2833 5139 29).
2862 5067 2916 5123 Si
2963 5083 3090 5138 ergo
3120 5083 3214 5123 rex
3242 5077 3354 5131 est,
3388 5083 3532 5132 ecce,
3562 5079 3725 5124 ame—

2153 5184 2310 5240 quam
2340 5165 2554 5229 veniat,
2587 5162 2713 5215 dicit
2751 5159 2900 5214 vobis
2931 5177 2943 5212 :
2999 5159 3184 5213 Adhuc
3227 5158 3412 5227 loquor
3435 5197 3450 5224 ,
3502 5160 3678 5226 inquit
3706 5202 3725 5227 ,

2152 5257 2383 5312 nendum
2401 5254 2607 5322 judico;
2629 5252 2715 5320 qui
2739 5251 2815 5305 sic
2835 5251 3002 5304 clamo
3024 5250 3392 5304 comminando
3411 5290 3426 5316 ,
3470 5250 3595 5302 nolo
3645 5251 3728 5305 re-

2153 5346 2569 5417 rirejudicando.
2608 5345 2666 5399 Si
2685 5360 2794 5397 vere
2813 5359 2927 5413 ergo
2949 5343 3203 5412 justitiam
3227 5340 3527 5410 loquimini,
3577 5355 3731 5396 recta

2153 5441 2373 5509 iudicate
2389 5472 2404 5498 ,
2435 5437 2527 5504 ﬁlii
2548 5434 2825 5487 hominum.

2223 5534 2258 5586 4
2301 5528 2448 5603 [oet-s.
2475 5525 2552 5600 5.]
2585 5525 2732 5579 Nunc
2774 5532 2947 5578 autem
2996 5523 3118 5592 quid
3149 5521 3352 5575 facitis?
3393 5520 3567 5588 Quare
3622 5523 3737 5581 ista

2156 5621 2305 5677 vobis
2351 5618 2513 5672 dico?
2548 5616 2744 5669 Etenim
2788 5615 2842 5667 in
2867 5613 3013 5666 corde
3055 5613 3336 5681 iniquitates
3365 5619 3651 5680 operamini
3679 5619 3739 5672 in

2158 5730 2310 5770 ιειια.
2339 5711 2640 5782 lniquitates
2679 5709 2813 5763 forte
2840 5707 2892 5761 in
2938 5705 3098 5761 corde
3128 5704 3286 5761 solo?
3312 5705 3447 5760 Audi
3477 5708 3606 5775 quid
3636 5725 3728 5761 se-
