4022 6200
311 336 415 389 ΰ7¹1

312 453 530 512 quitur:
563 454 616 500 et
644 459 734 499 cor
754 459 903 498 suum
941 452 1230 514 sequuntur
1275 457 1480 505 manus,
1507 452 1556 495 et
1584 439 1728 495 cordi
1775 451 1872 492 suo

307 536 633 590 iainulantur
653 551 856 599 mantus,
889 536 1144 604 cogitatur
1167 541 1220 586 et
1246 533 1332 596 fit;
1363 541 1454 585 aut
1493 531 1610 586 ideo
1640 546 1742 583 non
1774 529 1832 583 fit
1855 569 1869 594 ,

313 643 416 679 non
454 630 574 696 quia
605 628 864 690 nolumus,
891 624 982 679 sed
1009 625 1128 694 quia
1160 637 1262 677 non
1281 636 1578 692 possumus.
1610 618 1871 688 Quidquid

313 716 410 777 vis.
432 727 489 772 et
532 733 634 772 non
679 725 826 787 potes
845 758 859 781 ,
888 715 1079 769 factum
1111 714 1244 768 Deus
1282 720 1568 783 computat.
1599 709 1792 764 Etenim
1820 708 1874 760 in

305 812 459 864 corde
487 812 765 880 iniquitates
792 809 1064 880 operamini
1089 809 1140 860 in
1166 818 1313 860 terra.
1338 805 1472 872 Quid
1501 803 1731 858 deinde?
1758 800 1871 854 Ini-

311 905 524 967 quitates
577 919 755 956 manus
828 911 1001 956 vestrae
1045 909 1356 954 connectunt.
1388 898 1523 965 Quid
1553 906 1654 959 est,
1692 911 1874 949 conne-

309 995 493 1048 ctunt?
514 995 585 1046 De
619 1004 834 1062 peccato
863 1003 1130 1063 peccatum
1153 1033 1166 1056 ,
1192 1001 1244 1045 et
1264 989 1326 1043 ad
1367 997 1633 1058 peccatum
1682 1000 1872 1056 peccas

305 1096 442 1147 tum,
468 1093 684 1154 propter
725 1094 1018 1154 peccatum.
1047 1083 1181 1149 Quid
1206 1090 1289 1136 est
1317 1079 1454 1134 hoc?
1482 1079 1698 1133 Furtum
1728 1077 1868 1140 fecit,

307 1184 583 1246 peccaturo
625 1185 708 1230 est
738 1192 753 1229 :
782 1176 924 1229 visus
949 1184 1049 1239 est,
1084 1172 1324 1227 occidere
1352 1172 1540 1241 quaerit
1566 1185 1685 1222 etim
1712 1183 1739 1221 a
1768 1184 1873 1237 quo

309 1269 452 1321 visus
473 1277 588 1332 est;
619 1281 912 1320 connexum
935 1274 1017 1320 est
1042 1272 1309 1333 peccatum
1337 1271 1569 1331 peccato.
1608 1260 1872 1315 Permise-

309 1360 381 1412 rit
436 1359 569 1412 Deus
613 1357 820 1411 occulto
868 1355 1064 1424 judicio
1133 1353 1372 1407 occidere
1409 1367 1528 1407 eum
1580 1365 1735 1420 quem
1783 1363 1875 1404 vo-

307 1452 408 1503 lnit
453 1450 731 1514 occidere;
789 1449 946 1502 sentit
996 1447 1153 1512 sciri,
1205 1444 1392 1514 quazrit
1433 1453 1485 1497 et
1520 1443 1738 1496 alterum
1785 1455 1875 1494 oc-

305 1541 517 1605 cidere;
575 1540 859 1594 connexuit
913 1539 1140 1593 tertium.
1198 1537 1326 1590 Dum
1371 1551 1430 1589 ca
1486 1535 1714 1600 molitur,
1743 1534 1873 1610 forte

311 1650 379 1686 ne
424 1633 736 1696 inveniatur,
766 1640 856 1684 aut
903 1629 1024 1698 quia
1067 1628 1191 1682 fecit
1236 1643 1299 1681 ne
1338 1626 1712 1691 cunvincatur,
1742 1640 1871 1678 con-

309 1725 440 1777 sulit
488 1722 956 1784 mathematicum;
1029 1720 1258 1774 additum
1329 1730 1410 1772 est
1454 1729 1716 1787 quartum.
1767 1717 1871 1771 Re-

308 1814 535 1882 Spondet
565 1813 696 1867 forte
737 1811 908 1881 aliqua
953 1811 1080 1864 dura
1132 1818 1186 1864 et
1235 1810 1367 1862 mala
1423 1808 1869 1878 mathematicus;

304 1906 540 1959 curritur
558 1903 622 1957 ad
648 1904 940 1970 aruspicem
969 1911 1025 1954 ut
1052 1900 1289 1969 expietur
1306 1916 1320 1954 :
1340 1898 1622 1968 respondet
1647 1912 1874 1966 aruspex

314 2010 420 2049 non
449 2010 508 2048 se
536 2008 688 2064 posse
735 1993 988 2061 expiare;
1036 1990 1307 2044 maleficus
1353 1991 1625 2059 qumritur.
1666 1988 1731 2042 Et
1757 1988 1874 2057 quis

305 2088 488 2141 omnia
513 2086 693 2164 possit
736 2099 1011 2138 numerare
1055 2099 1171 2152 qua:
1217 2089 1605 2137 connectuntur
1660 2089 1872 2151 peccata

308 2178 584 2249 peccatis?
607 2177 905 2246 lniquitates
926 2191 1104 2228 manus
1133 2182 1305 2227 vestra:
1335 2182 1647 2226 connectunt.
1676 2172 1874 2237 Quam-

307 2273 403 2327 diu
432 2253 721 2333 connectis,
749 2269 879 2337 ligas
903 2275 1170 2337 peccatum
1200 2273 1446 2334 peccato:
1471 2273 1520 2318 tc
1541 2263 1688 2318 solve
1705 2279 1731 2314 a
1755 2277 1876 2331 pec-

305 2367 464 2420 catis.
497 2363 600 2418 Scd
632 2377 735 2416 non
784 2375 1019 2431 possum,
1042 2358 1233 2428 inquis.
1259 2355 1454 2412 Clama-
1477 2357 1539 2411 ad
1567 2357 1709 2410 illum
1743 2372 1755 2408 :
1783 2353 1876 2409 ln-

309 2460 438 2528 felia:
463 2473 550 2526 ego
572 2455 738 2520 homo,
769 2453 879 2521 quis
908 2467 984 2504 me
1010 2450 1234 2504 liberabit
1258 2449 1320 2502 de
1355 2463 1560 2518 corpore
1583 2447 1754 2500 mortis
1779 2447 1875 2499 hu-

310 2551 396 2619 jus
419 2548 590 2616 (llam.
619 2560 708 2610 vn,
735 2543 849 2611 ἰοί).
873 2541 1060 2595 Veniet
1075 2540 1214 2594 enim
1237 2539 1401 2609 gratia
1434 2538 1544 2598 Dei,
1575 2547 1629 2590 ut
1654 2537 1877 2590 delectet

309 2652 368 2696 te
389 2639 608 2709 iustitia,
637 2639 772 2692 sicut
805 2635 1096 2690 delectabat
1122 2633 1402 2701 iniquitas;
1433 2640 1486 2684 et
1515 2632 1672 2683 homo
1699 2629 1786 2698 qui
1811 2644 1874 2682 ex

313 2731 535 2785 vinculis
560 2729 819 2783 resolutus
842 2740 920 2791 es,
937 2723 1264 2789 exclamabis
1278 2720 1341 2774 ad
1365 2721 1526 2774 Deum
1561 2737 1573 2772 :
1605 2719 1876 2788 Disrupisti

307 2825 510 2877 vincula
532 2839 639 2874 mea
665 2819 834 2891 (Psal.
853 2833 972 2880 cxv,
999 2805 1258 2881 16).Quid
1286 2821 1388 2878 est;
1405 2811 1660 2880 disrupisti
1682 2811 1877 2864 vincula

313 2932 447 2980 mea,
480 2912 601 2977 nisi,
631 2911 875 2966 remisisti
907 2917 1118 2977 peceata
1145 2905 1294 2960 mea?
1322 2905 1457 2957 Audi
1502 2905 1622 2973 quia
1675 2904 1876 2957 vincula

311 3017 440 3062 sunt
468 3026 481 3062 :
510 3004 792 3074 reSpondet
816 3003 1083 3070 Scriptura
1108 3041 1121 3064 ,
1144 2997 1407 3053 Criniculis
1428 3006 1742 3066 peccatorum
1763 3012 1878 3048 suo-

291 3117 426 3164 ,rnm
471 3098 800 3165 unusquisque
841 3092 1194 3161 constringitur
1214 3087 1392 3158 (Prov.
1423 3103 1478 3153 ν,
1500 3086 1614 3157 22).
1645 3086 1759 3140 Non
1787 3101 1877 3139 su—

315 3193 425 3246 ium
456 3188 680 3252 vincula,
712 3186 804 3240 sed
835 3193 889 3239 et
907 3182 1141 3239 criniculi
1164 3193 1303 3236 sunt.
1331 3179 1574 3234 Criniculi
1603 3188 1758 3244 sunt,
1788 3179 1876 3248 qui

317 3287 449 3336 liunt
469 3277 817 3348 intorquendo
847 3294 860 3330 :
891 3275 990 3343 hoc
1009 3283 1088 3328 est
1113 3271 1250 3343 quod
1274 3271 1501 3340 peccatis
1524 3280 1732 3338 peccata
1753 3285 1878 3324 con-

317 3375 585 3430 uectebas.
622 3369 709 3425 Vte
727 3370 804 3422 his
829 3369 913 3438 qui
940 3366 1140 3419 trahunt
1184 3372 1383 3434 peccata
1408 3363 1535 3416 sicut
1563 3372 1739 3416 restem
1771 3362 1879 3414 Ion-

309 3483 456 3537 gum,
483 3451 642 3518 Isaias
691 3461 900 3516 clamat.
941 3457 1030 3513 Va:
1056 3457 1134 3510 bis
1181 3456 1264 3525 qui
1295 3454 1497 3507 trahunt
1527 3463 1725 3521 peccata
1752 3453 1879 3505 sicut

317 3565 498 3616 restem
524 3553 722 3622 longam
744 3548 891 3620 (lsai.
923 3564 974 3614 v,
1007 3547 1094 3617 18)
1128 3563 1141 3601 :
1171 3545 1294 3615 quid
1322 3553 1402 3599 est
1429 3543 1592 3606 aliud,
1619 3558 1776 3611 quam
1801 3557 1908 3596 ναι.

317 3651 402 3703 his
432 3660 658 3717 quorum
690 3657 875 3697 manus
909 3645 1228 3695 connectunt
1276 3633 1640 3704 iniquitatem?
1671 3633 1737 3686 Et
1759 3632 1880 3702 quia

315 3738 682 3809 unusquisque
710 3734 936 3804 peccatis
964 3730 1074 3786 suis
1099 3728 1497 3798 constringitur,
1521 3727 1656 3780 sicut
1674 3735 1724 3779 et
1755 3733 1881 3795 pec-

313 3832 454 3888 catis
474 3828 582 3883 suis
606 3825 847 3889 ctcditur,
880 3821 1127 3875 Dominus
1152 3819 1290 3873 male
1317 3825 1584 3872 versantes
1606 3817 1655 3869 in
1685 3815 1882 3883 templo

319 3920 530 3991 flagello
575 3916 642 3973 de
668 3913 929 3971 resticulis
948 3911 1084 3966 facto
1111 3909 1333 3964 exclusit
1359 3906 1612 3978 (Joath,
1653 3905 1880 3975 l5).Sed

316 4027 428 4068 non
456 4011 534 4064 vis
560 4007 716 4062 modo
754 4001 1010 4071 disrumpi
1040 4000 1243 4054 vincula
1269 4008 1384 4062 tua,
1413 3997 1532 4066 quia
1576 4012 1678 4050 non
1720 3995 1884 4049 sentis

317 4103 532 4158 vincula
584 4108 706 4163 tua;
732 4097 888 4152 etiam
937 4094 1200 4149 delectant
1246 4099 1315 4153 te,
1339 4098 1392 4143 ct
1429 4087 1682 4157 voluptati
1723 4095 1880 4141 sunt:

317 4197 523 4253 senties
544 4195 594 4247 in
619 4194 740 4256 fine,
764 4203 884 4244 cum
907 4188 1130 4252 dicetur,
1155 4183 1330 4255 Ligate
1358 4182 1430 4236 illi
1451 4197 1628 4234 manus
1648 4192 1694 4234 et
1713 4180 1881 4250 pedes,

314 4301 368 4343 et
390 4270 620 4357 projicite
644 4285 790 4338 illum
836 4283 889 4335 in
935 4279 1157 4333 tenebras
1184 4273 1576 4339 exterioresﬁbi
1622 4273 1711 4326 erit
1735 4273 1882 4341 ﬂetus

313 4391 371 4434 cl
393 4379 580 4432 stridor
612 4374 831 4428 dentiant
867 4370 1078 4445 (Matth.
1118 4368 1374 4435 xxn,l5).
1405 4364 1765 4430 Exhorrescis,
1816 4363 1884 4418 ti-

315 4486 459 4531 mes,
497 4477 678 4538 pectus
709 4463 914 4527 tnndis;
940 4463 1072 4517 dicis
1097 4461 1229 4514 mala
1255 4473 1376 4514 esse
1426 4464 1660 4526 peccata,
1694 4453 1890 4510 bonam'

315 4577 442 4618 esse
463 4560 738 4631 justitiam.
773 4557 832 4612 δί
871 4572 977 4609 vere
1019 4569 1135 4625 ergo
1153 4551 1402 4623 justitiam
1421 4549 1679 4622 loquimini
1706 4589 1720 4613 ,
1751 4558 1886 4601 recta

317 4656 562 4726 iudicate,
576 4651 670 4720 filii
696 4649 970 4703 hominum.
988 4647 1041 4700 ln
1064 4647 1165 4726 vita
1183 4650 1353 4697 vestra
1374 4641 1701 4696 inveniantur
1729 4631 1885 4694 verba

318 4744 623 4808 vestra;in
644 4742 791 4796 factis
839 4739 1026 4794 vestris
1081 4743 1462 4807 cognoscantur
1507 4732 1641 4786 labia
1690 4727 1892 4787 vestra.’

317 4839 495 4894 Nolite
506 4849 632 4905 ergo
647 4839 959 4886 connectere
977 4828 1297 4897 iniquitatem
1314 4843 1328 4891 ;
1346 4825 1463 4894 quia
1477 4824 1624 4880 vobis
1637 4822 1699 4876 ad
1717 4824 1888 4893 alliga-

313 4942 499 4982 (uram
520 4922 852 4979 adhibebitur
870 4917 1118 4990 quidquid
1152 4917 1477 4971 connectitis.
1497 4914 1609 4970 Non
1631 4915 1884 4980 audiunt;

315 5034 430 5073 non
457 5030 644 5071 omnes
669 5025 840 5067 tamen
861 5010 1040 5079 :etqui
1065 5023 1165 5062 non
1187 5007 1405 5060 audiunt
1430 5006 1885 5077 praicogniti-sunt.

397 5111 451 5164 5.
478 5105 631 5180 (vers.
659 5103 737 5176 4.]
759 5103 975 5157 Alienati
1011 5109 1125 5154 sunt
1158 5107 1432 5168 peccatores
1451 5114 1480 5150 a
1499 5099 1664 5162 vulva,
1690 5113 1887 5152 errave-

315 5213 443 5258 runt
470 5219 500 5254 a
520 5210 705 5263 ventre,
731 5197 880 5250 locuti
903 5204 1015 5248 sunt
1036 5191 1188 5262 falsa.
1217 5191 1281 5245 Et
1308 5205 1426 5244 cum
1455 5190 1776 5260 iniquitatem
1803 5189 1886 5244 lo-

312 5304 581 5364 quuntur,
610 5291 734 5345 falsa
777 5290 1096 5357 loquuntur;
1128 5283 1246 5354 quia
1279 5281 1436 5336 fallax
1485 5290 1567 5335 est
1605 5282 1884 5350 iniquitas:

317 5396 386 5442 et
422 5402 542 5440 cum
585 5382 836 5454 justitiam
887 5374 1187 5447 quuuntur,
1227 5374 1355 5428 falsa
1404 5373 1724 5442 loquuntur;
1769 5375 1886 5442 quia

318 5477 471 5531 aliud
523 5491 616 5528 ore
642 5472 929 5542 proferunt,
957 5467 1095 5522 aliud
1121 5468 1172 5520 in
1199 5465 1356 5520 corde
1375 5467 1646 5535 obtcgunt.
1676 5463 1890 5517 Alienati

317 5580 448 5624 sunt
478 5576 757 5634 peccatores
785 5580 816 5615 a
844 5562 988 5615 vulva
1011 5577 1030 5613 :
1055 5559 1188 5628 Quid
1214 5557 1456 5613 esthoc?
1482 5557 1786 5625 Quaeramus
1814 5555 1891 5608 di-

329 5661 580 5728 ligentius
606 5677 619 5712 :
648 5654 883 5711 fortassis
935 5653 1072 5707 enim
1104 5649 1227 5705 illud
1256 5649 1383 5704 dicit
1428 5653 1547 5721 quia
1579 5650 1717 5704 Deus
1757 5663 1889 5717 prte-

322 5736 576 5821 oa-gnovii
609 5748 848 5802 homines
871 5753 1167 5815 peccatores
1193 5742 1348 5798 etiam
1377 5741 1430 5796 in
1454 5742 1613 5797 uteris
1639 5750 1882 5796 matrum.

1397 325 1785 384 ENARRATIO
1823 319 1886 378 ΙΝ
1927 320 2239 380 PSALMUM
2277 324 2429 379 LVII.

3437 338 3536 394 678

1978 434 2107 489 Nam
2136 438 2272 491 unde
2318 453 2438 492 cum
2492 438 2664 496 adhuc
2707 457 2982 514 praegnans
3026 460 3164 503 esset
3198 448 3455 517 Rebecca.
3485 464 3540 510 et

1975 529 2214 598 geminos
2261 531 2312 583 in
2357 540 2505 585 utero
2549 542 2797 601 portaret,
2821 536 3015 590 dictum
3038 550 3118 592 est
3145 557 3157 590 :
3185 536 3341 595 Iacob
3361 545 3536 611 dilexi,

1978 616 2116 671 Esau
2135 629 2296 671 autem
2317 620 2432 674 odio
2458 622 2608 676 habui
2636 622 2782 693 (Gen.
2812 643 2932 690 xxv,
2956 628 3044 694 25,
3077 629 3298 686 Malach.
3330 649 3366 694 ι.
3397 636 3451 701 2,
3481 639 3535 704 5,

1975 717 2020 759 et
2053 709 2198 762 Rom.
2227 726 2298 776 ix,
2333 712 2419 782 15)
2443 713 2466 767 ?
2496 713 2698 770 Dictum
2725 727 2806 772 est
2849 718 2985 773 enim
3012 720 3218 792 :Major
3244 728 3414 779 serviet
3439 731 3536 783 mi-

1977 801 2103 852 nori.
2137 799 2406 856 Occultum
2447 805 2515 859 ibi
2555 806 2808 875 judicium
2841 811 2965 877 Dei;
2989 812 3079 867 sed
3111 824 3286 872 tamen
3313 835 3344 871 α
3367 823 3535 890 vulva,

1978 889 2026 941 id
2048 898 2146 955 est,
2177 889 2243 942 ab
2270 892 2380 960 ipsa
2410 895 2609 964 origine
2652 898 2854 953 alienati
2895 915 3010 956 sunt
3052 919 3351 974 peccatores.
3386 889 3537 969 Undo

1977 981 2226 1034 alienati?
2250 985 2291 1035 A
2314 985 2552 1039 veritate.
2577 987 2726 1044 Unde
2767 993 3017 1048 alienati?
3041 997 3084 1073 ᾼ
3113 999 3278 1066 patria
3311 1000 3481 1068 beata,
3505 995 3542 1056 a'

1975 1077 2076 1130 vita
2100 1079 2272 1134 beata.
2305 1082 2384 1135 An
2421 1081 2557 1138 forte
2585 1085 2795 1141 alienati
2845 1089 2912 1142 ab
2955 1089 3064 1155 ipsa
3099 1094 3292 1148 vulva?
3337 1096 3402 1150 Et
3448 1103 3534 1166 qui

1976 1177 2277 1236 peccatores
2307 1171 2518 1227 alienati
2545 1184 2666 1228 sunt
2695 1191 2723 1228 a
2750 1178 2938 1232 vulva?
2963 1179 3061 1246 Qui
3089 1182 3226 1236 enim
3251 1199 3534 1240 nasceren-

1979 1267 2081 1322 tur,
2105 1261 2147 1312 si
2189 1275 2291 1314 non
2336 1263 2407 1316 ibi
2456 1268 2799 1320 tenerentur?
2828 1273 2929 1322 Aut
2958 1271 3044 1339 qui
3072 1271 3227 1328 hodie
3250 1275 3488 1330 viverent
3518 1319 3534 1341 ,

1977 1359 2035 1404 ut
2060 1353 2170 1406 hinc
2198 1354 2313 1408 sine
2357 1370 2510 1408 causa
2534 1357 2792 1422 audirent,
2829 1360 2926 1416 nisi
2973 1368 3352 1420 nascerentur?
3379 1367 3535 1423 Forte

1975 1458 2101 1512 ergo
2125 1459 2154 1496 a
2179 1445 2400 1512 quadam
2432 1449 2584 1502 vulva
2605 1449 2810 1504 alienati
2843 1462 2963 1506 sunt
2993 1467 3313 1523 peccatores,
3348 1459 3396 1511 in
3435 1476 3536 1529 qua

1976 1532 2186 1589 dolores
2223 1537 2513 1604 patiebatur
2561 1540 2808 1603 charitas,
2843 1559 2934 1610 per
2979 1547 3281 1613 Apostolum
3333 1548 3535 1615 dicens,

1981 1623 2117 1689 Quos
2162 1625 2338 1678 iterum
2371 1630 2612 1694 parturio,
2633 1630 2788 1684 donec
2811 1631 3036 1688 Christus
3064 1636 3304 1705 formetur
3328 1640 3378 1692 in
3406 1642 3539 1694 vobis

1978 1712 2117 1786 (Gal.
2137 1731 2210 1779 iv,
2243 1716 2355 1787 l9).
2383 1719 2635 1789 Exspecta
2658 1737 2818 1791 ergo;
2850 1723 3136 1780 formare‘.
3170 1728 3281 1782 Noli
3322 1732 3410 1784 tibi
3443 1734 3541 1784 tri--

1977 1801 2138 1862 bue're
2160 1808 2412 1878 judicium
2434 1812 2571 1882 quod
2603 1812 2737 1869 forte
2767 1830 2868 1870 non
2912 1820 3068 1872 nosti.
3098 1819 3336 1876 Carnalis
3362 1839 3418 1876 es
3447 1825 3539 1877 ad-

1978 1899 2099 1964 huc,
2128 1912 2417 1970 conceptus
2442 1918 2500 1958 cs
2530 1921 2542 1956 :
2571 1906 2766 1974 eoipso
2781 1924 2884 1976 quo
2905 1912 3150 1978 accepisti
3181 1929 3368 1968 nomen
3388 1911 3539 1969 Chri-

1920 2037 1924 2047 .
1975 1992 2061 2054 sti,
2092 2001 2420 2047 sacramento
2443 1993 2668 2063 quodam
2689 2007 2840 2052 natus
2862 2015 2918 2053 es
2945 2001 2995 2053 in
3018 2003 3306 2060 visceribus
3334 2008 3534 2062 matris.

1976 2082 2088 2137 Non
2114 2085 2251 2138 enim
2276 2100 2341 2140 ex
2367 2087 2655 2143 visceribus
2679 2097 2878 2144 tantum
2902 2091 3062 2148 homo
3086 2097 3336 2158 nascitur,
3368 2099 3458 2152 ευά
3485 2110 3567 2153 ct‘

1978 2175 2028 2228 in
2061 2175 2364 2238 visceribus.
2402 2179 2551 2234 Prius
2589 2183 2819 2237 nascitur
2845 2185 2896 2238 in
2924 2186 3244 2252 visceribus,
3278 2199 3333 2244 ut
3378 2194 3540 2261 possit

1978 2268 2118 2321 nasci
2150 2267 2215 2321 de
2241 2269 2548 2324 visceribus.
2576 2271 2862 2342 Propterea
2901 2275 3098 2330 dictum
3129 2289 3208 2332 est
3233 2280 3298 2335 de
3338 2282 3492 2336 Maria
3523 2301 3534 2336 :

1981 2355 2126 2418 Quod
2137 2357 2265 2409 enim
2287 2367 2458 2411 natum
2477 2368 2547 2413 est
2566 2361 2616 2412 in
2637 2377 2714 2424 ea,
2732 2363 2795 2416 de
2819 2363 3016 2432 Spiritu
3028 2378 3201 2421 "sancto
3225 2380 3295 2423 est
3327 2370 3534 2440 (Matth.

1979 2460 2013 2504 ι,
2042 2444 2154 2515 20).
2177 2445 2420 2502 Nondum
2445 2448 2510 2504 dc
2538 2451 2620 2504 illa
2639 2461 2815 2506 natum
2838 2463 2972 2522 erat,
2999 2457 3089 2510 sed
3113 2458 3218 2525 jam
3252 2460 3303 2513 in
3332 2461 3416 2514 illa
3441 2479 3536 2515 na-

1981 2548 2084 2590 tum
2103 2549 2232 2592 erat.
2262 2539 2398 2610 Ergo
2426 2553 2710 2599 nascuntur
2747 2547 2878 2599 intra
2911 2549 3111 2610 viscera
3136 2551 3380 2606 Ecclesia:
3421 2557 3533 2624 qui-

1977 2628 2096 2682 dam
2125 2631 2417 2698 parvulizet
2446 2633 2638 2687 bonum
2657 2644 2808 2689 estut
2833 2637 3037 2692 formati
3063 2651 3271 2703 exeant,
3301 2659 3365 2698 ne
3382 2646 3537 2700 abor-

1979 2727 2031 2770 tu
2059 2719 2313 2774 labantur.
2341 2720 2568 2777 cheret
2593 2733 2642 2778 te
2660 2734 2844 2792 mater,
2863 2742 2966 2781 noo
2994 2729 3236 2784 abortiat.
3260 2732 3314 2788 Si
3337 2736 3538 2804 patiens

1979 2807 2158 2874 fueris,
2179 2825 2446 2881 usqnequo
2465 2811 2724 2878 formeris,
2746 2831 3014 2886 usqnequo
3043 2819 3092 2872 in
3119 2829 3167 2874 te
3191 2834 3330 2877 certa
3358 2825 3422 2878 sit
3443 2826 3539 2879 du-

1977 2902 2141 2952 ctrina
2169 2901 2428 2966 veritatis,
2446 2905 2715 2958 continere
2741 2913 2791 2960 te
2817 2906 3012 2962 debent
3056 2904 3289 2967 materna
3313 2914 3537 2972 viscera.

1977 2990 2030 3043 Si
2058 2999 2229 3045 autem
2283 2996 2603 3062 impatientia
2635 3006 2719 3050 tua
2763 3002 3092 3057 Concusscris
3121 3003 3283 3060 latera
3335 3011 3536 3075 matris,

1977 3093 2094 3133 cum
2137 3081 2318 3137 dolore
2355 3085 2564 3152 quidem
2591 3094 2643 3142 te
2666 3089 2860 3144 excutit
2909 3089 3066 3159 foras,
3098 3095 3191 3149 scd
3237 3099 3402 3167 magis
3450 3108 3539 3154 tuo

1979 3173 2114 3228 malo
2138 3189 2292 3244 quam
2318 3190 2434 3232 suo.

2048 3268 2100 3321 ϐ.
2132 3267 2346 3322 Alienati
2369 3279 2486 3323 sunt
2511 3281 2789 3340 peccatores
2815 3293 2846 3329 a
2874 3277 3038 3342 vulva,
3070 3291 3353 3346 erraverunt
3374 3299 3406 3336 a
3425 3299 3540 3337 ven-

1981 3368 2072 3424 tre,
2094 3360 2245 3413 locuti
2269 3373 2382 3414 sunt
2410 3365 2561 3434 falsa.
2594 3364 2718 3420 Ideo
2766 3382 2892 3437 ergo
2947 3381 3256 3426 erraverunt
3277 3388 3306 3427 a
3333 3383 3537 3442 ventre,

1978 3450 2098 3518 quia
2113 3450 2267 3504 locuti
2286 3463 2408 3505 sunt
2433 3452 2598 3508 falsa?
2622 3456 2701 3509 An
2728 3459 2901 3526 potius
2917 3459 3034 3513 ideo
3060 3460 3218 3516 locuti
3247 3475 3368 3517 sunt
3387 3464 3536 3531 falsa,

1979 3541 2101 3609 quia
2129 3553 2435 3597 erraverunt
2461 3559 2490 3597 a
2519 3549 2734 3602 ventre?
2755 3549 2809 3602 In
2832 3558 3016 3605 ventre
3045 3553 3236 3622 quippe
3264 3554 3536 3622 Ecclesiae,

1981 3634 2173 3688 veritas
2199 3646 2392 3688 manet.
2424 3635 2669 3706 Quisquis
2715 3639 2781 3693 ab
2826 3640 2927 3694 hoc
2951 3654 3133 3697 ventre
3171 3643 3423 3700 Ecclesiae
3450 3662 3537 3702 se-

1983 3733 2194 3793 paratus
2238 3725 2413 3785 fuerit,
2465 3741 2682 3782 necesse
2726 3737 2808 3783 est
2856 3729 2983 3786 falsa
3011 3731 3294 3800 loquatur:
3323 3751 3541 3793 necesse

1981 3824 2080 3880 est,
2109 3815 2336 3887 inquam,
2362 3816 2488 3871 falsa
2510 3818 2771 3887 loquatur,
2798 3822 2884 3891 qui
2910 3832 2998 3877 aut
3022 3825 3223 3895 concipi
3247 3827 3426 3892 noluit,
3451 3839 3543 3884 aut

1982 3919 2138 3973 quem
2166 3915 2474 3972 conceptum
2528 3917 2697 3963 mater
2737 3913 2987 3967 excussit.
3021 3911 3145 3970 Inde
3172 3907 3402 3974 hairetici
3429 3921 3540 3975 cla-

1983 4006 2130 4049 mant
2153 4007 2336 4052 contra
2367 3998 2708 4070 Evangelium
2738 4012 2831 4057 :ut
2854 4003 2922 4059 de
2961 4004 3042 4059 his
3071 4009 3244 4076 potius
3268 4010 3544 4082 loquamur

1983 4103 2116 4158 quos
2159 4087 2397 4145 dolemus
2424 4105 2693 4146 excussos.
2739 4093 3041 4151 Recitamus
3087 4099 3361 4158 eis:Ecce
3385 4103 3545 4162 Chri-
3586 4111 3589 4118 ’

1984 4189 2097 4234 stus
2126 4179 2289 4247 dixit,
2321 4180 2591 4250 Oportebat
2636 4181 2888 4239 Christum
2931 4189 3068 4255 pati,
3096 4198 3143 4242 ct
3166 4206 3198 4243 a
3231 4195 3440 4248 mortuis
3464 4211 3547 4248 re-

1984 4287 2188 4342 surgere
2215 4273 2358 4326 tertia
2377 4273 2476 4326 die.
2507 4275 2748 4344 Agnosco
2767 4276 2839 4333 ibi
2860 4289 3014 4347 caput
3035 4292 3292 4348 nostrum,
3315 4299 3544 4354 agnosco

1987 4365 2055 4419 ibi
2109 4379 2374 4434 Sponsum.
2403 4379 2637 4421 nostrum
2670 4387 2684 4424 :
2711 4385 2938 4440 agnosce
2963 4382 3016 4427 et
3043 4381 3094 4427 tu
3123 4390 3328 4429 mecum
3380 4391 3542 4447 Spon-

1986 4472 2120 4521 sam,
2147 4458 2266 4512 vide
2305 4458 2431 4528 quid
2474 4460 2750 4530 sequitur:
2780 4462 3058 4519 Prtedicari
3103 4467 3154 4521 in
3198 4469 3396 4522 nomine
3435 4472 3547 4538 ejus

1987 4549 2324 4620 paenitentiam
2346 4558 2391 4602 et
2413 4551 2751 4606 remissionem
2771 4561 3084 4623 peccatorum
3110 4573 3198 4625 per
3221 4574 3390 4612 omnes
3421 4577 3545 4632 gen-

1989 4648 2077 4701 tes,
2118 4639 2460 4706 incipientibus
2505 4640 2567 4694 ab
2607 4640 2888 4698 Jerusalem
2931 4642 3079 4716 (Luc.
3129 4661 3273 4712 ntv,
3320 4648 3408 4715 46,
3451 4651 3546 4721 b7)

1950 4781 1957 4786 .
1987 4733 2102 4787 lluc
2129 4732 2266 4798 veni,
2289 4733 2388 4788 huc
2412 4735 2527 4788 veni
2557 4732 2653 4807 (a).
2685 4736 2819 4790 Ecce
2849 4736 3080 4790 Ecclesia
3095 4755 3185 4808 per
3223 4755 3390 4795 omnes
3425 4759 3549 4812 gen-

1991 4835 2081 4890 tes,
2115 4825 2464 4896 incipientibus
2504 4826 2565 4878 nb
2589 4825 2872 4880 Jerusalem
2897 4842 2916 4880 :
2948 4844 3049 4882 non
3079 4829 3216 4894 dico,
3248 4831 3359 4888 Hoc
3387 4836 3502 4888 veni
3527 4851 3545 4900 ;

1990 4916 2100 4984 ipsa
2125 4917 2190 4971 ad
2222 4929 2271 4970 te
2294 4916 2564 4974 venit..llli
2606 4925 2782 4970 autem
2825 4917 3262 4976 obsurdescentes
3295 4921 3547 4978 adversus

1991 5005 2351 5076 Evangelium,
2378 5014 2432 5060 et
2479 5021 2583 5059 non
2631 5020 2729 5058 nos
2768 5006 3128 5076 permittentes
3174 5009 3350 5079 legere
3386 5011 3545 5066 verba

1991 5098 2106 5164 Dei,
2129 5112 2245 5167 quae
2264 5113 2324 5152 se
2341 5097 2541 5166 jactant
2567 5095 2860 5151 custodisse
2887 5111 2916 5150 a
2944 5095 3152 5152 ﬂamma
3172 5108 3227 5153 et
3247 5100 3428 5155 volunt
3455 5101 3547 5157 de-

1972 5191 2102 5244 .lere
2127 5191 2318 5256 lingua,
2341 5189 2624 5256 loquuntur
2653 5202 2769 5254 sua,
2795 5189 3076 5257 loquuntur
3096 5190 3265 5245 inania
3292 5209 3304 5244 :
3329 5192 3418 5247 Ille
3436 5202 3546 5247 tra-

1988 5279 2143 5341 didit,
2174 5287 2228 5333 et
2248 5277 2337 5331 ille
2379 5277 2610 5331 tradidit.
2644 5277 2751 5331 lino
2778 5287 2832 5332 et
2873 5294 2970 5348 ego
2996 5279 3132 5344 dico,
3165 5282 3228 5336 Et
3258 5283 3349 5338 ille
3379 5283 3543 5337 tradi-

1989 5372 2086 5432 dit,
2115 5380 2165 5425 et
2196 5369 2283 5424 ille
2315 5368 2524 5422 tradidit
2552 5387 2565 5422 :
2597 5379 2649 5422 et
2675 5384 2851 5425 verum
2879 5370 3016 5424 dico.
3053 5370 3156 5427 Sed
3181 5373 3302 5442 quid
3331 5374 3395 5426 ad
3423 5375 3550 5427 me?

1991 5461 2099 5515 Nec
2143 5471 2195 5514 tu
2227 5462 2352 5516 mihi
2397 5475 2530 5530 quos
2576 5463 2815 5523 nominas
2839 5477 2904 5518 ex
2947 5464 3230 5534 Evangelio
3267 5465 3416 5533 legis,
3450 5481 3546 5519 nec

1992 5567 2092 5621 ego
2113 5567 2243 5622 quos
2285 5553 2498 5606 nomino
2527 5567 2590 5606 ex
2635 5551 2922 5622 Evangelio
2957 5555 3089 5625 lego.
3123 5553 3437 5610 Auferantur
3484 5557 3550 5613 de

2056 5685 2072 5720 ¹
2109 5685 2242 5740 Edd.,
2264 5685 2476 5747 fornmri.
2506 5693 2558 5735 At
2587 5691 2710 5746 Mss,
2731 5686 3005 5748 formatore.

2058 5748 2133 5812 (tt)
2168 5755 2261 5798 Vox
2290 5753 2645 5800 lxinatistarum.
