4022 6200
486 292 588 348 67')

488 397 661 464 medio
688 408 882 461 chartae.
935 414 1148 467 nostrae,
1202 399 1451 472 procedat
1492 398 1552 473 in
1591 396 1822 451 medium
1869 389 2048 447 Codex

491 499 600 554 Dei.
637 497 768 551 Audi
794 495 1058 549 Christum
1082 495 1364 557 dicentem,
1391 488 1511 545 audi
1541 489 1814 544 veritatem
1832 485 2050 555 loquen-

491 569 594 642 tem
630 604 643 639 :
670 586 946 640 Prasdicari
967 587 1017 638 in
1047 586 1245 638 nomine
1275 586 1401 654 ejus,
1430 570 1616 651 inquit,
1650 579 1984 650 paenitentiam
2004 585 2051 630 et

491 681 824 734 remissionem
851 688 1161 750 peccatorum
1184 696 1270 748 per
1293 694 1461 731 omnes
1491 686 1676 748 gentes,
1705 673 2053 743 incipientibus

489 773 548 825 ab
569 772 868 826 Jerusalem.
898 770 1033 834 Non,
1061 771 1327 839 inquiunt;
1356 770 1447 822 sed
1499 767 1637 837 quod
1691 781 1787 822 nos
1825 765 2051 819 dicimus

495 866 668 919 audite
703 882 715 916 :
749 863 888 935 quod
917 863 1044 918 dicit
1069 862 1405 932 Evangelium
1434 862 1678 915 nolumus
1698 858 1901 912 audire.
1921 857 2056 910 Alieo

490 961 595 1014 nati
622 969 735 1014 sunt
759 969 1038 1029 peccatores
1062 974 1092 1010 α
1119 957 1262 1010 vulva
1279 997 1292 1019 ,
1339 963 1625 1008 erraverunt
1651 969 1680 1004 a
1702 961 1884 1014 ventre,
1906 949 2058 1004 locuti

489 1061 602 1103 sunt
634 1051 784 1120 falsa.
807 1035 1221 1117 Nos'loquamur
1250 1061 1394 1107 vera,
1427 1045 1545 1114 quia
1575 1043 1868 1097 audivimus
1890 1056 2008 1096 vera
2038 1056 2053 1104 ;

489 1143 627 1212 quod
653 1143 902 1197 Dominus
923 1141 1072 1207 dicit,
1102 1156 1207 1194 non
1227 1140 1364 1208 quod
1385 1139 1543 1191 homo
1572 1136 1716 1192 dicit.
1745 1135 1923 1189 Potest
1947 1133 2058 1188 ﬁeri

492 1243 550 1286 ut
575 1231 734 1286 homo
757 1233 1038 1286 mentiatur
1068 1249 1081 1286 :
1109 1247 1212 1285 non
1237 1239 1406 1300 potest
1434 1228 1546 1282 ﬁeri
1579 1237 1633 1280 ut
1664 1227 1856 1282 veritas
1905 1241 2057 1280 men-

495 1327 671 1380 tiatur.
705 1326 785 1380 Ex
813 1325 1048 1380 veritatis
1082 1340 1173 1378 ore
1199 1337 1426 1393 agnosco
1457 1320 1742 1385 Christum,
1775 1319 1939 1388 ipsam
1970 1333 2061 1371 ve-

495 1422 701 1474 ritatem
737 1436 750 1471 :
782 1434 844 1471 ex
873 1417 1109 1471 veritatis
1129 1432 1222 1470 ore
1241 1429 1467 1483 agnosco
1495 1408 1783 1466 Ecclesiam
1806 1450 1820 1475 ,
1853 1408 2063 1478 partiri-

497 1529 614 1582 pem
645 1511 899 1566 veritatis.
928 1510 1094 1564 Nemo
1143 1507 1268 1562 mihi
1294 1507 1422 1561 falsa
1452 1507 1715 1576 loquatur,
1739 1504 1824 1574 qui
1869 1501 2066 1556 erravit

495 1605 562 1658 ab
589 1611 736 1656 utero
760 1603 810 1656 iu
839 1601 1129 1655 visceribus
1150 1598 1402 1654 Ecclesize
1427 1616 1440 1652 :
1467 1597 1640 1667 primo
1677 1595 1909 1650 viderem
1938 1592 2061 1661 quid

498 1711 580 1748 tne
612 1696 769 1748 vellet
793 1694 1003 1748 docere.
1040 1693 1200 1746 Video
1221 1692 1502 1746 alienatum
1539 1705 1568 1743 a
1599 1681 1774 1751 vulva,
1804 1688 1958 1742 video
1974 1703 2062 1741 er-

497 1800 644 1839 rasse
672 1797 922 1845 aveutre.
955 1793 1008 1838 et
1055 1783 1332 1837 auditurus
1383 1798 1498 1835 sum
1542 1781 1608 1835 ab
1654 1795 1752 1843 eo,
1795 1777 1917 1850 quid
1964 1779 2063 1832 nisi

500 1877 668 1933 falsa?
699 1879 1000 1932 Erraverunt
1026 1893 1057 1930 a
1077 1887 1261 1940 ventre,
1291 1876 1441 1929 locuti
1467 1885 1579 1928 sunt
1609 1873 1756 1944 falsa.

572 1969 622 2021 7.
656 1968 804 2040 [vers.
829 1969 884 2030 5,
922 1966 1000 2040 6.]
1028 1967 1318 2037 Indignatio
1348 1967 1418 2019 eis
1467 1964 1737 2018 secundum
1781 1961 2065 2016 similitudi-

505 2076 617 2113 nem
637 2061 897 2129 serpentis.
925 2059 1160 2126 Magnam
1187 2073 1300 2110 rem
1339 2055 1565 2110 audituri
1597 2055 1743 2108 estis.
1771 2053 2065 2125 Indignatio

503 2153 570 2204 eis
588 2152 857 2205 secundum
877 2151 1255 2204 similitudinem
1275 2150 1532 2217 serpentis.
1563 2147 1718 2216 Quasi
1739 2147 2024 2202 dixerimus
2046 2188 2062 2213 ,

504 2243 626 2310 quid
656 2253 738 2296 est
763 2242 900 2309 quod
937 2242 1154 2294 dixisti?
1180 2240 1434 2309 sequitur,
1468 2240 1610 2294 Sicut
1647 2238 1838 2308 aspidis
1876 2237 2062 2290 surda.

508 2332 655 2387 Unde
683 2332 901 2387 ειη-(Ιίεῖ
931 2331 993 2384 Et
1043 2331 1316 2384 obturantis
1367 2346 1511 2383 aures
1551 2346 1690 2382 suas.
1721 2327 1842 2383 Ideo
1870 2327 2062 2389 surdm,

505 2424 624 2492 quia
652 2423 859 2476 obturat
888 2437 1044 2476 aures
1070 2437 1210 2475 suas.
1243 2421 1307 2474 Et
1335 2423 1606 2474 obturantis
1632 2436 1776 2473 aures
1805 2436 1938 2474 suas.
1957 2433 2067 2481 qua:

507 2532 604 2568 non
619 2516 848 2569 exaudiet
861 2532 1026 2568 vocem
1039 2515 1415 2576 incautantium,
1431 2523 1475 2567 et
1490 2513 1827 2566 medicamenti
1838 2511 2068 2564 medicnti

505 2626 535 2659 ο
557 2610 799 2676 sapiente.
832 2609 981 2661 Sicut
1021 2593 1333 2671 audivimus,
1352 2605 1489 2675 quod
1519 2613 1565 2656 et
1600 2603 1837 2657 homines
1864 2602 2064 2666 dicunt,

506 2700 592 2765 qui
611 2715 670 2751 ea
690 2715 786 2768 qua
807 2709 1086 2770 potuerunt
1105 2697 1218 2752 haec
1235 2697 1530 2766 cognitione
1543 2696 1855 2758 didicerunt,
1879 2693 1967 2747 sed
1992 2701 2069 2746 ta-

509 2804 628 2840 men
643 2789 776 2855 quod
797 2788 1021 2854 Spiritus
1038 2787 1124 2842 Dei
1144 2787 1307 2841 multo
1318 2787 1505 2841 melius
1517 2783 2070 2839 omuihushominibus

509 2879 674 2933 novit.
697 2877 809 2931 Non
838 2880 974 2930 enim
1002 2879 1189 2931 frustra
1205 2877 1300 2931 hoc
1322 2877 1472 2940 dixit,
1497 2876 1593 2930 nisi
1616 2875 1732 2944 quia
1759 2875 1869 2928 fieri
1899 2881 2072 2943 potest

512 2981 566 3024 ut
582 2986 756 3024 verum
776 2971 842 3023 sit
858 2970 1013 3022 etiam
1029 2969 1151 3023 illud
1165 2969 1301 3045 quod
1320 2969 1614 3023 audivimus
1629 2968 1693 3021 de
1705 2966 2069 3035 aSpide.As;uis

510 3077 629 3115 cum
659 3066 877 3129 cmperit
900 3062 1001 3130 pati
1023 3062 1400 3115 incantatnrem
1433 3061 1677 3118 Marsum,
1707 3058 1790 3125 qui
1819 3073 1934 3111 cam
1957 3056 2072 3125 qui-

511 3151 731 3206 busdam
756 3152 1074 3206 carminibus
1104 3151 1328 3222 propriis
1374 3159 1575 3214 evocat,
1609 3150 1741 3202 sicut
1766 3159 1885 3202 sunt
1913 3148 2071 3201 multa

512 3231 670 3296 etiam
693 3241 912 3312 magica,
940 3242 1115 3296 audite
1151 3241 1273 3311 quid
1309 3241 1446 3294 facit.
1477 3238 1580 3294 Sed
1613 3239 1819 3293 interim
1873 3239 1922 3292 in
1973 3238 2074 3292 hoc

512 3334 799 3400 attendite,
826 3333 1176 3390 fratreszhoc
1215 3333 1353 3388 enim
1404 3331 1829 3408 prmloqtieiidiiiii
1873 3342 1973 3395 eSt,
2007 3346 2074 3386 ne

511 3427 785 3497 quisquam
839 3425 997 3481 veluti
1042 3425 1289 3480 hnsitans
1316 3424 1532 3478 audiat:
1561 3439 1686 3486 non,
1711 3423 2074 3492 undecumque

511 3517 666 3576 datur
684 3517 990 3578 similitudo.
1022 3517 1088 3570 ab
1118 3516 1403 3585 Scripturis
1447 3513 1689 3570 laudatur
1715 3515 1822 3584 ipsa
1851 3529 1957 3578 res,
1981 3513 2073 3568 sed

515 3620 714 3666 tantum
742 3609 864 3665 inde
905 3606 1193 3662 similitudo
1235 3605 1480 3661 trahitur.
1514 3605 1628 3660 Non
1658 3606 1798 3660 enim
1849 3603 2076 3658 laudavit

514 3702 751 3772 iniquum
777 3697 1008 3772 judicdm
1035 3699 1122 3769 qui
1161 3697 1374 3753 nolebat
1398 3696 1581 3754 audire
1609 3697 1748 3751 illam
1768 3695 1996 3761 viduam,
2023 3702 2078 3750 et

514 3811 614 3851 nec
641 3797 806 3851 Deum
830 3793 1068 3857 timebat,
1098 3806 1198 3848 nec
1221 3791 1462 3847 homines
1511 3789 1882 3854 reverebatur;
1913 3797 1975 3854 et
1994 3797 2076 3842 ta-

517 3901 638 3940 men
662 3885 782 3940 inde
802 3883 1195 3938 similitudinem
1214 3883 1465 3939 Dominus
1483 3883 1639 3936 traxit
1655 3879 1805 3950 (Luc.
1827 3895 1975 3943 xvtu,
1999 3880 2074 3949 2):

517 3993 615 4032 nec
645 3978 788 4030 illum
817 3976 1050 4032 laudavit
1079 3976 1282 4046 pigrum
1313 3973 1401 4044 qui
1431 3983 1542 4028 tres
1587 3986 1769 4042 panes,
1801 3987 1903 4026 non
1953 3986 2079 4040 pro-

512 4080 635 4142 pter
656 4069 938 4123 amicitiam
963 4068 1108 4122 dedit
1132 4068 1348 4138 petenti,
1379 4065 1472 4121 sed
1499 4065 1655 4120 taedio
1695 4064 1889 4130 victus;
1919 4073 1974 4118 et
1999 4073 2079 4117 ta-

514 4176 639 4218 men
668 4159 790 4215 inde
817 4160 1216 4215 similitudinem
1244 4155 1560 4227 dedit(Luc.
1589 4170 1666 4220 xI,
1690 4155 1768 4223 8).
1798 4157 1864 4210 Ει
1897 4155 1963 4209 de
1990 4169 2079 4208 re-

513 4255 614 4310 bus
639 4266 768 4322 ergo
793 4266 895 4305 non
934 4248 1207 4304 laudandis
1237 4247 1516 4303 trahuntur
1561 4245 1846 4326 secundum
1895 4260 2079 4315 quem-

513 4348 636 4403 dam
663 4342 879 4402 modum
912 4339 1175 4396 nonnulla:
1205 4339 1595 4394 similitudines.
1645 4339 1749 4391 Aut
1777 4337 1820 4391 si
1843 4345 2082 4406 propter-

513 4455 577 4496 ea
599 4436 796 4514 putatis
820 4432 1051 4490 eundum
1077 4446 1196 4487 esse
1220 4430 1287 4485 ad
1329 4429 1552 4496 Marsos,
1574 4429 1693 4500 quia
1721 4429 1820 4484 hoc
1860 4427 2082 4484 audistis

513 4533 572 4585 in
595 4531 867 4600 Scriptura
901 4527 1022 4591 Dei;
1045 4524 1272 4580 eundum
1301 4532 1382 4578 est
1409 4533 1464 4578 et
1488 4522 1555 4578 ad
1578 4522 1875 4592 spectacula
1930 4521 2082 4576 thea-

515 4625 610 4688 tri,
632 4623 750 4693 quia
773 4621 901 4676 dicit
923 4617 1206 4688 Apostolus
1229 4633 1242 4670 :
1267 4615 1386 4668 Non
1407 4615 1479 4668 sic
1501 4614 1738 4684 pugiltor,
1761 4612 1904 4682 quasi
1921 4629 2084 4666 aerem

523 4716 743 4778 ca’dens;
761 4711 976 4784 pugilari
1005 4709 1143 4765 enim
1166 4716 1247 4762 est
1267 4705 1589 4777 pancratium
1616 4701 1809 4758 facere.
1829 4702 1942 4757 Jam
1963 4703 2084 4770 quia

525 4805 647 4859 hinc
671 4805 792 4860 data
820 4813 900 4859 est
918 4799 1223 4865 similitudo,
1255 4795 1550 4868 spectacula
1579 4794 1676 4848 ista
1701 4793 1965 4848 delectare
1987 4807 2084 4847 nos

524 4897 757 4954 debent?
786 4907 877 4952 aut
922 4897 1041 4966 quia
1090 4893 1242 4956 dixit,
1271 4890 1371 4957 Qui
1416 4891 1470 4944 in
1515 4905 1674 4958 agone
1721 4887 1992 4951 contendit,
2022 4886 2083 4939 ab

525 4991 750 5048 omnibus
787 4991 1036 5045 abstinens
1078 4999 1152 5043 est
1178 4988 1196 5056 (
1223 4986 1237 5040 Ι
1261 4986 1374 5040 Cor.
1404 5001 1478 5050 Ix,
1509 4983 1598 5048 26,
1629 4981 1764 5050 28);
1805 4989 2083 5051 propterea

525 5085 812 5158 agonistica
843 5085 940 5137 ista
979 5097 1108 5136 vana
1131 5091 1185 5137 et
1234 5079 1430 5135 ludicra
1472 5077 1631 5132 debet
1654 5074 1900 5130 atlectare
1945 5071 2086 5126 chri-

527 5177 764 5235 stianus?
795 5173 1022 5230 Attende
1060 5172 1182 5240 quid
1206 5170 1300 5225 tibi
1349 5170 1553 5224 dicatur
1579 5167 1644 5222 ad
1667 5165 2080 5230 similitudinem,

527 5268 653 5341 quid
680 5274 958 5321 moueatur
984 5262 1051 5317 ad
1083 5261 1500 5330 prohibitionem.
1528 5259 1599 5313 Ita
1622 5274 1747 5328 ergo
1775 5268 1830 5314 et
1855 5256 1939 5310 hic
1963 5255 2082 5310 data

523 5372 606 5420 est
617 5359 856 5433 quardam
879 5355 1165 5412 similitudo
1180 5354 1246 5407 de
1263 5353 1451 5416 Marso,
1471 5353 1559 5423 qui
1579 5353 1809 5407 incantat
1828 5361 1880 5406 ut
1896 5351 2084 5406 educat

524 5453 761 5524 aspidem
802 5449 868 5504 do
894 5447 1169 5502 tenebrosa
1208 5458 1428 5497 caverna
1463 5461 1475 5496 :
1504 5443 1682 5512 utique
1704 5443 1753 5496 in
1774 5443 1944 5497 lucem
1971 5442 2084 5497 vult

525 5548 786 5607 educere;
823 5541 908 5597 illa
937 5548 1109 5592 autem
1155 5535 1378 5588 amando
1397 5533 1638 5588 tenebras
1663 5548 1785 5587 suas
1807 5533 1994 5603 quibus
2021 5547 2080 5588 se

529 5637 826 5693 involutans
850 5629 1098 5690 occultat,
1128 5626 1318 5681 dicitur
1344 5623 1482 5695 quod
1510 5639 1628 5679 cum
1654 5624 1799 5680 exire
1831 5624 2077 5690 noluerit,

528 5742 776 5786 recusans
805 5733 977 5779 tamen
1009 5718 1188 5774 audire
1224 5718 1334 5772 illas
1354 5731 1509 5773 voces
1536 5716 1725 5788 quibus
1744 5731 1803 5771 se
1819 5717 1932 5786 cogi
1954 5732 2077 5774 scn-

1693 280 1750 333 s.
1784 267 2140 333 aucusmu
2184 269 2478 328 EPISCOPI

3601 270 3713 329 680

2152 385 2230 448 tit,
2255 386 2430 440 allidit
2472 399 2628 440 unam
2657 400 2836 439 aurem
2890 397 3063 449 terrai,
3091 395 3148 442 et
3195 387 3262 442 de
3312 386 3480 445 cauda
3503 387 3718 444 obturat

2149 479 2392 536 alteram.
2419 487 2574 545 atque
2595 477 2663 532 ita
2690 493 2850 534 voces
2876 479 2994 533 illas
3019 488 3270 549 quantum
3296 490 3467 550 potest
3489 481 3715 546 evitans,

2153 555 2256 623 non
2281 570 2391 624 exit
2414 569 2480 623 ad
2530 568 2901 625 incantantem.
2932 569 3068 625 Huic
3113 569 3312 625 similes
3333 570 3465 625 dixit
3488 570 3723 640 Spiritus

2155 661 2247 716 Dei
2278 661 2533 732 quosdam
2564 679 2668 717 non
2697 663 2973 719 audientes
2997 665 3217 720 verbum
3266 665 3379 729 Dei,
3402 675 3457 722 et
3499 681 3605 722 non
3628 683 3723 723 so-

2155 751 2262 805 lum
2291 769 2393 808 non
2422 752 2690 822 facientes,
2711 754 2804 811 sed
2847 757 3063 811 omnino
3093 771 3160 813 ne
3185 755 3381 813 faciant
3399 758 3582 816 audire
3620 774 3724 814 oo-

2155 843 2325 898 lentes
2344 847 2380 898 '.
2568 851 2575 857 ’
3614 855 3626 865 ‘

2226 935 2279 990 8.
2321 936 2535 990 Factum
2569 947 2650 992 est
2688 935 2788 992 hoc
2829 937 2962 992 etin
3005 937 3190 1007 primis
3223 938 3547 1008 temporibus
3581 939 3724 994 Iidei.

2156 1013 2452 1095 Stephanus
2477 1035 2677 1096 martyr
2701 1026 3020 1096 praedicabat
3053 1030 3324 1084 veritatem
3350 1071 3366 1094 ,
3394 1038 3448 1083 et
3478 1037 3731 1098 tanquam

2159 1116 2451 1171 tenebrosis
2472 1118 2752 1179 mentibus,
2777 1129 2834 1172 ut
2863 1132 2952 1172 eas
2977 1118 3030 1172 in
3051 1118 3218 1173 lucem
3247 1120 3512 1182 educeret,
3545 1120 3732 1174 incan-

2161 1206 2336 1260 taliat:
2371 1207 2458 1260 ubi
2489 1208 2711 1262 venit'ad
2741 1210 3294 1265 commemorationem
3317 1211 3534 1274 Christi,
3566 1227 3732 1280 quem

2160 1296 2232 1349 illi
2263 1296 2480 1350 omnino
2518 1296 2700 1352 audire
2744 1297 3026 1354 noluerunt
3047 1339 3062 1362 ,
3088 1282 3214 1369 quid
3247 1300 3315 1354 de
3343 1301 3430 1355 eis
3458 1301 3734 1370 Scriptura

2160 1385 2318 1440 dicit?
2346 1386 2468 1456 quid
2496 1386 2561 1442 de
2591 1387 2694 1443 illis
2722 1388 2940 1458 narrat?
2965 1387 3265 1446 Clauserunt
3287 1433 3302 1457 ,
3336 1391 3536 1462 inquit,
3579 1409 3734 1446 aures

2161 1491 2299 1528 suas.
2349 1475 2484 1542 Quid
2535 1486 2708 1532 autem
2748 1488 2926 1548 postea
2967 1481 3206 1546 fecerint,
3253 1484 3428 1552 passio
3476 1481 3730 1555 Stephani

2165 1579 2370 1622 narrata
2410 1568 2662 1625 declarat.
2701 1569 2817 1625 Non
2861 1581 3012 1626 erant
3053 1572 3222 1637 surdi,
3267 1575 3358 1627 sed
3397 1575 3632 1628 fecerunt
3675 1591 3734 1630 se

2163 1660 2368 1715 surdos.
2400 1660 2531 1728 Quia
2558 1663 2697 1716 enim
2720 1678 2878 1716 aures
2904 1673 3142 1733 patentes
3172 1665 3221 1719 in
3247 1665 3407 1720 corde
3434 1682 3536 1720 non
3568 1666 3736 1721 llath

2163 1752 2307 1816 bant,
2336 1753 2580 1808 violentia
2610 1765 2780 1810 tamen
2811 1755 2954 1810 verbi
2987 1772 3084 1826 per
3106 1771 3260 1812 aures
3286 1759 3459 1812 carnis
3485 1760 3696 1814 irruens
3715 1803 3731 1827 ,

2163 1845 2318 1898 etiam
2347 1846 2471 1914 ipsis
2497 1845 2711 1901 auribus
2739 1848 2913 1922 cordis
2944 1851 3044 1903 vim
3069 1849 3293 1905 faciebat
3317 1868 3331 1904 :
3361 1853 3660 1907 clauserunt
3681 1864 3736 1910 ct

2164 1950 2318 1990 aures
2343 1937 2596 2005 corporis,
2625 1948 2678 1992 et
2703 1940 2876 1993 ierunt
2898 1939 2962 1993 ad
2990 1940 3188 2008 lapides
3213 1942 3342 2009 (Act.
3374 1958 3469 2008 vn,
3501 1943 3590 2004 56.
3613 1946 3728 2015 57).

2166 2027 2301 2081 Ecce
2325 2028 2534 2096 aspides
2557 2027 2750 2096 surda»,
2783 2029 3026 2086 duriores
3049 2031 3306 2100 lapidibus
3331 2034 3520 2103 quibus
3549 2035 3725 2088 incau-

2165 2126 2384 2172 tatorem
2406 2133 2557 2173 suum
2584 2119 2945 2188 lapidaverunt
2969 2139 2982 2173 :
3007 2137 3110 2177 non
3139 2123 3420 2180 audierunt
3445 2141 3626 2180 vocem
3652 2129 3723 2181 in-

2164 2209 2442 2270 cantautis,
2474 2219 2520 2262 et
2545 2210 2886 2282 medicamenti
2915 2214 3145 2267 medicati
3162 2231 3194 2267 a
3220 2215 3464 2283 sapiente.
3493 2217 3626 2284 Quid
3653 2226 3738 2273 est

2166 2298 2606 2355 medicamentum
2640 2302 2953 2359 medicatum
3000 2322 3027 2358 a
3059 2308 3334 2376 sapiente?
3359 2308 3518 2363 Forte
3561 2311 3732 2365 medi-

2164 2401 2464 2447 camentum
2501 2394 2815 2458 confectum,
2843 2397 2982 2452 dicat
3020 2399 3456 2456 medicamentum
3505 2404 3738 2457 medici-

2167 2491 2296 2536 tum.
2329 2486 2408 2538 An
2434 2486 2717 2555 quaerimus
2743 2487 2815 2541 ibi
2836 2489 3051 2558 aliquid,
3077 2493 3343 2560 quomodo
3364 2492 3474 2562 jam
3501 2495 3545 2548 si
3569 2496 3735 2549 medi-

2166 2585 2461 2629 cuneatum
2505 2585 2606 2641 est,
2647 2577 2804 2632 etiam
2847 2579 3161 2635 medicatum
3209 2582 3314 2636 sit?
3356 2583 3736 2640 Medicamenta

2168 2676 2314 2720 erant
2343 2666 2393 2720 in
2425 2667 2719 2738 Prophetis,
2748 2671 3127 2728 medicamenta
3153 2683 3304 2729 erant
3332 2677 3384 2730 iu
3406 2675 3567 2747 Lege,
3599 2694 3739 2747 prm-

2167 2767 2319 2828 cepta
2354 2759 2462 2828 ipsa
2494 2760 2668 2815 omnia
2711 2762 3092 2820 medicamenta
3120 2776 3300 2833 erant;
3332 2777 3386 2823 et
3421 2768 3525 2824 hoc
3565 2771 3738 2825 medi-

2169 2858 2468 2905 camentum
2497 2850 2726 2907 nondum
2750 2863 2862 2908 erat
2889 2853 3202 2911 medicatum
3229 2875 3244 2912 :
3272 2857 3501 2914 adventu
3525 2861 3736 2917 Domini

2171 2940 2484 2994 medicatum
2511 2951 2590 2997 est
2619 2942 3093 3013 medicamentum;
3122 2946 3222 3003 hoc
3246 2948 3319 3004 illi
3344 2948 3484 3005 ferre
3508 2967 3614 3006 non
3643 2967 3742 3021 po-

2172 3042 2401 3088 tuerunt.
2445 3032 2576 3100 Quia
2623 3036 2761 3089 enim
2798 3052 2902 3092 non
2955 3038 3274 3096 curabautur
3326 3042 3739 3108 medicamento,

2171 3124 2484 3178 medicatum
2505 3134 2586 3180 est
2609 3126 2773 3197 ipsum
2790 3127 3227 3185 medicamentum
3256 3132 3483 3188 adventu
3510 3135 3742 3191 Domini.

2171 3214 2285 3269 Jam
2309 3214 2604 3286 Stephanus
2621 3216 3056 3274 medicamentum
3079 3221 3390 3277 medicatum
3410 3224 3742 3291 incautabat;

2173 3305 2272 3358 hoc
2295 3305 2366 3358 illi
2397 3306 2578 3361 audire
2606 3309 2919 3365 noluerunt:
2947 3311 3086 3369 unde
3107 3309 3422 3370 medicatum
3458 3327 3541 3372 est
3570 3319 3746 3372 medi-

2173 3411 2490 3465 cameutum,
2519 3411 2701 3458 contra
2729 3401 2831 3461 hoc
2855 3419 3013 3462 aures
3036 3406 3356 3464 clauserunt.
3382 3409 3514 3464 Nam
3541 3411 3610 3467 ibi
3642 3412 3746 3468 hoc

2175 3490 2449 3557 fecerunt,
2497 3491 2586 3547 ubi
2641 3495 2942 3553 nominatus
2997 3507 3080 3553 est
3123 3498 3383 3561 Christus.
3451 3501 3747 3573 Indignatio

2174 3600 2354 3638 eorum
2378 3584 2556 3661 ,_sicut
2583 3585 2872 3656 indignatio
2898 3590 3176 3661 serpentis.
3203 3591 3338 3660 Quid
3366 3608 3520 3649 aures
3543 3596 3748 3651 claudi-

2177 3674 2277 3728 iis?
2307 3676 2634 3745 ExSpectate,
2660 3678 2867 3745 audite;
2898 3689 2952 3735 et
2974 3682 3017 3736 si
3042 3684 3318 3751 potueritis
3337 3724 3352 3748 ,
3375 3686 3582 3744 saevite.
3608 3688 3746 3755 Quia

2177 3766 2424 3822 nolebant
2449 3768 2547 3824 nisi
2572 3770 2786 3835 saavire,
2819 3771 3098 3828 noluerunt
3120 3774 3322 3830 audire.
3349 3776 3500 3843 Quod
3524 3779 3569 3832 si
3591 3781 3744 3834 audi~

2177 3866 2312 3917 rent.
2336 3857 2470 3913 forte
2507 3859 2836 3917 desmvirent.
2869 3862 3159 3934 Indignatio
3181 3881 3399 3934 eorum,
3425 3869 3565 3924 sicut
3605 3871 3748 3924 indi-

2176 3951 2352 4021 gnatio
2372 3953 2651 4022 serpentis.

2249 4045 2300 4100 9.
2341 4044 2493 4099 Tales
2518 4045 2674 4099 etiam
2701 4045 2827 4100 istos
2855 4046 3084 4116 patimur
3103 4046 3203 4118 (α).
3229 4047 3407 4103 Primo
3431 4049 3532 4104 sibi
3555 4051 3752 4105 verita-

2180 4143 2283 4189 tem
2313 4145 2490 4191 tcnere
2519 4135 2828 4192 videbantur
2853 4153 2865 4190 :
2897 4153 3002 4195 non
3029 4139 3253 4194 cessavit
3276 4140 3432 4206 Deus,
3463 4157 3569 4196 non
3595 4145 3749 4212 quie-

2180 4225 2272 4279 vit.
2304 4227 2356 4280 In
2384 4229 2403 4258 ²
2437 4226 2668 4281 Ecclesia
2694 4241 2786 4280 sua
2817 4228 3096 4296 praedicata
3126 4239 3209 4283 est
3233 4231 3426 4284 veritas
3446 4272 3461 4294 ,
3491 4232 3543 4285 in
3580 4213 3756 4287 visce-

2181 4319 2326 4372 ribus
2348 4319 2530 4373 matris
2552 4329 2732 4388 aperta
2751 4331 2874 4375 sunt
2897 4337 3077 4376 eorum
3099 4322 3401 4378 mendacia:
3429 4325 3750 4394 patefactum

2179 4420 2262 4466 est
2287 4413 2422 4481 quod
2447 4415 2581 4468 lucet
2604 4429 2618 4476 ;
2647 4413 3002 4469 demonstrata
3022 4426 3102 4469 est
3121 4415 3306 4470 civitas
3327 4431 3488 4485 super
3512 4428 3750 4472 montem

2182 4506 2460 4559 constituta
2480 4548 2493 4570 ,
2525 4520 2643 4576 qua:
2666 4504 2915 4561 abscondi
2943 4520 3048 4560 non
3078 4515 3288 4576 potest,
3317 4514 3371 4561 et
3413 4507 3625 4562 lucerna
3660 4525 3753 4578 po—

2183 4597 2282 4650 sita
2312 4606 2394 4651 est
2435 4613 2593 4666 super
2620 4597 2994 4653 candelabrum
3018 4639 3033 4664 ,
3064 4613 3183 4668 qua:
3211 4597 3349 4653 lucet
3373 4599 3622 4654 omnibus
3661 4603 3751 4668 qui

2183 4690 2236 4744 in
2261 4689 2417 4743 domo
2440 4700 2561 4744 sunt
2593 4690 2798 4759 (Matth.
2826 4706 2892 4757 v,
2925 4691 2992 4746 M
3011 4733 3026 4756 ,
3057 4691 3168 4761 l5).
3201 4691 3298 4747 Ubi
3325 4693 3467 4746 enim
3494 4693 3621 4748 latet
3650 4695 3755 4748 Ec-

2183 4782 2340 4836 clesia
2367 4781 2598 4836 Christi?
2642 4783 2726 4836 ubi
2762 4783 2889 4837 latet
2930 4784 3122 4838 veritas
3148 4781 3382 4838 Christi?
3411 4783 3596 4838 Nonne
3639 4787 3754 4854 ipse

2185 4881 2267 4928 est
2291 4887 2440 4926 mons
2464 4874 2548 4942 qui
2573 4874 2739 4928 crevit
2764 4890 2829 4927 ex
2858 4873 3072 4928 minimo
3103 4873 3293 4943 lapide,
3313 4883 3366 4929 et
3383 4875 3618 4944 implevit
3646 4879 3763 4932 uni.

2185 4981 2389 5019 versam
2438 4965 2618 5018 facient
2659 4975 2817 5020 terra:
2861 4965 3017 5035 (Dan.
3067 4982 3140 5029 ll,
3187 4966 3310 5032 55)?
3358 4965 3761 5022 Convincuntnr

2187 5057 2330 5118 hinc,
2379 5073 2481 5111 non
2525 5057 2716 5111 habent
2739 5057 2877 5127 quod
2905 5057 3080 5112 dicant
3115 5066 3295 5111 contra
3325 5056 3637 5112 Ecclesium.
3697 5061 3761 5113 Et

2185 5149 2307 5218 quid
2334 5150 2412 5204 eis
2431 5149 2720 5204 remansit?
2741 5147 2872 5215 Quid
2895 5162 2990 5202 nos
3015 5149 3286 5218 quaeritis?
3305 5148 3428 5219 quid
3451 5164 3550 5204 nos
3571 5152 3759 5212 vultis,

2184 5240 2405 5295 dicunt?
2430 5239 2659 5294 ret-edite
2677 5255 2704 5291 a
2737 5239 2905 5294 nobis.
2930 5240 3120 5293 Dicunt
3142 5249 3316 5294 autem
3337 5250 3390 5294 et
3415 5241 3526 5294 suis
3550 5259 3563 5293 :
3589 5241 3764 5294 Nemo

2184 5349 2303 5388 cum
2332 5333 2434 5386 illis
2462 5332 2719 5401 loquatur,
2752 5345 2906 5385 nemo
2933 5331 3031 5384 illis
3053 5329 3417 5400 coniungatur,
3450 5346 3608 5386 nemo
3638 5333 3768 5387 illos

2183 5425 2379 5481 audiat.
2430 5423 2720 5494 Indignatio
2761 5437 2984 5489 eorum,
3041 5423 3327 5495 indignatio
3374 5427 3711 5492 serpentium
3756 5445 3772 5481 :

2247 5541 2264 5573 ι
2299 5541 2370 5588 Sic
2389 5544 2493 5586 Mss.
2522 5541 2574 5584 Αι
2595 5533 2726 5590 Edd.,
2749 5539 2794 5595 et
2815 5547 2904 5583 non
2927 5533 3076 5585 solum
3097 5547 3189 5584 non
3209 5533 3469 5595 audientes,
3496 5536 3584 5586 sed
3606 5538 3774 5587 omnis

2183 5614 2244 5652 no
2262 5608 2311 5650 ut
2332 5612 2422 5650 non
2445 5595 2626 5647 micant
2647 5593 2816 5645 audire
2837 5597 3075 5657 ﬁtcientes.

2246 5666 2266 5696 I
2311 5659 2554 5711 Palticula.
2587 5657 2771 5720 in,qua:
2789 5660 2835 5708 in
2853 5659 2960 5707 add.
2978 5659 3162 5718 deerat,
3190 5657 3282 5708 huc
3304 5667 3555 5709 revocatur
3567 5672 3630 5710 ex
3651 5666 3770 5715 Mss.

2249 5726 2320 5785 ta)
2355 5722 2634 5772 minatistas.
