  <div class='ocr_page' id='page_1' title='image "/cluster/home/n/w/nwhite01/storage/ocr_20150623/36/hvd.32044096580584/348.png"; bbox 0 0 4022 6200; ppageno 0'>
   <div class='ocr_carea' id='block_1_1' title="bbox 408 237 503 300">
    <p class='ocr_par' dir='ltr' id='par_1_1' title="bbox 408 237 503 300">
     <span class='ocr_line' id='line_1_1' title="bbox 408 237 503 300; baseline -0.126 0"><span class='ocrx_word' id='word_1_1' title='bbox 408 237 503 300; x_wconf 65' lang='lat' dir='ltr'><strong>(iiii</strong></span> 
     </span>
    </p>
   </div>
   <div class='ocr_carea' id='block_1_2' title="bbox 408 361 1986 430">
    <p class='ocr_par' dir='ltr' id='par_1_2' title="bbox 408 361 1986 430">
     <span class='ocr_line' id='line_1_2' title="bbox 408 361 1986 430; baseline -0.002 -14"><span class='ocrx_word' id='word_1_2' title='bbox 408 362 532 420; x_wconf 81' lang='lat' dir='ltr'><strong>sicut</strong></span> <span class='ocrx_word' id='word_1_3' title='bbox 561 362 751 430; x_wconf 86' lang='lat' dir='ltr'><strong>aspidis</strong></span> <span class='ocrx_word' id='word_1_4' title='bbox 797 362 962 416; x_wconf 82' lang='lat' dir='ltr'><strong>surdte</strong></span> <span class='ocrx_word' id='word_1_5' title='bbox 1005 369 1048 415; x_wconf 89' lang='lat' dir='ltr'><strong>et</strong></span> <span class='ocrx_word' id='word_1_6' title='bbox 1090 361 1365 415; x_wconf 70' lang='lat' dir='ltr'><strong>obturantis</strong></span> <span class='ocrx_word' id='word_1_7' title='bbox 1393 377 1535 414; x_wconf 86' lang='lat' dir='ltr'><strong>aures</strong></span> <span class='ocrx_word' id='word_1_8' title='bbox 1575 378 1712 423; x_wconf 87' lang='lat' dir='ltr'><strong>suas,</strong></span> <span class='ocrx_word' id='word_1_9' title='bbox 1751 376 1865 428; x_wconf 76' lang='lat' dir='ltr'><strong>qua!</strong></span> <span class='ocrx_word' id='word_1_10' title='bbox 1886 377 1986 413; x_wconf 86' lang='lat' dir='ltr'><strong>non</strong></span> 
     </span>
    </p>
   </div>
   <div class='ocr_carea' id='block_1_3' title="bbox 408 452 1989 515">
    <p class='ocr_par' dir='ltr' id='par_1_3' title="bbox 408 452 1989 515">
     <span class='ocr_line' id='line_1_3' title="bbox 408 452 1989 515; baseline -0.002 -7"><span class='ocrx_word' id='word_1_11' title='bbox 408 453 638 508; x_wconf 74' lang='lat' dir='ltr'><strong>exaudiet</strong></span> <span class='ocrx_word' id='word_1_12' title='bbox 665 469 830 506; x_wconf 80' lang='lat' dir='ltr'><strong>vocent</strong></span> <span class='ocrx_word' id='word_1_13' title='bbox 859 454 1222 506; x_wconf 80' lang='lat' dir='ltr'><strong>incantantiunt</strong></span> <span class='ocrx_word' id='word_1_14' title='bbox 1248 495 1260 515; x_wconf 92' lang='lat'><strong>,</strong></span> <span class='ocrx_word' id='word_1_15' title='bbox 1293 465 1337 505; x_wconf 85' lang='lat' dir='ltr'><strong>et</strong></span> <span class='ocrx_word' id='word_1_16' title='bbox 1367 453 1711 506; x_wconf 86' lang='lat' dir='ltr'><strong>medicamenti</strong></span> <span class='ocrx_word' id='word_1_17' title='bbox 1736 493 1750 512; x_wconf 90' lang='lat'><strong>,</strong></span> <span class='ocrx_word' id='word_1_18' title='bbox 1785 452 1883 505; x_wconf 82' lang='lat' dir='ltr'><strong>hoc</strong></span> <span class='ocrx_word' id='word_1_19' title='bbox 1907 463 1989 505; x_wconf 86' lang='lat' dir='ltr'><strong>est</strong></span> 
     </span>
    </p>
   </div>
   <div class='ocr_carea' id='block_1_4' title="bbox 407 545 1988 615">
    <p class='ocr_par' dir='ltr' id='par_1_4' title="bbox 407 545 1988 615">
     <span class='ocr_line' id='line_1_4' title="bbox 407 545 1988 615; baseline 0.001 -17"><span class='ocrx_word' id='word_1_20' title='bbox 407 561 594 602; x_wconf 85' lang='lat' dir='ltr'><strong>vocem</strong></span> <span class='ocrx_word' id='word_1_21' title='bbox 627 545 1028 610; x_wconf 89' lang='lat' dir='ltr'><strong>medicamenti,</strong></span> <span class='ocrx_word' id='word_1_22' title='bbox 1060 547 1294 598; x_wconf 87' lang='lat' dir='ltr'><strong>medicati</strong></span> <span class='ocrx_word' id='word_1_23' title='bbox 1316 563 1346 598; x_wconf 87' lang='lat' dir='ltr'><strong>a</strong></span> <span class='ocrx_word' id='word_1_24' title='bbox 1373 547 1611 615; x_wconf 76' lang='lat' dir='ltr'><strong>sapiente.</strong></span> <span class='ocrx_word' id='word_1_25' title='bbox 1642 545 1826 600; x_wconf 86' lang='lat' dir='ltr'><strong>Nonne</strong></span> <span class='ocrx_word' id='word_1_26' title='bbox 1867 546 1988 599; x_wconf 84' lang='lat' dir='ltr'><strong>hinc</strong></span> 
     </span>
    </p>
   </div>
   <div class='ocr_carea' id='block_1_5' title="bbox 401 635 1980 707">
    <p class='ocr_par' dir='ltr' id='par_1_5' title="bbox 401 635 1980 707">
     <span class='ocr_line' id='line_1_5' title="bbox 401 635 1980 707; baseline -0.001 -17"><span class='ocrx_word' id='word_1_27' title='bbox 401 638 514 707; x_wconf 84' lang='lat' dir='ltr'><strong>jam</strong></span> <span class='ocrx_word' id='word_1_28' title='bbox 542 637 846 705; x_wconf 86' lang='lat' dir='ltr'><strong>intelligitur</strong></span> <span class='ocrx_word' id='word_1_29' title='bbox 872 637 1026 706; x_wconf 86' lang='lat' dir='ltr'><strong>quale</strong></span> <span class='ocrx_word' id='word_1_30' title='bbox 1056 635 1524 701; x_wconf 88' lang='lat' dir='ltr'><strong>medicamentum,</strong></span> <span class='ocrx_word' id='word_1_31' title='bbox 1555 636 1768 705; x_wconf 83' lang='lat' dir='ltr'><strong>quando</strong></span> <span class='ocrx_word' id='word_1_32' title='bbox 1793 651 1980 688; x_wconf 84' lang='lat' dir='ltr'><strong>vocem</strong></span> 
     </span>
    </p>
   </div>
   <div class='ocr_carea' id='block_1_6' title="bbox 404 728 1990 796">
    <p class='ocr_par' dir='ltr' id='par_1_6' title="bbox 404 728 1990 796">
     <span class='ocr_line' id='line_1_6' title="bbox 404 728 1990 796; baseline -0.001 -13"><span class='ocrx_word' id='word_1_33' title='bbox 404 730 575 784; x_wconf 86' lang='lat' dir='ltr'><strong>dicit?</strong></span> <span class='ocrx_word' id='word_1_34' title='bbox 617 729 876 796; x_wconf 75' lang='lat' dir='ltr'><strong>Numquid</strong></span> <span class='ocrx_word' id='word_1_35' title='bbox 928 728 1370 783; x_wconf 84' lang='lat' dir='ltr'><strong>medicamentum</strong></span> <span class='ocrx_word' id='word_1_36' title='bbox 1425 728 1582 782; x_wconf 86' lang='lat' dir='ltr'><strong>habet</strong></span> <span class='ocrx_word' id='word_1_37' title='bbox 1621 729 1843 782; x_wconf 84' lang='lat' dir='ltr'><strong>vocem?</strong></span> <span class='ocrx_word' id='word_1_38' title='bbox 1896 729 1990 782; x_wconf 89' lang='lat' dir='ltr'><strong>Est</strong></span> 
     </span>
    </p>
   </div>
   <div class='ocr_carea' id='block_1_7' title="bbox 403 808 1988 890">
    <p class='ocr_par' dir='ltr' id='par_1_7' title="bbox 403 808 1988 890">
     <span class='ocr_line' id='line_1_7' title="bbox 403 808 1988 890; baseline 0 -18"><span class='ocrx_word' id='word_1_39' title='bbox 403 808 668 890; x_wconf 73' lang='lat' dir='ltr'><strong>quoddam</strong></span> <span class='ocrx_word' id='word_1_40' title='bbox 695 819 1132 875; x_wconf 82' lang='lat' dir='ltr'><strong>medicamentum</strong></span> <span class='ocrx_word' id='word_1_41' title='bbox 1163 819 1302 890; x_wconf 88' lang='lat' dir='ltr'><strong>quod</strong></span> <span class='ocrx_word' id='word_1_42' title='bbox 1336 819 1492 873; x_wconf 83' lang='lat' dir='ltr'><strong>habet</strong></span> <span class='ocrx_word' id='word_1_43' title='bbox 1519 835 1724 874; x_wconf 89' lang='lat' dir='ltr'><strong>vocem.</strong></span> <span class='ocrx_word' id='word_1_44' title='bbox 1755 818 1988 874; x_wconf 81' lang='lat' dir='ltr'><strong>Medica-</strong></span> 
     </span>
    </p>
   </div>
   <div class='ocr_carea' id='block_1_8' title="bbox 404 909 1988 981">
    <p class='ocr_par' dir='ltr' id='par_1_8' title="bbox 404 909 1988 981">
     <span class='ocr_line' id='line_1_8' title="bbox 404 909 1988 981; baseline -0.001 -16"><span class='ocrx_word' id='word_1_45' title='bbox 404 920 642 966; x_wconf 81' lang='lat' dir='ltr'><strong>mentum</strong></span> <span class='ocrx_word' id='word_1_46' title='bbox 673 921 980 979; x_wconf 80' lang='lat' dir='ltr'><strong>portamus;</strong></span> <span class='ocrx_word' id='word_1_47' title='bbox 1009 925 1192 966; x_wconf 88' lang='lat' dir='ltr'><strong>vocem</strong></span> <span class='ocrx_word' id='word_1_48' title='bbox 1217 910 1332 979; x_wconf 85' lang='lat' dir='ltr'><strong>ejus</strong></span> <span class='ocrx_word' id='word_1_49' title='bbox 1356 909 1531 964; x_wconf 85' lang='lat' dir='ltr'><strong>audite</strong></span> <span class='ocrx_word' id='word_1_50' title='bbox 1550 951 1565 976; x_wconf 94' lang='lat'><strong>,</strong></span> <span class='ocrx_word' id='word_1_51' title='bbox 1592 926 1695 964; x_wconf 88' lang='lat' dir='ltr'><strong>non</strong></span> <span class='ocrx_word' id='word_1_52' title='bbox 1721 910 1988 981; x_wconf 88' lang='lat' dir='ltr'><strong>quomodo</strong></span> 
     </span>
    </p>
   </div>
   <div class='ocr_carea' id='block_1_9' title="bbox 404 999 1990 1072">
    <p class='ocr_par' dir='ltr' id='par_1_9' title="bbox 404 999 1990 1072">
     <span class='ocr_line' id='line_1_9' title="bbox 404 999 1990 1072; baseline -0.001 -16"><span class='ocrx_word' id='word_1_53' title='bbox 404 1002 617 1071; x_wconf 87' lang='lat' dir='ltr'><strong>aspides</strong></span> <span class='ocrx_word' id='word_1_54' title='bbox 642 1003 835 1057; x_wconf 59' lang='lat' dir='ltr'><strong>surdas.</strong></span> <span class='ocrx_word' id='word_1_55' title='bbox 869 1003 928 1058; x_wconf 90' lang='lat' dir='ltr'><strong>Si</strong></span> <span class='ocrx_word' id='word_1_56' title='bbox 954 1019 1065 1057; x_wconf 83' lang='lat' dir='ltr'><strong>vere</strong></span> <span class='ocrx_word' id='word_1_57' title='bbox 1089 1003 1260 1072; x_wconf 84' lang='lat' dir='ltr'><strong>utique</strong></span> <span class='ocrx_word' id='word_1_58' title='bbox 1285 999 1527 1070; x_wconf 77' lang='lat' dir='ltr'><strong>iustitiam</strong></span> <span class='ocrx_word' id='word_1_59' title='bbox 1555 1003 1836 1071; x_wconf 85' lang='lat' dir='ltr'><strong>loquimini,</strong></span> <span class='ocrx_word' id='word_1_60' title='bbox 1856 1012 1990 1056; x_wconf 85' lang='lat' dir='ltr'><strong>recta</strong></span> 
     </span>
    </p>
   </div>
   <div class='ocr_carea' id='block_1_10' title="bbox 405 1095 1990 1164">
    <p class='ocr_par' dir='ltr' id='par_1_10' title="bbox 405 1095 1990 1164">
     <span class='ocr_line' id='line_1_10' title="bbox 405 1095 1990 1164; baseline 0.003 -17"><span class='ocrx_word' id='word_1_61' title='bbox 405 1095 626 1164; x_wconf 74' lang='lat' dir='ltr'><strong>iudicate</strong></span> <span class='ocrx_word' id='word_1_62' title='bbox 644 1136 658 1158; x_wconf 89' lang='lat'><strong>,</strong></span> <span class='ocrx_word' id='word_1_63' title='bbox 692 1095 785 1162; x_wconf 75' lang='lat' dir='ltr'><strong>ﬁlii</strong></span> <span class='ocrx_word' id='word_1_64' title='bbox 814 1095 1091 1149; x_wconf 81' lang='lat' dir='ltr'><strong>hominum.</strong></span> <span class='ocrx_word' id='word_1_65' title='bbox 1124 1095 1240 1149; x_wconf 79' lang='lat' dir='ltr'><strong>Vox</strong></span> <span class='ocrx_word' id='word_1_66' title='bbox 1268 1105 1349 1150; x_wconf 90' lang='lat' dir='ltr'><strong>est</strong></span> <span class='ocrx_word' id='word_1_67' title='bbox 1377 1097 1721 1150; x_wconf 80' lang='lat' dir='ltr'><strong>medicamenti</strong></span> <span class='ocrx_word' id='word_1_68' title='bbox 1746 1139 1761 1163; x_wconf 93' lang='lat'><strong>,</strong></span> <span class='ocrx_word' id='word_1_69' title='bbox 1791 1106 1847 1151; x_wconf 89' lang='lat' dir='ltr'><strong>et.</strong></span> <span class='ocrx_word' id='word_1_70' title='bbox 1890 1097 1990 1152; x_wconf 90' lang='lat' dir='ltr'><strong>hoc</strong></span> 
     </span>
    </p>
   </div>
   <div class='ocr_carea' id='block_1_11' title="bbox 404 1186 1983 1258">
    <p class='ocr_par' dir='ltr' id='par_1_11' title="bbox 404 1186 1983 1258">
     <span class='ocr_line' id='line_1_11' title="bbox 404 1186 1983 1258; baseline 0.002 -19"><span class='ocrx_word' id='word_1_71' title='bbox 404 1186 637 1240; x_wconf 82' lang='lat' dir='ltr'><strong>medicati</strong></span> <span class='ocrx_word' id='word_1_72' title='bbox 681 1204 712 1239; x_wconf 88' lang='lat' dir='ltr'><strong>a</strong></span> <span class='ocrx_word' id='word_1_73' title='bbox 733 1188 977 1254; x_wconf 74' lang='lat' dir='ltr'><strong>sapiente.</strong></span> <span class='ocrx_word' id='word_1_74' title='bbox 1007 1186 1124 1242; x_wconf 83' lang='lat' dir='ltr'><strong>Jam</strong></span> <span class='ocrx_word' id='word_1_75' title='bbox 1164 1186 1305 1242; x_wconf 88' lang='lat' dir='ltr'><strong>enim</strong></span> <span class='ocrx_word' id='word_1_76' title='bbox 1333 1187 1477 1242; x_wconf 86' lang='lat' dir='ltr'><strong>venit</strong></span> <span class='ocrx_word' id='word_1_77' title='bbox 1501 1186 1740 1242; x_wconf 86' lang='lat' dir='ltr'><strong>Christus</strong></span> <span class='ocrx_word' id='word_1_78' title='bbox 1769 1189 1856 1258; x_wconf 92' lang='lat' dir='ltr'><strong>qui</strong></span> <span class='ocrx_word' id='word_1_79' title='bbox 1887 1190 1983 1242; x_wconf 84' lang='lat' dir='ltr'><strong>im-</strong></span> 
     </span>
    </p>
   </div>
   <div class='ocr_carea' id='block_1_12' title="bbox 405 1275 1987 1349">
    <p class='ocr_par' dir='ltr' id='par_1_12' title="bbox 405 1275 1987 1349">
     <span class='ocr_line' id='line_1_12' title="bbox 405 1275 1987 1349; baseline 0.003 -20"><span class='ocrx_word' id='word_1_80' title='bbox 405 1278 575 1346; x_wconf 85' lang='lat' dir='ltr'><strong>pleret</strong></span> <span class='ocrx_word' id='word_1_81' title='bbox 603 1282 795 1346; x_wconf 80' lang='lat' dir='ltr'><strong>Legem</strong></span> <span class='ocrx_word' id='word_1_82' title='bbox 817 1284 873 1332; x_wconf 81' lang='lat' dir='ltr'><strong>et</strong></span> <span class='ocrx_word' id='word_1_83' title='bbox 900 1277 1194 1347; x_wconf 84' lang='lat' dir='ltr'><strong>Pmphetas</strong></span> <span class='ocrx_word' id='word_1_84' title='bbox 1223 1275 1440 1347; x_wconf 77' lang='lat' dir='ltr'><strong>(Matth.</strong></span> <span class='ocrx_word' id='word_1_85' title='bbox 1475 1293 1505 1330; x_wconf 92' lang='lat' dir='ltr'><strong>v</strong></span> <span class='ocrx_word' id='word_1_86' title='bbox 1528 1320 1544 1344; x_wconf 89' lang='lat'><strong>,</strong></span> <span class='ocrx_word' id='word_1_87' title='bbox 1576 1276 1665 1348; x_wconf 79' lang='grc' dir='ltr'><strong>Π)</strong></span> <span class='ocrx_word' id='word_1_88' title='bbox 1688 1319 1702 1344; x_wconf 89' lang='grc'><em>,</em></span> <span class='ocrx_word' id='word_1_89' title='bbox 1730 1281 1818 1349; x_wconf 90' lang='lat' dir='ltr'><strong>qui</strong></span> <span class='ocrx_word' id='word_1_90' title='bbox 1845 1279 1987 1333; x_wconf 87' lang='lat' dir='ltr'><strong>veri-</strong></span> 
     </span>
    </p>
   </div>
   <div class='ocr_carea' id='block_1_13' title="bbox 405 1366 1988 1440">
    <p class='ocr_par' dir='ltr' id='par_1_13' title="bbox 405 1366 1988 1440">
     <span class='ocr_line' id='line_1_13' title="bbox 405 1366 1988 1440; baseline 0.003 -19"><span class='ocrx_word' id='word_1_91' title='bbox 405 1377 567 1422; x_wconf 85' lang='lat' dir='ltr'><strong>tatem</strong></span> <span class='ocrx_word' id='word_1_92' title='bbox 613 1368 778 1436; x_wconf 66' lang='lat' dir='ltr'><strong>ipsum</strong></span> <span class='ocrx_word' id='word_1_93' title='bbox 819 1366 1053 1422; x_wconf 84' lang='lat' dir='ltr'><strong>ﬁrmaret</strong></span> <span class='ocrx_word' id='word_1_94' title='bbox 1093 1386 1106 1421; x_wconf 94' lang='lat'><strong>:</strong></span> <span class='ocrx_word' id='word_1_95' title='bbox 1155 1367 1209 1422; x_wconf 90' lang='lat' dir='ltr'><strong>in</strong></span> <span class='ocrx_word' id='word_1_96' title='bbox 1245 1368 1438 1436; x_wconf 87' lang='lat' dir='ltr'><strong>quibus</strong></span> <span class='ocrx_word' id='word_1_97' title='bbox 1477 1368 1684 1424; x_wconf 91' lang='lat' dir='ltr'><strong>duobus</strong></span> <span class='ocrx_word' id='word_1_98' title='bbox 1713 1371 1988 1440; x_wconf 65' lang='lat' dir='ltr'><strong>praeceptis</strong></span> 
     </span>
    </p>
   </div>
   <div class='ocr_carea' id='block_1_14' title="bbox 404 1455 1707 1530">
    <p class='ocr_par' dir='ltr' id='par_1_14' title="bbox 404 1455 1707 1530">
     <span class='ocr_line' id='line_1_14' title="bbox 404 1455 1707 1530; baseline -0.001 -18"><span class='ocrx_word' id='word_1_99' title='bbox 404 1467 512 1512; x_wconf 88' lang='lat' dir='ltr'><strong>tota</strong></span> <span class='ocrx_word' id='word_1_100' title='bbox 540 1457 645 1511; x_wconf 80' lang='lat' dir='ltr'><strong>Lex</strong></span> <span class='ocrx_word' id='word_1_101' title='bbox 677 1455 870 1526; x_wconf 85' lang='lat' dir='ltr'><strong>pendet</strong></span> <span class='ocrx_word' id='word_1_102' title='bbox 893 1465 948 1511; x_wconf 89' lang='lat' dir='ltr'><strong>et</strong></span> <span class='ocrx_word' id='word_1_103' title='bbox 975 1456 1254 1528; x_wconf 74' lang='lat' dir='ltr'><strong>PrOpheuc</strong></span> <span class='ocrx_word' id='word_1_104' title='bbox 1278 1456 1392 1527; x_wconf 84' lang='lat' dir='ltr'><strong>(Id.</strong></span> <span class='ocrx_word' id='word_1_105' title='bbox 1421 1474 1530 1513; x_wconf 80' lang='lat' dir='ltr'><strong>xm</strong></span> <span class='ocrx_word' id='word_1_106' title='bbox 1549 1501 1564 1524; x_wconf 93' lang='lat'><strong>,</strong></span> <span class='ocrx_word' id='word_1_107' title='bbox 1595 1456 1707 1530; x_wconf 75' lang='grc'><strong>40).</strong></span> 
     </span>
    </p>
   </div>
   <div class='ocr_carea' id='block_1_15' title="bbox 475 1549 1990 1620">
    <p class='ocr_par' dir='ltr' id='par_1_15' title="bbox 475 1549 1990 1620">
     <span class='ocr_line' id='line_1_15' title="bbox 475 1549 1990 1620; baseline -0.001 -15"><span class='ocrx_word' id='word_1_108' title='bbox 475 1550 564 1606; x_wconf 73' lang='grc'><strong>10.</strong></span> <span class='ocrx_word' id='word_1_109' title='bbox 604 1551 684 1604; x_wconf 82' lang='grc' dir='ltr'><strong>Αη</strong></span> <span class='ocrx_word' id='word_1_110' title='bbox 715 1551 847 1605; x_wconf 79' lang='lat' dir='ltr'><strong>forte</strong></span> <span class='ocrx_word' id='word_1_111' title='bbox 864 1549 1152 1620; x_wconf 65' lang='lat' dir='ltr'><strong>quaerimus</strong></span> <span class='ocrx_word' id='word_1_112' title='bbox 1173 1550 1369 1620; x_wconf 87' lang='lat' dir='ltr'><strong>aliquid</strong></span> <span class='ocrx_word' id='word_1_113' title='bbox 1403 1559 1457 1605; x_wconf 86' lang='lat' dir='ltr'><strong>et</strong></span> <span class='ocrx_word' id='word_1_114' title='bbox 1477 1552 1529 1605; x_wconf 92' lang='lat' dir='ltr'><strong>in</strong></span> <span class='ocrx_word' id='word_1_115' title='bbox 1551 1565 1616 1605; x_wconf 86' lang='lat' dir='ltr'><strong>eo</strong></span> <span class='ocrx_word' id='word_1_116' title='bbox 1637 1549 1778 1620; x_wconf 92' lang='lat' dir='ltr'><strong>quod</strong></span> <span class='ocrx_word' id='word_1_117' title='bbox 1796 1549 1990 1604; x_wconf 90' lang='lat' dir='ltr'><strong>dicitur</strong></span> 
     </span>
    </p>
   </div>
   <div class='ocr_carea' id='block_1_16' title="bbox 401 1640 1988 1712">
    <p class='ocr_par' dir='ltr' id='par_1_16' title="bbox 401 1640 1988 1712">
     <span class='ocr_line' id='line_1_16' title="bbox 401 1640 1988 1712; baseline -0.001 -15"><span class='ocrx_word' id='word_1_118' title='bbox 401 1643 549 1712; x_wconf 80' lang='lat' dir='ltr'><strong>aspis</strong></span> <span class='ocrx_word' id='word_1_119' title='bbox 585 1643 656 1696; x_wconf 90' lang='lat' dir='ltr'><strong>ita</strong></span> <span class='ocrx_word' id='word_1_120' title='bbox 692 1656 848 1696; x_wconf 87' lang='lat' dir='ltr'><strong>aures</strong></span> <span class='ocrx_word' id='word_1_121' title='bbox 875 1640 1143 1708; x_wconf 81' lang='lat' dir='ltr'><strong>claudere,</strong></span> <span class='ocrx_word' id='word_1_122' title='bbox 1186 1653 1243 1695; x_wconf 89' lang='lat' dir='ltr'><strong>ut</strong></span> <span class='ocrx_word' id='word_1_123' title='bbox 1284 1657 1440 1696; x_wconf 91' lang='lat' dir='ltr'><strong>unam</strong></span> <span class='ocrx_word' id='word_1_124' title='bbox 1479 1657 1662 1696; x_wconf 90' lang='lat' dir='ltr'><strong>earum</strong></span> <span class='ocrx_word' id='word_1_125' title='bbox 1701 1642 1752 1696; x_wconf 92' lang='lat' dir='ltr'><strong>in</strong></span> <span class='ocrx_word' id='word_1_126' title='bbox 1793 1650 1988 1696; x_wconf 87' lang='lat' dir='ltr'><strong>terram</strong></span> 
     </span>
    </p>
   </div>
   <div class='ocr_carea' id='block_1_17' title="bbox 403 1733 1988 1807">
    <p class='ocr_par' dir='ltr' id='par_1_17' title="bbox 403 1733 1988 1807">
     <span class='ocr_line' id='line_1_17' title="bbox 403 1733 1988 1807; baseline -0.001 -18"><span class='ocrx_word' id='word_1_127' title='bbox 403 1743 630 1807; x_wconf 83' lang='lat' dir='ltr'><strong>premat.</strong></span> <span class='ocrx_word' id='word_1_128' title='bbox 663 1735 882 1789; x_wconf 87' lang='lat' dir='ltr'><strong>alteram</strong></span> <span class='ocrx_word' id='word_1_129' title='bbox 912 1735 1073 1789; x_wconf 79' lang='lat' dir='ltr'><strong>cauda</strong></span> <span class='ocrx_word' id='word_1_130' title='bbox 1098 1735 1300 1805; x_wconf 90' lang='lat' dir='ltr'><strong>oppilet</strong></span> <span class='ocrx_word' id='word_1_131' title='bbox 1319 1735 1342 1787; x_wconf 85' lang='lat'><strong>?</strong></span> <span class='ocrx_word' id='word_1_132' title='bbox 1362 1734 1496 1802; x_wconf 84' lang='lat' dir='ltr'><strong>Quid</strong></span> <span class='ocrx_word' id='word_1_133' title='bbox 1523 1735 1623 1788; x_wconf 91' lang='lat' dir='ltr'><strong>sibi</strong></span> <span class='ocrx_word' id='word_1_134' title='bbox 1644 1734 1752 1790; x_wconf 85' lang='lat' dir='ltr'><strong>vult</strong></span> <span class='ocrx_word' id='word_1_135' title='bbox 1776 1734 1911 1788; x_wconf 89' lang='lat' dir='ltr'><strong>hoc?</strong></span> <span class='ocrx_word' id='word_1_136' title='bbox 1933 1733 1988 1788; x_wconf 88' lang='lat' dir='ltr'><strong>In</strong></span> 
     </span>
    </p>
   </div>
   <div class='ocr_carea' id='block_1_18' title="bbox 403 1829 1989 1900">
    <p class='ocr_par' dir='ltr' id='par_1_18' title="bbox 403 1829 1989 1900">
     <span class='ocr_line' id='line_1_18' title="bbox 403 1829 1989 1900; baseline -0.002 -16"><span class='ocrx_word' id='word_1_137' title='bbox 403 1830 599 1890; x_wconf 84' lang='lat' dir='ltr'><strong>cauda.</strong></span> <span class='ocrx_word' id='word_1_138' title='bbox 630 1831 921 1898; x_wconf 76' lang='lat' dir='ltr'><strong>posteriora</strong></span> <span class='ocrx_word' id='word_1_139' title='bbox 945 1830 1121 1899; x_wconf 87' lang='lat' dir='ltr'><strong>utique</strong></span> <span class='ocrx_word' id='word_1_140' title='bbox 1153 1830 1546 1900; x_wconf 87' lang='lat' dir='ltr'><strong>intelliguntur;</strong></span> <span class='ocrx_word' id='word_1_141' title='bbox 1570 1844 1697 1899; x_wconf 81' lang='lat' dir='ltr'><strong>ergo</strong></span> <span class='ocrx_word' id='word_1_142' title='bbox 1727 1829 1743 1860; x_wconf 77' lang='grc'>³</span> <span class='ocrx_word' id='word_1_143' title='bbox 1766 1837 1989 1898; x_wconf 69' lang='lat' dir='ltr'><strong>prteter-</strong></span> 
     </span>
    </p>
   </div>
   <div class='ocr_carea' id='block_1_19' title="bbox 403 1921 1986 1992">
    <p class='ocr_par' dir='ltr' id='par_1_19' title="bbox 403 1921 1986 1992">
     <span class='ocr_line' id='line_1_19' title="bbox 403 1921 1986 1992; baseline 0 -16"><span class='ocrx_word' id='word_1_144' title='bbox 403 1927 497 1987; x_wconf 84' lang='lat' dir='ltr'><strong>ita,</strong></span> <span class='ocrx_word' id='word_1_145' title='bbox 534 1938 640 1992; x_wconf 91' lang='lat' dir='ltr'><strong>quo</strong></span> <span class='ocrx_word' id='word_1_146' title='bbox 677 1923 788 1988; x_wconf 85' lang='lat' dir='ltr'><strong>jam</strong></span> <span class='ocrx_word' id='word_1_147' title='bbox 839 1933 1041 1992; x_wconf 85' lang='lat' dir='ltr'><strong>tergum</strong></span> <span class='ocrx_word' id='word_1_148' title='bbox 1084 1931 1294 1992; x_wconf 81' lang='lat' dir='ltr'><strong>Oportet</strong></span> <span class='ocrx_word' id='word_1_149' title='bbox 1330 1937 1560 1991; x_wconf 88' lang='lat' dir='ltr'><strong>ponere,</strong></span> <span class='ocrx_word' id='word_1_150' title='bbox 1587 1930 1646 1976; x_wconf 93' lang='lat' dir='ltr'><strong>ut</strong></span> <span class='ocrx_word' id='word_1_151' title='bbox 1687 1921 1737 1975; x_wconf 92' lang='lat' dir='ltr'><strong>in</strong></span> <span class='ocrx_word' id='word_1_152' title='bbox 1777 1937 1838 1976; x_wconf 88' lang='lat' dir='ltr'><strong>ea</strong></span> <span class='ocrx_word' id='word_1_153' title='bbox 1865 1937 1986 1991; x_wconf 70' lang='lat' dir='ltr'><strong>quae</strong></span> 
     </span>
    </p>
   </div>
   <div class='ocr_carea' id='block_1_20' title="bbox 407 2014 1990 2086">
    <p class='ocr_par' dir='ltr' id='par_1_20' title="bbox 407 2014 1990 2086">
     <span class='ocr_line' id='line_1_20' title="bbox 407 2014 1990 2086; baseline -0.001 -18"><span class='ocrx_word' id='word_1_154' title='bbox 407 2015 563 2069; x_wconf 88' lang='lat' dir='ltr'><strong>nobis</strong></span> <span class='ocrx_word' id='word_1_155' title='bbox 600 2015 978 2086; x_wconf 89' lang='lat' dir='ltr'><strong>promittuntur</strong></span> <span class='ocrx_word' id='word_1_156' title='bbox 1005 2014 1373 2069; x_wconf 88' lang='lat' dir='ltr'><strong>intendamus:</strong></span> <span class='ocrx_word' id='word_1_157' title='bbox 1398 2027 1527 2083; x_wconf 82' lang='lat' dir='ltr'><strong>ergo</strong></span> <span class='ocrx_word' id='word_1_158' title='bbox 1552 2028 1653 2068; x_wconf 90' lang='lat' dir='ltr'><strong>nec</strong></span> <span class='ocrx_word' id='word_1_159' title='bbox 1675 2028 1738 2068; x_wconf 75' lang='lat' dir='ltr'><strong>ex</strong></span> <span class='ocrx_word' id='word_1_160' title='bbox 1766 2025 1990 2083; x_wconf 61' lang='lat' dir='ltr'><strong>praeter-</strong></span> 
     </span>
    </p>
   </div>
   <div class='ocr_carea' id='block_1_21' title="bbox 404 2105 1984 2177">
    <p class='ocr_par' dir='ltr' id='par_1_21' title="bbox 404 2105 1984 2177">
     <span class='ocr_line' id='line_1_21' title="bbox 404 2105 1984 2177; baseline -0.002 -16"><span class='ocrx_word' id='word_1_161' title='bbox 404 2109 477 2161; x_wconf 88' lang='lat' dir='ltr'><strong>ita</strong></span> <span class='ocrx_word' id='word_1_162' title='bbox 524 2108 630 2161; x_wconf 77' lang='lat' dir='ltr'><strong>vita</strong></span> <span class='ocrx_word' id='word_1_163' title='bbox 669 2116 846 2162; x_wconf 88' lang='lat' dir='ltr'><strong>nostra</strong></span> <span class='ocrx_word' id='word_1_164' title='bbox 872 2149 886 2172; x_wconf 92' lang='lat'><strong>,</strong></span> <span class='ocrx_word' id='word_1_165' title='bbox 921 2121 1020 2162; x_wconf 80' lang='lat' dir='ltr'><strong>nec</strong></span> <span class='ocrx_word' id='word_1_166' title='bbox 1040 2122 1109 2161; x_wconf 81' lang='lat' dir='ltr'><strong>ex</strong></span> <span class='ocrx_word' id='word_1_167' title='bbox 1150 2107 1398 2177; x_wconf 68' lang='lat' dir='ltr'><strong>prtesenti</strong></span> <span class='ocrx_word' id='word_1_168' title='bbox 1426 2105 1680 2161; x_wconf 86' lang='lat' dir='ltr'><strong>delectari</strong></span> <span class='ocrx_word' id='word_1_169' title='bbox 1709 2106 1984 2164; x_wconf 83' lang='lat' dir='ltr'><strong>debemus.</strong></span> 
     </span>
    </p>
   </div>
   <div class='ocr_carea' id='block_1_22' title="bbox 405 2195 1988 2269">
    <p class='ocr_par' dir='ltr' id='par_1_22' title="bbox 405 2195 1988 2269">
     <span class='ocr_line' id='line_1_22' title="bbox 405 2195 1988 2269; baseline -0.003 -15"><span class='ocrx_word' id='word_1_170' title='bbox 405 2198 516 2254; x_wconf 88' lang='lat' dir='ltr'><strong>lloe</strong></span> <span class='ocrx_word' id='word_1_171' title='bbox 554 2198 695 2254; x_wconf 87' lang='lat' dir='ltr'><strong>enim</strong></span> <span class='ocrx_word' id='word_1_172' title='bbox 732 2198 1017 2269; x_wconf 88' lang='lat' dir='ltr'><strong>Apostolus</strong></span> <span class='ocrx_word' id='word_1_173' title='bbox 1058 2207 1238 2252; x_wconf 89' lang='lat' dir='ltr'><strong>monet</strong></span> <span class='ocrx_word' id='word_1_174' title='bbox 1263 2197 1477 2257; x_wconf 86' lang='lat' dir='ltr'><strong>&#39;dicens,</strong></span> <span class='ocrx_word' id='word_1_175' title='bbox 1529 2195 1691 2262; x_wconf 78' lang='lat' dir='ltr'><strong>Quem</strong></span> <span class='ocrx_word' id='word_1_176' title='bbox 1733 2213 1848 2267; x_wconf 86' lang='lat' dir='ltr'><strong>ergo</strong></span> <span class='ocrx_word' id='word_1_177' title='bbox 1891 2198 1988 2250; x_wconf 87' lang='lat' dir='ltr'><strong>ali-</strong></span> 
     </span>
    </p>
   </div>
   <div class='ocr_carea' id='block_1_23' title="bbox 402 2289 1988 2359">
    <p class='ocr_par' dir='ltr' id='par_1_23' title="bbox 402 2289 1988 2359">
     <span class='ocr_line' id='line_1_23' title="bbox 402 2289 1988 2359; baseline 0.001 -17"><span class='ocrx_word' id='word_1_178' title='bbox 402 2289 604 2357; x_wconf 78' lang='lat' dir='ltr'><strong>quando</strong></span> <span class='ocrx_word' id='word_1_179' title='bbox 631 2293 850 2359; x_wconf 82' lang='lat' dir='ltr'><strong>fructum</strong></span> <span class='ocrx_word' id='word_1_180' title='bbox 891 2289 1134 2342; x_wconf 78' lang='lat' dir='ltr'><strong>habuistis</strong></span> <span class='ocrx_word' id='word_1_181' title='bbox 1169 2290 1220 2342; x_wconf 89' lang='lat' dir='ltr'><strong>in</strong></span> <span class='ocrx_word' id='word_1_182' title='bbox 1264 2289 1342 2342; x_wconf 86' lang='lat' dir='ltr'><strong>his</strong></span> <span class='ocrx_word' id='word_1_183' title='bbox 1383 2290 1434 2342; x_wconf 89' lang='lat' dir='ltr'><strong>in</strong></span> <span class='ocrx_word' id='word_1_184' title='bbox 1471 2289 1654 2358; x_wconf 78' lang='lat' dir='ltr'><strong>quibus</strong></span> <span class='ocrx_word' id='word_1_185' title='bbox 1701 2306 1830 2344; x_wconf 85' lang='lat' dir='ltr'><strong>nunc</strong></span> <span class='ocrx_word' id='word_1_186' title='bbox 1872 2305 1988 2343; x_wconf 89' lang='lat' dir='ltr'><strong>eru-</strong></span> 
     </span>
    </p>
   </div>
   <div class='ocr_carea' id='block_1_24' title="bbox 402 2379 1988 2450">
    <p class='ocr_par' dir='ltr' id='par_1_24' title="bbox 402 2379 1988 2450">
     <span class='ocr_line' id='line_1_24' title="bbox 402 2379 1988 2450; baseline -0.001 -16"><span class='ocrx_word' id='word_1_187' title='bbox 402 2382 598 2436; x_wconf 83' lang='lat' dir='ltr'><strong>bescitis</strong></span> <span class='ocrx_word' id='word_1_188' title='bbox 639 2381 814 2450; x_wconf 72' lang='lat' dir='ltr'><strong>(Itoni.</strong></span> <span class='ocrx_word' id='word_1_189' title='bbox 847 2397 932 2444; x_wconf 73' lang='grc' dir='ltr'><strong>γι,</strong></span> <span class='ocrx_word' id='word_1_190' title='bbox 961 2379 1092 2448; x_wconf 73' lang='lat'><strong>2|)?</strong></span> <span class='ocrx_word' id='word_1_191' title='bbox 1135 2379 1369 2434; x_wconf 80' lang='lat' dir='ltr'><strong>Revocat</strong></span> <span class='ocrx_word' id='word_1_192' title='bbox 1413 2395 1442 2434; x_wconf 87' lang='lat' dir='ltr'><strong>a</strong></span> <span class='ocrx_word' id='word_1_193' title='bbox 1488 2379 1829 2434; x_wconf 88' lang='lat' dir='ltr'><strong>recordandis</strong></span> <span class='ocrx_word' id='word_1_194' title='bbox 1868 2395 1988 2434; x_wconf 89' lang='lat' dir='ltr'><strong>eum</strong></span> 
     </span>
    </p>
   </div>
   <div class='ocr_carea' id='block_1_25' title="bbox 402 2471 1990 2543">
    <p class='ocr_par' dir='ltr' id='par_1_25' title="bbox 402 2471 1990 2543">
     <span class='ocr_line' id='line_1_25' title="bbox 402 2471 1990 2543; baseline -0.001 -15"><span class='ocrx_word' id='word_1_195' title='bbox 402 2475 752 2529; x_wconf 80' lang='lat' dir='ltr'><strong>delectatione</strong></span> <span class='ocrx_word' id='word_1_196' title='bbox 776 2473 1073 2543; x_wconf 66' lang='lat' dir='ltr'><strong>praeteritis,</strong></span> <span class='ocrx_word' id='word_1_197' title='bbox 1098 2483 1152 2527; x_wconf 91' lang='lat' dir='ltr'><strong>et</strong></span> <span class='ocrx_word' id='word_1_198' title='bbox 1172 2489 1288 2526; x_wconf 88' lang='lat' dir='ltr'><strong>cmn</strong></span> <span class='ocrx_word' id='word_1_199' title='bbox 1313 2473 1536 2541; x_wconf 86' lang='lat' dir='ltr'><strong>quadam</strong></span> <span class='ocrx_word' id='word_1_200' title='bbox 1561 2471 1990 2541; x_wconf 80' lang='lat' dir='ltr'><strong>concupiscentia</strong></span> 
     </span>
    </p>
   </div>
   <div class='ocr_carea' id='block_1_26' title="bbox 403 2563 1988 2634">
    <p class='ocr_par' dir='ltr' id='par_1_26' title="bbox 403 2563 1988 2634">
     <span class='ocr_line' id='line_1_26' title="bbox 403 2563 1988 2634; baseline 0 -15"><span class='ocrx_word' id='word_1_201' title='bbox 403 2566 607 2621; x_wconf 84' lang='lat' dir='ltr'><strong>l&#39;rttendi</strong></span> <span class='ocrx_word' id='word_1_202' title='bbox 637 2567 691 2628; x_wconf 77' lang='grc'><strong>’,</strong></span> <span class='ocrx_word' id='word_1_203' title='bbox 727 2582 792 2620; x_wconf 87' lang='lat' dir='ltr'><strong>ne</strong></span> <span class='ocrx_word' id='word_1_204' title='bbox 815 2565 1095 2620; x_wconf 82' lang='lat' dir='ltr'><strong>redeamus</strong></span> <span class='ocrx_word' id='word_1_205' title='bbox 1120 2563 1280 2618; x_wconf 91' lang='lat' dir='ltr'><strong>corde</strong></span> <span class='ocrx_word' id='word_1_206' title='bbox 1311 2566 1361 2617; x_wconf 93' lang='lat' dir='ltr'><strong>in</strong></span> <span class='ocrx_word' id='word_1_207' title='bbox 1393 2563 1702 2634; x_wconf 61' lang='lat' dir='ltr'><strong>IEgyptum.</strong></span> <span class='ocrx_word' id='word_1_208' title='bbox 1742 2563 1877 2630; x_wconf 86' lang='lat' dir='ltr'><strong>Quid</strong></span> <span class='ocrx_word' id='word_1_209' title='bbox 1921 2564 1988 2619; x_wconf 88' lang='lat' dir='ltr'><strong>de</strong></span> 
     </span>
    </p>
   </div>
   <div class='ocr_carea' id='block_1_27' title="bbox 404 2654 1990 2726">
    <p class='ocr_par' dir='ltr' id='par_1_27' title="bbox 404 2654 1990 2726">
     <span class='ocr_line' id='line_1_27' title="bbox 404 2654 1990 2726; baseline -0.002 -14"><span class='ocrx_word' id='word_1_210' title='bbox 404 2657 784 2726; x_wconf 72' lang='lat' dir='ltr'><strong>pnesentibus?</strong></span> <span class='ocrx_word' id='word_1_211' title='bbox 828 2655 1092 2724; x_wconf 91' lang='lat' dir='ltr'><strong>quomodo</strong></span> <span class='ocrx_word' id='word_1_212' title='bbox 1127 2654 1278 2723; x_wconf 84' lang='lat' dir='ltr'><strong>jubet</strong></span> <span class='ocrx_word' id='word_1_213' title='bbox 1310 2655 1468 2708; x_wconf 87' lang='lat' dir='ltr'><strong>etiam</strong></span> <span class='ocrx_word' id='word_1_214' title='bbox 1517 2655 1630 2721; x_wconf 89' lang='lat' dir='ltr'><strong>ipsa</strong></span> <span class='ocrx_word' id='word_1_215' title='bbox 1674 2654 1990 2709; x_wconf 76' lang='lat' dir='ltr'><strong>contemni?</strong></span> 
     </span>
    </p>
   </div>
   <div class='ocr_carea' id='block_1_28' title="bbox 404 2744 1990 2818">
    <p class='ocr_par' dir='ltr' id='par_1_28' title="bbox 404 2744 1990 2818">
     <span class='ocr_line' id='line_1_28' title="bbox 404 2744 1990 2818; baseline -0.002 -16"><span class='ocrx_word' id='word_1_216' title='bbox 404 2747 526 2803; x_wconf 79' lang='lat' dir='ltr'><strong>Non</strong></span> <span class='ocrx_word' id='word_1_217' title='bbox 551 2747 926 2818; x_wconf 77' lang='lat' dir='ltr'><strong>respicientibus</strong></span> <span class='ocrx_word' id='word_1_218' title='bbox 944 2788 960 2812; x_wconf 94' lang='lat'><strong>,</strong></span> <span class='ocrx_word' id='word_1_219' title='bbox 988 2747 1185 2815; x_wconf 88' lang='lat' dir='ltr'><strong>inquit,</strong></span> <span class='ocrx_word' id='word_1_220' title='bbox 1214 2763 1326 2815; x_wconf 81' lang='lat' dir='ltr'><strong>qua:</strong></span> <span class='ocrx_word' id='word_1_221' title='bbox 1351 2745 1579 2798; x_wconf 81' lang='lat' dir='ltr'><strong>videntur</strong></span> <span class='ocrx_word' id='word_1_222' title='bbox 1598 2785 1616 2810; x_wconf 92' lang='lat'><strong>,</strong></span> <span class='ocrx_word' id='word_1_223' title='bbox 1647 2744 1734 2802; x_wconf 85' lang='lat' dir='ltr'><strong>sed</strong></span> <span class='ocrx_word' id='word_1_224' title='bbox 1757 2760 1869 2816; x_wconf 73' lang='lat' dir='ltr'><strong>qua:</strong></span> <span class='ocrx_word' id='word_1_225' title='bbox 1888 2762 1990 2799; x_wconf 87' lang='lat' dir='ltr'><strong>non</strong></span> 
     </span>
    </p>
   </div>
   <div class='ocr_carea' id='block_1_29' title="bbox 379 2836 1991 2905">
    <p class='ocr_par' dir='ltr' id='par_1_29' title="bbox 379 2836 1991 2905">
     <span class='ocr_line' id='line_1_29' title="bbox 379 2836 1991 2905; baseline -0.002 -12"><span class='ocrx_word' id='word_1_226' title='bbox 379 2839 650 2894; x_wconf 67' lang='lat' dir='ltr'><strong>uidentur.</strong></span> <span class='ocrx_word' id='word_1_227' title='bbox 702 2838 829 2904; x_wconf 71' lang='lat' dir='ltr'><strong>Qua:</strong></span> <span class='ocrx_word' id='word_1_228' title='bbox 864 2838 996 2891; x_wconf 86' lang='lat' dir='ltr'><strong>enim</strong></span> <span class='ocrx_word' id='word_1_229' title='bbox 1030 2836 1279 2900; x_wconf 82' lang='lat' dir='ltr'><strong>videntur,</strong></span> <span class='ocrx_word' id='word_1_230' title='bbox 1329 2836 1625 2905; x_wconf 85' lang='lat' dir='ltr'><strong>temporalia</strong></span> <span class='ocrx_word' id='word_1_231' title='bbox 1671 2846 1832 2890; x_wconf 87' lang='lat' dir='ltr'><strong>sunt:</strong></span> <span class='ocrx_word' id='word_1_232' title='bbox 1878 2851 1991 2905; x_wconf 73' lang='lat' dir='ltr'><strong>quas</strong></span> 
     </span>
    </p>
   </div>
   <div class='ocr_carea' id='block_1_30' title="bbox 400 2926 1990 2998">
    <p class='ocr_par' dir='ltr' id='par_1_30' title="bbox 400 2926 1990 2998">
     <span class='ocr_line' id='line_1_30' title="bbox 400 2926 1990 2998; baseline -0.001 -13"><span class='ocrx_word' id='word_1_233' title='bbox 400 2941 568 2990; x_wconf 84' lang='lat' dir='ltr'><strong>autem</strong></span> <span class='ocrx_word' id='word_1_234' title='bbox 595 2948 696 2984; x_wconf 84' lang='lat' dir='ltr'><strong>non</strong></span> <span class='ocrx_word' id='word_1_235' title='bbox 725 2931 952 2984; x_wconf 82' lang='lat' dir='ltr'><strong>videntur</strong></span> <span class='ocrx_word' id='word_1_236' title='bbox 971 2972 986 2997; x_wconf 91' lang='lat'><strong>,</strong></span> <span class='ocrx_word' id='word_1_237' title='bbox 1016 2939 1200 2983; x_wconf 80' lang='lat' dir='ltr'><strong>wterna</strong></span> <span class='ocrx_word' id='word_1_238' title='bbox 1225 2928 1300 2997; x_wconf 88' lang='lat' dir='ltr'><strong>(ll</strong></span> <span class='ocrx_word' id='word_1_239' title='bbox 1329 2928 1447 2982; x_wconf 87' lang='lat' dir='ltr'><strong>Cor.</strong></span> <span class='ocrx_word' id='word_1_240' title='bbox 1477 2945 1562 2994; x_wconf 81' lang='lat' dir='ltr'><strong>tv,</strong></span> <span class='ocrx_word' id='word_1_241' title='bbox 1596 2928 1663 2984; x_wconf 82' lang='grc'><strong>18</strong></span> <span class='ocrx_word' id='word_1_242' title='bbox 1686 2927 1728 2998; x_wconf 92' lang='grc'><strong>).</strong></span> <span class='ocrx_word' id='word_1_243' title='bbox 1761 2926 1890 2983; x_wconf 82' lang='lat' dir='ltr'><strong>Item</strong></span> <span class='ocrx_word' id='word_1_244' title='bbox 1920 2927 1990 2983; x_wconf 87' lang='lat' dir='ltr'><strong>de</strong></span> 
     </span>
    </p>
   </div>
   <div class='ocr_carea' id='block_1_31' title="bbox 319 3018 1989 3094">
    <p class='ocr_par' dir='ltr' id='par_1_31' title="bbox 319 3018 1989 3094">
     <span class='ocr_line' id='line_1_31' title="bbox 319 3018 1989 3094; baseline -0.001 -21"><span class='ocrx_word' id='word_1_245' title='bbox 319 3065 330 3073; x_wconf 91' lang='lat'><strong>.</strong></span> <span class='ocrx_word' id='word_1_246' title='bbox 400 3022 649 3094; x_wconf 59' lang='lat' dir='ltr'><strong>pruenti</strong></span> <span class='ocrx_word' id='word_1_247' title='bbox 681 3022 786 3075; x_wconf 89' lang='lat' dir='ltr'><strong>vita</strong></span> <span class='ocrx_word' id='word_1_248' title='bbox 824 3021 988 3076; x_wconf 82' lang='lat' dir='ltr'><strong>dicit:</strong></span> <span class='ocrx_word' id='word_1_249' title='bbox 1035 3019 1094 3074; x_wconf 87' lang='lat' dir='ltr'><strong>Si</strong></span> <span class='ocrx_word' id='word_1_250' title='bbox 1119 3021 1170 3072; x_wconf 87' lang='lat' dir='ltr'><strong>in</strong></span> <span class='ocrx_word' id='word_1_251' title='bbox 1201 3019 1294 3072; x_wconf 85' lang='lat' dir='ltr'><strong>hac</strong></span> <span class='ocrx_word' id='word_1_252' title='bbox 1323 3021 1423 3072; x_wconf 85' lang='lat' dir='ltr'><strong>vita</strong></span> <span class='ocrx_word' id='word_1_253' title='bbox 1461 3029 1654 3072; x_wconf 84' lang='lat' dir='ltr'><strong>tantum</strong></span> <span class='ocrx_word' id='word_1_254' title='bbox 1691 3020 1746 3071; x_wconf 89' lang='lat' dir='ltr'><strong>in</strong></span> <span class='ocrx_word' id='word_1_255' title='bbox 1787 3018 1989 3074; x_wconf 89' lang='lat' dir='ltr'><strong>Christo</strong></span> 
     </span>
    </p>
   </div>
   <div class='ocr_carea' id='block_1_32' title="bbox 406 3111 1988 3185">
    <p class='ocr_par' dir='ltr' id='par_1_32' title="bbox 406 3111 1988 3185">
     <span class='ocr_line' id='line_1_32' title="bbox 406 3111 1988 3185; baseline -0.003 -16"><span class='ocrx_word' id='word_1_256' title='bbox 406 3126 667 3185; x_wconf 83' lang='lat' dir='ltr'><strong>sperantes</strong></span> <span class='ocrx_word' id='word_1_257' title='bbox 691 3131 882 3180; x_wconf 82' lang='lat' dir='ltr'><strong>sumus,</strong></span> <span class='ocrx_word' id='word_1_258' title='bbox 913 3113 1295 3166; x_wconf 83' lang='lat' dir='ltr'><strong>miserabiliores</strong></span> <span class='ocrx_word' id='word_1_259' title='bbox 1319 3128 1490 3165; x_wconf 87' lang='lat' dir='ltr'><strong>sumus</strong></span> <span class='ocrx_word' id='word_1_260' title='bbox 1515 3111 1740 3165; x_wconf 83' lang='lat' dir='ltr'><strong>omnibus</strong></span> <span class='ocrx_word' id='word_1_261' title='bbox 1771 3111 1988 3166; x_wconf 73' lang='lat' dir='ltr'><strong>homini-</strong></span> 
     </span>
    </p>
   </div>
   <div class='ocr_carea' id='block_1_33' title="bbox 402 3202 1984 3276">
    <p class='ocr_par' dir='ltr' id='par_1_33' title="bbox 402 3202 1984 3276">
     <span class='ocr_line' id='line_1_33' title="bbox 402 3202 1984 3276; baseline -0.003 -17"><span class='ocrx_word' id='word_1_262' title='bbox 402 3206 492 3260; x_wconf 82' lang='lat' dir='ltr'><strong>bus</strong></span> <span class='ocrx_word' id='word_1_263' title='bbox 533 3204 732 3276; x_wconf 84' lang='lat' dir='ltr'><strong>(lCor.</strong></span> <span class='ocrx_word' id='word_1_264' title='bbox 799 3220 896 3268; x_wconf 88' lang='lat' dir='ltr'><strong>xv,</strong></span> <span class='ocrx_word' id='word_1_265' title='bbox 954 3202 1081 3273; x_wconf 87' lang='grc'><strong>19).</strong></span> <span class='ocrx_word' id='word_1_266' title='bbox 1134 3202 1458 3257; x_wconf 85' lang='lat' dir='ltr'><strong>Oblivisecre</strong></span> <span class='ocrx_word' id='word_1_267' title='bbox 1502 3217 1631 3272; x_wconf 83' lang='lat' dir='ltr'><strong>ergo</strong></span> <span class='ocrx_word' id='word_1_268' title='bbox 1682 3203 1984 3271; x_wconf 71' lang='lat' dir='ltr'><strong>prteterita,</strong></span> 
     </span>
    </p>
   </div>
   <div class='ocr_carea' id='block_1_34' title="bbox 404 3296 1987 3371">
    <p class='ocr_par' dir='ltr' id='par_1_34' title="bbox 404 3296 1987 3371">
     <span class='ocr_line' id='line_1_34' title="bbox 404 3296 1987 3371; baseline 0 -19"><span class='ocrx_word' id='word_1_269' title='bbox 404 3299 597 3369; x_wconf 87' lang='lat' dir='ltr'><strong>quibus</strong></span> <span class='ocrx_word' id='word_1_270' title='bbox 641 3299 777 3353; x_wconf 89' lang='lat' dir='ltr'><strong>male</strong></span> <span class='ocrx_word' id='word_1_271' title='bbox 837 3297 1054 3371; x_wconf 78' lang='lat' dir='ltr'><strong>vixisti;</strong></span> <span class='ocrx_word' id='word_1_272' title='bbox 1103 3306 1386 3351; x_wconf 89' lang='lat' dir='ltr'><strong>contemne</strong></span> <span class='ocrx_word' id='word_1_273' title='bbox 1437 3297 1750 3365; x_wconf 69' lang='lat' dir='ltr'><strong>praesentia,</strong></span> <span class='ocrx_word' id='word_1_274' title='bbox 1795 3296 1987 3367; x_wconf 89' lang='lat' dir='ltr'><strong>quibus</strong></span> 
     </span>
    </p>
   </div>
   <div class='ocr_carea' id='block_1_35' title="bbox 405 3385 1985 3459">
    <p class='ocr_par' dir='ltr' id='par_1_35' title="bbox 405 3385 1985 3459">
     <span class='ocr_line' id='line_1_35' title="bbox 405 3385 1985 3459; baseline -0.001 -16"><span class='ocrx_word' id='word_1_275' title='bbox 405 3388 766 3459; x_wconf 89' lang='lat' dir='ltr'><strong>temporaliter</strong></span> <span class='ocrx_word' id='word_1_276' title='bbox 807 3386 976 3453; x_wconf 84' lang='lat' dir='ltr'><strong>vivis,</strong></span> <span class='ocrx_word' id='word_1_277' title='bbox 1022 3403 1090 3440; x_wconf 89' lang='lat' dir='ltr'><strong>ne</strong></span> <span class='ocrx_word' id='word_1_278' title='bbox 1131 3398 1181 3440; x_wconf 89' lang='lat' dir='ltr'><strong>te</strong></span> <span class='ocrx_word' id='word_1_279' title='bbox 1222 3385 1507 3456; x_wconf 85' lang='lat' dir='ltr'><strong>alligando,</strong></span> <span class='ocrx_word' id='word_1_280' title='bbox 1552 3389 1829 3455; x_wconf 60' lang='lat' dir='ltr'><strong>praesentia</strong></span> <span class='ocrx_word' id='word_1_281' title='bbox 1880 3402 1985 3442; x_wconf 88' lang='lat' dir='ltr'><strong>non</strong></span> 
     </span>
    </p>
   </div>
   <div class='ocr_carea' id='block_1_36' title="bbox 407 3477 1987 3551">
    <p class='ocr_par' dir='ltr' id='par_1_36' title="bbox 407 3477 1987 3551">
     <span class='ocr_line' id='line_1_36' title="bbox 407 3477 1987 3551; baseline -0.001 -15"><span class='ocrx_word' id='word_1_282' title='bbox 407 3481 712 3551; x_wconf 85' lang='lat' dir='ltr'><strong>permittant</strong></span> <span class='ocrx_word' id='word_1_283' title='bbox 745 3478 1021 3548; x_wconf 87' lang='lat' dir='ltr'><strong>pervenire</strong></span> <span class='ocrx_word' id='word_1_284' title='bbox 1047 3479 1110 3532; x_wconf 90' lang='lat' dir='ltr'><strong>ad</strong></span> <span class='ocrx_word' id='word_1_285' title='bbox 1140 3478 1331 3532; x_wconf 79' lang='lat' dir='ltr'><strong>futura.</strong></span> <span class='ocrx_word' id='word_1_286' title='bbox 1359 3477 1414 3532; x_wconf 92' lang='lat' dir='ltr'><strong>Si</strong></span> <span class='ocrx_word' id='word_1_287' title='bbox 1449 3479 1590 3532; x_wconf 90' lang='lat' dir='ltr'><strong>enim</strong></span> <span class='ocrx_word' id='word_1_288' title='bbox 1621 3494 1856 3548; x_wconf 47' lang='lat' dir='ltr'><strong>presens</strong></span> <span class='ocrx_word' id='word_1_289' title='bbox 1879 3480 1987 3534; x_wconf 87' lang='lat' dir='ltr'><strong>vita</strong></span> 
     </span>
    </p>
   </div>
   <div class='ocr_carea' id='block_1_37' title="bbox 403 3568 1987 3638">
    <p class='ocr_par' dir='ltr' id='par_1_37' title="bbox 403 3568 1987 3638">
     <span class='ocr_line' id='line_1_37' title="bbox 403 3568 1987 3638; baseline -0.002 -12"><span class='ocrx_word' id='word_1_290' title='bbox 403 3581 458 3626; x_wconf 85' lang='lat' dir='ltr'><strong>te</strong></span> <span class='ocrx_word' id='word_1_291' title='bbox 479 3571 740 3635; x_wconf 84' lang='lat' dir='ltr'><strong>delectat,</strong></span> <span class='ocrx_word' id='word_1_292' title='bbox 768 3583 949 3623; x_wconf 87' lang='lat' dir='ltr'><strong>aurem</strong></span> <span class='ocrx_word' id='word_1_293' title='bbox 973 3569 1024 3621; x_wconf 93' lang='lat' dir='ltr'><strong>in</strong></span> <span class='ocrx_word' id='word_1_294' title='bbox 1055 3578 1194 3622; x_wconf 88' lang='lat' dir='ltr'><strong>terra</strong></span> <span class='ocrx_word' id='word_1_295' title='bbox 1220 3568 1441 3638; x_wconf 83' lang='lat' dir='ltr'><strong>posuisti</strong></span> <span class='ocrx_word' id='word_1_296' title='bbox 1465 3585 1478 3619; x_wconf 95' lang='lat'><strong>:</strong></span> <span class='ocrx_word' id='word_1_297' title='bbox 1509 3568 1553 3622; x_wconf 89' lang='lat' dir='ltr'><strong>si</strong></span> <span class='ocrx_word' id='word_1_298' title='bbox 1576 3568 1678 3621; x_wconf 89' lang='lat' dir='ltr'><strong>tuis</strong></span> <span class='ocrx_word' id='word_1_299' title='bbox 1707 3568 1987 3637; x_wconf 76' lang='lat' dir='ltr'><strong>praueritis</strong></span> 
     </span>
    </p>
   </div>
   <div class='ocr_carea' id='block_1_38' title="bbox 401 3659 1986 3726">
    <p class='ocr_par' dir='ltr' id='par_1_38' title="bbox 401 3659 1986 3726">
     <span class='ocr_line' id='line_1_38' title="bbox 401 3659 1986 3726; baseline -0.001 -8"><span class='ocrx_word' id='word_1_300' title='bbox 401 3663 562 3718; x_wconf 87' lang='lat' dir='ltr'><strong>etiam</strong></span> <span class='ocrx_word' id='word_1_301' title='bbox 605 3674 752 3718; x_wconf 91' lang='lat' dir='ltr'><strong>retro</strong></span> <span class='ocrx_word' id='word_1_302' title='bbox 794 3661 1090 3717; x_wconf 84' lang='lat' dir='ltr'><strong>labentibus</strong></span> <span class='ocrx_word' id='word_1_303' title='bbox 1135 3659 1437 3726; x_wconf 90' lang='lat' dir='ltr'><strong>delectaris,</strong></span> <span class='ocrx_word' id='word_1_304' title='bbox 1484 3676 1666 3715; x_wconf 87' lang='lat' dir='ltr'><strong>aurem</strong></span> <span class='ocrx_word' id='word_1_305' title='bbox 1708 3661 1778 3716; x_wconf 88' lang='lat' dir='ltr'><strong>de</strong></span> <span class='ocrx_word' id='word_1_306' title='bbox 1819 3661 1986 3716; x_wconf 89' lang='lat' dir='ltr'><strong>cauda</strong></span> 
     </span>
    </p>
   </div>
   <div class='ocr_carea' id='block_1_39' title="bbox 400 3752 1983 3823">
    <p class='ocr_par' dir='ltr' id='par_1_39' title="bbox 400 3752 1983 3823">
     <span class='ocr_line' id='line_1_39' title="bbox 400 3752 1983 3823; baseline -0.002 -13"><span class='ocrx_word' id='word_1_307' title='bbox 400 3755 679 3813; x_wconf 86' lang='lat' dir='ltr'><strong>obturasti.</strong></span> <span class='ocrx_word' id='word_1_308' title='bbox 703 3755 871 3810; x_wconf 87' lang='lat' dir='ltr'><strong>Debes</strong></span> <span class='ocrx_word' id='word_1_309' title='bbox 893 3769 1020 3823; x_wconf 85' lang='lat' dir='ltr'><strong>ergo</strong></span> <span class='ocrx_word' id='word_1_310' title='bbox 1044 3754 1122 3807; x_wconf 89' lang='lat' dir='ltr'><strong>ire</strong></span> <span class='ocrx_word' id='word_1_311' title='bbox 1150 3753 1202 3806; x_wconf 91' lang='lat' dir='ltr'><strong>in</strong></span> <span class='ocrx_word' id='word_1_312' title='bbox 1229 3752 1421 3818; x_wconf 88' lang='lat' dir='ltr'><strong>lucem,</strong></span> <span class='ocrx_word' id='word_1_313' title='bbox 1452 3753 1598 3808; x_wconf 74' lang='lat' dir='ltr'><strong>exire</strong></span> <span class='ocrx_word' id='word_1_314' title='bbox 1622 3753 1689 3807; x_wconf 90' lang='lat' dir='ltr'><strong>dc</strong></span> <span class='ocrx_word' id='word_1_315' title='bbox 1717 3753 1948 3807; x_wconf 85' lang='lat' dir='ltr'><strong>tenebris</strong></span> <span class='ocrx_word' id='word_1_316' title='bbox 1967 3795 1983 3819; x_wconf 87' lang='lat'><strong>,</strong></span> 
     </span>
    </p>
   </div>
   <div class='ocr_carea' id='block_1_40' title="bbox 401 3838 1984 3911">
    <p class='ocr_par' dir='ltr' id='par_1_40' title="bbox 401 3838 1984 3911">
     <span class='ocr_line' id='line_1_40' title="bbox 401 3838 1984 3911; baseline -0.003 -8"><span class='ocrx_word' id='word_1_317' title='bbox 401 3838 580 3903; x_wconf 86' lang='lat' dir='ltr'><strong>audita</strong></span> <span class='ocrx_word' id='word_1_318' title='bbox 606 3861 735 3902; x_wconf 89' lang='lat' dir='ltr'><strong>voce</strong></span> <span class='ocrx_word' id='word_1_319' title='bbox 761 3843 1134 3901; x_wconf 87' lang='lat' dir='ltr'><strong>medicamenti</strong></span> <span class='ocrx_word' id='word_1_320' title='bbox 1167 3843 1410 3898; x_wconf 87' lang='lat' dir='ltr'><strong>medicati</strong></span> <span class='ocrx_word' id='word_1_321' title='bbox 1437 3858 1466 3897; x_wconf 88' lang='lat' dir='ltr'><strong>a</strong></span> <span class='ocrx_word' id='word_1_322' title='bbox 1494 3843 1762 3910; x_wconf 84' lang='lat' dir='ltr'><strong>sapiente;</strong></span> <span class='ocrx_word' id='word_1_323' title='bbox 1798 3852 1854 3896; x_wconf 93' lang='lat' dir='ltr'><strong>ut</strong></span> <span class='ocrx_word' id='word_1_324' title='bbox 1875 3843 1984 3911; x_wconf 88' lang='lat' dir='ltr'><strong>jam</strong></span> 
     </span>
    </p>
   </div>
   <div class='ocr_carea' id='block_1_41' title="bbox 404 3933 1984 4002">
    <p class='ocr_par' dir='ltr' id='par_1_41' title="bbox 404 3933 1984 4002">
     <span class='ocr_line' id='line_1_41' title="bbox 404 3933 1984 4002; baseline -0.006 -8"><span class='ocrx_word' id='word_1_325' title='bbox 404 3939 458 3994; x_wconf 91' lang='lat' dir='ltr'><strong>in</strong></span> <span class='ocrx_word' id='word_1_326' title='bbox 483 3939 596 3994; x_wconf 89' lang='lat' dir='ltr'><strong>luce</strong></span> <span class='ocrx_word' id='word_1_327' title='bbox 619 3937 918 4002; x_wconf 83' lang='lat' dir='ltr'><strong>ambulans,</strong></span> <span class='ocrx_word' id='word_1_328' title='bbox 947 3945 1002 3990; x_wconf 91' lang='lat' dir='ltr'><strong>et</strong></span> <span class='ocrx_word' id='word_1_329' title='bbox 1026 3935 1300 3990; x_wconf 74' lang='lat' dir='ltr'><strong>exsultans</strong></span> <span class='ocrx_word' id='word_1_330' title='bbox 1330 3933 1476 3988; x_wconf 85' lang='lat' dir='ltr'><strong>dicas</strong></span> <span class='ocrx_word' id='word_1_331' title='bbox 1502 3951 1514 3986; x_wconf 95' lang='lat'><strong>:</strong></span> <span class='ocrx_word' id='word_1_332' title='bbox 1549 3934 1676 3998; x_wconf 74' lang='lat' dir='ltr'><strong>Quta</strong></span> <span class='ocrx_word' id='word_1_333' title='bbox 1701 3944 1833 3988; x_wconf 89' lang='lat' dir='ltr'><strong>retro</strong></span> <span class='ocrx_word' id='word_1_334' title='bbox 1853 3934 1984 3988; x_wconf 79' lang='lat' dir='ltr'><strong>obli-</strong></span> 
     </span>
    </p>
   </div>
   <div class='ocr_carea' id='block_1_42' title="bbox 403 4023 1985 4098">
    <p class='ocr_par' dir='ltr' id='par_1_42' title="bbox 403 4023 1985 4098">
     <span class='ocr_line' id='line_1_42' title="bbox 403 4023 1985 4098; baseline -0.003 -14"><span class='ocrx_word' id='word_1_335' title='bbox 403 4041 505 4096; x_wconf 89' lang='lat' dir='ltr'><strong>tus,</strong></span> <span class='ocrx_word' id='word_1_336' title='bbox 534 4031 586 4083; x_wconf 85' lang='lat' dir='ltr'><strong>in</strong></span> <span class='ocrx_word' id='word_1_337' title='bbox 614 4047 672 4084; x_wconf 87' lang='lat' dir='ltr'><strong>ea</strong></span> <span class='ocrx_word' id='word_1_338' title='bbox 700 4043 810 4098; x_wconf 79' lang='lat' dir='ltr'><strong>qua:</strong></span> <span class='ocrx_word' id='word_1_339' title='bbox 835 4038 949 4081; x_wconf 88' lang='lat' dir='ltr'><strong>ante</strong></span> <span class='ocrx_word' id='word_1_340' title='bbox 972 4035 1087 4081; x_wconf 88' lang='lat' dir='ltr'><strong>sunt</strong></span> <span class='ocrx_word' id='word_1_341' title='bbox 1114 4034 1341 4078; x_wconf 75' lang='lat' dir='ltr'><strong>extentus</strong></span> <span class='ocrx_word' id='word_1_342' title='bbox 1358 4023 1616 4096; x_wconf 84' lang='lat' dir='ltr'><strong>(Philipp.</strong></span> <span class='ocrx_word' id='word_1_343' title='bbox 1640 4024 1844 4095; x_wconf 71' lang='lat'><strong>111,15).</strong></span> <span class='ocrx_word' id='word_1_344' title='bbox 1872 4024 1985 4080; x_wconf 83' lang='lat' dir='ltr'><strong>Non</strong></span> 
     </span>
    </p>
   </div>
   <div class='ocr_carea' id='block_1_43' title="bbox 402 4115 1986 4189">
    <p class='ocr_par' dir='ltr' id='par_1_43' title="bbox 402 4115 1986 4189">
     <span class='ocr_line' id='line_1_43' title="bbox 402 4115 1986 4189; baseline -0.004 -12"><span class='ocrx_word' id='word_1_345' title='bbox 402 4123 571 4177; x_wconf 74' lang='lat' dir='ltr'><strong>dixit:</strong></span> <span class='ocrx_word' id='word_1_346' title='bbox 600 4121 729 4189; x_wconf 67' lang='lat' dir='ltr'><strong>Qua:</strong></span> <span class='ocrx_word' id='word_1_347' title='bbox 770 4130 916 4178; x_wconf 89' lang='lat' dir='ltr'><strong>retro</strong></span> <span class='ocrx_word' id='word_1_348' title='bbox 949 4119 1175 4184; x_wconf 90' lang='lat' dir='ltr'><strong>oblitus,</strong></span> <span class='ocrx_word' id='word_1_349' title='bbox 1213 4127 1267 4172; x_wconf 91' lang='lat' dir='ltr'><strong>ct</strong></span> <span class='ocrx_word' id='word_1_350' title='bbox 1290 4133 1358 4171; x_wconf 81' lang='lat' dir='ltr'><strong>ex</strong></span> <span class='ocrx_word' id='word_1_351' title='bbox 1387 4115 1735 4186; x_wconf 71' lang='lat' dir='ltr'><strong>praesentibus</strong></span> <span class='ocrx_word' id='word_1_352' title='bbox 1753 4115 1986 4170; x_wconf 85' lang='lat' dir='ltr'><strong>delecta-</strong></span> 
     </span>
    </p>
   </div>
   <div class='ocr_carea' id='block_1_44' title="bbox 399 4205 1984 4277">
    <p class='ocr_par' dir='ltr' id='par_1_44' title="bbox 399 4205 1984 4277">
     <span class='ocr_line' id='line_1_44' title="bbox 399 4205 1984 4277; baseline -0.005 -9"><span class='ocrx_word' id='word_1_353' title='bbox 399 4223 509 4268; x_wconf 85' lang='lat' dir='ltr'><strong>tus.</strong></span> <span class='ocrx_word' id='word_1_354' title='bbox 531 4214 664 4267; x_wconf 85' lang='lat' dir='ltr'><strong>Cum</strong></span> <span class='ocrx_word' id='word_1_355' title='bbox 685 4211 830 4274; x_wconf 86' lang='lat' dir='ltr'><strong>dicit,</strong></span> <span class='ocrx_word' id='word_1_356' title='bbox 857 4210 984 4277; x_wconf 81' lang='lat' dir='ltr'><strong>Qua:</strong></span> <span class='ocrx_word' id='word_1_357' title='bbox 1001 4219 1134 4263; x_wconf 84' lang='lat' dir='ltr'><strong>retro</strong></span> <span class='ocrx_word' id='word_1_358' title='bbox 1155 4208 1358 4271; x_wconf 86' lang='lat' dir='ltr'><strong>oblitus,</strong></span> <span class='ocrx_word' id='word_1_359' title='bbox 1386 4221 1491 4260; x_wconf 91' lang='lat' dir='ltr'><strong>non</strong></span> <span class='ocrx_word' id='word_1_360' title='bbox 1512 4205 1780 4260; x_wconf 87' lang='lat' dir='ltr'><strong>obturavit</strong></span> <span class='ocrx_word' id='word_1_361' title='bbox 1801 4221 1984 4262; x_wconf 89' lang='lat' dir='ltr'><strong>aurem</strong></span> 
     </span>
    </p>
   </div>
   <div class='ocr_carea' id='block_1_45' title="bbox 401 4296 1984 4369">
    <p class='ocr_par' dir='ltr' id='par_1_45' title="bbox 401 4296 1984 4369">
     <span class='ocr_line' id='line_1_45' title="bbox 401 4296 1984 4369; baseline -0.004 -9"><span class='ocrx_word' id='word_1_362' title='bbox 401 4306 470 4360; x_wconf 90' lang='lat' dir='ltr'><strong>de</strong></span> <span class='ocrx_word' id='word_1_363' title='bbox 493 4303 690 4367; x_wconf 83' lang='lat' dir='ltr'><strong>cauda;</strong></span> <span class='ocrx_word' id='word_1_364' title='bbox 719 4317 837 4356; x_wconf 87' lang='lat' dir='ltr'><strong>cum</strong></span> <span class='ocrx_word' id='word_1_365' title='bbox 861 4301 1006 4366; x_wconf 91' lang='lat' dir='ltr'><strong>dicit,</strong></span> <span class='ocrx_word' id='word_1_366' title='bbox 1035 4299 1101 4352; x_wconf 87' lang='lat' dir='ltr'><strong>In</strong></span> <span class='ocrx_word' id='word_1_367' title='bbox 1128 4316 1187 4354; x_wconf 90' lang='lat' dir='ltr'><strong>ea</strong></span> <span class='ocrx_word' id='word_1_368' title='bbox 1209 4313 1322 4369; x_wconf 73' lang='lat' dir='ltr'><strong>qua:</strong></span> <span class='ocrx_word' id='word_1_369' title='bbox 1339 4308 1453 4350; x_wconf 86' lang='lat' dir='ltr'><strong>ante</strong></span> <span class='ocrx_word' id='word_1_370' title='bbox 1477 4305 1591 4350; x_wconf 88' lang='lat' dir='ltr'><strong>sunt</strong></span> <span class='ocrx_word' id='word_1_371' title='bbox 1619 4304 1865 4362; x_wconf 75' lang='lat' dir='ltr'><strong>extentus,</strong></span> <span class='ocrx_word' id='word_1_372' title='bbox 1899 4296 1984 4354; x_wconf 87' lang='lat' dir='ltr'><strong>his</strong></span> 
     </span>
    </p>
   </div>
   <div class='ocr_carea' id='block_1_46' title="bbox 401 4387 1984 4465">
    <p class='ocr_par' dir='ltr' id='par_1_46' title="bbox 401 4387 1984 4465">
     <span class='ocr_line' id='line_1_46' title="bbox 401 4387 1984 4465; baseline -0.004 -14"><span class='ocrx_word' id='word_1_373' title='bbox 401 4407 456 4451; x_wconf 90' lang='lat' dir='ltr'><strong>et</strong></span> <span class='ocrx_word' id='word_1_374' title='bbox 481 4393 823 4465; x_wconf 62' lang='lat' dir='ltr'><strong>prasentibus</strong></span> <span class='ocrx_word' id='word_1_375' title='bbox 844 4409 947 4446; x_wconf 90' lang='lat' dir='ltr'><strong>non</strong></span> <span class='ocrx_word' id='word_1_376' title='bbox 976 4389 1288 4447; x_wconf 88' lang='lat' dir='ltr'><strong>obsurduit:</strong></span> <span class='ocrx_word' id='word_1_377' title='bbox 1317 4388 1510 4444; x_wconf 89' lang='lat' dir='ltr'><strong>merito</strong></span> <span class='ocrx_word' id='word_1_378' title='bbox 1529 4387 1770 4453; x_wconf 88' lang='lat' dir='ltr'><strong>audiens,</strong></span> <span class='ocrx_word' id='word_1_379' title='bbox 1795 4390 1984 4444; x_wconf 88' lang='lat' dir='ltr'><strong>merito</strong></span> 
     </span>
    </p>
   </div>
   <div class='ocr_carea' id='block_1_47' title="bbox 403 4479 1984 4555">
    <p class='ocr_par' dir='ltr' id='par_1_47' title="bbox 403 4479 1984 4555">
     <span class='ocr_line' id='line_1_47' title="bbox 403 4479 1984 4555; baseline -0.004 -14"><span class='ocrx_word' id='word_1_380' title='bbox 403 4487 719 4555; x_wconf 57' lang='lat' dir='ltr'><strong>praedicans,</strong></span> <span class='ocrx_word' id='word_1_381' title='bbox 747 4483 937 4538; x_wconf 89' lang='lat' dir='ltr'><strong>merito</strong></span> <span class='ocrx_word' id='word_1_382' title='bbox 957 4482 1186 4538; x_wconf 81' lang='lat' dir='ltr'><strong>exsultat</strong></span> <span class='ocrx_word' id='word_1_383' title='bbox 1209 4480 1386 4550; x_wconf 82' lang='lat' dir='ltr'><strong>lingua</strong></span> <span class='ocrx_word' id='word_1_384' title='bbox 1410 4479 1546 4550; x_wconf 89' lang='lat' dir='ltr'><strong>ejus,</strong></span> <span class='ocrx_word' id='word_1_385' title='bbox 1580 4479 1874 4549; x_wconf 65' lang='lat' dir='ltr'><strong>pradicans</strong></span> <span class='ocrx_word' id='word_1_386' title='bbox 1895 4496 1984 4535; x_wconf 87' lang='lat' dir='ltr'><strong>ve-</strong></span> 
     </span>
    </p>
   </div>
   <div class='ocr_carea' id='block_1_48' title="bbox 402 4570 1983 4643">
    <p class='ocr_par' dir='ltr' id='par_1_48' title="bbox 402 4570 1983 4643">
     <span class='ocr_line' id='line_1_48' title="bbox 402 4570 1983 4643; baseline -0.003 -10"><span class='ocrx_word' id='word_1_387' title='bbox 402 4579 612 4633; x_wconf 87' lang='lat' dir='ltr'><strong>ritatem</strong></span> <span class='ocrx_word' id='word_1_388' title='bbox 652 4576 704 4630; x_wconf 92' lang='lat' dir='ltr'><strong>in</strong></span> <span class='ocrx_word' id='word_1_389' title='bbox 735 4575 852 4643; x_wconf 80' lang='lat' dir='ltr'><strong>luce</strong></span> <span class='ocrx_word' id='word_1_390' title='bbox 890 4590 1046 4640; x_wconf 84' lang='lat' dir='ltr'><strong>nova,</strong></span> <span class='ocrx_word' id='word_1_391' title='bbox 1095 4572 1336 4642; x_wconf 88' lang='lat' dir='ltr'><strong>deposita</strong></span> <span class='ocrx_word' id='word_1_392' title='bbox 1378 4582 1558 4627; x_wconf 86' lang='lat' dir='ltr'><strong>vetere</strong></span> <span class='ocrx_word' id='word_1_393' title='bbox 1585 4572 1777 4626; x_wconf 90' lang='lat' dir='ltr'><strong>tunica.</strong></span> <span class='ocrx_word' id='word_1_394' title='bbox 1812 4570 1877 4625; x_wconf 86' lang='lat' dir='ltr'><strong>Et</strong></span> <span class='ocrx_word' id='word_1_395' title='bbox 1915 4573 1983 4628; x_wconf 88' lang='lat' dir='ltr'><strong>ad</strong></span> 
     </span>
    </p>
   </div>
   <div class='ocr_carea' id='block_1_49' title="bbox 403 4662 1984 4733">
    <p class='ocr_par' dir='ltr' id='par_1_49' title="bbox 403 4662 1984 4733">
     <span class='ocr_line' id='line_1_49' title="bbox 403 4662 1984 4733; baseline -0.004 -11"><span class='ocrx_word' id='word_1_396' title='bbox 403 4668 502 4724; x_wconf 84' lang='lat' dir='ltr'><strong>hoc</strong></span> <span class='ocrx_word' id='word_1_397' title='bbox 529 4668 671 4723; x_wconf 87' lang='lat' dir='ltr'><strong>enim</strong></span> <span class='ocrx_word' id='word_1_398' title='bbox 697 4665 838 4721; x_wconf 89' lang='lat' dir='ltr'><strong>valet</strong></span> <span class='ocrx_word' id='word_1_399' title='bbox 856 4665 1047 4720; x_wconf 87' lang='lat' dir='ltr'><strong>astutia</strong></span> <span class='ocrx_word' id='word_1_400' title='bbox 1076 4663 1356 4733; x_wconf 89' lang='lat' dir='ltr'><strong>serpentis,</strong></span> <span class='ocrx_word' id='word_1_401' title='bbox 1380 4662 1448 4717; x_wconf 90' lang='lat' dir='ltr'><strong>ad</strong></span> <span class='ocrx_word' id='word_1_402' title='bbox 1472 4678 1629 4733; x_wconf 87' lang='lat' dir='ltr'><strong>quam</strong></span> <span class='ocrx_word' id='word_1_403' title='bbox 1653 4675 1750 4716; x_wconf 89' lang='lat' dir='ltr'><strong>nos</strong></span> <span class='ocrx_word' id='word_1_404' title='bbox 1776 4663 1984 4716; x_wconf 85' lang='lat' dir='ltr'><strong>imitan-</strong></span> 
     </span>
    </p>
   </div>
   <div class='ocr_carea' id='block_1_50' title="bbox 401 4754 1982 4814">
    <p class='ocr_par' dir='ltr' id='par_1_50' title="bbox 401 4754 1982 4814">
     <span class='ocr_line' id='line_1_50' title="bbox 401 4754 1982 4814; baseline -0.003 0"><span class='ocrx_word' id='word_1_405' title='bbox 401 4761 520 4814; x_wconf 86' lang='lat' dir='ltr'><strong>dam</strong></span> <span class='ocrx_word' id='word_1_406' title='bbox 546 4758 800 4813; x_wconf 87' lang='lat' dir='ltr'><strong>Dominus</strong></span> <span class='ocrx_word' id='word_1_407' title='bbox 821 4757 1146 4812; x_wconf 81' lang='lat' dir='ltr'><strong>exhortatur.</strong></span> <span class='ocrx_word' id='word_1_408' title='bbox 1175 4757 1262 4810; x_wconf 90' lang='lat' dir='ltr'><strong>Ait</strong></span> <span class='ocrx_word' id='word_1_409' title='bbox 1279 4756 1456 4810; x_wconf 85' lang='lat' dir='ltr'><strong>enim:</strong></span> <span class='ocrx_word' id='word_1_410' title='bbox 1487 4754 1660 4808; x_wconf 83' lang='lat' dir='ltr'><strong>Estote</strong></span> <span class='ocrx_word' id='word_1_411' title='bbox 1679 4755 1833 4808; x_wconf 85' lang='lat' dir='ltr'><strong>astuti</strong></span> <span class='ocrx_word' id='word_1_412' title='bbox 1853 4755 1982 4809; x_wconf 84' lang='lat' dir='ltr'><strong>sicut</strong></span> 
     </span>
    </p>
   </div>
   <div class='ocr_carea' id='block_1_51' title="bbox 399 4846 1980 4921">
    <p class='ocr_par' dir='ltr' id='par_1_51' title="bbox 399 4846 1980 4921">
     <span class='ocr_line' id='line_1_51' title="bbox 399 4846 1980 4921; baseline -0.004 -16"><span class='ocrx_word' id='word_1_413' title='bbox 399 4861 648 4921; x_wconf 80' lang='lat' dir='ltr'><strong>serpentes</strong></span> <span class='ocrx_word' id='word_1_414' title='bbox 677 4847 884 4919; x_wconf 76' lang='lat' dir='ltr'><strong>(Matth.</strong></span> <span class='ocrx_word' id='word_1_415' title='bbox 916 4864 975 4912; x_wconf 67' lang='grc' dir='ltr'><strong>ι,</strong></span> <span class='ocrx_word' id='word_1_416' title='bbox 1007 4847 1118 4918; x_wconf 72' lang='grc'><strong>16).</strong></span> <span class='ocrx_word' id='word_1_417' title='bbox 1146 4846 1283 4914; x_wconf 87' lang='lat' dir='ltr'><strong>Quid</strong></span> <span class='ocrx_word' id='word_1_418' title='bbox 1310 4857 1410 4912; x_wconf 88' lang='lat' dir='ltr'><strong>est,</strong></span> <span class='ocrx_word' id='word_1_419' title='bbox 1443 4846 1597 4898; x_wconf 85' lang='lat' dir='ltr'><strong>astuti</strong></span> <span class='ocrx_word' id='word_1_420' title='bbox 1620 4846 1748 4899; x_wconf 84' lang='lat' dir='ltr'><strong>sicut</strong></span> <span class='ocrx_word' id='word_1_421' title='bbox 1774 4863 1980 4916; x_wconf 87' lang='lat' dir='ltr'><strong>serpen-</strong></span> 
     </span>
    </p>
   </div>
   <div class='ocr_carea' id='block_1_52' title="bbox 400 4935 1981 5006">
    <p class='ocr_par' dir='ltr' id='par_1_52' title="bbox 400 4935 1981 5006">
     <span class='ocr_line' id='line_1_52' title="bbox 400 4935 1981 5006; baseline -0.004 -9"><span class='ocrx_word' id='word_1_422' title='bbox 400 4944 513 4997; x_wconf 81' lang='lat' dir='ltr'><strong>tes?</strong></span> <span class='ocrx_word' id='word_1_423' title='bbox 540 4941 684 4997; x_wconf 79' lang='lat' dir='ltr'><strong>Oﬂ‘er</strong></span> <span class='ocrx_word' id='word_1_424' title='bbox 719 4941 894 4994; x_wconf 83' lang='lat' dir='ltr'><strong>omnia</strong></span> <span class='ocrx_word' id='word_1_425' title='bbox 921 4939 1157 4994; x_wconf 88' lang='lat' dir='ltr'><strong>membra</strong></span> <span class='ocrx_word' id='word_1_426' title='bbox 1190 4948 1274 4992; x_wconf 89' lang='lat' dir='ltr'><strong>tua</strong></span> <span class='ocrx_word' id='word_1_427' title='bbox 1304 4937 1650 5006; x_wconf 87' lang='lat' dir='ltr'><strong>percutienti,</strong></span> <span class='ocrx_word' id='word_1_428' title='bbox 1690 4935 1981 4990; x_wconf 88' lang='lat' dir='ltr'><strong>dummodo</strong></span> 
     </span>
    </p>
   </div>
   <div class='ocr_carea' id='block_1_53' title="bbox 398 5024 1976 5103">
    <p class='ocr_par' dir='ltr' id='par_1_53' title="bbox 398 5024 1976 5103">
     <span class='ocr_line' id='line_1_53' title="bbox 398 5024 1976 5103; baseline -0.006 -16"><span class='ocrx_word' id='word_1_429' title='bbox 398 5043 555 5103; x_wconf 81' lang='lat' dir='ltr'><strong>caput</strong></span> <span class='ocrx_word' id='word_1_430' title='bbox 599 5032 860 5100; x_wconf 85' lang='lat' dir='ltr'><strong>integrum</strong></span> <span class='ocrx_word' id='word_1_431' title='bbox 909 5045 1108 5084; x_wconf 87' lang='lat' dir='ltr'><strong>serves.</strong></span> <span class='ocrx_word' id='word_1_432' title='bbox 1151 5027 1314 5094; x_wconf 87' lang='lat' dir='ltr'><strong>Caput</strong></span> <span class='ocrx_word' id='word_1_433' title='bbox 1355 5027 1465 5091; x_wconf 81' lang='lat' dir='ltr'><strong>viri,</strong></span> <span class='ocrx_word' id='word_1_434' title='bbox 1511 5024 1738 5081; x_wconf 85' lang='lat' dir='ltr'><strong>Christus</strong></span> <span class='ocrx_word' id='word_1_435' title='bbox 1784 5026 1827 5096; x_wconf 92' lang='grc'>(1</span> <span class='ocrx_word' id='word_1_436' title='bbox 1858 5027 1976 5080; x_wconf 85' lang='lat' dir='ltr'><strong>Cor.</strong></span> 
     </span>
    </p>
   </div>
   <div class='ocr_carea' id='block_1_54' title="bbox 401 5117 1978 5198">
    <p class='ocr_par' dir='ltr' id='par_1_54' title="bbox 401 5117 1978 5198">
     <span class='ocr_line' id='line_1_54' title="bbox 401 5117 1978 5198; baseline -0.008 -16"><span class='ocrx_word' id='word_1_437' title='bbox 401 5143 455 5182; x_wconf 74' lang='grc' dir='ltr'><strong>ιι</strong></span> <span class='ocrx_word' id='word_1_438' title='bbox 480 5169 494 5188; x_wconf 84' lang='lat'><strong>.</strong></span> <span class='ocrx_word' id='word_1_439' title='bbox 524 5127 602 5198; x_wconf 83' lang='grc'><strong>5).</strong></span> <span class='ocrx_word' id='word_1_440' title='bbox 649 5123 755 5180; x_wconf 82' lang='lat' dir='ltr'><strong>Sed</strong></span> <span class='ocrx_word' id='word_1_441' title='bbox 781 5130 965 5192; x_wconf 76' lang='lat' dir='ltr'><strong>gravat</strong></span> <span class='ocrx_word' id='word_1_442' title='bbox 1001 5121 1148 5191; x_wconf 88' lang='lat' dir='ltr'><strong>quasi</strong></span> <span class='ocrx_word' id='word_1_443' title='bbox 1195 5119 1399 5190; x_wconf 89' lang='lat' dir='ltr'><strong>pondus</strong></span> <span class='ocrx_word' id='word_1_444' title='bbox 1440 5119 1570 5173; x_wconf 87' lang='lat' dir='ltr'><strong>corii</strong></span> <span class='ocrx_word' id='word_1_445' title='bbox 1609 5117 1880 5187; x_wconf 87' lang='lat' dir='ltr'><strong>cujusdam</strong></span> <span class='ocrx_word' id='word_1_446' title='bbox 1921 5126 1978 5172; x_wconf 86' lang='lat' dir='ltr'><strong>et</strong></span> 
     </span>
    </p>
   </div>
   <div class='ocr_carea' id='block_1_55' title="bbox 397 5208 1978 5288">
    <p class='ocr_par' dir='ltr' id='par_1_55' title="bbox 397 5208 1978 5288">
     <span class='ocr_line' id='line_1_55' title="bbox 397 5208 1978 5288; baseline -0.008 -15"><span class='ocrx_word' id='word_1_447' title='bbox 397 5219 548 5288; x_wconf 86' lang='lat' dir='ltr'><strong>quasi</strong></span> <span class='ocrx_word' id='word_1_448' title='bbox 572 5224 784 5271; x_wconf 84' lang='lat' dir='ltr'><strong>senecta</strong></span> <span class='ocrx_word' id='word_1_449' title='bbox 810 5213 1004 5268; x_wconf 88' lang='lat' dir='ltr'><strong>veteris</strong></span> <span class='ocrx_word' id='word_1_450' title='bbox 1030 5211 1278 5265; x_wconf 84' lang='lat' dir='ltr'><strong>hominis.</strong></span> <span class='ocrx_word' id='word_1_451' title='bbox 1303 5210 1435 5264; x_wconf 84' lang='lat' dir='ltr'><strong>Audi</strong></span> <span class='ocrx_word' id='word_1_452' title='bbox 1464 5210 1778 5279; x_wconf 84' lang='lat' dir='ltr'><strong>Apostolum</strong></span> <span class='ocrx_word' id='word_1_453' title='bbox 1797 5208 1978 5262; x_wconf 88' lang='lat' dir='ltr'><strong>dicen-</strong></span> 
     </span>
    </p>
   </div>
   <div class='ocr_carea' id='block_1_56' title="bbox 401 5298 1976 5372">
    <p class='ocr_par' dir='ltr' id='par_1_56' title="bbox 401 5298 1976 5372">
     <span class='ocr_line' id='line_1_56' title="bbox 401 5298 1976 5372; baseline -0.008 -10"><span class='ocrx_word' id='word_1_454' title='bbox 401 5319 527 5372; x_wconf 87' lang='lat' dir='ltr'><strong>tem,</strong></span> <span class='ocrx_word' id='word_1_455' title='bbox 573 5305 825 5361; x_wconf 71' lang='lat' dir='ltr'><strong>Exuentes</strong></span> <span class='ocrx_word' id='word_1_456' title='bbox 861 5319 946 5356; x_wconf 85' lang='lat' dir='ltr'><strong>vos</strong></span> <span class='ocrx_word' id='word_1_457' title='bbox 973 5311 1182 5356; x_wconf 77' lang='lat' dir='ltr'><strong>veterea:</strong></span> <span class='ocrx_word' id='word_1_458' title='bbox 1207 5302 1477 5364; x_wconf 84' lang='lat' dir='ltr'><strong>hominem,</strong></span> <span class='ocrx_word' id='word_1_459' title='bbox 1509 5310 1556 5353; x_wconf 86' lang='lat' dir='ltr'><strong>et</strong></span> <span class='ocrx_word' id='word_1_460' title='bbox 1596 5298 1856 5352; x_wconf 86' lang='lat' dir='ltr'><strong>induentes</strong></span> <span class='ocrx_word' id='word_1_461' title='bbox 1879 5315 1976 5351; x_wconf 83' lang='lat' dir='ltr'><strong>no-</strong></span> 
     </span>
    </p>
   </div>
   <div class='ocr_carea' id='block_1_57' title="bbox 399 5391 1972 5470">
    <p class='ocr_par' dir='ltr' id='par_1_57' title="bbox 399 5391 1972 5470">
     <span class='ocr_line' id='line_1_57' title="bbox 399 5391 1972 5470; baseline -0.004 -20"><span class='ocrx_word' id='word_1_462' title='bbox 399 5415 510 5452; x_wconf 75' lang='lat' dir='ltr'><strong>rum</strong></span> <span class='ocrx_word' id='word_1_463' title='bbox 538 5397 754 5470; x_wconf 86' lang='lat' dir='ltr'><strong>(Coloss.</strong></span> <span class='ocrx_word' id='word_1_464' title='bbox 784 5411 837 5450; x_wconf 83' lang='lat' dir='ltr'><strong>tu</strong></span> <span class='ocrx_word' id='word_1_465' title='bbox 858 5436 874 5460; x_wconf 92' lang='lat'><strong>,</strong></span> <span class='ocrx_word' id='word_1_466' title='bbox 902 5394 936 5450; x_wconf 90' lang='lat'><strong>9</strong></span> <span class='ocrx_word' id='word_1_467' title='bbox 955 5437 971 5460; x_wconf 88' lang='lat'><strong>,</strong></span> <span class='ocrx_word' id='word_1_468' title='bbox 1005 5394 1116 5463; x_wconf 79' lang='grc'><strong>10).</strong></span> <span class='ocrx_word' id='word_1_469' title='bbox 1148 5394 1219 5448; x_wconf 88' lang='lat' dir='ltr'><strong>Et</strong></span> <span class='ocrx_word' id='word_1_470' title='bbox 1263 5393 1529 5463; x_wconf 89' lang='lat' dir='ltr'><strong>quomodo</strong></span> <span class='ocrx_word' id='word_1_471' title='bbox 1555 5406 1692 5446; x_wconf 82' lang='lat' dir='ltr'><strong>exuo</strong></span> <span class='ocrx_word' id='word_1_472' title='bbox 1712 5433 1725 5453; x_wconf 92' lang='lat'><strong>,</strong></span> <span class='ocrx_word' id='word_1_473' title='bbox 1760 5391 1933 5460; x_wconf 86' lang='lat' dir='ltr'><strong>inquis</strong></span> <span class='ocrx_word' id='word_1_474' title='bbox 1956 5432 1972 5455; x_wconf 90' lang='lat'><strong>,</strong></span> 
     </span>
    </p>
   </div>
   <div class='ocr_carea' id='block_1_58' title="bbox 400 5479 1972 5552">
    <p class='ocr_par' dir='ltr' id='par_1_58' title="bbox 400 5479 1972 5552">
     <span class='ocr_line' id='line_1_58' title="bbox 400 5479 1972 5552; baseline -0.006 -9"><span class='ocrx_word' id='word_1_475' title='bbox 400 5497 630 5543; x_wconf 81' lang='lat' dir='ltr'><strong>veterem</strong></span> <span class='ocrx_word' id='word_1_476' title='bbox 658 5487 969 5542; x_wconf 76' lang='lat' dir='ltr'><strong>hominem?</strong></span> <span class='ocrx_word' id='word_1_477' title='bbox 1003 5486 1210 5539; x_wconf 79' lang='lat' dir='ltr'><strong>latitare</strong></span> <span class='ocrx_word' id='word_1_478' title='bbox 1243 5484 1489 5539; x_wconf 85' lang='lat' dir='ltr'><strong>astutiam</strong></span> <span class='ocrx_word' id='word_1_479' title='bbox 1529 5481 1809 5552; x_wconf 86' lang='lat' dir='ltr'><strong>serpentis.</strong></span> <span class='ocrx_word' id='word_1_480' title='bbox 1837 5479 1972 5549; x_wconf 83' lang='lat' dir='ltr'><strong>Quid</strong></span> 
     </span>
    </p>
   </div>
   <div class='ocr_carea' id='block_1_59' title="bbox 461 5658 1616 5724">
    <p class='ocr_par' dir='ltr' id='par_1_59' title="bbox 461 5658 1616 5724">
     <span class='ocr_line' id='line_1_59' title="bbox 461 5658 1616 5724; baseline -0.003 -10"><span class='ocrx_word' id='word_1_481' title='bbox 461 5667 478 5695; x_wconf 73' lang='grc' dir='ltr'>ι</span> <span class='ocrx_word' id='word_1_482' title='bbox 513 5665 586 5714; x_wconf 78' lang='lat' dir='ltr'><strong>Sic</strong></span> <span class='ocrx_word' id='word_1_483' title='bbox 608 5672 710 5712; x_wconf 79' lang='lat' dir='ltr'><strong>Mss.</strong></span> <span class='ocrx_word' id='word_1_484' title='bbox 744 5663 854 5712; x_wconf 80' lang='lat' dir='ltr'><strong>Edd.</strong></span> <span class='ocrx_word' id='word_1_485' title='bbox 880 5676 1014 5718; x_wconf 89' lang='lat' dir='ltr'><strong>vero,</strong></span> <span class='ocrx_word' id='word_1_486' title='bbox 1039 5671 1262 5724; x_wconf 11' lang='lat' dir='ltr'><strong>ergognon</strong></span> <span class='ocrx_word' id='word_1_487' title='bbox 1282 5660 1330 5710; x_wconf 86' lang='lat' dir='ltr'><strong>in</strong></span> <span class='ocrx_word' id='word_1_488' title='bbox 1353 5658 1616 5724; x_wconf 79' lang='lat' dir='ltr'><strong>prwtcrita.</strong></span> 
     </span>
    </p>
   </div>
   <div class='ocr_carea' id='block_1_60' title="bbox 460 5722 1206 5782">
    <p class='ocr_par' dir='ltr' id='par_1_60' title="bbox 460 5722 1206 5782">
     <span class='ocr_line' id='line_1_60' title="bbox 460 5722 1206 5782; baseline -0.004 -8"><span class='ocrx_word' id='word_1_489' title='bbox 460 5727 482 5757; x_wconf 76' lang='grc'>⁸</span> <span class='ocrx_word' id='word_1_490' title='bbox 513 5727 584 5776; x_wconf 80' lang='lat' dir='ltr'><strong>sic</strong></span> <span class='ocrx_word' id='word_1_491' title='bbox 607 5733 706 5777; x_wconf 63' lang='lat' dir='ltr'><strong>Mss.</strong></span> <span class='ocrx_word' id='word_1_492' title='bbox 737 5735 788 5774; x_wconf 73' lang='lat' dir='ltr'><strong>At</strong></span> <span class='ocrx_word' id='word_1_493' title='bbox 812 5725 940 5779; x_wconf 69' lang='lat' dir='ltr'><strong>Edil,</strong></span> <span class='ocrx_word' id='word_1_494' title='bbox 973 5722 1206 5782; x_wconf 76' lang='lat' dir='ltr'><strong>fruendis.</strong></span> 
     </span>
    </p>
   </div>
   <div class='ocr_carea' id='block_1_61' title="bbox 623 5801 1206 5861">
    <p class='ocr_par' dir='ltr' id='par_1_61' title="bbox 623 5801 1206 5861">
     <span class='ocr_line' id='line_1_61' title="bbox 623 5801 1206 5861; baseline 0 -1"><span class='ocrx_word' id='word_1_495' title='bbox 623 5802 882 5861; x_wconf 69' lang='lat' dir='ltr'><strong>t‘amec.</strong></span> <span class='ocrx_word' id='word_1_496' title='bbox 921 5801 1092 5859; x_wconf 63' lang='lat' dir='ltr'><strong>XXX</strong></span> <span class='ocrx_word' id='word_1_497' title='bbox 1109 5803 1206 5860; x_wconf 70' lang='grc' dir='ltr'><strong>Η.</strong></span> 
     </span>
    </p>
   </div>
   <div class='ocr_carea' id='block_1_62' title="bbox 1510 243 2556 307">
    <p class='ocr_par' dir='ltr' id='par_1_62' title="bbox 1510 243 2556 307">
     <span class='ocr_line' id='line_1_62' title="bbox 1510 243 2556 307; baseline 0.004 -5"><span class='ocrx_word' id='word_1_498' title='bbox 1510 246 1908 302; x_wconf 74' lang='lat' dir='ltr'><strong>ENARRATIO</strong></span> <span class='ocrx_word' id='word_1_499' title='bbox 1945 243 2010 301; x_wconf 75' lang='lat' dir='ltr'><strong>IN</strong></span> <span class='ocrx_word' id='word_1_500' title='bbox 2049 243 2364 306; x_wconf 60' lang='lat' dir='ltr'><strong>PSAIJIUM</strong></span> <span class='ocrx_word' id='word_1_501' title='bbox 2403 251 2556 307; x_wconf 65' lang='grc' dir='ltr'><strong>[ΝΚ.</strong></span> 
     </span>
    </p>
   </div>
   <div class='ocr_carea' id='block_1_63' title="bbox 3563 257 3666 314">
    <p class='ocr_par' dir='ltr' id='par_1_63' title="bbox 3563 257 3666 314">
     <span class='ocr_line' id='line_1_63' title="bbox 3563 257 3666 314; baseline 0.01 -1"><span class='ocrx_word' id='word_1_502' title='bbox 3563 257 3666 314; x_wconf 71' lang='lat'><strong>68&#39;!</strong></span> 
     </span>
    </p>
   </div>
   <div class='ocr_carea' id='block_1_64' title="bbox 2093 366 3664 439">
    <p class='ocr_par' dir='ltr' id='par_1_64' title="bbox 2093 366 3664 439">
     <span class='ocr_line' id='line_1_64' title="bbox 2093 366 3664 439; baseline 0.006 -20"><span class='ocrx_word' id='word_1_503' title='bbox 2093 366 2234 419; x_wconf 80' lang='lat' dir='ltr'><strong>enim</strong></span> <span class='ocrx_word' id='word_1_504' title='bbox 2284 367 2406 424; x_wconf 78' lang='lat' dir='ltr'><strong>facit</strong></span> <span class='ocrx_word' id='word_1_505' title='bbox 2450 383 2688 439; x_wconf 83' lang='lat' dir='ltr'><strong>serpens,</strong></span> <span class='ocrx_word' id='word_1_506' title='bbox 2735 380 2788 424; x_wconf 86' lang='lat' dir='ltr'><strong>ut</strong></span> <span class='ocrx_word' id='word_1_507' title='bbox 2813 381 2968 425; x_wconf 79' lang='lat' dir='ltr'><strong>exuat</strong></span> <span class='ocrx_word' id='word_1_508' title='bbox 3014 385 3072 426; x_wconf 88' lang='lat' dir='ltr'><strong>se</strong></span> <span class='ocrx_word' id='word_1_509' title='bbox 3119 381 3351 428; x_wconf 70' lang='lat' dir='ltr'><strong>veterem</strong></span> <span class='ocrx_word' id='word_1_510' title='bbox 3395 375 3664 432; x_wconf 75' lang='lat' dir='ltr'><strong>tenicatn?</strong></span> 
     </span>
    </p>
   </div>
   <div class='ocr_carea' id='block_1_65' title="bbox 2091 457 3665 537">
    <p class='ocr_par' dir='ltr' id='par_1_65' title="bbox 2091 457 3665 537">
     <span class='ocr_line' id='line_1_65' title="bbox 2091 457 3665 537; baseline 0.007 -27"><span class='ocrx_word' id='word_1_511' title='bbox 2091 457 2331 513; x_wconf 81' lang='lat' dir='ltr'><strong>Coarctat</strong></span> <span class='ocrx_word' id='word_1_512' title='bbox 2362 474 2419 512; x_wconf 89' lang='lat' dir='ltr'><strong>se</strong></span> <span class='ocrx_word' id='word_1_513' title='bbox 2459 475 2551 530; x_wconf 90' lang='lat' dir='ltr'><strong>per</strong></span> <span class='ocrx_word' id='word_1_514' title='bbox 2581 461 2812 516; x_wconf 73' lang='lat' dir='ltr'><strong>foramen</strong></span> <span class='ocrx_word' id='word_1_515' title='bbox 2855 467 3157 532; x_wconf 83' lang='lat' dir='ltr'><strong>angustum.</strong></span> <span class='ocrx_word' id='word_1_516' title='bbox 3200 464 3265 518; x_wconf 87' lang='lat' dir='ltr'><strong>Et</strong></span> <span class='ocrx_word' id='word_1_517' title='bbox 3292 466 3400 531; x_wconf 88' lang='lat' dir='ltr'><strong>ubi,</strong></span> <span class='ocrx_word' id='word_1_518' title='bbox 3450 467 3624 537; x_wconf 74' lang='lat' dir='ltr'><strong>inquis</strong></span> <span class='ocrx_word' id='word_1_519' title='bbox 3651 509 3665 533; x_wconf 95' lang='lat'><strong>,</strong></span> 
     </span>
    </p>
   </div>
   <div class='ocr_carea' id='block_1_66' title="bbox 2095 549 3672 623">
    <p class='ocr_par' dir='ltr' id='par_1_66' title="bbox 2095 549 3672 623">
     <span class='ocr_line' id='line_1_66' title="bbox 2095 549 3672 623; baseline 0.006 -21"><span class='ocrx_word' id='word_1_520' title='bbox 2095 549 2305 605; x_wconf 78' lang='lat' dir='ltr'><strong>invenio</strong></span> <span class='ocrx_word' id='word_1_521' title='bbox 2331 549 2430 604; x_wconf 87' lang='lat' dir='ltr'><strong>ltoe</strong></span> <span class='ocrx_word' id='word_1_522' title='bbox 2461 551 2694 606; x_wconf 83' lang='lat' dir='ltr'><strong>foramen</strong></span> <span class='ocrx_word' id='word_1_523' title='bbox 2726 555 3048 623; x_wconf 83' lang='lat' dir='ltr'><strong>angustum?</strong></span> <span class='ocrx_word' id='word_1_524' title='bbox 3085 555 3217 609; x_wconf 88' lang='lat' dir='ltr'><strong>Audi</strong></span> <span class='ocrx_word' id='word_1_525' title='bbox 3253 572 3264 606; x_wconf 90' lang='lat'><strong>:</strong></span> <span class='ocrx_word' id='word_1_526' title='bbox 3308 557 3460 611; x_wconf 82' lang='lat' dir='ltr'><strong>Arcto</strong></span> <span class='ocrx_word' id='word_1_527' title='bbox 3501 568 3548 611; x_wconf 85' lang='lat' dir='ltr'><strong>et</strong></span> <span class='ocrx_word' id='word_1_528' title='bbox 3577 575 3672 612; x_wconf 83' lang='lat' dir='ltr'><strong>an-</strong></span> 
     </span>
    </p>
   </div>
   <div class='ocr_carea' id='block_1_67' title="bbox 2093 643 3670 716">
    <p class='ocr_par' dir='ltr' id='par_1_67' title="bbox 2093 643 3670 716">
     <span class='ocr_line' id='line_1_67' title="bbox 2093 643 3670 716; baseline 0.006 -26"><span class='ocrx_word' id='word_1_529' title='bbox 2093 651 2236 709; x_wconf 86' lang='lat' dir='ltr'><strong>gusta</strong></span> <span class='ocrx_word' id='word_1_530' title='bbox 2247 651 2318 693; x_wconf 82' lang='lat' dir='ltr'><strong>est</strong></span> <span class='ocrx_word' id='word_1_531' title='bbox 2334 643 2410 693; x_wconf 84' lang='lat' dir='ltr'><strong>via</strong></span> <span class='ocrx_word' id='word_1_532' title='bbox 2429 658 2540 711; x_wconf 75' lang='lat' dir='ltr'><strong>quae</strong></span> <span class='ocrx_word' id='word_1_533' title='bbox 2561 643 2695 696; x_wconf 83' lang='lat' dir='ltr'><strong>ducit</strong></span> <span class='ocrx_word' id='word_1_534' title='bbox 2718 645 2783 695; x_wconf 90' lang='lat' dir='ltr'><strong>ud</strong></span> <span class='ocrx_word' id='word_1_535' title='bbox 2805 646 2976 707; x_wconf 85' lang='lat' dir='ltr'><strong>vitam,</strong></span> <span class='ocrx_word' id='word_1_536' title='bbox 3005 656 3048 697; x_wconf 90' lang='lat' dir='ltr'><strong>et</strong></span> <span class='ocrx_word' id='word_1_537' title='bbox 3077 645 3225 710; x_wconf 87' lang='lat' dir='ltr'><strong>pauci</strong></span> <span class='ocrx_word' id='word_1_538' title='bbox 3250 656 3365 699; x_wconf 87' lang='lat' dir='ltr'><strong>sunt</strong></span> <span class='ocrx_word' id='word_1_539' title='bbox 3390 649 3475 716; x_wconf 87' lang='lat' dir='ltr'><strong>qui</strong></span> <span class='ocrx_word' id='word_1_540' title='bbox 3499 649 3670 716; x_wconf 83' lang='lat' dir='ltr'><strong>ingre-</strong></span> 
     </span>
    </p>
   </div>
   <div class='ocr_carea' id='block_1_68' title="bbox 2092 731 3666 805">
    <p class='ocr_par' dir='ltr' id='par_1_68' title="bbox 2092 731 3666 805">
     <span class='ocr_line' id='line_1_68' title="bbox 2092 731 3666 805; baseline 0.006 -23"><span class='ocrx_word' id='word_1_541' title='bbox 2092 731 2298 784; x_wconf 86' lang='lat' dir='ltr'><strong>diuntur</strong></span> <span class='ocrx_word' id='word_1_542' title='bbox 2322 749 2409 800; x_wconf 79' lang='lat' dir='ltr'><strong>per</strong></span> <span class='ocrx_word' id='word_1_543' title='bbox 2435 751 2544 787; x_wconf 87' lang='lat' dir='ltr'><strong>eam</strong></span> <span class='ocrx_word' id='word_1_544' title='bbox 2566 733 2775 803; x_wconf 77' lang='lat' dir='ltr'><strong>(Matth.</strong></span> <span class='ocrx_word' id='word_1_545' title='bbox 2809 751 2880 788; x_wconf 85' lang='lat' dir='ltr'><strong>vu</strong></span> <span class='ocrx_word' id='word_1_546' title='bbox 2901 778 2913 798; x_wconf 91' lang='lat'><strong>,</strong></span> <span class='ocrx_word' id='word_1_547' title='bbox 2945 736 3054 805; x_wconf 78' lang='grc'><strong>14).</strong></span> <span class='ocrx_word' id='word_1_548' title='bbox 3089 736 3419 792; x_wconf 81' lang='lat' dir='ltr'><strong>Reformidas</strong></span> <span class='ocrx_word' id='word_1_549' title='bbox 3442 753 3580 802; x_wconf 87' lang='lat' dir='ltr'><strong>eam,</strong></span> <span class='ocrx_word' id='word_1_550' title='bbox 3611 750 3666 792; x_wconf 84' lang='lat' dir='ltr'><strong>et</strong></span> 
     </span>
    </p>
   </div>
   <div class='ocr_carea' id='block_1_69' title="bbox 2093 823 3666 896">
    <p class='ocr_par' dir='ltr' id='par_1_69' title="bbox 2093 823 3666 896">
     <span class='ocr_line' id='line_1_69' title="bbox 2093 823 3666 896; baseline 0.007 -24"><span class='ocrx_word' id='word_1_551' title='bbox 2093 835 2198 873; x_wconf 92' lang='lat' dir='ltr'><strong>non</strong></span> <span class='ocrx_word' id='word_1_552' title='bbox 2229 823 2305 874; x_wconf 90' lang='lat' dir='ltr'><strong>vis</strong></span> <span class='ocrx_word' id='word_1_553' title='bbox 2347 823 2619 878; x_wconf 88' lang='lat' dir='ltr'><strong>ambulare</strong></span> <span class='ocrx_word' id='word_1_554' title='bbox 2639 868 2653 888; x_wconf 92' lang='lat'><strong>,</strong></span> <span class='ocrx_word' id='word_1_555' title='bbox 2675 826 2797 895; x_wconf 87' lang='lat' dir='ltr'><strong>quia</strong></span> <span class='ocrx_word' id='word_1_556' title='bbox 2829 826 2981 895; x_wconf 79' lang='lat' dir='ltr'><strong>pauci</strong></span> <span class='ocrx_word' id='word_1_557' title='bbox 3003 827 3166 880; x_wconf 87' lang='lat' dir='ltr'><strong>sunt?</strong></span> <span class='ocrx_word' id='word_1_558' title='bbox 3200 827 3273 881; x_wconf 89' lang='lat' dir='ltr'><strong>lbi</strong></span> <span class='ocrx_word' id='word_1_559' title='bbox 3303 829 3544 896; x_wconf 88' lang='lat' dir='ltr'><strong>ponenda</strong></span> <span class='ocrx_word' id='word_1_560' title='bbox 3583 839 3666 884; x_wconf 76' lang='lat' dir='ltr'><strong>est</strong></span> 
     </span>
    </p>
   </div>
   <div class='ocr_carea' id='block_1_70' title="bbox 2094 915 3671 987">
    <p class='ocr_par' dir='ltr' id='par_1_70' title="bbox 2094 915 3671 987">
     <span class='ocr_line' id='line_1_70' title="bbox 2094 915 3671 987; baseline 0.008 -24"><span class='ocrx_word' id='word_1_561' title='bbox 2094 922 2243 965; x_wconf 85' lang='lat' dir='ltr'><strong>vetus</strong></span> <span class='ocrx_word' id='word_1_562' title='bbox 2274 915 2468 976; x_wconf 86' lang='lat' dir='ltr'><strong>tunica,</strong></span> <span class='ocrx_word' id='word_1_563' title='bbox 2500 927 2554 968; x_wconf 89' lang='lat' dir='ltr'><strong>et</strong></span> <span class='ocrx_word' id='word_1_564' title='bbox 2578 917 2702 970; x_wconf 89' lang='lat' dir='ltr'><strong>alibi</strong></span> <span class='ocrx_word' id='word_1_565' title='bbox 2741 919 2862 986; x_wconf 90' lang='lat' dir='ltr'><strong>poni</strong></span> <span class='ocrx_word' id='word_1_566' title='bbox 2892 934 2994 970; x_wconf 89' lang='lat' dir='ltr'><strong>non</strong></span> <span class='ocrx_word' id='word_1_567' title='bbox 3024 928 3214 987; x_wconf 82' lang='lat' dir='ltr'><strong>petest.</strong></span> <span class='ocrx_word' id='word_1_568' title='bbox 3243 921 3349 975; x_wconf 83' lang='lat' dir='ltr'><strong>Aut</strong></span> <span class='ocrx_word' id='word_1_569' title='bbox 3390 923 3432 974; x_wconf 89' lang='lat' dir='ltr'><strong>si</strong></span> <span class='ocrx_word' id='word_1_570' title='bbox 3463 922 3544 976; x_wconf 89' lang='lat' dir='ltr'><strong>vis</strong></span> <span class='ocrx_word' id='word_1_571' title='bbox 3571 938 3671 977; x_wconf 85' lang='lat' dir='ltr'><strong>ve-</strong></span> 
     </span>
    </p>
   </div>
   <div class='ocr_carea' id='block_1_71' title="bbox 2095 1005 3667 1081">
    <p class='ocr_par' dir='ltr' id='par_1_71' title="bbox 2095 1005 3667 1081">
     <span class='ocr_line' id='line_1_71' title="bbox 2095 1005 3667 1081; baseline 0.006 -25"><span class='ocrx_word' id='word_1_572' title='bbox 2095 1012 2287 1058; x_wconf 84' lang='lat' dir='ltr'><strong>tustate</strong></span> <span class='ocrx_word' id='word_1_573' title='bbox 2320 1005 2582 1074; x_wconf 86' lang='lat' dir='ltr'><strong>impediri,</strong></span> <span class='ocrx_word' id='word_1_574' title='bbox 2623 1009 2866 1076; x_wconf 85' lang='lat' dir='ltr'><strong>gravari,</strong></span> <span class='ocrx_word' id='word_1_575' title='bbox 2897 1009 3097 1077; x_wconf 89' lang='lat' dir='ltr'><strong>premi,</strong></span> <span class='ocrx_word' id='word_1_576' title='bbox 3129 1010 3236 1063; x_wconf 91' lang='lat' dir='ltr'><strong>noli</strong></span> <span class='ocrx_word' id='word_1_577' title='bbox 3264 1011 3340 1065; x_wconf 89' lang='lat' dir='ltr'><strong>ire</strong></span> <span class='ocrx_word' id='word_1_578' title='bbox 3368 1026 3460 1080; x_wconf 90' lang='lat' dir='ltr'><strong>per</strong></span> <span class='ocrx_word' id='word_1_579' title='bbox 3502 1028 3667 1081; x_wconf 87' lang='lat' dir='ltr'><strong>angu-</strong></span> 
     </span>
    </p>
   </div>
   <div class='ocr_carea' id='block_1_72' title="bbox 2092 1095 3668 1172">
    <p class='ocr_par' dir='ltr' id='par_1_72' title="bbox 2092 1095 3668 1172">
     <span class='ocr_line' id='line_1_72' title="bbox 2092 1095 3668 1172; baseline 0.006 -22"><span class='ocrx_word' id='word_1_580' title='bbox 2092 1105 2246 1150; x_wconf 90' lang='lat' dir='ltr'><strong>stam.</strong></span> <span class='ocrx_word' id='word_1_581' title='bbox 2272 1095 2326 1152; x_wconf 90' lang='lat' dir='ltr'><strong>Si</strong></span> <span class='ocrx_word' id='word_1_582' title='bbox 2355 1108 2528 1152; x_wconf 88' lang='lat' dir='ltr'><strong>autem</strong></span> <span class='ocrx_word' id='word_1_583' title='bbox 2559 1100 2792 1168; x_wconf 85' lang='lat' dir='ltr'><strong>gravaris</strong></span> <span class='ocrx_word' id='word_1_584' title='bbox 2815 1109 3075 1156; x_wconf 83' lang='lat' dir='ltr'><strong>vetustate</strong></span> <span class='ocrx_word' id='word_1_585' title='bbox 3099 1102 3324 1171; x_wconf 87' lang='lat' dir='ltr'><strong>quadam</strong></span> <span class='ocrx_word' id='word_1_586' title='bbox 3353 1106 3550 1172; x_wconf 83' lang='lat' dir='ltr'><strong>peccati</strong></span> <span class='ocrx_word' id='word_1_587' title='bbox 3597 1106 3668 1160; x_wconf 90' lang='lat' dir='ltr'><strong>tni</strong></span> 
     </span>
    </p>
   </div>
   <div class='ocr_carea' id='block_1_73' title="bbox 2092 1194 3664 1268">
    <p class='ocr_par' dir='ltr' id='par_1_73' title="bbox 2092 1194 3664 1268">
     <span class='ocr_line' id='line_1_73' title="bbox 2092 1194 3664 1268; baseline 0.003 -20"><span class='ocrx_word' id='word_1_588' title='bbox 2092 1204 2146 1248; x_wconf 89' lang='lat' dir='ltr'><strong>et</strong></span> <span class='ocrx_word' id='word_1_589' title='bbox 2173 1194 2450 1264; x_wconf 66' lang='lat' dir='ltr'><strong>praeterita:</strong></span> <span class='ocrx_word' id='word_1_590' title='bbox 2478 1195 2598 1249; x_wconf 65' lang='lat' dir='ltr'><strong>vita:</strong></span> <span class='ocrx_word' id='word_1_591' title='bbox 2619 1237 2632 1258; x_wconf 91' lang='lat'><strong>,</strong></span> <span class='ocrx_word' id='word_1_592' title='bbox 2662 1197 2886 1251; x_wconf 85' lang='lat' dir='ltr'><strong>transire</strong></span> <span class='ocrx_word' id='word_1_593' title='bbox 2907 1213 3009 1254; x_wconf 90' lang='lat' dir='ltr'><strong>non</strong></span> <span class='ocrx_word' id='word_1_594' title='bbox 3037 1208 3203 1266; x_wconf 89' lang='lat' dir='ltr'><strong>potes.</strong></span> <span class='ocrx_word' id='word_1_595' title='bbox 3233 1197 3366 1266; x_wconf 85' lang='lat' dir='ltr'><strong>Quia</strong></span> <span class='ocrx_word' id='word_1_596' title='bbox 3393 1215 3520 1268; x_wconf 77' lang='lat' dir='ltr'><strong>ergo</strong></span> <span class='ocrx_word' id='word_1_597' title='bbox 3547 1215 3664 1253; x_wconf 85' lang='lat' dir='ltr'><strong>cor-</strong></span> 
     </span>
    </p>
   </div>
   <div class='ocr_carea' id='block_1_74' title="bbox 2093 1287 3664 1360">
    <p class='ocr_par' dir='ltr' id='par_1_74' title="bbox 2093 1287 3664 1360">
     <span class='ocr_line' id='line_1_74' title="bbox 2093 1287 3664 1360; baseline 0.008 -24"><span class='ocrx_word' id='word_1_598' title='bbox 2093 1302 2191 1358; x_wconf 87' lang='lat' dir='ltr'><strong>pus</strong></span> <span class='ocrx_word' id='word_1_599' title='bbox 2211 1287 2350 1356; x_wconf 87' lang='lat' dir='ltr'><strong>quod</strong></span> <span class='ocrx_word' id='word_1_600' title='bbox 2370 1289 2742 1358; x_wconf 86' lang='lat' dir='ltr'><strong>corrumpitur,</strong></span> <span class='ocrx_word' id='word_1_601' title='bbox 2766 1301 3014 1360; x_wconf 86' lang='lat' dir='ltr'><strong>aggravat</strong></span> <span class='ocrx_word' id='word_1_602' title='bbox 3033 1291 3260 1344; x_wconf 81' lang='lat' dir='ltr'><strong>animant</strong></span> <span class='ocrx_word' id='word_1_603' title='bbox 3285 1291 3437 1360; x_wconf 86' lang='lat' dir='ltr'><strong>(Sap.</strong></span> <span class='ocrx_word' id='word_1_604' title='bbox 3459 1309 3530 1355; x_wconf 71' lang='grc' dir='ltr'><strong>ιχ,</strong></span> <span class='ocrx_word' id='word_1_605' title='bbox 3557 1295 3664 1360; x_wconf 79' lang='lat' dir='ltr'><strong>l5):</strong></span> 
     </span>
    </p>
   </div>
   <div class='ocr_carea' id='block_1_75' title="bbox 2093 1377 3670 1452">
    <p class='ocr_par' dir='ltr' id='par_1_75' title="bbox 2093 1377 3670 1452">
     <span class='ocr_line' id='line_1_75' title="bbox 2093 1377 3670 1452; baseline 0.004 -21"><span class='ocrx_word' id='word_1_606' title='bbox 2093 1377 2176 1432; x_wconf 87' lang='lat' dir='ltr'><strong>vel</strong></span> <span class='ocrx_word' id='word_1_607' title='bbox 2216 1379 2530 1447; x_wconf 81' lang='lat' dir='ltr'><strong>cupiditates</strong></span> <span class='ocrx_word' id='word_1_608' title='bbox 2562 1381 2864 1448; x_wconf 87' lang='lat' dir='ltr'><strong>corporales</strong></span> <span class='ocrx_word' id='word_1_609' title='bbox 2904 1397 3008 1435; x_wconf 91' lang='lat' dir='ltr'><strong>non</strong></span> <span class='ocrx_word' id='word_1_610' title='bbox 3037 1393 3299 1452; x_wconf 86' lang='lat' dir='ltr'><strong>premant,</strong></span> <span class='ocrx_word' id='word_1_611' title='bbox 3347 1383 3429 1438; x_wconf 92' lang='lat' dir='ltr'><strong>vel</strong></span> <span class='ocrx_word' id='word_1_612' title='bbox 3467 1401 3670 1438; x_wconf 83' lang='lat' dir='ltr'><strong>concu-</strong></span> 
     </span>
    </p>
   </div>
   <div class='ocr_carea' id='block_1_76' title="bbox 2093 1468 3669 1548">
    <p class='ocr_par' dir='ltr' id='par_1_76' title="bbox 2093 1468 3669 1548">
     <span class='ocr_line' id='line_1_76' title="bbox 2093 1468 3669 1548; baseline 0.006 -28"><span class='ocrx_word' id='word_1_613' title='bbox 2093 1468 2363 1538; x_wconf 71' lang='lat' dir='ltr'><strong>piscentia:</strong></span> <span class='ocrx_word' id='word_1_614' title='bbox 2391 1469 2566 1525; x_wconf 84' lang='lat' dir='ltr'><strong>carnis</strong></span> <span class='ocrx_word' id='word_1_615' title='bbox 2591 1481 2868 1525; x_wconf 78' lang='lat' dir='ltr'><strong>exuuntur.</strong></span> <span class='ocrx_word' id='word_1_616' title='bbox 2895 1471 3048 1529; x_wconf 88' lang='lat' dir='ltr'><strong>Unde</strong></span> <span class='ocrx_word' id='word_1_617' title='bbox 3093 1485 3358 1548; x_wconf 81' lang='lat' dir='ltr'><strong>exuuntur</strong></span> <span class='ocrx_word' id='word_1_618' title='bbox 3375 1515 3390 1537; x_wconf 95' lang='lat'><strong>,</strong></span> <span class='ocrx_word' id='word_1_619' title='bbox 3415 1474 3517 1529; x_wconf 88' lang='lat' dir='ltr'><strong>nisi</strong></span> <span class='ocrx_word' id='word_1_620' title='bbox 3543 1475 3669 1530; x_wconf 86' lang='lat' dir='ltr'><strong>ieris</strong></span> 
     </span>
    </p>
   </div>
   <div class='ocr_carea' id='block_1_77' title="bbox 2093 1561 3478 1634">
    <p class='ocr_par' dir='ltr' id='par_1_77' title="bbox 2093 1561 3478 1634">
     <span class='ocr_line' id='line_1_77' title="bbox 2093 1561 3478 1634; baseline 0.005 -22"><span class='ocrx_word' id='word_1_621' title='bbox 2093 1573 2188 1628; x_wconf 89' lang='lat' dir='ltr'><strong>per</strong></span> <span class='ocrx_word' id='word_1_622' title='bbox 2210 1568 2481 1628; x_wconf 84' lang='lat' dir='ltr'><strong>angustam</strong></span> <span class='ocrx_word' id='word_1_623' title='bbox 2511 1562 2553 1627; x_wconf 85' lang='grc'><strong>¹,</strong></span> <span class='ocrx_word' id='word_1_624' title='bbox 2585 1562 2684 1615; x_wconf 90' lang='lat' dir='ltr'><strong>nisi</strong></span> <span class='ocrx_word' id='word_1_625' title='bbox 2716 1561 2877 1617; x_wconf 82' lang='lat' dir='ltr'><strong>fueris</strong></span> <span class='ocrx_word' id='word_1_626' title='bbox 2902 1573 3106 1618; x_wconf 88' lang='lat' dir='ltr'><strong>astutus</strong></span> <span class='ocrx_word' id='word_1_627' title='bbox 3134 1574 3194 1618; x_wconf 90' lang='lat' dir='ltr'><strong>ut</strong></span> <span class='ocrx_word' id='word_1_628' title='bbox 3218 1569 3478 1634; x_wconf 74' lang='lat' dir='ltr'><strong>serpens?</strong></span> 
     </span>
    </p>
   </div>
   <div class='ocr_carea' id='block_1_78' title="bbox 2165 1647 3672 1724">
    <p class='ocr_par' dir='ltr' id='par_1_78' title="bbox 2165 1647 3672 1724">
     <span class='ocr_line' id='line_1_78' title="bbox 2165 1647 3672 1724; baseline 0.004 -22"><span class='ocrx_word' id='word_1_629' title='bbox 2165 1650 2251 1702; x_wconf 77' lang='lat' dir='ltr'><strong>ll.</strong></span> <span class='ocrx_word' id='word_1_630' title='bbox 2292 1647 2465 1722; x_wconf 82' lang='lat' dir='ltr'><strong>[vers.</strong></span> <span class='ocrx_word' id='word_1_631' title='bbox 2500 1652 2550 1703; x_wconf 89' lang='lat'><strong>7.</strong></span> <span class='ocrx_word' id='word_1_632' title='bbox 2580 1649 2601 1724; x_wconf 94' lang='lat'>]</span> <span class='ocrx_word' id='word_1_633' title='bbox 2633 1651 2770 1706; x_wconf 88' lang='lat' dir='ltr'><strong>Deus</strong></span> <span class='ocrx_word' id='word_1_634' title='bbox 2813 1654 3042 1706; x_wconf 83' lang='lat' dir='ltr'><strong>contrivit</strong></span> <span class='ocrx_word' id='word_1_635' title='bbox 3083 1653 3254 1708; x_wconf 82' lang='lat' dir='ltr'><strong>dentes</strong></span> <span class='ocrx_word' id='word_1_636' title='bbox 3299 1671 3470 1708; x_wconf 87' lang='lat' dir='ltr'><strong>eorum</strong></span> <span class='ocrx_word' id='word_1_637' title='bbox 3498 1657 3550 1708; x_wconf 87' lang='lat' dir='ltr'><strong>in</strong></span> <span class='ocrx_word' id='word_1_638' title='bbox 3585 1672 3672 1709; x_wconf 77' lang='lat' dir='ltr'><strong>ore</strong></span> 
     </span>
    </p>
   </div>
   <div class='ocr_carea' id='block_1_79' title="bbox 2092 1739 3670 1811">
    <p class='ocr_par' dir='ltr' id='par_1_79' title="bbox 2092 1739 3670 1811">
     <span class='ocr_line' id='line_1_79' title="bbox 2092 1739 3670 1811; baseline 0.005 -20"><span class='ocrx_word' id='word_1_639' title='bbox 2092 1739 2337 1807; x_wconf 87' lang='lat' dir='ltr'><strong>ipsorum.</strong></span> <span class='ocrx_word' id='word_1_640' title='bbox 2366 1739 2639 1806; x_wconf 84' lang='lat' dir='ltr'><strong>Quorum?</strong></span> <span class='ocrx_word' id='word_1_641' title='bbox 2666 1741 2866 1808; x_wconf 90' lang='lat' dir='ltr'><strong>Quibus</strong></span> <span class='ocrx_word' id='word_1_642' title='bbox 2892 1742 3181 1811; x_wconf 82' lang='lat' dir='ltr'><strong>indignatio</strong></span> <span class='ocrx_word' id='word_1_643' title='bbox 3215 1754 3298 1798; x_wconf 88' lang='lat' dir='ltr'><strong>est</strong></span> <span class='ocrx_word' id='word_1_644' title='bbox 3327 1745 3462 1798; x_wconf 90' lang='lat' dir='ltr'><strong>sicut</strong></span> <span class='ocrx_word' id='word_1_645' title='bbox 3479 1744 3670 1801; x_wconf 82' lang='lat' dir='ltr'><strong>simili-</strong></span> 
     </span>
    </p>
   </div>
   <div class='ocr_carea' id='block_1_80' title="bbox 2094 1829 3671 1901">
    <p class='ocr_par' dir='ltr' id='par_1_80' title="bbox 2094 1829 3671 1901">
     <span class='ocr_line' id='line_1_80' title="bbox 2094 1829 3671 1901; baseline 0.005 -18"><span class='ocrx_word' id='word_1_646' title='bbox 2094 1829 2219 1883; x_wconf 88' lang='lat' dir='ltr'><strong>tudo</strong></span> <span class='ocrx_word' id='word_1_647' title='bbox 2244 1830 2507 1899; x_wconf 88' lang='lat' dir='ltr'><strong>serpentis</strong></span> <span class='ocrx_word' id='word_1_648' title='bbox 2530 1872 2544 1897; x_wconf 92' lang='lat'><strong>,</strong></span> <span class='ocrx_word' id='word_1_649' title='bbox 2577 1841 2631 1886; x_wconf 88' lang='lat' dir='ltr'><strong>et</strong></span> <span class='ocrx_word' id='word_1_650' title='bbox 2656 1833 2856 1900; x_wconf 86' lang='lat' dir='ltr'><strong>aspidis</strong></span> <span class='ocrx_word' id='word_1_651' title='bbox 2884 1833 3182 1888; x_wconf 88' lang='lat' dir='ltr'><strong>obturantis</strong></span> <span class='ocrx_word' id='word_1_652' title='bbox 3207 1849 3366 1888; x_wconf 86' lang='lat' dir='ltr'><strong>aures</strong></span> <span class='ocrx_word' id='word_1_653' title='bbox 3392 1849 3516 1891; x_wconf 86' lang='lat' dir='ltr'><strong>snas</strong></span> <span class='ocrx_word' id='word_1_654' title='bbox 3541 1873 3559 1901; x_wconf 86' lang='lat'><strong>,</strong></span> <span class='ocrx_word' id='word_1_655' title='bbox 3603 1850 3671 1891; x_wconf 84' lang='lat' dir='ltr'><strong>ne</strong></span> 
     </span>
    </p>
   </div>
   <div class='ocr_carea' id='block_1_81' title="bbox 2093 1925 3670 1991">
    <p class='ocr_par' dir='ltr' id='par_1_81' title="bbox 2093 1925 3670 1991">
     <span class='ocr_line' id='line_1_81' title="bbox 2093 1925 3670 1991; baseline 0.004 -13"><span class='ocrx_word' id='word_1_656' title='bbox 2093 1925 2268 1979; x_wconf 88' lang='lat' dir='ltr'><strong>audiat</strong></span> <span class='ocrx_word' id='word_1_657' title='bbox 2300 1940 2485 1980; x_wconf 84' lang='lat' dir='ltr'><strong>vocem</strong></span> <span class='ocrx_word' id='word_1_658' title='bbox 2509 1927 2907 1991; x_wconf 88' lang='lat' dir='ltr'><strong>incantantium,</strong></span> <span class='ocrx_word' id='word_1_659' title='bbox 2943 1937 2994 1983; x_wconf 90' lang='lat' dir='ltr'><strong>et</strong></span> <span class='ocrx_word' id='word_1_660' title='bbox 3030 1928 3396 1984; x_wconf 87' lang='lat' dir='ltr'><strong>medicamenti</strong></span> <span class='ocrx_word' id='word_1_661' title='bbox 3426 1928 3670 1984; x_wconf 85' lang='lat' dir='ltr'><strong>medicati</strong></span> 
     </span>
    </p>
   </div>
   <div class='ocr_carea' id='block_1_82' title="bbox 2092 2017 3670 2086">
    <p class='ocr_par' dir='ltr' id='par_1_82' title="bbox 2092 2017 3670 2086">
     <span class='ocr_line' id='line_1_82' title="bbox 2092 2017 3670 2086; baseline 0.003 -16"><span class='ocrx_word' id='word_1_662' title='bbox 2092 2031 2122 2070; x_wconf 90' lang='lat' dir='ltr'><strong>a</strong></span> <span class='ocrx_word' id='word_1_663' title='bbox 2149 2019 2404 2086; x_wconf 86' lang='lat' dir='ltr'><strong>sapiente.</strong></span> <span class='ocrx_word' id='word_1_664' title='bbox 2433 2017 2568 2086; x_wconf 92' lang='lat' dir='ltr'><strong>Quid</strong></span> <span class='ocrx_word' id='word_1_665' title='bbox 2594 2019 2693 2072; x_wconf 92' lang='lat' dir='ltr'><strong>illis</strong></span> <span class='ocrx_word' id='word_1_666' title='bbox 2724 2017 2845 2072; x_wconf 81' lang='lat' dir='ltr'><strong>fecit</strong></span> <span class='ocrx_word' id='word_1_667' title='bbox 2878 2019 3170 2074; x_wconf 88' lang='lat' dir='ltr'><strong>Dominus?</strong></span> <span class='ocrx_word' id='word_1_668' title='bbox 3205 2017 3447 2074; x_wconf 81' lang='lat' dir='ltr'><strong>Contriuit</strong></span> <span class='ocrx_word' id='word_1_669' title='bbox 3490 2021 3670 2078; x_wconf 78' lang='lat' dir='ltr'><strong>dentes</strong></span> 
     </span>
    </p>
   </div>
   <div class='ocr_carea' id='block_1_83' title="bbox 2046 2109 3668 2178">
    <p class='ocr_par' dir='ltr' id='par_1_83' title="bbox 2046 2109 3668 2178">
     <span class='ocr_line' id='line_1_83' title="bbox 2046 2109 3668 2178; baseline 0.003 -18"><span class='ocrx_word' id='word_1_670' title='bbox 2046 2135 2052 2140; x_wconf 87' lang='lat'><strong><em>-</em></strong></span> <span class='ocrx_word' id='word_1_671' title='bbox 2092 2124 2267 2161; x_wconf 88' lang='lat' dir='ltr'><strong>eorum</strong></span> <span class='ocrx_word' id='word_1_672' title='bbox 2300 2109 2354 2161; x_wconf 88' lang='lat' dir='ltr'><strong>in</strong></span> <span class='ocrx_word' id='word_1_673' title='bbox 2385 2124 2471 2162; x_wconf 82' lang='lat' dir='ltr'><strong>ore</strong></span> <span class='ocrx_word' id='word_1_674' title='bbox 2491 2110 2733 2178; x_wconf 85' lang='lat' dir='ltr'><strong>ipsorum.</strong></span> <span class='ocrx_word' id='word_1_675' title='bbox 2766 2109 2982 2164; x_wconf 81' lang='lat' dir='ltr'><strong>Factum</strong></span> <span class='ocrx_word' id='word_1_676' title='bbox 3008 2120 3122 2172; x_wconf 88' lang='lat' dir='ltr'><strong>est;</strong></span> <span class='ocrx_word' id='word_1_677' title='bbox 3153 2109 3253 2164; x_wconf 88' lang='lat' dir='ltr'><strong>hoc</strong></span> <span class='ocrx_word' id='word_1_678' title='bbox 3281 2113 3452 2178; x_wconf 89' lang='lat' dir='ltr'><strong>primo</strong></span> <span class='ocrx_word' id='word_1_679' title='bbox 3473 2111 3668 2165; x_wconf 80' lang='lat' dir='ltr'><strong>factum</strong></span> 
     </span>
    </p>
   </div>
   <div class='ocr_carea' id='block_1_84' title="bbox 2092 2192 3667 2271">
    <p class='ocr_par' dir='ltr' id='par_1_84' title="bbox 2092 2192 3667 2271">
     <span class='ocr_line' id='line_1_84' title="bbox 2092 2192 3667 2271; baseline 0.003 -17"><span class='ocrx_word' id='word_1_680' title='bbox 2092 2209 2194 2265; x_wconf 83' lang='lat' dir='ltr'><strong>est,</strong></span> <span class='ocrx_word' id='word_1_681' title='bbox 2213 2211 2265 2255; x_wconf 90' lang='lat' dir='ltr'><strong>et</strong></span> <span class='ocrx_word' id='word_1_682' title='bbox 2283 2200 2440 2254; x_wconf 92' lang='lat' dir='ltr'><strong>modo</strong></span> <span class='ocrx_word' id='word_1_683' title='bbox 2463 2201 2538 2255; x_wconf 86' lang='lat' dir='ltr'><strong>lit.</strong></span> <span class='ocrx_word' id='word_1_684' title='bbox 2555 2201 2658 2256; x_wconf 91' lang='lat' dir='ltr'><strong>Sed</strong></span> <span class='ocrx_word' id='word_1_685' title='bbox 2675 2201 2961 2263; x_wconf 77' lang='lat' dir='ltr'><strong>sufﬁceret,</strong></span> <span class='ocrx_word' id='word_1_686' title='bbox 2981 2192 3170 2256; x_wconf 73' lang='lat' dir='ltr'><strong>fratres</strong></span> <span class='ocrx_word' id='word_1_687' title='bbox 3185 2202 3667 2271; x_wconf 89' lang='lat' dir='ltr'><strong>mei,utdiceretur,</strong></span> 
     </span>
    </p>
   </div>
   <div class='ocr_carea' id='block_1_85' title="bbox 2096 2291 3671 2366">
    <p class='ocr_par' dir='ltr' id='par_1_85' title="bbox 2096 2291 3671 2366">
     <span class='ocr_line' id='line_1_85' title="bbox 2096 2291 3671 2366; baseline 0.005 -21"><span class='ocrx_word' id='word_1_688' title='bbox 2096 2291 2231 2346; x_wconf 89' lang='lat' dir='ltr'><strong>Deus</strong></span> <span class='ocrx_word' id='word_1_689' title='bbox 2268 2293 2496 2346; x_wconf 88' lang='lat' dir='ltr'><strong>contrivit</strong></span> <span class='ocrx_word' id='word_1_690' title='bbox 2524 2293 2695 2347; x_wconf 87' lang='lat' dir='ltr'><strong>dentes</strong></span> <span class='ocrx_word' id='word_1_691' title='bbox 2733 2311 2926 2348; x_wconf 89' lang='lat' dir='ltr'><strong>eorum.</strong></span> <span class='ocrx_word' id='word_1_692' title='bbox 2969 2294 3145 2363; x_wconf 86' lang='lat' dir='ltr'><strong>Quare</strong></span> <span class='ocrx_word' id='word_1_693' title='bbox 3169 2337 3184 2360; x_wconf 88' lang='lat'><strong>,</strong></span> <span class='ocrx_word' id='word_1_694' title='bbox 3215 2297 3268 2348; x_wconf 90' lang='lat' dir='ltr'><strong>in</strong></span> <span class='ocrx_word' id='word_1_695' title='bbox 3293 2313 3378 2350; x_wconf 89' lang='lat' dir='ltr'><strong>ore</strong></span> <span class='ocrx_word' id='word_1_696' title='bbox 3400 2296 3671 2366; x_wconf 80' lang='lat' dir='ltr'><strong>ipsorum?</strong></span> 
     </span>
    </p>
   </div>
   <div class='ocr_carea' id='block_1_86' title="bbox 2093 2378 3670 2454">
    <p class='ocr_par' dir='ltr' id='par_1_86' title="bbox 2093 2378 3670 2454">
     <span class='ocr_line' id='line_1_86' title="bbox 2093 2378 3670 2454; baseline 0.005 -22"><span class='ocrx_word' id='word_1_697' title='bbox 2093 2378 2357 2434; x_wconf 86' lang='lat' dir='ltr'><strong>Nolebant</strong></span> <span class='ocrx_word' id='word_1_698' title='bbox 2380 2379 2564 2434; x_wconf 88' lang='lat' dir='ltr'><strong>audire</strong></span> <span class='ocrx_word' id='word_1_699' title='bbox 2588 2381 2779 2450; x_wconf 82' lang='lat' dir='ltr'><strong>legem,</strong></span> <span class='ocrx_word' id='word_1_700' title='bbox 2809 2381 3258 2436; x_wconf 85' lang='lat' dir='ltr'><strong>nolebantaudire</strong></span> <span class='ocrx_word' id='word_1_701' title='bbox 3285 2392 3546 2454; x_wconf 75' lang='lat' dir='ltr'><strong>przeeepta</strong></span> <span class='ocrx_word' id='word_1_702' title='bbox 3576 2400 3670 2440; x_wconf 80' lang='lat' dir='ltr'><strong>ve-</strong></span> 
     </span>
    </p>
   </div>
   <div class='ocr_carea' id='block_1_87' title="bbox 2092 2472 3669 2545">
    <p class='ocr_par' dir='ltr' id='par_1_87' title="bbox 2092 2472 3669 2545">
     <span class='ocr_line' id='line_1_87' title="bbox 2092 2472 3669 2545; baseline 0.003 -19"><span class='ocrx_word' id='word_1_703' title='bbox 2092 2473 2263 2527; x_wconf 91' lang='lat' dir='ltr'><strong>ritatis</strong></span> <span class='ocrx_word' id='word_1_704' title='bbox 2316 2488 2346 2527; x_wconf 91' lang='lat' dir='ltr'><strong>a</strong></span> <span class='ocrx_word' id='word_1_705' title='bbox 2393 2473 2606 2529; x_wconf 90' lang='lat' dir='ltr'><strong>Christo</strong></span> <span class='ocrx_word' id='word_1_706' title='bbox 2658 2472 2912 2528; x_wconf 65' lang='lat' dir='ltr'><strong>Pharisaei</strong></span> <span class='ocrx_word' id='word_1_707' title='bbox 2942 2516 2958 2541; x_wconf 93' lang='lat'><strong>,</strong></span> <span class='ocrx_word' id='word_1_708' title='bbox 3002 2475 3202 2530; x_wconf 88' lang='lat' dir='ltr'><strong>similes</strong></span> <span class='ocrx_word' id='word_1_709' title='bbox 3251 2477 3482 2545; x_wconf 87' lang='lat' dir='ltr'><strong>serpenti</strong></span> <span class='ocrx_word' id='word_1_710' title='bbox 3513 2474 3586 2530; x_wconf 74' lang='lat' dir='ltr'><strong>illi</strong></span> <span class='ocrx_word' id='word_1_711' title='bbox 3613 2485 3669 2531; x_wconf 85' lang='lat' dir='ltr'><strong>et</strong></span> 
     </span>
    </p>
   </div>
   <div class='ocr_carea' id='block_1_88' title="bbox 2091 2564 3670 2635">
    <p class='ocr_par' dir='ltr' id='par_1_88' title="bbox 2091 2564 3670 2635">
     <span class='ocr_line' id='line_1_88' title="bbox 2091 2564 3670 2635; baseline 0.002 -18"><span class='ocrx_word' id='word_1_712' title='bbox 2091 2565 2282 2634; x_wconf 88' lang='lat' dir='ltr'><strong>aspidi.</strong></span> <span class='ocrx_word' id='word_1_713' title='bbox 2329 2564 2619 2620; x_wconf 65' lang='lat' dir='ltr'><strong>Praeteritis</strong></span> <span class='ocrx_word' id='word_1_714' title='bbox 2646 2565 2788 2618; x_wconf 88' lang='lat' dir='ltr'><strong>enim</strong></span> <span class='ocrx_word' id='word_1_715' title='bbox 2818 2565 2930 2620; x_wconf 85' lang='lat' dir='ltr'><strong>suis</strong></span> <span class='ocrx_word' id='word_1_716' title='bbox 2974 2567 3205 2635; x_wconf 85' lang='lat' dir='ltr'><strong>peccatis</strong></span> <span class='ocrx_word' id='word_1_717' title='bbox 3247 2565 3670 2635; x_wconf 83' lang='lat' dir='ltr'><strong>delectabantur,</strong></span> 
     </span>
    </p>
   </div>
   <div class='ocr_carea' id='block_1_89' title="bbox 2065 2655 3668 2728">
    <p class='ocr_par' dir='ltr' id='par_1_89' title="bbox 2065 2655 3668 2728">
     <span class='ocr_line' id='line_1_89' title="bbox 2065 2655 3668 2728; baseline 0.003 -19"><span class='ocrx_word' id='word_1_718' title='bbox 2065 2665 2143 2710; x_wconf 83' lang='lat' dir='ltr'><strong>‘et</strong></span> <span class='ocrx_word' id='word_1_719' title='bbox 2165 2664 2482 2726; x_wconf 81' lang='lat' dir='ltr'><strong>praesentem</strong></span> <span class='ocrx_word' id='word_1_720' title='bbox 2508 2657 2670 2710; x_wconf 91' lang='lat' dir='ltr'><strong>vitam</strong></span> <span class='ocrx_word' id='word_1_721' title='bbox 2700 2655 2949 2710; x_wconf 88' lang='lat' dir='ltr'><strong>nolebant</strong></span> <span class='ocrx_word' id='word_1_722' title='bbox 2978 2657 3221 2712; x_wconf 87' lang='lat' dir='ltr'><strong>amittere</strong></span> <span class='ocrx_word' id='word_1_723' title='bbox 3243 2698 3258 2722; x_wconf 94' lang='lat'><strong>,</strong></span> <span class='ocrx_word' id='word_1_724' title='bbox 3287 2657 3339 2711; x_wconf 94' lang='lat' dir='ltr'><strong>id</strong></span> <span class='ocrx_word' id='word_1_725' title='bbox 3366 2667 3450 2713; x_wconf 89' lang='lat' dir='ltr'><strong>est</strong></span> <span class='ocrx_word' id='word_1_726' title='bbox 3475 2659 3668 2728; x_wconf 86' lang='lat' dir='ltr'><strong>gaudia</strong></span> 
     </span>
    </p>
   </div>
   <div class='ocr_carea' id='block_1_90' title="bbox 2095 2745 3671 2818">
    <p class='ocr_par' dir='ltr' id='par_1_90' title="bbox 2095 2745 3671 2818">
     <span class='ocr_line' id='line_1_90' title="bbox 2095 2745 3671 2818; baseline 0.003 -18"><span class='ocrx_word' id='word_1_727' title='bbox 2095 2755 2303 2801; x_wconf 85' lang='lat' dir='ltr'><strong>terrena</strong></span> <span class='ocrx_word' id='word_1_728' title='bbox 2331 2762 2426 2815; x_wconf 90' lang='lat' dir='ltr'><strong>pro</strong></span> <span class='ocrx_word' id='word_1_729' title='bbox 2450 2747 2655 2818; x_wconf 89' lang='lat' dir='ltr'><strong>gaudiis</strong></span> <span class='ocrx_word' id='word_1_730' title='bbox 2682 2748 2915 2802; x_wconf 66' lang='lat' dir='ltr'><strong>aeternis.</strong></span> <span class='ocrx_word' id='word_1_731' title='bbox 2950 2745 3116 2803; x_wconf 88' lang='lat' dir='ltr'><strong>Unam</strong></span> <span class='ocrx_word' id='word_1_732' title='bbox 3143 2762 3326 2804; x_wconf 86' lang='lat' dir='ltr'><strong>aurem</strong></span> <span class='ocrx_word' id='word_1_733' title='bbox 3353 2749 3671 2815; x_wconf 80' lang='lat' dir='ltr'><strong>claudebant</strong></span> 
     </span>
    </p>
   </div>
   <div class='ocr_carea' id='block_1_91' title="bbox 2092 2837 3670 2909">
    <p class='ocr_par' dir='ltr' id='par_1_91' title="bbox 2092 2837 3670 2909">
     <span class='ocr_line' id='line_1_91' title="bbox 2092 2837 3670 2909; baseline 0.002 -17"><span class='ocrx_word' id='word_1_734' title='bbox 2092 2852 2160 2892; x_wconf 79' lang='lat' dir='ltr'><strong>ex</strong></span> <span class='ocrx_word' id='word_1_735' title='bbox 2178 2837 2528 2893; x_wconf 88' lang='lat' dir='ltr'><strong>delectatione</strong></span> <span class='ocrx_word' id='word_1_736' title='bbox 2547 2839 2957 2909; x_wconf 73' lang='lat' dir='ltr'><strong>praeteritorum,</strong></span> <span class='ocrx_word' id='word_1_737' title='bbox 2981 2839 3201 2893; x_wconf 87' lang='lat' dir='ltr'><strong>alteram</strong></span> <span class='ocrx_word' id='word_1_738' title='bbox 3231 2854 3298 2895; x_wconf 82' lang='lat' dir='ltr'><strong>ex</strong></span> <span class='ocrx_word' id='word_1_739' title='bbox 3318 2839 3670 2895; x_wconf 87' lang='lat' dir='ltr'><strong>delectatione</strong></span> 
     </span>
    </p>
   </div>
   <div class='ocr_carea' id='block_1_92' title="bbox 2093 2927 3672 2996">
    <p class='ocr_par' dir='ltr' id='par_1_92' title="bbox 2093 2927 3672 2996">
     <span class='ocr_line' id='line_1_92' title="bbox 2093 2927 3672 2996; baseline 0.004 -15"><span class='ocrx_word' id='word_1_740' title='bbox 2093 2928 2431 2996; x_wconf 66' lang='lat' dir='ltr'><strong>prarsentium</strong></span> <span class='ocrx_word' id='word_1_741' title='bbox 2454 2928 2474 2960; x_wconf 76' lang='grc'>³</span> <span class='ocrx_word' id='word_1_742' title='bbox 2507 2945 2520 2979; x_wconf 95' lang='lat'><strong>:</strong></span> <span class='ocrx_word' id='word_1_743' title='bbox 2552 2927 2673 2982; x_wconf 90' lang='lat' dir='ltr'><strong>ideo</strong></span> <span class='ocrx_word' id='word_1_744' title='bbox 2719 2928 2970 2984; x_wconf 88' lang='lat' dir='ltr'><strong>nolebant</strong></span> <span class='ocrx_word' id='word_1_745' title='bbox 3003 2928 3206 2984; x_wconf 87' lang='lat' dir='ltr'><strong>audire.</strong></span> <span class='ocrx_word' id='word_1_746' title='bbox 3234 2929 3366 2983; x_wconf 83' lang='lat' dir='ltr'><strong>Nam</strong></span> <span class='ocrx_word' id='word_1_747' title='bbox 3411 2931 3551 2992; x_wconf 89' lang='lat' dir='ltr'><strong>unde</strong></span> <span class='ocrx_word' id='word_1_748' title='bbox 3589 2940 3672 2987; x_wconf 81' lang='lat' dir='ltr'><strong>est</strong></span> 
     </span>
    </p>
   </div>
   <div class='ocr_carea' id='block_1_93' title="bbox 2092 3019 3752 3089">
    <p class='ocr_par' dir='ltr' id='par_1_93' title="bbox 2092 3019 3752 3089">
     <span class='ocr_line' id='line_1_93' title="bbox 2092 3019 3752 3089; baseline 0.004 -17"><span class='ocrx_word' id='word_1_749' title='bbox 2092 3019 2220 3075; x_wconf 87' lang='lat' dir='ltr'><strong>illud</strong></span> <span class='ocrx_word' id='word_1_750' title='bbox 2252 3039 2265 3075; x_wconf 93' lang='lat'><strong>:</strong></span> <span class='ocrx_word' id='word_1_751' title='bbox 2298 3020 2359 3075; x_wconf 88' lang='lat' dir='ltr'><strong>Si</strong></span> <span class='ocrx_word' id='word_1_752' title='bbox 2382 3021 2720 3076; x_wconf 85' lang='lat' dir='ltr'><strong>dimiserimus</strong></span> <span class='ocrx_word' id='word_1_753' title='bbox 2749 3037 2860 3073; x_wconf 88' lang='lat' dir='ltr'><strong>eum</strong></span> <span class='ocrx_word' id='word_1_754' title='bbox 2881 3063 2895 3085; x_wconf 95' lang='lat'><strong>,</strong></span> <span class='ocrx_word' id='word_1_755' title='bbox 2924 3020 3117 3075; x_wconf 81' lang='lat' dir='ltr'><strong>uenient</strong></span> <span class='ocrx_word' id='word_1_756' title='bbox 3140 3021 3394 3089; x_wconf 83' lang='lat' dir='ltr'><strong>Romani,</strong></span> <span class='ocrx_word' id='word_1_757' title='bbox 3421 3034 3468 3078; x_wconf 86' lang='lat' dir='ltr'><strong>et</strong></span> <span class='ocrx_word' id='word_1_758' title='bbox 3494 3021 3671 3078; x_wconf 83' lang='lat' dir='ltr'><strong>tollent</strong></span> <span class='ocrx_word' id='word_1_759' title='bbox 3749 3041 3752 3046; x_wconf 85' lang='lat'>&#39;</span> 
     </span>
    </p>
   </div>
   <div class='ocr_carea' id='block_1_94' title="bbox 2091 3111 3672 3187">
    <p class='ocr_par' dir='ltr' id='par_1_94' title="bbox 2091 3111 3672 3187">
     <span class='ocr_line' id='line_1_94' title="bbox 2091 3111 3672 3187; baseline 0.004 -23"><span class='ocrx_word' id='word_1_760' title='bbox 2091 3111 2232 3165; x_wconf 84' lang='lat' dir='ltr'><strong>nobis</strong></span> <span class='ocrx_word' id='word_1_761' title='bbox 2280 3122 2326 3166; x_wconf 86' lang='lat' dir='ltr'><strong>et</strong></span> <span class='ocrx_word' id='word_1_762' title='bbox 2375 3113 2538 3167; x_wconf 86' lang='lat' dir='ltr'><strong>locum</strong></span> <span class='ocrx_word' id='word_1_763' title='bbox 2577 3121 2625 3166; x_wconf 92' lang='lat' dir='ltr'><strong>et</strong></span> <span class='ocrx_word' id='word_1_764' title='bbox 2653 3111 2898 3184; x_wconf 85' lang='lat' dir='ltr'><strong>gentem(</strong></span> <span class='ocrx_word' id='word_1_765' title='bbox 2934 3112 3092 3167; x_wconf 86' lang='lat' dir='ltr'><strong>Joan.</strong></span> <span class='ocrx_word' id='word_1_766' title='bbox 3119 3129 3176 3167; x_wconf 71' lang='grc' dir='ltr'>χι</span> <span class='ocrx_word' id='word_1_767' title='bbox 3200 3156 3216 3179; x_wconf 88' lang='grc'><em>,</em></span> <span class='ocrx_word' id='word_1_768' title='bbox 3270 3113 3338 3170; x_wconf 76' lang='lat'><strong>48</strong></span> <span class='ocrx_word' id='word_1_769' title='bbox 3364 3112 3429 3187; x_wconf 65' lang='lat'><strong>)1</strong></span> <span class='ocrx_word' id='word_1_770' title='bbox 3476 3113 3672 3187; x_wconf 82' lang='lat' dir='ltr'><strong>Utique</strong></span> 
     </span>
    </p>
   </div>
   <div class='ocr_carea' id='block_1_95' title="bbox 2094 3203 3672 3274">
    <p class='ocr_par' dir='ltr' id='par_1_95' title="bbox 2094 3203 3672 3274">
     <span class='ocr_line' id='line_1_95' title="bbox 2094 3203 3672 3274; baseline 0.002 -15"><span class='ocrx_word' id='word_1_771' title='bbox 2094 3204 2350 3259; x_wconf 89' lang='lat' dir='ltr'><strong>nolebant</strong></span> <span class='ocrx_word' id='word_1_772' title='bbox 2386 3231 2388 3235; x_wconf 55' lang='grc' dir='ltr'>ν</span> <span class='ocrx_word' id='word_1_773' title='bbox 2418 3203 2641 3274; x_wconf 89' lang='lat' dir='ltr'><strong>perdere</strong></span> <span class='ocrx_word' id='word_1_774' title='bbox 2694 3204 2867 3258; x_wconf 89' lang='lat' dir='ltr'><strong>locum</strong></span> <span class='ocrx_word' id='word_1_775' title='bbox 2901 3248 2916 3269; x_wconf 96' lang='lat'><strong>,</strong></span> <span class='ocrx_word' id='word_1_776' title='bbox 2974 3204 3038 3259; x_wconf 90' lang='lat' dir='ltr'><strong>ad</strong></span> <span class='ocrx_word' id='word_1_777' title='bbox 3104 3216 3298 3260; x_wconf 86' lang='lat' dir='ltr'><strong>terram</strong></span> <span class='ocrx_word' id='word_1_778' title='bbox 3366 3205 3672 3269; x_wconf 76' lang='lat' dir='ltr'><strong>colliserunt</strong></span> 
     </span>
    </p>
   </div>
   <div class='ocr_carea' id='block_1_96' title="bbox 2089 3294 3674 3360">
    <p class='ocr_par' dir='ltr' id='par_1_96' title="bbox 2089 3294 3674 3360">
     <span class='ocr_line' id='line_1_96' title="bbox 2089 3294 3674 3360; baseline 0.001 -12"><span class='ocrx_word' id='word_1_779' title='bbox 2089 3311 2269 3350; x_wconf 84' lang='lat' dir='ltr'><strong>aurem</strong></span> <span class='ocrx_word' id='word_1_780' title='bbox 2319 3310 2501 3360; x_wconf 89' lang='lat' dir='ltr'><strong>suam;</strong></span> <span class='ocrx_word' id='word_1_781' title='bbox 2549 3304 2603 3351; x_wconf 92' lang='lat' dir='ltr'><strong>et</strong></span> <span class='ocrx_word' id='word_1_782' title='bbox 2658 3294 2778 3350; x_wconf 89' lang='lat' dir='ltr'><strong>ideo</strong></span> <span class='ocrx_word' id='word_1_783' title='bbox 2829 3295 3112 3350; x_wconf 90' lang='lat' dir='ltr'><strong>noluerunt</strong></span> <span class='ocrx_word' id='word_1_784' title='bbox 3167 3295 3349 3350; x_wconf 89' lang='lat' dir='ltr'><strong>audire</strong></span> <span class='ocrx_word' id='word_1_785' title='bbox 3378 3295 3537 3350; x_wconf 82' lang='lat' dir='ltr'><strong>verba</strong></span> <span class='ocrx_word' id='word_1_786' title='bbox 3579 3297 3674 3351; x_wconf 84' lang='lat' dir='ltr'><strong>illa</strong></span> 
     </span>
    </p>
   </div>
   <div class='ocr_carea' id='block_1_97' title="bbox 2091 3385 3664 3457">
    <p class='ocr_par' dir='ltr' id='par_1_97' title="bbox 2091 3385 3664 3457">
     <span class='ocr_line' id='line_1_97' title="bbox 2091 3385 3664 3457; baseline 0.001 -16"><span class='ocrx_word' id='word_1_787' title='bbox 2091 3386 2352 3441; x_wconf 87' lang='lat' dir='ltr'><strong>medicata</strong></span> <span class='ocrx_word' id='word_1_788' title='bbox 2397 3400 2426 3439; x_wconf 90' lang='lat' dir='ltr'><strong>a</strong></span> <span class='ocrx_word' id='word_1_789' title='bbox 2478 3386 2738 3456; x_wconf 87' lang='lat' dir='ltr'><strong>sapiente.</strong></span> <span class='ocrx_word' id='word_1_790' title='bbox 2794 3387 2997 3446; x_wconf 86' lang='lat' dir='ltr'><strong>Dictum</strong></span> <span class='ocrx_word' id='word_1_791' title='bbox 3047 3397 3130 3441; x_wconf 90' lang='lat' dir='ltr'><strong>est</strong></span> <span class='ocrx_word' id='word_1_792' title='bbox 3171 3387 3238 3440; x_wconf 88' lang='lat' dir='ltr'><strong>de</strong></span> <span class='ocrx_word' id='word_1_793' title='bbox 3279 3385 3384 3441; x_wconf 87' lang='lat' dir='ltr'><strong>illis</strong></span> <span class='ocrx_word' id='word_1_794' title='bbox 3425 3397 3481 3441; x_wconf 87' lang='lat' dir='ltr'><strong>et.</strong></span> <span class='ocrx_word' id='word_1_795' title='bbox 3525 3387 3664 3457; x_wconf 90' lang='lat' dir='ltr'><strong>quod</strong></span> 
     </span>
    </p>
   </div>
   <div class='ocr_carea' id='block_1_98' title="bbox 2090 3476 3670 3544">
    <p class='ocr_par' dir='ltr' id='par_1_98' title="bbox 2090 3476 3670 3544">
     <span class='ocr_line' id='line_1_98' title="bbox 2090 3476 3670 3544; baseline 0 -15"><span class='ocrx_word' id='word_1_796' title='bbox 2090 3477 2232 3531; x_wconf 89' lang='lat' dir='ltr'><strong>avari</strong></span> <span class='ocrx_word' id='word_1_797' title='bbox 2280 3485 2430 3530; x_wconf 90' lang='lat' dir='ltr'><strong>erant</strong></span> <span class='ocrx_word' id='word_1_798' title='bbox 2476 3485 2530 3530; x_wconf 89' lang='lat' dir='ltr'><strong>et</strong></span> <span class='ocrx_word' id='word_1_799' title='bbox 2578 3485 2844 3530; x_wconf 87' lang='lat' dir='ltr'><strong>amatores</strong></span> <span class='ocrx_word' id='word_1_800' title='bbox 2900 3476 3181 3544; x_wconf 71' lang='lat' dir='ltr'><strong>pecunize:</strong></span> <span class='ocrx_word' id='word_1_801' title='bbox 3212 3487 3267 3530; x_wconf 90' lang='lat' dir='ltr'><strong>et</strong></span> <span class='ocrx_word' id='word_1_802' title='bbox 3322 3476 3495 3531; x_wconf 90' lang='lat' dir='ltr'><strong>omnis</strong></span> <span class='ocrx_word' id='word_1_803' title='bbox 3563 3477 3670 3536; x_wconf 83' lang='lat' dir='ltr'><strong>vita</strong></span> 
     </span>
    </p>
   </div>
   <div class='ocr_carea' id='block_1_99' title="bbox 2093 3567 3666 3637">
    <p class='ocr_par' dir='ltr' id='par_1_99' title="bbox 2093 3567 3666 3637">
     <span class='ocr_line' id='line_1_99' title="bbox 2093 3567 3666 3637; baseline 0.001 -15"><span class='ocrx_word' id='word_1_804' title='bbox 2093 3584 2320 3632; x_wconf 87' lang='lat' dir='ltr'><strong>eorum,</strong></span> <span class='ocrx_word' id='word_1_805' title='bbox 2372 3569 2530 3622; x_wconf 85' lang='lat' dir='ltr'><strong>etiam</strong></span> <span class='ocrx_word' id='word_1_806' title='bbox 2580 3569 2887 3636; x_wconf 61' lang='lat' dir='ltr'><strong>praeterita,</strong></span> <span class='ocrx_word' id='word_1_807' title='bbox 2937 3567 3200 3637; x_wconf 82' lang='lat' dir='ltr'><strong>descripta</strong></span> <span class='ocrx_word' id='word_1_808' title='bbox 3250 3577 3332 3622; x_wconf 89' lang='lat' dir='ltr'><strong>est</strong></span> <span class='ocrx_word' id='word_1_809' title='bbox 3381 3584 3413 3623; x_wconf 88' lang='lat' dir='ltr'><strong>a</strong></span> <span class='ocrx_word' id='word_1_810' title='bbox 3441 3569 3666 3623; x_wconf 91' lang='lat' dir='ltr'><strong>Domino</strong></span> 
     </span>
    </p>
   </div>
   <div class='ocr_carea' id='block_1_100' title="bbox 2091 3658 3668 3728">
    <p class='ocr_par' dir='ltr' id='par_1_100' title="bbox 2091 3658 3668 3728">
     <span class='ocr_line' id='line_1_100' title="bbox 2091 3658 3668 3728; baseline 0.001 -17"><span class='ocrx_word' id='word_1_811' title='bbox 2091 3659 2141 3712; x_wconf 91' lang='lat' dir='ltr'><strong>in</strong></span> <span class='ocrx_word' id='word_1_812' title='bbox 2171 3659 2470 3728; x_wconf 74' lang='lat' dir='ltr'><strong>Evangelia.</strong></span> <span class='ocrx_word' id='word_1_813' title='bbox 2497 3659 2595 3724; x_wconf 90' lang='lat' dir='ltr'><strong>Qui</strong></span> <span class='ocrx_word' id='word_1_814' title='bbox 2625 3659 2748 3726; x_wconf 82' lang='lat' dir='ltr'><strong>legit</strong></span> <span class='ocrx_word' id='word_1_815' title='bbox 2773 3659 3051 3727; x_wconf 79' lang='lat' dir='ltr'><strong>diligenter</strong></span> <span class='ocrx_word' id='word_1_816' title='bbox 3072 3658 3438 3726; x_wconf 78' lang='lat' dir='ltr'><strong>Evangelium,</strong></span> <span class='ocrx_word' id='word_1_817' title='bbox 3464 3659 3668 3714; x_wconf 88' lang='lat' dir='ltr'><strong>invenit</strong></span> 
     </span>
    </p>
   </div>
   <div class='ocr_carea' id='block_1_101' title="bbox 2091 3741 3666 3824">
    <p class='ocr_par' dir='ltr' id='par_1_101' title="bbox 2091 3741 3666 3824">
     <span class='ocr_line' id='line_1_101' title="bbox 2091 3741 3666 3824; baseline 0.002 -20"><span class='ocrx_word' id='word_1_818' title='bbox 2091 3750 2230 3804; x_wconf 88' lang='lat' dir='ltr'><strong>unde</strong></span> <span class='ocrx_word' id='word_1_819' title='bbox 2256 3751 2328 3802; x_wconf 90' lang='lat' dir='ltr'><strong>illi</strong></span> <span class='ocrx_word' id='word_1_820' title='bbox 2370 3751 2554 3803; x_wconf 86' lang='lat' dir='ltr'><strong>ambas</strong></span> <span class='ocrx_word' id='word_1_821' title='bbox 2583 3765 2737 3824; x_wconf 79' lang='lat' dir='ltr'><strong>aures</strong></span> <span class='ocrx_word' id='word_1_822' title='bbox 2766 3749 3104 3803; x_wconf 88' lang='lat' dir='ltr'><strong>obturabant.</strong></span> <span class='ocrx_word' id='word_1_823' title='bbox 3135 3749 3377 3804; x_wconf 88' lang='lat' dir='ltr'><strong>lntendat</strong></span> <span class='ocrx_word' id='word_1_824' title='bbox 3420 3741 3666 3808; x_wconf 85' lang='lat' dir='ltr'><strong>Charitas</strong></span> 
     </span>
    </p>
   </div>
   <div class='ocr_carea' id='block_1_102' title="bbox 2095 3839 3667 3907">
    <p class='ocr_par' dir='ltr' id='par_1_102' title="bbox 2095 3839 3667 3907">
     <span class='ocr_line' id='line_1_102' title="bbox 2095 3839 3667 3907; baseline 0.004 -15"><span class='ocrx_word' id='word_1_825' title='bbox 2095 3839 2278 3894; x_wconf 87' lang='lat' dir='ltr'><strong>Vestra</strong></span> <span class='ocrx_word' id='word_1_826' title='bbox 2310 3858 2324 3894; x_wconf 97' lang='lat'><strong>:</strong></span> <span class='ocrx_word' id='word_1_827' title='bbox 2361 3840 2612 3892; x_wconf 90' lang='lat' dir='ltr'><strong>Dominus</strong></span> <span class='ocrx_word' id='word_1_828' title='bbox 2635 3839 2759 3907; x_wconf 93' lang='lat' dir='ltr'><strong>quid</strong></span> <span class='ocrx_word' id='word_1_829' title='bbox 2790 3839 2951 3894; x_wconf 81' lang='lat' dir='ltr'><strong>fecit?</strong></span> <span class='ocrx_word' id='word_1_830' title='bbox 2971 3839 3212 3894; x_wconf 83' lang='lat' dir='ltr'><strong>Contriuit</strong></span> <span class='ocrx_word' id='word_1_831' title='bbox 3232 3841 3402 3896; x_wconf 87' lang='lat' dir='ltr'><strong>dentes</strong></span> <span class='ocrx_word' id='word_1_832' title='bbox 3422 3859 3591 3897; x_wconf 84' lang='lat' dir='ltr'><strong>eorum</strong></span> <span class='ocrx_word' id='word_1_833' title='bbox 3611 3844 3667 3899; x_wconf 91' lang='lat' dir='ltr'><strong>in</strong></span> 
     </span>
    </p>
   </div>
   <div class='ocr_carea' id='block_1_103' title="bbox 2089 3930 3667 4002">
    <p class='ocr_par' dir='ltr' id='par_1_103' title="bbox 2089 3930 3667 4002">
     <span class='ocr_line' id='line_1_103' title="bbox 2089 3930 3667 4002; baseline 0.003 -16"><span class='ocrx_word' id='word_1_834' title='bbox 2089 3948 2174 3986; x_wconf 88' lang='lat' dir='ltr'><strong>ore</strong></span> <span class='ocrx_word' id='word_1_835' title='bbox 2209 3932 2454 4002; x_wconf 87' lang='lat' dir='ltr'><strong>ipsorum.</strong></span> <span class='ocrx_word' id='word_1_836' title='bbox 2491 3930 2626 3998; x_wconf 91' lang='lat' dir='ltr'><strong>Quid</strong></span> <span class='ocrx_word' id='word_1_837' title='bbox 2673 3942 2774 3996; x_wconf 88' lang='lat' dir='ltr'><strong>est,</strong></span> <span class='ocrx_word' id='word_1_838' title='bbox 2819 3932 2874 3985; x_wconf 86' lang='lat' dir='ltr'><strong>in</strong></span> <span class='ocrx_word' id='word_1_839' title='bbox 2914 3947 2999 3985; x_wconf 89' lang='lat' dir='ltr'><strong>ore</strong></span> <span class='ocrx_word' id='word_1_840' title='bbox 3026 3933 3293 4002; x_wconf 81' lang='lat' dir='ltr'><strong>ipsorum?</strong></span> <span class='ocrx_word' id='word_1_841' title='bbox 3321 3933 3392 3990; x_wconf 88' lang='lat' dir='ltr'><strong>Ut</strong></span> <span class='ocrx_word' id='word_1_842' title='bbox 3427 3949 3522 3990; x_wconf 88' lang='lat' dir='ltr'><strong>ore</strong></span> <span class='ocrx_word' id='word_1_843' title='bbox 3570 3950 3667 3991; x_wconf 88' lang='lat' dir='ltr'><strong>suo</strong></span> 
     </span>
    </p>
   </div>
   <div class='ocr_carea' id='block_1_104' title="bbox 2089 4021 3668 4092">
    <p class='ocr_par' dir='ltr' id='par_1_104' title="bbox 2089 4021 3668 4092">
     <span class='ocr_line' id='line_1_104' title="bbox 2089 4021 3668 4092; baseline 0.001 -13"><span class='ocrx_word' id='word_1_844' title='bbox 2089 4034 2275 4080; x_wconf 89' lang='lat' dir='ltr'><strong>contra</strong></span> <span class='ocrx_word' id='word_1_845' title='bbox 2316 4038 2374 4077; x_wconf 91' lang='lat' dir='ltr'><strong>se</strong></span> <span class='ocrx_word' id='word_1_846' title='bbox 2403 4021 2810 4092; x_wconf 86' lang='lat' dir='ltr'><strong>pronuntiarent</strong></span> <span class='ocrx_word' id='word_1_847' title='bbox 2836 4041 2849 4077; x_wconf 93' lang='lat'><strong>:</strong></span> <span class='ocrx_word' id='word_1_848' title='bbox 2880 4023 3055 4092; x_wconf 87' lang='lat' dir='ltr'><strong>coegit</strong></span> <span class='ocrx_word' id='word_1_849' title='bbox 3098 4023 3218 4078; x_wconf 90' lang='lat' dir='ltr'><strong>illos</strong></span> <span class='ocrx_word' id='word_1_850' title='bbox 3249 4039 3342 4079; x_wconf 87' lang='lat' dir='ltr'><strong>ore</strong></span> <span class='ocrx_word' id='word_1_851' title='bbox 3385 4039 3483 4080; x_wconf 92' lang='lat' dir='ltr'><strong>suo</strong></span> <span class='ocrx_word' id='word_1_852' title='bbox 3521 4025 3574 4080; x_wconf 85' lang='lat' dir='ltr'><strong>in</strong></span> <span class='ocrx_word' id='word_1_853' title='bbox 3606 4039 3668 4082; x_wconf 83' lang='lat' dir='ltr'><strong>se</strong></span> 
     </span>
    </p>
   </div>
   <div class='ocr_carea' id='block_1_105' title="bbox 2088 4101 3668 4186">
    <p class='ocr_par' dir='ltr' id='par_1_105' title="bbox 2088 4101 3668 4186">
     <span class='ocr_line' id='line_1_105' title="bbox 2088 4101 3668 4186; baseline 0.003 -18"><span class='ocrx_word' id='word_1_854' title='bbox 2088 4115 2405 4169; x_wconf 89' lang='lat' dir='ltr'><strong>sententiam</strong></span> <span class='ocrx_word' id='word_1_855' title='bbox 2451 4114 2650 4169; x_wconf 88' lang='lat' dir='ltr'><strong>dicere.</strong></span> <span class='ocrx_word' id='word_1_856' title='bbox 2697 4101 3020 4168; x_wconf 88' lang='lat' dir='ltr'><strong>Calumniari</strong></span> <span class='ocrx_word' id='word_1_857' title='bbox 3066 4115 3317 4170; x_wconf 85' lang='lat' dir='ltr'><strong>volebant</strong></span> <span class='ocrx_word' id='word_1_858' title='bbox 3354 4119 3403 4170; x_wconf 89' lang='lat' dir='ltr'><strong>el</strong></span> <span class='ocrx_word' id='word_1_859' title='bbox 3451 4125 3668 4186; x_wconf 85' lang='lat' dir='ltr'><strong>propter</strong></span> 
     </span>
    </p>
   </div>
   <div class='ocr_carea' id='block_1_106' title="bbox 2091 4204 3662 4274">
    <p class='ocr_par' dir='ltr' id='par_1_106' title="bbox 2091 4204 3662 4274">
     <span class='ocr_line' id='line_1_106' title="bbox 2091 4204 3662 4274; baseline 0.001 -14"><span class='ocrx_word' id='word_1_860' title='bbox 2091 4207 2344 4261; x_wconf 87' lang='lat' dir='ltr'><strong>tributum</strong></span> <span class='ocrx_word' id='word_1_861' title='bbox 2372 4221 2509 4260; x_wconf 92' lang='lat' dir='ltr'><strong>:non</strong></span> <span class='ocrx_word' id='word_1_862' title='bbox 2537 4204 2672 4260; x_wconf 83' lang='lat' dir='ltr'><strong>dixit</strong></span> <span class='ocrx_word' id='word_1_863' title='bbox 2695 4205 2801 4271; x_wconf 89' lang='lat' dir='ltr'><strong>ille,</strong></span> <span class='ocrx_word' id='word_1_864' title='bbox 2833 4206 2980 4260; x_wconf 86' lang='lat' dir='ltr'><strong>Licet</strong></span> <span class='ocrx_word' id='word_1_865' title='bbox 3005 4205 3230 4260; x_wconf 89' lang='lat' dir='ltr'><strong>reddere</strong></span> <span class='ocrx_word' id='word_1_866' title='bbox 3254 4207 3526 4269; x_wconf 87' lang='lat' dir='ltr'><strong>tribututn,</strong></span> <span class='ocrx_word' id='word_1_867' title='bbox 3549 4217 3662 4274; x_wconf 88' lang='lat' dir='ltr'><strong>aut,</strong></span> 
     </span>
    </p>
   </div>
   <div class='ocr_carea' id='block_1_107' title="bbox 2087 4298 3662 4369">
    <p class='ocr_par' dir='ltr' id='par_1_107' title="bbox 2087 4298 3662 4369">
     <span class='ocr_line' id='line_1_107' title="bbox 2087 4298 3662 4369; baseline 0 -15"><span class='ocrx_word' id='word_1_868' title='bbox 2087 4315 2192 4354; x_wconf 91' lang='lat' dir='ltr'><strong>non</strong></span> <span class='ocrx_word' id='word_1_869' title='bbox 2223 4300 2345 4354; x_wconf 90' lang='lat' dir='ltr'><strong>licet</strong></span> <span class='ocrx_word' id='word_1_870' title='bbox 2369 4299 2615 4353; x_wconf 81' lang='lat' dir='ltr'><strong>reddere.</strong></span> <span class='ocrx_word' id='word_1_871' title='bbox 2647 4298 2714 4353; x_wconf 88' lang='lat' dir='ltr'><strong>Et</strong></span> <span class='ocrx_word' id='word_1_872' title='bbox 2755 4299 2967 4354; x_wconf 85' lang='lat' dir='ltr'><strong>volebat</strong></span> <span class='ocrx_word' id='word_1_873' title='bbox 2996 4298 3185 4354; x_wconf 89' lang='lat' dir='ltr'><strong>dentes</strong></span> <span class='ocrx_word' id='word_1_874' title='bbox 3223 4315 3434 4366; x_wconf 91' lang='lat' dir='ltr'><strong>eorum,</strong></span> <span class='ocrx_word' id='word_1_875' title='bbox 3467 4300 3662 4369; x_wconf 88' lang='lat' dir='ltr'><strong>quibus</strong></span> 
     </span>
    </p>
   </div>
   <div class='ocr_carea' id='block_1_108' title="bbox 2087 4390 3665 4459">
    <p class='ocr_par' dir='ltr' id='par_1_108' title="bbox 2087 4390 3665 4459">
     <span class='ocr_line' id='line_1_108' title="bbox 2087 4390 3665 4459; baseline -0.001 -13"><span class='ocrx_word' id='word_1_876' title='bbox 2087 4390 2360 4446; x_wconf 83' lang='lat' dir='ltr'><strong>inhiabant</strong></span> <span class='ocrx_word' id='word_1_877' title='bbox 2401 4399 2458 4444; x_wconf 91' lang='lat' dir='ltr'><strong>ut</strong></span> <span class='ocrx_word' id='word_1_878' title='bbox 2487 4390 2812 4454; x_wconf 88' lang='lat' dir='ltr'><strong>morderent,</strong></span> <span class='ocrx_word' id='word_1_879' title='bbox 2844 4404 3155 4456; x_wconf 88' lang='lat' dir='ltr'><strong>conterere;</strong></span> <span class='ocrx_word' id='word_1_880' title='bbox 3196 4391 3290 4446; x_wconf 90' lang='lat' dir='ltr'><strong>sed</strong></span> <span class='ocrx_word' id='word_1_881' title='bbox 3318 4391 3369 4444; x_wconf 92' lang='lat' dir='ltr'><strong>in</strong></span> <span class='ocrx_word' id='word_1_882' title='bbox 3397 4405 3491 4446; x_wconf 88' lang='lat' dir='ltr'><strong>ore</strong></span> <span class='ocrx_word' id='word_1_883' title='bbox 3522 4391 3665 4459; x_wconf 89' lang='lat' dir='ltr'><strong>ipso-</strong></span> 
     </span>
    </p>
   </div>
   <div class='ocr_carea' id='block_1_109' title="bbox 2087 4469 3663 4548">
    <p class='ocr_par' dir='ltr' id='par_1_109' title="bbox 2087 4469 3663 4548">
     <span class='ocr_line' id='line_1_109' title="bbox 2087 4469 3663 4548; baseline -0.001 -10"><span class='ocrx_word' id='word_1_884' title='bbox 2087 4499 2202 4538; x_wconf 92' lang='lat' dir='ltr'><strong>rum</strong></span> <span class='ocrx_word' id='word_1_885' title='bbox 2241 4483 2472 4537; x_wconf 87' lang='lat' dir='ltr'><strong>volebat.</strong></span> <span class='ocrx_word' id='word_1_886' title='bbox 2509 4481 2815 4545; x_wconf 67' lang='lat' dir='ltr'><strong>Sidiceret,</strong></span> <span class='ocrx_word' id='word_1_887' title='bbox 2846 4482 3093 4537; x_wconf 88' lang='lat' dir='ltr'><strong>Solvatur</strong></span> <span class='ocrx_word' id='word_1_888' title='bbox 3130 4481 3328 4539; x_wconf 79' lang='lat' dir='ltr'><strong>Caesari</strong></span> <span class='ocrx_word' id='word_1_889' title='bbox 3367 4481 3617 4536; x_wconf 91' lang='lat' dir='ltr'><strong>tributum</strong></span> <span class='ocrx_word' id='word_1_890' title='bbox 3643 4469 3663 4548; x_wconf 63' lang='grc' dir='ltr'><strong>ς’</strong></span> 
     </span>
    </p>
   </div>
   <div class='ocr_carea' id='block_1_110' title="bbox 2085 4572 3660 4643">
    <p class='ocr_par' dir='ltr' id='par_1_110' title="bbox 2085 4572 3660 4643">
     <span class='ocr_line' id='line_1_110' title="bbox 2085 4572 3660 4643; baseline 0 -17"><span class='ocrx_word' id='word_1_891' title='bbox 2085 4574 2536 4627; x_wconf 89' lang='lat' dir='ltr'><strong>calumniarentur</strong></span> <span class='ocrx_word' id='word_1_892' title='bbox 2570 4573 2641 4626; x_wconf 93' lang='lat' dir='ltr'><strong>illi</strong></span> <span class='ocrx_word' id='word_1_893' title='bbox 2685 4573 2826 4643; x_wconf 90' lang='lat' dir='ltr'><strong>quod</strong></span> <span class='ocrx_word' id='word_1_894' title='bbox 2870 4573 3231 4626; x_wconf 79' lang='lat' dir='ltr'><strong>maledixisset</strong></span> <span class='ocrx_word' id='word_1_895' title='bbox 3271 4573 3411 4641; x_wconf 88' lang='lat' dir='ltr'><strong>genti</strong></span> <span class='ocrx_word' id='word_1_896' title='bbox 3443 4572 3660 4627; x_wconf 83' lang='lat' dir='ltr'><strong>Jud:eo-</strong></span> 
     </span>
    </p>
   </div>
   <div class='ocr_carea' id='block_1_111' title="bbox 2084 4663 3661 4730">
    <p class='ocr_par' dir='ltr' id='par_1_111' title="bbox 2084 4663 3661 4730">
     <span class='ocr_line' id='line_1_111' title="bbox 2084 4663 3661 4730; baseline -0.001 -10"><span class='ocrx_word' id='word_1_897' title='bbox 2084 4680 2224 4730; x_wconf 88' lang='lat' dir='ltr'><strong>rum,</strong></span> <span class='ocrx_word' id='word_1_898' title='bbox 2248 4679 2364 4718; x_wconf 87' lang='lat' dir='ltr'><strong>eam</strong></span> <span class='ocrx_word' id='word_1_899' title='bbox 2394 4664 2722 4718; x_wconf 84' lang='lat' dir='ltr'><strong>tributariam</strong></span> <span class='ocrx_word' id='word_1_900' title='bbox 2757 4663 3014 4716; x_wconf 76' lang='lat' dir='ltr'><strong>faciendo.</strong></span> <span class='ocrx_word' id='word_1_901' title='bbox 3044 4663 3122 4715; x_wconf 77' lang='lat' dir='ltr'><strong>Ex</strong></span> <span class='ocrx_word' id='word_1_902' title='bbox 3153 4671 3366 4730; x_wconf 89' lang='lat' dir='ltr'><strong>peccato</strong></span> <span class='ocrx_word' id='word_1_903' title='bbox 3387 4663 3529 4717; x_wconf 88' lang='lat' dir='ltr'><strong>enim</strong></span> <span class='ocrx_word' id='word_1_904' title='bbox 3561 4663 3661 4718; x_wconf 80' lang='lat' dir='ltr'><strong>tri-</strong></span> 
     </span>
    </p>
   </div>
   <div class='ocr_carea' id='block_1_112' title="bbox 2086 4751 3661 4823">
    <p class='ocr_par' dir='ltr' id='par_1_112' title="bbox 2086 4751 3661 4823">
     <span class='ocr_line' id='line_1_112' title="bbox 2086 4751 3661 4823; baseline -0.002 -13"><span class='ocrx_word' id='word_1_905' title='bbox 2086 4756 2270 4810; x_wconf 90' lang='lat' dir='ltr'><strong>butum</strong></span> <span class='ocrx_word' id='word_1_906' title='bbox 2302 4755 2595 4810; x_wconf 87' lang='lat' dir='ltr'><strong>reddebant</strong></span> <span class='ocrx_word' id='word_1_907' title='bbox 2628 4754 2910 4815; x_wconf 87' lang='lat' dir='ltr'><strong>humiliati,</strong></span> <span class='ocrx_word' id='word_1_908' title='bbox 2941 4753 3078 4806; x_wconf 89' lang='lat' dir='ltr'><strong>sicut</strong></span> <span class='ocrx_word' id='word_1_909' title='bbox 3107 4753 3212 4806; x_wconf 89' lang='lat' dir='ltr'><strong>illis</strong></span> <span class='ocrx_word' id='word_1_910' title='bbox 3263 4753 3314 4806; x_wconf 90' lang='lat' dir='ltr'><strong>i&#39;n</strong></span> <span class='ocrx_word' id='word_1_911' title='bbox 3355 4751 3494 4823; x_wconf 85' lang='lat' dir='ltr'><strong>Lege</strong></span> <span class='ocrx_word' id='word_1_912' title='bbox 3522 4769 3661 4823; x_wconf 77' lang='lat' dir='ltr'><strong>pra:-</strong></span> 
     </span>
    </p>
   </div>
   <div class='ocr_carea' id='block_1_113' title="bbox 2084 4842 3654 4906">
    <p class='ocr_par' dir='ltr' id='par_1_113' title="bbox 2084 4842 3654 4906">
     <span class='ocr_line' id='line_1_113' title="bbox 2084 4842 3654 4906; baseline -0.001 -5"><span class='ocrx_word' id='word_1_913' title='bbox 2084 4848 2281 4901; x_wconf 90' lang='lat' dir='ltr'><strong>dictum</strong></span> <span class='ocrx_word' id='word_1_914' title='bbox 2335 4855 2471 4901; x_wconf 86' lang='lat' dir='ltr'><strong>erat.</strong></span> <span class='ocrx_word' id='word_1_915' title='bbox 2515 4844 2784 4900; x_wconf 88' lang='lat' dir='ltr'><strong>Tenemus</strong></span> <span class='ocrx_word' id='word_1_916' title='bbox 2824 4843 2990 4905; x_wconf 89' lang='lat' dir='ltr'><strong>illum,</strong></span> <span class='ocrx_word' id='word_1_917' title='bbox 3039 4842 3204 4906; x_wconf 82' lang='lat' dir='ltr'><strong>aiunt,</strong></span> <span class='ocrx_word' id='word_1_918' title='bbox 3259 4844 3654 4900; x_wconf 85' lang='lat' dir='ltr'><strong>maledictorem</strong></span> 
     </span>
    </p>
   </div>
   <div class='ocr_carea' id='block_1_114' title="bbox 2083 4934 3657 5010">
    <p class='ocr_par' dir='ltr' id='par_1_114' title="bbox 2083 4934 3657 5010">
     <span class='ocr_line' id='line_1_114' title="bbox 2083 4934 3657 5010; baseline -0.003 -15"><span class='ocrx_word' id='word_1_919' title='bbox 2083 4941 2253 5010; x_wconf 83' lang='lat' dir='ltr'><strong>gentis</strong></span> <span class='ocrx_word' id='word_1_920' title='bbox 2273 4947 2494 5002; x_wconf 65' lang='lat' dir='ltr'><strong>nostrae,</strong></span> <span class='ocrx_word' id='word_1_921' title='bbox 2527 4937 2571 4990; x_wconf 92' lang='lat' dir='ltr'><strong>si</strong></span> <span class='ocrx_word' id='word_1_922' title='bbox 2595 4949 2689 4988; x_wconf 89' lang='lat' dir='ltr'><strong>nos</strong></span> <span class='ocrx_word' id='word_1_923' title='bbox 2714 4935 2933 5004; x_wconf 84' lang='lat' dir='ltr'><strong>jusserit</strong></span> <span class='ocrx_word' id='word_1_924' title='bbox 2960 4934 3211 4988; x_wconf 89' lang='lat' dir='ltr'><strong>tributum</strong></span> <span class='ocrx_word' id='word_1_925' title='bbox 3241 4935 3547 5004; x_wconf 87' lang='lat' dir='ltr'><strong>persolvere</strong></span> <span class='ocrx_word' id='word_1_926' title='bbox 3572 4952 3584 4988; x_wconf 94' lang='lat'><strong>:</strong></span> <span class='ocrx_word' id='word_1_927' title='bbox 3608 4937 3657 4990; x_wconf 91' lang='lat' dir='ltr'><strong>si</strong></span> 
     </span>
    </p>
   </div>
   <div class='ocr_carea' id='block_1_115' title="bbox 2084 5024 3656 5094">
    <p class='ocr_par' dir='ltr' id='par_1_115' title="bbox 2084 5024 3656 5094">
     <span class='ocr_line' id='line_1_115' title="bbox 2084 5024 3656 5094; baseline -0.003 -12"><span class='ocrx_word' id='word_1_928' title='bbox 2084 5038 2262 5084; x_wconf 86' lang='lat' dir='ltr'><strong>autem</strong></span> <span class='ocrx_word' id='word_1_929' title='bbox 2306 5028 2526 5091; x_wconf 75' lang='lat' dir='ltr'><strong>dixerit,</strong></span> <span class='ocrx_word' id='word_1_930' title='bbox 2576 5024 2751 5080; x_wconf 84' lang='lat' dir='ltr'><strong>Nolite</strong></span> <span class='ocrx_word' id='word_1_931' title='bbox 2793 5025 3022 5089; x_wconf 73' lang='lat' dir='ltr'><strong>solvere,</strong></span> <span class='ocrx_word' id='word_1_932' title='bbox 3078 5035 3317 5078; x_wconf 87' lang='lat' dir='ltr'><strong>tenemus</strong></span> <span class='ocrx_word' id='word_1_933' title='bbox 3356 5040 3476 5080; x_wconf 91' lang='lat' dir='ltr'><strong>eum</strong></span> <span class='ocrx_word' id='word_1_934' title='bbox 3514 5025 3656 5094; x_wconf 89' lang='lat' dir='ltr'><strong>quod</strong></span> 
     </span>
    </p>
   </div>
   <div class='ocr_carea' id='block_1_116' title="bbox 2083 5117 3659 5176">
    <p class='ocr_par' dir='ltr' id='par_1_116' title="bbox 2083 5117 3659 5176">
     <span class='ocr_line' id='line_1_116' title="bbox 2083 5117 3659 5176; baseline -0.004 0"><span class='ocrx_word' id='word_1_935' title='bbox 2083 5121 2467 5176; x_wconf 78' lang='lat' dir='ltr'><strong>contradixerit</strong></span> <span class='ocrx_word' id='word_1_936' title='bbox 2496 5118 2652 5172; x_wconf 91' lang='lat' dir='ltr'><strong>nobis</strong></span> <span class='ocrx_word' id='word_1_937' title='bbox 2677 5118 2900 5172; x_wconf 87' lang='lat' dir='ltr'><strong>devotos</strong></span> <span class='ocrx_word' id='word_1_938' title='bbox 2925 5131 3046 5172; x_wconf 89' lang='lat' dir='ltr'><strong>esse</strong></span> <span class='ocrx_word' id='word_1_939' title='bbox 3070 5117 3284 5172; x_wconf 67' lang='lat' dir='ltr'><strong>Ctesari.</strong></span> <span class='ocrx_word' id='word_1_940' title='bbox 3314 5117 3495 5172; x_wconf 82' lang='lat' dir='ltr'><strong>Talem</strong></span> <span class='ocrx_word' id='word_1_941' title='bbox 3525 5117 3659 5171; x_wconf 81' lang='lat' dir='ltr'><strong>bici-</strong></span> 
     </span>
    </p>
   </div>
   <div class='ocr_carea' id='block_1_117' title="bbox 2085 5210 3653 5284">
    <p class='ocr_par' dir='ltr' id='par_1_117' title="bbox 2085 5210 3653 5284">
     <span class='ocr_line' id='line_1_117' title="bbox 2085 5210 3653 5284; baseline -0.003 -16"><span class='ocrx_word' id='word_1_942' title='bbox 2085 5217 2247 5284; x_wconf 88' lang='lat' dir='ltr'><strong>pitem</strong></span> <span class='ocrx_word' id='word_1_943' title='bbox 2293 5213 2540 5282; x_wconf 85' lang='lat' dir='ltr'><strong>laqueum</strong></span> <span class='ocrx_word' id='word_1_944' title='bbox 2580 5211 2729 5279; x_wconf 89' lang='lat' dir='ltr'><strong>quasi</strong></span> <span class='ocrx_word' id='word_1_945' title='bbox 2771 5210 3028 5279; x_wconf 87' lang='lat' dir='ltr'><strong>capiendo</strong></span> <span class='ocrx_word' id='word_1_946' title='bbox 3081 5211 3302 5266; x_wconf 90' lang='lat' dir='ltr'><strong>Domino</strong></span> <span class='ocrx_word' id='word_1_947' title='bbox 3342 5221 3653 5280; x_wconf 68' lang='lat' dir='ltr'><strong>posuerunt.</strong></span> 
     </span>
    </p>
   </div>
   <div class='ocr_carea' id='block_1_118' title="bbox 2083 5302 3654 5375">
    <p class='ocr_par' dir='ltr' id='par_1_118' title="bbox 2083 5302 3654 5375">
     <span class='ocr_line' id='line_1_118' title="bbox 2083 5302 3654 5375; baseline -0.004 -12"><span class='ocrx_word' id='word_1_948' title='bbox 2083 5307 2186 5363; x_wconf 84' lang='lat' dir='ltr'><strong>Sed</strong></span> <span class='ocrx_word' id='word_1_949' title='bbox 2206 5306 2271 5360; x_wconf 88' lang='lat' dir='ltr'><strong>ad</strong></span> <span class='ocrx_word' id='word_1_950' title='bbox 2298 5322 2454 5375; x_wconf 91' lang='lat' dir='ltr'><strong>quem</strong></span> <span class='ocrx_word' id='word_1_951' title='bbox 2483 5304 2775 5359; x_wconf 86' lang='lat' dir='ltr'><strong>venerant?</strong></span> <span class='ocrx_word' id='word_1_952' title='bbox 2800 5304 2896 5370; x_wconf 83' lang='lat' dir='ltr'><strong>Qui</strong></span> <span class='ocrx_word' id='word_1_953' title='bbox 2925 5313 3144 5359; x_wconf 79' lang='lat' dir='ltr'><strong>noverat</strong></span> <span class='ocrx_word' id='word_1_954' title='bbox 3163 5311 3443 5357; x_wconf 86' lang='lat' dir='ltr'><strong>conterere</strong></span> <span class='ocrx_word' id='word_1_955' title='bbox 3467 5302 3654 5356; x_wconf 76' lang='lat' dir='ltr'><strong>dentes</strong></span> 
     </span>
    </p>
   </div>
   <div class='ocr_carea' id='block_1_119' title="bbox 2081 5392 3652 5465">
    <p class='ocr_par' dir='ltr' id='par_1_119' title="bbox 2081 5392 3652 5465">
     <span class='ocr_line' id='line_1_119' title="bbox 2081 5392 3652 5465; baseline -0.005 -11"><span class='ocrx_word' id='word_1_956' title='bbox 2081 5413 2264 5454; x_wconf 89' lang='lat' dir='ltr'><strong>eorum</strong></span> <span class='ocrx_word' id='word_1_957' title='bbox 2294 5398 2345 5450; x_wconf 91' lang='lat' dir='ltr'><strong>in</strong></span> <span class='ocrx_word' id='word_1_958' title='bbox 2393 5411 2489 5450; x_wconf 89' lang='lat' dir='ltr'><strong>ore</strong></span> <span class='ocrx_word' id='word_1_959' title='bbox 2524 5396 2778 5465; x_wconf 88' lang='lat' dir='ltr'><strong>ipsorum.</strong></span> <span class='ocrx_word' id='word_1_960' title='bbox 2826 5393 3084 5449; x_wconf 82' lang='lat' dir='ltr'><strong>Ostendite</strong></span> <span class='ocrx_word' id='word_1_961' title='bbox 3111 5393 3232 5446; x_wconf 85' lang='lat' dir='ltr'><strong>mihi</strong></span> <span class='ocrx_word' id='word_1_962' title='bbox 3259 5407 3535 5457; x_wconf 77' lang='lat' dir='ltr'><strong>nummum,</strong></span> <span class='ocrx_word' id='word_1_963' title='bbox 3568 5392 3652 5446; x_wconf 83' lang='lat' dir='ltr'><strong>in-</strong></span> 
     </span>
    </p>
   </div>
   <div class='ocr_carea' id='block_1_120' title="bbox 2144 5527 3466 5594">
    <p class='ocr_par' dir='ltr' id='par_1_120' title="bbox 2144 5527 3466 5594">
     <span class='ocr_line' id='line_1_120' title="bbox 2144 5527 3466 5594; baseline -0.006 -16"><span class='ocrx_word' id='word_1_964' title='bbox 2144 5532 2159 5562; x_wconf 81' lang='grc' dir='ltr'>ί</span> <span class='ocrx_word' id='word_1_965' title='bbox 2194 5531 2266 5580; x_wconf 85' lang='lat' dir='ltr'><strong>sic</strong></span> <span class='ocrx_word' id='word_1_966' title='bbox 2289 5539 2403 5594; x_wconf 66' lang='lat' dir='ltr'><strong>Mss.</strong></span> <span class='ocrx_word' id='word_1_967' title='bbox 2421 5538 2469 5580; x_wconf 83' lang='lat' dir='ltr'><strong>Al</strong></span> <span class='ocrx_word' id='word_1_968' title='bbox 2494 5536 2605 5577; x_wconf 76' lang='lat' dir='ltr'><strong>me.</strong></span> <span class='ocrx_word' id='word_1_969' title='bbox 2631 5532 2722 5594; x_wconf 76' lang='lat' dir='ltr'><strong>hoc</strong></span> <span class='ocrx_word' id='word_1_970' title='bbox 2745 5527 2866 5585; x_wconf 90' lang='lat' dir='ltr'><strong>loco,</strong></span> <span class='ocrx_word' id='word_1_971' title='bbox 2897 5540 2981 5589; x_wconf 86' lang='lat' dir='ltr'><strong>per</strong></span> <span class='ocrx_word' id='word_1_972' title='bbox 3004 5532 3273 5594; x_wconf 70' lang='lat' dir='ltr'><strong>angustum.</strong></span> <span class='ocrx_word' id='word_1_973' title='bbox 3297 5591 3303 5594; x_wconf 79' lang='lat'>_</span> <span class='ocrx_word' id='word_1_974' title='bbox 3455 5583 3466 5594; x_wconf 43' lang='grc' dir='ltr'><strong><em>ο</em></strong></span> 
     </span>
    </p>
   </div>
   <div class='ocr_carea' id='block_1_121' title="bbox 2143 5586 3660 5653">
    <p class='ocr_par' dir='ltr' id='par_1_121' title="bbox 2143 5586 3660 5653">
     <span class='ocr_line' id='line_1_121' title="bbox 2143 5586 3660 5653; baseline -0.005 -12"><span class='ocrx_word' id='word_1_975' title='bbox 2143 5595 2162 5623; x_wconf 78' lang='grc'>²</span> <span class='ocrx_word' id='word_1_976' title='bbox 2197 5600 2322 5648; x_wconf 59' lang='lat' dir='ltr'><strong>Iussu,</strong></span> <span class='ocrx_word' id='word_1_977' title='bbox 2350 5590 2403 5642; x_wconf 89' lang='lat' dir='ltr'><strong>id</strong></span> <span class='ocrx_word' id='word_1_978' title='bbox 2427 5599 2495 5640; x_wconf 83' lang='lat' dir='ltr'><strong>est</strong></span> <span class='ocrx_word' id='word_1_979' title='bbox 2527 5590 2708 5653; x_wconf 79' lang='lat' dir='ltr'><strong>gaudia</strong></span> <span class='ocrx_word' id='word_1_980' title='bbox 2732 5586 2938 5653; x_wconf 66' lang='lat' dir='ltr'><strong>terrena.</strong></span> <span class='ocrx_word' id='word_1_981' title='bbox 2963 5596 3031 5636; x_wconf 75' lang='lat' dir='ltr'><strong>Ea;</strong></span> <span class='ocrx_word' id='word_1_982' title='bbox 3069 5586 3265 5653; x_wconf 72' lang='lat' dir='ltr'><strong>gaudiis</strong></span> <span class='ocrx_word' id='word_1_983' title='bbox 3286 5586 3660 5653; x_wconf 64' lang='lat' dir='ltr'><strong>terrenismnam</strong></span> 
     </span>
    </p>
   </div>
   <div class='ocr_carea' id='block_1_122' title="bbox 2077 5646 3656 5750">
    <p class='ocr_par' dir='ltr' id='par_1_122' title="bbox 2077 5646 3656 5750">
     <span class='ocr_line' id='line_1_122' title="bbox 2077 5646 3656 5750; baseline -0.004 -48"><span class='ocrx_word' id='word_1_984' title='bbox 2077 5667 2244 5750; x_wconf 54' lang='lat' dir='ltr'><strong>aprem</strong></span> <span class='ocrx_word' id='word_1_985' title='bbox 2261 5646 2563 5712; x_wconf 69' lang='lat' dir='ltr'><strong>elautlebaul,</strong></span> <span class='ocrx_word' id='word_1_986' title='bbox 2589 5667 2652 5702; x_wconf 70' lang='lat' dir='ltr'><strong>ex</strong></span> <span class='ocrx_word' id='word_1_987' title='bbox 2675 5650 2981 5702; x_wconf 80' lang='lat' dir='ltr'><strong>delectatione</strong></span> <span class='ocrx_word' id='word_1_988' title='bbox 3013 5650 3360 5709; x_wconf 55' lang='lat' dir='ltr'><strong>praeteritorum</strong></span> <span class='ocrx_word' id='word_1_989' title='bbox 3388 5646 3596 5698; x_wconf 70' lang='lat' dir='ltr'><strong>alteram</strong></span> <span class='ocrx_word' id='word_1_990' title='bbox 3641 5672 3656 5706; x_wconf 58' lang='grc'><strong>,-</strong></span> 
     </span>
     <span class='ocr_line' id='line_1_123' title="bbox 2079 5728 2307 5750; baseline 0 0"><span class='ocrx_word' id='word_1_991' title='bbox 2079 5731 2112 5750; x_wconf 72' lang='grc' dir='ltr'><strong>ΩΙ</strong></span> <span class='ocrx_word' id='word_1_992' title='bbox 2132 5729 2186 5750; x_wconf 72' lang='lat' dir='ltr'><strong>on</strong></span> <span class='ocrx_word' id='word_1_993' title='bbox 2230 5728 2307 5750; x_wconf 66' lang='grc' dir='ltr'><strong>ιη(-</strong></span> 
     </span>
    </p>
   </div>
   <div class='ocr_carea' id='block_1_123' title="bbox 2079 5728 2336 5784">
    <p class='ocr_par' dir='ltr' id='par_1_123' title="bbox 2079 5728 2336 5784">
     <span class='ocr_line' id='line_1_124' title="bbox 2079 5728 2336 5784; baseline -0.004 -16"><span class='ocrx_word' id='word_1_994' title='bbox 2079 5728 2202 5779; x_wconf 77' lang='lat' dir='ltr'><strong>tceo,</strong></span> <span class='ocrx_word' id='word_1_995' title='bbox 2230 5728 2336 5784; x_wconf 58' lang='lat' dir='ltr'><strong>etc.</strong></span> 
     </span>
    </p>
   </div>
   <div class='ocr_carea' id='block_1_124' title="bbox 2829 5790 3340 5874">
    <p class='ocr_par' dir='ltr' id='par_1_124' title="bbox 2829 5790 3340 5874">
     <span class='ocr_line' id='line_1_125' title="bbox 2829 5790 3340 5874; baseline -0.004 -22"><span class='ocrx_word' id='word_1_996' title='bbox 2829 5790 3340 5874; x_wconf 60' lang='lat' dir='ltr'><strong>fl&#39;t&#39;ngt-deux.</strong></span> 
     </span>
    </p>
   </div>
  </div>
