4022 6200
426 289 529 343 633

426 493 669 565 cogitatis
687 493 709 532 ν
730 493 984 561 justitiam
1018 491 1226 547 iaccre‘
1258 496 1446 549 vultis?
1472 497 1989 565 consiliumjustititc

424 582 696 653 quaeritis?
724 582 786 636 Si
831 598 940 635 vere
966 584 1212 651 justitiam
1253 586 1532 653 loquimini,
1567 599 1717 650 recta
1741 586 1985 657 judicare,

424 676 521 743 ﬁlii
546 674 819 727 hominum.
861 673 1011 727 Nilne
1052 684 1228 729 autem
1260 677 1395 744 quia-
1422 677 1521 730 alia
1564 676 1857 745 loquimini,
1887 678 1987 729 alia

422 765 685 835 iudicatis,
738 764 1030 836 hypocrita:
1068 766 1197 819 estis
1226 784 1238 818 :
1269 767 1389 835 quid
1440 783 1517 820 me
1562 767 1797 820 tentatis?
1837 765 1988 821 Nunc

422 866 688 911 conteram
718 856 904 910 dentes
932 865 1138 910 vestros
1162 857 1212 909 in
1241 873 1332 911 ore
1356 867 1531 912 ινα-[ιο
1558 876 1571 912 :
1603 859 1841 911 ostendite
1866 859 1987 910 milii

424 963 700 1001 mmmzum.
739 947 803 1000 Et
831 946 1334 1001 demonstraverunt
1375 949 1445 1004 ei.
1485 949 1549 1002 Et
1592 950 1676 1002 ille
1703 965 1804 1001 non
1836 949 1983 1011 dicit,

420 1038 646 1092 Caesaris
692 1049 806 1103 est;
852 1039 943 1092 sed
991 1039 1298 1108 interrogat.
1351 1040 1505 1110 Cujus
1552 1041 1664 1094 est?
1708 1050 1763 1094 ut
1801 1039 1983 1093 eorum

398 1129 604 1181 «lentes
636 1129 686 1181 in
715 1144 808 1182 ore
832 1128 1066 1197 ipsorum
1094 1139 1452 1184 conterantur.
1484 1132 1763 1195 Quaerente
1792 1131 1985 1198 quippe

420 1220 511 1271 illo
550 1221 703 1286 cujus
749 1218 965 1273 haberet
1016 1221 1295 1290 imaginem
1350 1230 1402 1273 et
1446 1221 1861 1291 inseriptionem,
1909 1221 1982 1273 illi

419 1311 644 1366 Cmsaris
673 1310 937 1364 dixerunt.
970 1310 1086 1364 Jam
1131 1327 1269 1365 nunc
1299 1312 1551 1365 Dominus
1581 1322 1821 1366 conteret
1851 1312 1983 1365 deu-

420 1412 499 1454 tes
544 1419 726 1456 eormn
769 1404 819 1455 in
862 1419 955 1457 ore
1006 1404 1258 1472 ipsorum.
1307 1403 1420 1458 Jam
1471 1405 1836 1473 respondistis,
1874 1403 1980 1473 jam

412 1495 630 1548 contriti
657 1504 781 1548 sunt
804 1494 990 1549 dentes
1019 1497 1178 1549 vestri
1210 1497 1259 1549 iu
1295 1512 1386 1549 ore
1409 1506 1604 1550 vestro.
1637 1495 1850 1549 Reddite
1875 1494 1983 1549 Cte-

416 1589 518 1639 sari
532 1603 645 1656 qua:
663 1587 873 1640 (ἐπανίει
888 1597 1022 1652 sunt,
1045 1597 1090 1640 ct
1113 1587 1216 1641 Deo
1237 1604 1347 1656 gnte
1368 1587 1456 1640 Dei
1480 1597 1592 1641 sunt
1616 1587 1826 1656 (Matth.
1849 1602 1976 1649 χχιι,

418 1677 626 1749 17-21).
679 1678 878 1743 Quaerit
928 1678 1107 1731 Ca‘sar
1155 1680 1437 1747 imaginem
1493 1695 1680 1742 suam;
1732 1677 1977 1732 reddite:

417 1769 607 1838 ιιιιωινὶι
635 1770 771 1822 Deus
794 1768 1073 1838 imaginem
1103 1766 1282 1833 sua‘m;
1316 1770 1537 1823 reddite.
1571 1770 1682 1823 Non
1708 1770 1893 1839 perdat
1916 1785 1979 1822 ex

414 1861 567 1914 vobis
591 1860 770 1917 (Σερβω-
790 1876 1057 1913 nummum
1080 1876 1229 1914 sumo
1258 1878 1268 1914 :
1301 1878 1403 1914 non
1433 1861 1615 1930 perdat
1639 1861 1780 1916 Deus
1809 1861 1858 1913 in
1888 1875 1982 1913 vo-

414 1953 496 2005 bis
523 1967 791 2005 nummum
823 1966 996 2004 sumn.
1031 1952 1098 2004 Et
1143 1952 1215 2005 illi
1246 1968 1348 2004 non
1384 1954 1697 2006 invenerunt
1736 1951 1860 2019 quid
1905 1965 1979 2005 rc-

413 2041 753 2111 sponderent.
786 2040 929 2096 Missi
973 2043 1112 2095 enim
1142 2052 1288 2095 erant
1317 2053 1371 2095 ut
1413 2043 1860 2097 calumniarentur
1884 2043 1928 2096 ei
1962 2060 1974 2095 :

363 2121 377 2137 ’
410 2140 467 2186 et
495 2133 767 2186 redierunt
804 2131 1042 2185 dicentes
1071 2131 1208 2199 quod
1260 2146 1417 2186 nemo
1465 2132 1628 2199 possit
1673 2132 1719 2186 ei
1759 2147 1979 2201 respon-

413 2224 557 2277 dere.
582 2220 767 2279 Unde?
790 2222 920 2289 Quia
947 2224 1157 2277 enutriti
1196 2233 1346 2277 erant
1373 2223 1559 2278 dentes
1598 2239 1780 2279 eorum
1810 2224 1860 2277 in
1887 2239 1977 2279 ore

412 2315 666 2382 ipsorum.
1290 2350 1298 2359 ι

483 2402 568 2457 i2.
594 2401 717 2456 Inde
734 2409 816 2457 est
843 2412 895 2456 et
925 2401 1051 2456 illud
1078 2419 1093 2454 :
1120 2401 1184 2455 In
1210 2420 1305 2471 qua
1341 2414 1578 2473 potestate
1599 2407 1693 2459 ista
1720 2408 1884 2477 facis?
1913 2407 1974 2460 Et

394 2511 501 2565 -ego
525 2493 837 2565 interrogabo
874 2510 958 2548 vos
986 2511 1137 2549 unum
1163 2512 1435 2550 sermonem
1458 2512 1477 2560 ;
1505 2499 1795 2568 respondete
1832 2499 1972 2551 mihi.

412 2587 480 2641 [at
526 2585 868 2653 interrogavit
910 2583 975 2638 de
1027 2583 1268 2649 Joanne,
1326 2586 1463 2640 unde
1511 2597 1651 2641 esset
1691 2588 1975 2655 baptismus

400 2678 660 2743 Joannis,
700 2678 765 2733 de
791 2678 926 2734 caelo
949 2720 963 2741 ,
991 2692 1057 2730 an
1097 2694 1160 2731 ex
1203 2661 1536 2744 hominibus;
1568 2688 1623 2733 ut
1670 2682 1711 2732 si
1743 2680 1866 2749 quid
1895 2696 1976 2734 rc-

408 2769 734 2839 sponderent
752 2809 766 2829 .
797 2776 976 2822 contra
1004 2768 1122 2822 illos
1150 2780 1309 2823 esset.
1337 2769 1628 2824 Noluerunt
1654 2770 1829 2825 dicere
1852 2814 1865 2834 ,
1899 2772 1972 2825 Ex

411 2860 710 2915 hominibus
728 2900 744 2924 ,
774 2860 1019 2915 timentes
1045 2860 1285 2915 homines
1313 2876 1379 2915 ne
1405 2860 1758 2930 lapidarentur
1784 2863 1850 2915 ab
1875 2864 1971 2925 eis,

409 2968 475 3008 eo
512 2951 650 3021 quod
682 2948 938 3005 Joannem
983 2950 1293 3020 prophetam
1337 2950 1623 3006 haberent:
1653 2952 1856 3019 dicere,
1903 2953 1974 3009 De

398 3043 544 3097 caelo
574 3041 693 3110 plus
719 3041 1167 3106 formidabant,‘ne
1185 3041 1471 3096 faterentur
1495 3043 1665 3111 ipsum
1689 3042 1971 3110 Christum,

408 3132 529 3201 quia
556 3131 786 3185 Joannes
817 3129 1193 3198 przedicaverat
1216 3130 1502 3186 Christum.
1526 3132 1786 3187 Coarctati
1809 3135 1975 3187 utriu-

398 3236 541 3293 que,
562 3236 628 3275 ex
650 3221 746 3273 hac
773 3228 923 3288 parte
954 3227 1008 3274 et
1027 3233 1090 3274 ex
1121 3220 1217 3273 hac
1240 3229 1415 3288 parte,
1441 3222 1529 3291 qui
1558 3223 1813 3291 parabant
1836 3224 1972 3294 obji-

394 3327 529 3368 cere
568 3311 769 3365 crimen
818 3309 1205 3379 responderunt
1248 3311 1632 3382 ignorantiam;
1682 3314 1969 3371 dixerunt:

406 3400 675 3457 Nescimus
706 3399 890 3472 (Marc.
915 3417 966 3455 ιι
986 3443 1001 3467 ,
1025 3401 1235 3473 28-55).
1263 3403 1588 3457 (Ialumniam
1621 3406 1640 3437 ²
1666 3406 1805 3459 enim
1838 3422 1973 3475 prte-

400 3492 692 3563 parabant,
724 3491 935 3561 quando
964 3491 1246 3558 dixerunt,
1280 3490 1343 3545 In
1370 3509 1467 3561 qua
1494 3504 1731 3563 potestate
1753 3496 1848 3549 ista
1892 3500 1971 3568 fa-

392 3584 512 3640 cis?
541 3592 598 3638 ut
631 3583 677 3638 si
702 3582 902 3638 diceret
921 3623 936 3647 ,
962 3581 1203 3638 Christus
1229 3599 1343 3638 sum
1365 3626 1380 3649 ,
1423 3586 1571 3654 quasi
1601 3597 1933 3657 arrogantem
1952 3629 1966 3653 ,

401 3674 722 3741 superbum,
776 3673 1088 3742 sacrilegum
1138 3672 1464 3727 invaderent.
1520 3674 1696 3731 Noluit
1745 3677 1965 3743 dicere,

398 3762 640 3820 Christus
677 3779 824 3828 sum;
865 3763 957 3818 sed
992 3764 1235 3833 quzesivit
1272 3764 1337 3818 de
1364 3764 1568 3821 Joanne
1590 3810 1605 3831 ,
1644 3768 1731 3837 qui
1766 3768 1968 3824 dixerat

399 3854 541 3924 quod
567 3854 678 3921 ipse
699 3863 839 3908 essm
865 3853 1126 3908 Christus.
1153 3853 1227 3908 Illi
1262 3846 1363 3909 noui
1391 3867 1513 3909 sunt
1539 3858 1651 3909 ausi
1683 3859 1968 3926 reprehen-

398 3946 530 4001 dere
563 3945 820 4001 Joannem
847 3987 860 4010 ,
889 3946 1134 4001 timentes
1163 3961 1228 4000 ne
1269 3961 1297 3999 a
1330 3948 1523 4015 populo
1550 3948 1916 4004 occiderentur
1950 3969 1963 4005 :

400 4052 507 4092 non
527 4045 650 4090 sunt
667 4038 778 4091 ausi
800 4035 1004 4099 dicere,
1039 4036 1231 4091 Verum
1256 4038 1394 4092 dixit
1421 4039 1652 4096 Joannes
1670 4084 1684 4108 ,
1729 4060 1794 4098 ne
1819 4045 1963 4100 diee-

399 4136 549 4184 retur
573 4127 671 4189 eis,
698 4125 910 4180 Credite
941 4127 1033 4179 illi.
1050 4108 1474 4194 lObmutuerunt,
1501 4133 1706 4186 nescire
1732 4149 1790 4189 se
1817 4134 1966 4191 dixe-

368 4229 523 4285 ,runt
566 4236 579 4271 :
621 4218 729 4286 jam
776 4218 1017 4272 mordere
1055 4233 1157 4271 non
1199 4219 1459 4275 valebant.
1491 4220 1639 4276 Unde
1683 4241 1783 4278 non
1820 4228 1963 4281 vale-

397 4312 571 4371 bant?
597 4310 712 4366 Jam
742 4309 971 4365 occurrit
1015 4310 1165 4363 vobis
1188 4327 1202 4376 ;
1249 4312 1460 4366 contriti
1486 4323 1635 4368 erant
1660 4314 1845 4371 dentes
1872 4332 1965 4371 co-

374 4423 512 4462 rum
538 4406 594 4460 in
631 4419 724 4458 ore
762 4404 1014 4472 ipsorum.

470 4497 556 4551 15.
586 4494 855 4549 Pharisaso
884 4491 1154 4558 displicuit
1181 4492 1429 4548 Dominus
1465 4495 1538 4549 illi
1582 4498 1671 4566 qui
1710 4498 1776 4552 ad
1816 4515 1961 4567 pran-

392 4585 540 4639 dium
576 4590 858 4639 vocaverat
877 4624 890 4645 ,
915 4582 1052 4650 quod
1100 4584 1360 4650 peccatrix
1391 4586 1580 4639 mulier
1603 4591 1886 4645 accesserit
1913 4591 1959 4646 ei

372 4675 462 4749 Rud
504 4675 705 4743 pedes;
746 4684 799 4729 et
835 4674 1184 4727 murmuravit
1223 4673 1475 4730 adversus
1501 4693 1618 4731 eum
1647 4679 1826 4735 dicens
1859 4700 1871 4736 :
1900 4682 1963 4738 Si

390 4773 522 4818 esset
564 4763 644 4815 hic
690 4764 930 4834 prop/tela
954 4804 967 4826 ,
1009 4764 1153 4817 sciret
1180 4780 1290 4832 quae
1318 4766 1496 4819 mulier
1531 4768 1607 4820 illi
1648 4772 1850 4825 accessit
1893 4774 1961 4825 ad

390 4852 568 4923 pedes.
616 4850 659 4906 0
691 4862 742 4905 ιιι
784 4870 886 4907 non
930 4854 1180 4924 propheta
1204 4896 1217 4916 ,
1252 4856 1390 4935 unde
1415 4857 1519 4911 seis
1548 4860 1685 4927 quod
1714 4864 1959 4919 nescierit

394 4960 518 5014 qua;
542 4943 731 4997 mulier
760 4944 829 4997 illi
852 4947 1071 5001 accessit
1095 4947 1159 5001 ad
1194 4949 1394 5017 pedes?
1424 4948 1555 5017 Quia
1582 4967 1685 5006 non
1718 4957 1961 5011 servabat

398 5033 644 5088 videlicet
682 5034 985 5087 munditiam
1028 5037 1360 5103 Juda‘orum,
1405 5057 1521 5110 quae
1560 5057 1590 5096 a
1634 5042 1763 5098 foris
1809 5048 1957 5116 quasi

386 5122 792 5201 custodiebatur
814 5123 863 5176 in
893 5139 1080 5192 carne,
1110 5136 1165 5180 et
1189 5132 1461 5186 exsulabat
1486 5131 1507 5163 ³
1536 5148 1601 5188 ex
1635 5135 1825 5201 corde,
1859 5138 1957 5192 hoc

364 5216 461 5284 'de
507 5200 730 5281 Domino
763 5214 1055 5282 SllSplcalttS
1091 5226 1190 5269 est.
1231 5219 1482 5277 Dominus
1512 5233 1684 5279 autem
1727 5228 1816 5297 qui
1848 5245 1959 5298 pec-

393 5317 508 5371 cata
536 5303 772 5359 mulieris
801 5317 1050 5372 noverat,
1082 5310 1237 5363 etiam
1260 5314 1605 5381 cogitationes
1635 5319 1853 5387 hospitis
1872 5338 1957 5377 au-

392 5399 571 5455 diebat
590 5438 610 5465 ,
651 5407 707 5454 et
735 5398 1005 5466 respondit
1032 5417 1149 5467 qua:
1177 5404 1361 5458 nostis.
1410 5407 1476 5461 Et
1504 5426 1569 5464 ne
1609 5412 1698 5466 diu
1739 5414 1857 5470 hinc
1890 5419 1961 5471 l0-

384 5600 389 5603 .
454 5582 470 5609 ι
497 5577 570 5627 δίε
604 5583 706 5627 stss.
730 5583 783 5626 Αι
804 5574 931 5640 Fdd_..
950 5573 1188 5640 justitiam
1210 5579 1370 5640 facere
1392 5593 1483 5631 non
1508 5583 1659 5635 uultis.

454 5640 475 5669 ¹
500 5643 572 5686 Br.
604 5646 656 5689 et
680 5646 801 5695 Mss,
827 5636 1123 5689 culunmiari.

451 5700 475 5732 ³
496 5700 566 5748 sic
585 5707 688 5750 Mss.
714 5709 766 5749 At
788 5698 919 5759 F.dtl.,
945 5706 987 5748 rt
1008 5712 1099 5750 non
1124 5701 1362 5752 colebatur
1385 5716 1447 5754 ex
1461 5706 1626 5757 corde.

1612 287 1669 343 S.
1713 289 1750 344 A
1764 284 2071 343 l'CUS'l'lNi
2117 286 2412 373 El‘lSCtll‘l

424 403 557 470 quit.
587 401 718 468 Quid
741 418 819 455 me
839 402 1051 458 tentatis.
1081 403 1389 471 lzgpocriur?
1421 404 1491 456 De
1525 406 1718 460 tributo
1738 407 1992 459 solvendo

3560 300 3662 360 6M

2098 418 2248 471 qnar,
2283 415 2452 460 tamen
2484 408 2532 459 in
2556 422 2648 462 ore
2679 408 2793 478 ejus
2821 412 2985 466 voluit
3012 422 3286 471 conterere
3318 415 3505 474 dentes
3529 422 3660 488 ejus.

2098 495 2527 564 Proposuitenim
2552 518 2565 554 :
2594 499 2702 553 Duo
2726 503 2966 556 debitores
2984 516 3125 558 erant
3141 508 3339 560 cuidam
3360 511 3661 579 feneratori:
3724 528 3729 544 '

2093 602 2222 640 unus
2262 590 2554 659 quingentos
2579 592 2780 646 debebat
2821 586 3055 650 denarios
3074 639 3088 661 ,
3120 599 3249 665 alius
3281 601 3658 672 quinquaginta.

2097 675 2215 730 Non
2254 680 2495 734 habebant
2520 684 2662 736 ambo
2689 685 2819 738 unde
2850 686 3150 752 redderent;
3181 690 3366 743 dimisit
3403 695 3637 748 ambobus

2074 770 2219 850 .Quis
2244 787 2353 824 eum
2389 773 2502 841 plus
2528 774 2754 829 dilexit?
2783 777 2859 830 Ad
2890 777 2991 833 hoc
3018 778 3306 850 interrogat
3339 782 3453 848 ille,
3487 794 3546 837 ut
3574 786 3661 841 ille

2094 861 2406 930 respondeat
2434 880 2447 917 :
2480 865 2544 917 ad
2576 865 2676 919 hoc
2716 867 2802 921 ille
2831 870 3145 939 respondet,
3179 883 3232 925 ut
3256 872 3444 928 dentes
3469 877 3582 945 ejus
3608 880 3661 932 in

2091 966 2184 1004 ore
2212 951 2326 1022 ejus
2358 964 2719 1025 conterantur.
2753 958 3041 1027 Respondit
3084 961 3362 1030 confusus,
3413 967 3663 1022 exclusus

2089 1050 2171 1094 est
2201 1058 2215 1094 :
2244 1043 2470 1097 admissa
2492 1058 2574 1099 est
2606 1048 2688 1101 illa
2718 1049 2780 1101 ad
2812 1052 3197 1118 percipiendam
3221 1057 3659 1125 misericordiam,

2090 1148 2205 1199 qua:
2237 1134 2493 1203 irruperat
2532 1137 2583 1191 in
2614 1139 2964 1194 habitaculum
2994 1144 3224 1198 alienum
3250 1189 3262 1207 ,
3294 1146 3387 1201 sed
3429 1163 3533 1203 non
3570 1165 3662 1204 ac-

2088 1233 2320 1277 cesserat
2344 1225 2409 1279 ad
2458 1227 2620 1281 Deum
2652 1230 2879 1284 alienum
2918 1233 3079 1302 (Luc.
3113 1252 3216 1298 vn.
3265 1238 3451 1310 59-50)
3486 1240 3661 1297 :Cons

2089 1314 2220 1366 trivit
2247 1314 2485 1371 Dominus
2511 1318 2679 1373 dentes
2708 1338 2878 1374 eorum
2907 1324 2959 1376 in
2989 1341 3073 1378 ore
3091 1326 3336 1395 ipsarum.

2160 1405 2245 1458 M.
2280 1405 2445 1460 Malas
2474 1409 2671 1462 leonum
2710 1415 2954 1483 confregit
3001 1414 3262 1471 Dominus.
3296 1418 3410 1473 Non
3451 1430 3659 1479 tantum

2087 1495 2346 1561 aSpidnm.
2391 1498 2525 1566 Quid
2556 1500 2623 1554 de
2668 1505 2978 1571 aSpidibus?
3006 1508 3231 1578 Aspides
3270 1513 3514 1568 insidiose.
3563 1531 3658 1568 τοι

2090 1586 2201 1638 Ιιιιιι
2235 1602 2432 1641 venena
2481 1590 2761 1647 immittere
2787 1635 2801 1657 ,
2847 1607 2900 1649 et
2942 1612 3220 1667 spargere,
3263 1611 3316 1655 et
3352 1584 3653 1660 insibilare.

2087 1678 2433 1743 Apertissime
2469 1683 2753 1738 sazvierunt
2794 1698 2975 1754 gentes
2998 1730 3013 1753 ,
3049 1699 3102 1743 et
3150 1692 3478 1747 fremuerunt
3518 1696 3656 1750 sicut

2087 1767 2284 1821 leones.
2318 1770 2487 1836 Quare
2528 1764 2833 1841 fremuerunt
2880 1788 3081 1848 gentes,
3124 1791 3171 1835 et
3200 1783 3386 1852 populi
3429 1786 3655 1840 meditati

2082 1871 2196 1913 sunt
2225 1861 2397 1915 inania
2442 1862 2608 1934 (Psal.
2636 1883 2673 1921 ιι
2695 1910 2708 1930 ,
2740 1870 2794 1939 l)
2817 1872 2840 1923 Ἰ
2866 1870 3086 1938 Quando
3133 1873 3513 1932 insidiabantur
3550 1880 3655 1933 Duo

2083 1954 2245 2015 mino,
2270 1952 2403 2008 Licet
2432 1958 2552 2011 dare
2572 1960 2809 2014 tributum
2830 1963 3032 2026 Ca’sari,
3051 1982 3115 2018 an
3141 1984 3238 2020 non
3262 1968 3374 2022 licet
3391 1971 3416 2023 .9
3441 1974 3651 2041 aspides

2080 2054 2252 2111 erant,
2284 2058 2556 2115 serpentes
2577 2065 2727 2104 erant
2754 2070 2765 2104 :
2790 2057 2998 2109 contriti
3025 2068 3147 2112 sunt
3172 2058 3357 2115 dentes
3386 2078 3567 2117 eorum
3596 2065 3649 2120 in

2081 2150 2174 2191 ore
2198 2139 2446 2207 ipsorum.
2476 2141 2661 2197 Postea
2691 2145 3047 2201 elamavcrnut
3065 2192 3080 2214 ,
3108 2134 3651 2227 Cruciﬁge,'eruciﬁge

2085 2226 2294 2297 (Matth.
2320 2247 2498 2294 xxvn,
2526 2234 2628 2301 25,
2657 2245 2702 2289 et
2725 2235 2879 2290 Joan.
2911 2255 3021 2299 xix.
3051 2241 3104 2307 6)
3135 2243 3274 2310 :jam
3303 2260 3409 2299 non
3438 2257 3521 2301 est
3544 2248 3646 2302 liu~

2079 2334 2177 2388 gua
2215 2322 2441 2389 aspidis,
2467 2325 2559 2379 sed
2590 2326 2826 2382 fremitus
2856 2328 3043 2385 leonis.
3067 2332 3169 2387 Sed
3195 2346 3248 2389 et
3272 2338 3429 2391 molas
3448 2339 3647 2395 leonum

2078 2417 2318 2487 confregit
2338 2418 2599 2475 Dominus.
2626 2422 2784 2478 Forte
2814 2425 2899 2480 hic
2927 2441 3029 2480 non
3069 2438 3217 2483 vacat
3243 2431 3382 2500 quod
3412 2448 3516 2487 non
3553 2436 3649 2490 ad-

2077 2506 2227 2569 didit,
2252 2510 2303 2562 iu
2332 2525 2424 2564 ore
2446 2526 2652 2568 eorum.
2687 2515 2996 2584 lnsidiautes
3021 2522 3160 2575 enim
3188 2524 3439 2592 captiosis
3478 2527 3647 2582 inter-

2079 2601 2468 2670 rogationibus,
2498 2607 2817 2674 cogebantur
2845 2612 3188 2679 responsione
3222 2628 3316 2668 sua
3350 2616 3485 2671 vinci
3515 2636 3529 2672 :
3558 2619 3648 2675 isti

2074 2704 2250 2749 autem
2272 2687 2358 2766 qui
2389 2707 2565 2766 aperte
2593 2701 2903 2767 sreriebant,
2936 2706 3185 2774 numquid
3217 2707 3649 2779 interrogationi-

2080 2785 2175 2839 bus
2201 2789 2541 2843 convinceudi
2571 2792 2759 2845 erant?
2782 2793 2978 2847 Tamen
3005 2804 3058 2849 et
3096 2811 3279 2852 eorum
3324 2800 3477 2855 mola:
3510 2804 3649 2858 co'u-

2079 2877 2214 2929 tritm
2241 2889 2360 2932 sunt
2395 2897 2406 2931 :
2430 2881 2712 2935 cruciﬁxus
2735 2886 3048 2950 resurrexit,
3071 2888 3306 2942 ascendit
3328 2889 3380 2944 in
3408 2893 3600 2948 coelum
3625 2937 3646 2961 ,

2075 2965 2393 3034 giorilieatus
2422 2980 2502 3023 est
2529 2970 2768 3026 Christus
2791 3014 2805 3038 ,
2835 2973 3086 3028 adorator
3113 2978 3181 3031 ab
3203 2980 3448 3036 omnibus
3472 2985 3646 3052 genti~

2079 3060 2204 3119 bus,
2233 3060 2482 3114 adorator
2504 3062 2572 3114 ab
2596 3065 2838 3118 omnibus
2864 3067 3094 3136 regibus.
3116 3067 3343 3125 vaiant
3373 3074 3529 3129 modo
3552 3075 3647 3130 Jn~
3720 3124 3727 3131 .

2075 3148 2174 3202 du-i
2197 3192 2210 3212 ,
2244 3152 2285 3202 si
2312 3162 2546 3219 possunt.
2569 3151 2682 3208 Non
2712 3156 2953 3210 Steviunt.
2984 3156 3150 3214 Malas
3179 3158 3376 3215 leonum
3399 3168 3647 3237 confregit

2077 3239 2342 3297 Dominus.

2150 3332 2234 3385 l5.
2279 3331 2537 3390 Habemus
2574 3342 2627 3389 et
2676 3337 2725 3389 in
2775 3337 3034 3394 lucreticis
3067 3339 3168 3396 hoc
3191 3342 3561 3403 documentum
3589 3358 3646 3405 et

2074 3424 2509 3491 experimentum,
2527 3426 2645 3494 quia
2674 3437 2727 3480 et
2755 3428 2896 3495 ipsos
2914 3429 3211 3487 invenimus
3228 3448 3349 3491 esse
3368 3449 3647 3507 serpentes

2076 3513 2429 3582 indignatione
2451 3515 2789 3585 obsurdatos,
2812 3519 3051 3575 nolentes
3072 3522 3253 3578 audire
3283 3527 3645 3584 medicamen-

2074 3614 2180 3657 tum
2210 3605 2522 3660 medicatum
2546 3622 2576 3660 a
2600 3610 2835 3677 sapiente
2866 3629 2879 3665 :
2907 3621 2959 3666 et
2990 3613 3038 3666 in
3060 3629 3154 3669 ore
3180 3614 3415 3685 ipsorum
3439 3623 3644 3677 contri-

2071 3695 2146 3749 vit
2196 3697 2443 3751 Dominus
2485 3698 2667 3754 dentes
2695 3716 2895 3756 eorum.
2941 3703 3215 3771 Quomodo
3255 3711 3543 3767 saeviebant
3586 3715 3641 3769 in

2068 3801 2188 3851 nos,
2209 3787 2641 3855 reprehendendo
2665 3791 2803 3860 quod
2822 3795 2969 3861 quasi
2997 3807 3359 3862 persecutores
3376 3817 3638 3871 essemus,

2050 3877 2400 3932 .cxcludendo
2440 3879 2557 3934 illos
2592 3881 2659 3935 de
2688 3882 2950 3939 basilicis?
2992 3888 3144 3942 Modo
3173 3889 3290 3946 illos
3324 3893 3589 3967 interroga
3617 3915 3639 3955 :

2073 3967 2273 4023 Debent
2300 3970 2505 4025 excludi
2541 3970 2773 4029 bzeretici
2798 3974 2865 4028 de
2889 3977 3150 4042 basilicis,
3180 3997 3245 4036 an
3278 4000 3382 4038 non
3405 3988 3640 4045 debent?

2069 4058 2443 4128 Restiondeant
2485 4065 2661 4119 modo.
2709 4067 2893 4122 Dieant.
2938 4085 3042 4125 non
3086 4072 3281 4132 debere
3332 4096 3344 4131 :
3394 4093 3640 4149 repetunt

2067 4152 2463 4209 Maximianier
2492 4157 2750 4212 basilicas.
2782 4159 2857 4214 Ne
2885 4171 3058 4218 autem
3090 4178 3326 4235 repetant
3360 4172 3638 4230 Maximia-

2066 4245 2217 4296 nist;e
2262 4245 2542 4310 basilicas.
2584 4248 2765 4303 dicunt
2789 4249 2999 4307 debere.
3031 4256 3164 4321 Quid
3209 4268 3290 4313 est
3334 4278 3462 4333 ergo
3493 4267 3635 4335 quod

2065 4334 2320 4390 dicebatis
2348 4336 2624 4392 adversum
2656 4341 2793 4396 nos?
2816 4344 2894 4397 An
2935 4349 3142 4402 contriti
3168 4362 3291 4405 sunt
3317 4354 3505 4411 dentes
3546 4374 3636 4414 ve-

2065 4427 2157 4480 stri
2189 4428 2237 4481 in
2265 4444 2357 4483 ore
2386 4433 2602 4486 vestro?
2625 4433 2761 4500 Quid
2807 4436 2957 4491 nobis
2983 4449 3035 4493 et
3073 4444 3284 4511 regibus
3303 4487 3318 4508 .
3351 4447 3635 4518 inquiunt?

2064 4516 2187 4586 quid
2216 4520 2366 4574 nobis
2406 4531 2458 4576 et
2498 4522 2942 4593 imperatoribus?
2974 4531 3074 4585 Vos
3117 4533 3186 4589 de
3228 4516 3633 4607 imperatoribus

2063 4613 2398 4678 prtesumitis.
2429 4614 2620 4679 Quaero
2644 4624 2698 4671 et
2724 4634 2820 4689 ego
2852 4636 2865 4674 :
2894 4622 3026 4689 Quid
3055 4625 3202 4680 vobis
3228 4629 3293 4683 ad
3340 4646 3632 4698 proconsu-

2063 4702 2160 4765 les,
2189 4718 2322 4772 quos
2344 4706 2602 4761 mism-unt
2625 4708 2968 4777 imperatores
2984 4716 3010 4767 Ρ
3035 4716 3159 4785 quid
3191 4719 3333 4773 vobis
3356 4723 3422 4775 ad
3452 4726 3594 4795 leges
3612 4769 3629 4791 ,

2064 4807 2195 4863 quas
2232 4805 2415 4849 contra
2440 4813 2533 4852 vos
2572 4798 2829 4855 dederunt
2870 4804 3250 4873 imperatores?
3282 4813 3630 4881 Imperatores

2062 4887 2445 4941 communionis
2474 4900 2667 4943 nostrae
2695 4892 2835 4961 leges
2863 4893 3116 4952 adversus
3144 4913 3326 4956 omnes
3349 4903 3631 4965 lt.rretit'os

2062 4975 2319 5030 dederunt
2350 4996 2362 5029 :
2400 4993 2493 5033 eos
2517 4980 2695 5049 utique
2732 4985 3000 5053 appellant
3043 4987 3351 5058 luerettcos,
3387 4997 3475 5064 qui
3522 5014 3628 5053 non

2062 5076 2186 5120 sunt
2211 5070 2595 5125 communionis
2628 5086 2840 5140 eorum,
2874 5075 3011 5131 inter
3050 5095 3183 5148 quos
3226 5084 3403 5153 utique
3443 5097 3498 5140 et
3534 5106 3631 5146 vos

2062 5159 2208 5212 estis.
2241 5158 2295 5213 Si
2324 5175 2460 5214 verte
2485 5171 2607 5215 sunt
2635 5163 2793 5231 leges,
2825 5169 3031 5222 valeant
3055 5180 3108 5224 et
3131 5173 3179 5225 in
3206 5189 3298 5228 vos
3326 5177 3628 5245 haereticos;

2062 5249 2104 5300 si
2129 5249 2269 5302 l'alsic
2293 5259 2416 5304 sunt
2440 5252 2607 5321 leges,
2635 5270 2796 5323 quare
2824 5258 2995 5312 valent
3017 5271 3197 5317 contra
3224 5274 3430 5321 vestros
3459 5268 3628 5326 mure-

2064 5342 2233 5396 tiens?
2259 5341 2489 5407 Fratres,
2517 5346 2784 5415 paululum
2812 5349 3086 5417 advertite,
3114 5363 3167 5409 et
3195 5357 3467 5428 iutelligite
3485 5370 3629 5432 quod

2061 5434 2286 5488 diximus
2317 5454 2328 5487 :
2357 5439 2569 5506 quando
2596 5455 2816 5511 egerunt
2835 5460 3019 5503 causas
3040 5465 3162 5506 suas
3183 5444 3440 5512 adversus
3463 5459 3633 5518 Maxi-

2061 5526 2329 5582 miauistas
2349 5570 2361 5590 ,
2390 5538 2448 5583 ut
2473 5545 2564 5585 eos
2588 5546 2617 5584 a
2645 5548 2702 5588 se
2729 5535 3004 5594 damnatos
3041 5550 3094 5596 et
3130 5544 3492 5606 schismatieos
3517 5557 3632 5608 suis

2058 5617 2311 5687 ejicerent
2338 5621 2404 5676 de
2445 5622 2572 5677 locis
2595 5665 2610 5688 ,
2636 5641 2753 5695 quie
2782 5629 2855 5682 illi
2885 5631 2995 5686 loca
3025 5636 3273 5690 tenebant
3300 5643 3626 5711 antiquitus,

2059 5718 2113 5763 et
2140 5723 2499 5769 successerant
2525 5716 2784 5787 episcopis
2814 5719 3178 5779 ilceessoribus
3204 5727 3344 5798 suis;
3390 5733 3628 5790 volentes
