4022 6200
324 292 429 349 68.τί

326 406 445 461 illos
485 404 603 459 inde
645 403 926 460 excludere
951 445 965 468 ,
1011 411 1230 474 egerunt
1276 401 1786 471 legibas’publicis,
1836 398 1902 453 ad

325 497 529 566 iudices
573 508 830 552 venerunt
851 538 865 556 .
894 496 1138 551 dixerunt
1163 512 1220 549 se
1247 496 1536 550 catholicos
1556 536 1571 559 ,
1604 506 1661 550 ut
1688 505 1904 564 possent

324 574 609 644 excludere
661 590 954 643 liaircticos.
987 588 1164 654 Quare
1196 597 1245 641 tc
1274 587 1406 641 dicis
1445 588 1766 642 catholicum
1787 629 1803 653 ,
1847 598 1903 642 ut

322 681 636 735 excludatur
663 680 963 743 haereticus,
995 690 1047 734 et
1072 695 1176 733 non
1203 680 1375 748 potius
1404 694 1463 733 es
1491 680 1805 743 catholicus,
1840 694 1907 734 ne

322 774 395 828 sis
425 773 671 827 exclusus
694 771 1014 828 haereticus?
1044 771 1196 826 Modo
1226 770 1520 826 catholicus
1548 786 1626 833 es,
1657 782 1713 826 ιιι
1734 772 1909 827 valcas

322 865 385 920 ad
417 864 802 920 excludendum
849 865 1172 920 tuereticum.
1209 864 1381 919 Judex
1410 865 1549 919 enim
1582 879 1685 918 non
1731 874 1911 934 posset

234 972 239 979 ·
324 958 423 1011 nisi
454 958 655 1027 legibus
679 957 788 1011 suis
807 956 1063 1026 judicare.
1094 955 1350 1009 Dixerunt
1378 970 1435 1009 se
1456 953 1775 1013 catholicos;
1808 953 1906 1008 ad-

324 1049 471 1104 missi
512 1059 635 1104 sunt
661 1064 819 1119 agere
853 1068 867 1104 :
908 1049 1156 1104 dixerunt
1180 1049 1297 1102 illos
1326 1047 1637 1109 b:ereticos;
1667 1046 1911 1116 qumsivit

326 1140 466 1195 unde
491 1140 841 1209 probaretur:
874 1140 1064 1194 lectum
1095 1148 1177 1193 est
1202 1138 1481 1193 concilium
1522 1138 1864 1207 llagaitanum
1890 1178 1906 1202 ,

324 1232 413 1287 ubi
460 1232 691 1287 damnati
724 1241 844 1285 sunt
871 1231 1305 1295 Maximianisbe;
1354 1230 1610 1283 insertum
1638 1238 1720 1282 est
1760 1229 1908 1285 Actis

324 1323 823 1395 proconsularibus,
856 1323 1136 1392 probatum
1171 1331 1253 1375 est
1286 1321 1424 1389 quod
1449 1321 1518 1374 illi
1541 1319 1775 1374 damnati
1803 1334 1908 1372 non

324 1414 580 1471 deberent
604 1423 783 1468 tenere
818 1412 1097 1476 basilicas,
1139 1422 1192 1465 et
1233 1410 1588 1480 pronuntiavit
1628 1407 1907 1477 proconsul

325 1522 387 1562 ex
424 1508 556 1577 lege.
584 1505 656 1559 Ex
686 1522 787 1575 qua
817 1505 968 1572 lege?
995 1506 1123 1570 Qua-
1154 1504 1255 1556 lata
1289 1511 1370 1555 est
1395 1511 1573 1554 contra
1609 1499 1904 1553 lia-reticos.

323 1598 382 1654 Si
423 1607 605 1652 contra
635 1595 932 1660 lia-retices,
957 1605 1009 1650 ct
1038 1606 1218 1648 contra
1247 1602 1316 1647 te.
1348 1593 1543 1661 Quare,
1565 1592 1752 1661 inquit,
1780 1605 1907 1645 con-

327 1702 409 1746 tra
428 1690 547 1744 me?
574 1707 677 1743 non
702 1690 844 1742 enim
868 1702 968 1755 ego
994 1687 1277 1741 bmreticus
1297 1700 1434 1738 sum.
1459 1684 1513 1738 Si
1544 1694 1596 1737 tu
1628 1682 1908 1737 haereticus

327 1799 433 1839 non
461 1797 540 1844 es.
573 1782 716 1836 falsa:
747 1791 867 1834 sunt
897 1781 1000 1833 illa:
1025 1780 1168 1848 leges
1198 1796 1210 1831 :
1239 1778 1307 1831 ab
1337 1776 1419 1830 bis
1449 1777 1590 1830 enim
1623 1777 1909 1844 imperato-

326 1874 476 1928 ribus
497 1873 615 1926 latte
641 1856 780 1934 sunt,
808 1871 895 1940 qui
926 1885 1028 1923 non
1059 1877 1181 1922 sunt
1206 1867 1599 1922 communionis
1620 1875 1759 1929 tuae;
1788 1880 1904 1918 om-

326 1979 424 2018 nes
449 1964 538 2032 qui
576 1980 679 2016 non
721 1971 844 2015 sunt
870 1960 1256 2014 communionis
1294 1974 1509 2020 eorum,
1554 1957 1756 2027 legibus
1794 1956 1906 2012 suis

327 2056 605 2125 luereticos
632 2065 840 2109 vocant.
883 2053 997 2109 Non
1036 2068 1216 2123 quzero
1244 2062 1415 2105 utrum
1446 2067 1586 2106 verte
1620 2067 1685 2104 an
1723 2050 1903 2117 falsae;

330 2158 656 2218 sequestrata
690 2148 773 2201 illa
798 2148 865 2200 sit
891 2147 1113 2215 qumstio
1132 2188 1147 2211 ,
1171 2146 1211 2199 si
1235 2146 1404 2199 adhuc
1434 2145 1654 2213 qumstio
1674 2154 1753 2199 est
1782 2162 1794 2197 :
1821 2145 1903 2197 in-

326 2240 480 2295 terim
511 2238 802 2292 secundum
831 2247 883 2292 te
904 2237 1062 2291 modo
1084 2238 1370 2306 interrogo,
1406 2236 1555 2290 Verte
1584 2236 1729 2306 leges
1756 2247 1902 2301 sunt,

325 2345 394 2383 an
427 2329 571 2383 falsae
616 2330 757 2399 leges
783 2327 944 2382 sunt?
970 2330 1024 2381 Si
1056 2344 1193 2380 verzr
1220 2335 1342 2381 sunt
1366 2369 1379 2392 ,
1412 2326 1655 2381 credatur
1693 2326 1772 2382 eis
1814 2346 1825 2380 :
1859 2328 1905 2382 si

326 2421 471 2476 falsa:
496 2432 648 2487 sunt,
678 2435 839 2490 quare
867 2421 1028 2474 uteris
1053 2420 1168 2474 eis?
1198 2420 1376 2472 Dixisti
1428 2420 1726 2487 proconsuli
1757 2437 1770 2472 :
1804 2419 1905 2472 Ca-

326 2512 552 2567 tbolicus
581 2528 695 2565 sum
716 2553 730 2575 ,
762 2511 983 2566 exclude
1011 2511 1333 2564 bazreticum.
1368 2509 1619 2575 Qumsivit
1650 2509 1737 2563 ille
1766 2509 1904 2565 unde

325 2606 640 2675 probaretur
688 2604 969 2657 luereticus
1019 2622 1030 2656 :
1080 2603 1339 2672 protulisti
1389 2603 1667 2655 concilium
1716 2616 1900 2669 tuum,

322 2695 596 2751 ostendisti
619 2695 898 2764 quodcum
924 2694 1279 2747 damuaveris.
1317 2695 1406 2747 llle
1434 2695 1514 2748 vel
1540 2695 1829 2750 connivens
1864 2698 1901 2762 ⁸,

325 2786 405 2842 vel
431 2802 535 2839 non
564 2785 865 2855 intelligens
886 2826 902 2849 ,
935 2799 1060 2839 usus
1088 2794 1262 2839 tamen
1285 2795 1368 2839 est
1397 2786 1510 2855 lege
1538 2785 1673 2839 sicut
1695 2784 1854 2853 jude‘x
1888 2805 1902 2840 :

321 2887 373 2932 et
398 2876 566 2931 fecisti
591 2875 656 2930 de.
680 2876 859 2946 judice
887 2874 1028 2946 quod
1058 2875 1124 2932 de
1152 2888 1201 2931 te
1226 2891 1328 2930 non
1357 2877 1434 2929 vis
1457 2876 1648 2931 facere.
1681 2878 1734 2932 Si
1761 2879 1901 2932 enim

320 2967 479 3037 iudex
510 2982 635 3021 usus
680 2977 764 3021 est
793 2968 908 3038 lege
939 2968 1273 3036 imperatoris
1312 2962 1383 3022 ad
1424 2979 1564 3023 tuam
1610 2970 1904 3039 suggestio-

321 3074 442 3113 nem
467 3101 482 3122 ,
528 3073 625 3113 cur
666 3073 728 3114 ea
763 3067 816 3113 tu
859 3073 963 3112 non
1008 3058 1171 3112 uteris
1199 3057 1265 3112 ad
1296 3068 1438 3113 tuam
1477 3059 1905 3115 correctionem?

321 3145 457 3203 Ecce
482 3147 640 3215 ejccit
665 3147 970 3202 btereticum
1002 3156 1147 3202 tuum
1175 3163 1242 3203 ex
1269 3148 1384 3218 lege
1416 3149 1745 3219 imperatoris
1772 3150 1851 3204 sui
1883 3168 1897 3204 :

319 3254 484 3307 quare
507 3247 555 3291 te
570 3254 636 3293 ex
653 3239 839 3293 eadem
860 3238 975 3308 lege
1001 3254 1103 3293 non
1131 3240 1213 3293 vis
1247 3250 1302 3294 ιιι
1338 3240 1545 3307 eiiciat?
1566 3225 1904 3310 Replicatnus

319 3330 458 3400 quod
509 3331 743 3385 fecistis:
778 3346 901 3385 ecce
943 3330 1173 3386 basilica:
1204 3333 1518 3387 tenebantur
1558 3349 1588 3387 a
1632 3333 1904 3389 Maximia.

320 3422 474 3474 nistis
498 3460 513 3484 ,
565 3420 721 3475 modo
768 3435 796 3474 a
824 3421 976 3495 vobis
1026 3432 1307 3487 tenentur;
1351 3421 1552 3477 exclusi
1583 3433 1792 3479 suntex
1822 3427 1901 3481 eis

320 3512 721 3567 Maximianistte
741 3532 755 3568 :
776 3513 1257 3584 exstantjussiones
1276 3514 1670 3582 proconsulum.
1690 3526 1901 3571 exstant

319 3604 591 3659 memoria:
612 3602 915 3669 Gestorum;
937 3605 1268 3674 apparitores
1287 3606 1635 3674 accipiuntur,
1660 3608 1899 3661 civitates

320 3695 649 3760 excitantur,
681 3695 947 3764 pelluntur
976 3695 1218 3750 homines
1243 3695 1311 3750 de
1357 3696 1484 3750 locis
1510 3698 1641 3751 suis.
1684 3696 1899 3763 Quare?

317 3784 448 3854 Quia
489 3786 719 3841 barretici
746 3795 888 3840 sunt.
918 3785 1030 3853 Qua
1071 3786 1185 3855 lege
1228 3786 1538 3854 pelluntur?
1578 3786 1894 3855 Responde:

318 3877 591 3931 videamus
617 3878 660 3931 si
687 3876 918 3931 nondum
941 3878 1151 3930 contriti
1182 3886 1303 3929 sunt
1325 3876 1514 3933 dentes
1542 3878 1699 3933 vestri
1728 3879 1778 3932 in
1804 3894 1898 3934 ore

319 3978 523 4038 vestro,
549 3966 700 4023 Falsa
724 3967 808 4021 lex
835 3966 954 4021 est?
980 3965 1095 4021 Non
1118 3969 1288 4021 valeat
1314 3969 1365 4021 in
1394 3966 1698 4023 bmreticum
1725 3979 1893 4024 tuum.

318 4057 458 4115 Vera
488 4060 568 4114 lex
595 4058 714 4116 est?
745 4059 925 4112 Valeat
948 4067 1000 4112 et
1028 4058 1081 4113 in
1114 4068 1184 4113 te.
1226 4057 1339 4113 Non
1370 4068 1451 4114 est
1488 4060 1627 4130 quod
1667 4076 1893 4130 respon-

317 4148 508 4213 deant;
558 4148 695 4203 Deus
734 4149 961 4209 contrivit
1004 4149 1177 4203 dentes
1221 4166 1392 4204 eorum
1429 4152 1482 4203 in
1528 4166 1613 4204 ore
1648 4152 1892 4221 ipsorum.

317 4238 545 4308 Ideoque
572 4239 657 4293 ubi
699 4255 803 4294 non
846 4250 1064 4308 possunt
1107 4240 1304 4294 lubrica
1336 4239 1536 4295 fallacia
1581 4256 1797 4312 serpere
1838 4253 1898 4299 ut

315 4332 549 4402 aspidcs,
576 4342 754 4402 aperta
777 4333 1024 4387 violentia
1053 4332 1282 4386 fremunt
1305 4342 1361 4387 ut
1384 4334 1584 4388 leones.
1608 4335 1897 4391 Prosiliunt

315 4432 374 4479 et
396 4427 620 4480 szcviunt
640 4437 854 4479 armatae
878 4428 1040 4480 turba:
1063 4424 1583 4491 Circumcellionum;
1612 4428 1739 4482 dant
1761 4440 1895 4483 stra-

314 4531 433 4581 gem
464 4527 711 4585 quantam
741 4526 987 4586 possunt,
1020 4528 1500 4589 quantamcumque
1523 4530 1757 4590 possunt.
1788 4519 1892 4575 Sed

314 4617 366 4661 et
398 4606 557 4660 molas
582 4608 779 4661 leonum
804 4609 1046 4679 confregit
1073 4607 1340 4662 Dominus.

389 4698 474 4754 16.
509 4697 675 4771 [νει-ε.
709 4697 806 4771 8.]
839 4699 1155 4769 Spernentur
1180 4711 1418 4772 tanquam
1446 4716 1575 4769 aqua
1597 4701 1887 4756 decurrens.

314 4790 428 4845 Non
458 4804 553 4843 vos
580 4801 852 4855 terreant,
897 4789 1087 4846 fratres
1106 4833 1122 4857 ,
1151 4790 1366 4860 quidam
1398 4790 1541 4843 ﬂuvii
1569 4792 1655 4861 qui
1687 4791 1877 4846 dicun-

315 4892 401 4934 tur
435 4889 728 4943 torrentes;
762 4870 1074 4935 ltletualibus
1103 4882 1255 4951 aquis
1282 4881 1600 4951 implentur:
1631 4884 1794 4939 nolite
1824 4884 1887 4938 ti-

312 4988 499 5037 mere;
549 4981 666 5041 post
711 4971 979 5041 paululum
1031 4975 1258 5040 transit,
1313 4972 1549 5027 decurrit
1610 4990 1782 5045 aqua,
1822 4976 1888 5031 ad

312 5072 523 5132 tempus
552 5065 860 5133 perstrepit,
894 5078 1017 5117 mox
1046 5063 1310 5129 cessabit;
1340 5064 1428 5117 diu
1456 5074 1597 5120 stare
1627 5081 1732 5120 non
1762 5082 1887 5137 pos-

310 5156 644 5213 sunt.Mult:e
674 5156 905 5211 luereses
925 5156 1033 5226 jam
1061 5167 1316 5212 emortua:
1343 5168 1468 5212 sunt
1492 5176 1508 5212 :
1538 5168 1888 5213 cucurrerunt

311 5250 364 5304 in
396 5250 523 5304 rivis
550 5249 660 5303 suis
691 5260 945 5319 quantum
976 5258 1296 5318 potuerunt,
1339 5248 1728 5316 decurrerunt,
1774 5249 1885 5305 sie-

309 5343 417 5397 cati
445 5352 567 5397 sunt
596 5341 734 5409 rivi,
783 5343 867 5395 vix
916 5357 1101 5401 eorum
1154 5341 1409 5396 memoria
1462 5344 1760 5412 reperitur,
1802 5343 1885 5397 vel

307 5436 432 5506 quia
454 5436 665 5488 fuerint.
699 5432 1012 5504 Spernentur
1038 5443 1277 5502 tanquam
1302 5450 1435 5503 aqua
1465 5434 1752 5487 decurrens.
1780 5433 1884 5490 Sed

309 5543 415 5583 non
446 5527 617 5583 solum
650 5526 749 5596 ipsi
767 5544 791 5579 ι
826 5533 995 5579 totum
1024 5525 1122 5579 hoc
1152 5526 1403 5580 saeculum
1429 5525 1494 5579 ad
1523 5538 1728 5595 tempus
1756 5543 1881 5596 per-

309 5621 536 5691 strepit,
563 5628 619 5675 et
644 5620 832 5691 quaerit
855 5633 1009 5688 quem
1040 5617 1231 5672 trahat.
1254 5617 1451 5673 Omnes
1482 5617 1628 5688 impii
1652 5659 1667 5683 ,
1697 5632 1884 5674 omnes

373 5758 392 5790 ι
427 5764 478 5807 tn
498 5755 661 5808 multis
684 5760 813 5817 καί..
836 5752 1107 5805 contribens.
1126 5759 1175 5804 ta
1190 5752 1296 5805 aliis
1316 5761 1367 5806 et
1386 5756 1511 5813 apud
1534 5762 1629 5811 se,
1648 5750 1882 5807 roltibens.

1465 287 1856 346 ENAlillA'i'lU
1896 284 1958 339 l.‘i
2001 286 2314 342 f‘S‘ilMlill
2360 288 2511 343 [ΧΠ.

3483 300 3589 358 686

2016 401 2226 469 superbi
2252 442 2265 462 ,
2298 410 2546 455 sonantes
2587 401 2649 454 ad
2679 417 2799 456 saxa
2835 405 3093 472 superbim
3125 421 3233 460 sure
3263 409 3411 475 quasi
3437 416 3589 478 aquis

2018 490 2338 545 irruentibus
2366 505 2417 545 et
2446 492 2831 549 enullucntibus
2860 539 2871 558 ,
2906 514 3008 551 non
3044 513 3136 573 vos
3168 511 3433 567 terreant;
3466 506 3586 563 bie-

2017 583 2191 635 males’
2206 598 2356 652 aqua:
2384 594 2506 638 sttut
2529 625 2545 649 ,
2577 601 2787 654 semper
2817 604 3031 643 manare
3061 606 3163 644 non
3196 606 3413 659 possunt
3441 615 3453 649 :
3489 614 3587 653 tte-

2016 689 2165 727 cessc
2194 685 2271 727 est
2300 674 2580 729 decurrant
2612 678 2660 731 in
2695 680 2865 733 locum
2894 695 3044 735 suum
3071 724 3082 739 .
3120 682 3170 735 in
3206 684 3359 739 linem
3406 676 3581 742 suum.

2016 763 2082 815 Et
2110 774 2281 819 tamen
2309 766 2375 819 tle
2406 771 2503 819 isto
2535 778 2766 823 tutrente
2796 772 2972 843 sa-culi
3007 774 3135 827 bibit
3169 775 3435 834 Doluintts.
3462 780 3585 834 Pas-

2016 871 2104 909 sus
2134 868 2213 909 cst
2256 857 2394 909 enim
2429 858 2510 911 bEc
2533 898 2547 922 ,
2584 859 2751 927 ἱρδιιιιι
2787 870 3072 917 torrentem
3102 865 3267 930 bibit;
3302 870 3395 922 sed
3424 871 3473 922 in
3507 874 3586 925 via

2016 948 2165 1011 bibit,
2197 947 2287 999 sed
2318 948 2367 1001 in
2400 956 2727 1012 transcursu,
2759 955 2880 1021 quia
2915 958 2969 1008 in
3002 956 3081 1007 via
3116 966 3449 1024 poet-aterqu
3483 977 3588 1016 non

2014 1041 2156 1095 stetit
2187 1043 2202 1101 (
2232 1038 2374 1094 Psal.
2405 1057 2456 1105 ι,
2490 1042 2571 1111 1).
2604 1044 2706 1097 Sed
2757 1045 2879 1114 quid
2925 1049 2997 1099 ait
3040 1048 3104 1100 dc
3154 1049 3242 1101 illo
3272 1050 3539 1120 Set'iptura
3568 1056 3592 1107 ?

2016 1130 2089 1184 De
2114 1142 2328 1184 torrente
2352 1131 2401 1184 in
2430 1132 2505 1184 via
2524 1132 2667 1195 bibet,
2694 1146 2955 1204 propterea
2983 1140 3220 1193 exultabit
3244 1156 3392 1209 caput
3416 1143 3586 1215 (Psal.

2012 1236 2096 1274 clx
2115 1264 2129 1286 ,
2158 1222 2222 1292 7)
2249 1240 2262 1276 :
2292 1223 2341 1275 id
2369 1233 2450 1279 est
2473 1265 2486 1283 .
2520 1234 2793 1294 propterea
2816 1227 3138 1296 glorifiaitus
3165 1244 3266 1296 est,
3297 1234 3417 1302 quia
3446 1252 3591 1291 mor-

2014 1322 2131 1366 tuus
2176 1324 2287 1375 est;
2322 1323 2597 1384 propterea
2642 1319 2970 1382 resurrexit,
3017 1322 3137 1389 quia
3187 1338 3371 1391 passus
3400 1336 3501 1381 est.
3531 1327 3587 1382 Si

2012 1406 2172 1460 nollet
2203 1406 2382 1462 bibere
2414 1407 2463 1460 in
2508 1410 2592 1462 via
2617 1409 2682 1463 tle
2717 1420 2950 1466 torrente
2974 1455 2989 1477 ,
3034 1429 3135 1467 non
3166 1427 3500 1485 moreretur;
3529 1421 3579 1475 si

2013 1517 2116 1553 non
2150 1512 2476 1562 moreretur,
2514 1518 2615 1556 non
2647 1516 2946 1572 resurgeret
2974 1524 2986 1567 ;
3040 1508 3081 1560 si
3112 1525 3212 1562 non
3250 1523 3546 1581 reSttrgeret
3571 1554 3588 1580 ,

2012 1606 2116 1643 non
2166 1591 2567 1660 glot'ifu-aretur.
2605 1595 2773 1665 Ergo.
2818 1598 2880 1650 de
2932 1609 3148 1653 torrente
3191 1601 3243 1653 in
3294 1602 3374 1654 ria
3422 1601 3590 1671 bibet,

2012 1694 2273 1752 propterea
2299 1684 2537 1739 exaltabit
2567 1702 2732 1758 caput.
2759 1688 3054 1742 Exaltntum
3081 1703 3161 1744 ρει
3183 1691 3292 1756 jam
3313 1704 3466 1760 caput
3496 1709 3591 1747 uo-

2010 1784 2177 1827 Sll‘illn
2210 1792 2222 1827 ἒ
2254 1788 2544 1841 SPAlUflllllll'
2574 1794 2693 1832 Clllll
2724 1780 2956 1832 membra
2987 1796 3101 1834 sua.
3128 1781 3443 1850 Spernentur
3467 1794 3588 1837 tan-

2010 1880 2157 1931 quam
2180 1883 2309 1937 aqua
2332 1868 2615 1922 decurrens.
2640 1868 2861 1923 Inlentlit
2886 1888 3055 1925 arcum
3076 1890 3243 1939 suum,
3261 1875 3417 1929 donec
3439 1876 3488 1928 in
3492 1878 3588 1945 [ἑν-

2012 1968 2224 2011 men/ur.
2256 1957 2407 2011 Minae
2433 1959 2522 2013 Dei
2549 1975 2653 2012 non
2679 1970 2887 2014 CCSsaut
2913 1979 2926 2014 :
2957 1977 3112 2017 arcus
3140 1963 3261 2029 Dei,
3286 1967 3443 2019 mina:
3468 1966 3585 2024 Dei.

2014 2047 2301 2101 Intenditur
2326 2063 2500 2112 arcus,
2537 2049 2768 2104 nondum
2800 2052 2935 2105 ferit.
2971 2051 3191 2107 lntendit
3217 2071 3390 2109 arcum
3412 2074 3582 2123 suum,

2010 2139 2166 2192 donec
2194 2140 2529 2207 iuﬁrmenlnr.
2562 2141 2623 2196 Et
2655 2141 2804 2195 multi
2849 2142 3096 2197 infirmati
3123 2154 3248 2199 sunt
3279 2147 3293 2177 ¹
3322 2147 3485 2215 ipsius
3510 2148 3590 2202 itt-

2012 2230 2249 2285 teutionc
2292 2246 2447 2285 arcus
2478 2232 2664 2285 territi.
2712 2232 2839 2286 Nam
2875 2234 2997 2287 hinc
3040 2236 3333 2292 infirmatus
3375 2249 3457 2295 est
3501 2241 3590 2296 ille

2009 2324 2096 2389 qui
2138 2323 2305 2376 dixit:
2344 2322 2479 2391 Quid
2509 2342 2585 2378 me
2624 2325 2773 2394 jubes
2821 2327 3034 2395 facere?
3064 2328 3174 2401 Ego
3212 2346 3357 2398 sum,
3387 2333 3588 2401 inquit,

2008 2412 2157 2477 Jesns
2189 2413 2517 2480 Nazarenus,
2550 2430 2695 2486 quem
2723 2429 2773 2470 tu
2802 2421 3111 2488 persequeris
3138 2419 3286 2492 (Act.
3320 2438 3370 2477 ιχ
3391 2465 3406 2489 ,
3433 2423 3486 2489 6,
3509 2425 3587 2494 5).

2009 2502 2107 2570 Qui
2151 2505 2412 2559 clamabat
2439 2505 2505 2560 de
2529 2510 2665 2563 creto
2689 2548 2704 2572 ,
2747 2523 2929 2563 arcum
2979 2510 3247 2565 tendebat.
3277 2512 3425 2566 Multi
3456 2529 3586 2583 ergo

2008 2600 2094 2668 qui
2128 2598 2336 2652 fuerunt
2382 2601 2613 2664 inimici,
2648 2602 2897 2654 infirmati
2927 2612 3092 2669 sunt,
3125 2609 3179 2655 et
3218 2606 3462 2660 c0nversi
3496 2622 3590 2660 no-

2012 2690 2221 2743 luerunt
2252 2692 2457 2761 erigere
2502 2693 2590 2744 ditt
2627 2698 2859 2747 cervices
2905 2708 3027 2749 suas
3065 2694 3320 2751 adversus
3342 2713 3588 2766 perseve-

2011 2786 2229 2836 rantiam
2259 2784 2456 2837 extenti
2484 2798 2660 2838 arcus.
2703 2784 2835 2839 Nam
2866 2786 2943 2840 sic
2990 2776 3287 2843 infirmatus
3311 2798 3396 2844 est
3421 2801 3470 2845 et
3500 2792 3587 2848 illc

2007 2875 2093 2943 qui
2117 2877 2207 2939 ait,
2234 2876 2589 2929 nctimeamns
2615 2875 2868 2930 infirmari
2899 2896 2909 2928 :
2938 2876 3154 2941 Quando
3193 2879 3442 2948 inﬁrmor,
3468 2892 3586 2936 tunc

2007 2976 2181 3033 potens
2203 2982 2334 3019 sinu.
2363 2965 2426 3019 Et
2451 2980 2571 3019 cum
2599 2979 2775 3020 oraret
2805 2986 2831 3019 a
2858 2984 2915 3021 se
2949 2970 3059 3022 tolli
3089 2969 3358 3024 stimulum
3385 2975 3581 3041 carnis,

2007 3057 2130 3124 quid
2158 3057 2204 3111 ei
2234 3072 2545 3125 responsum
2576 3057 2692 3112 est?
2741 3056 2906 3111 Virtus
2935 3060 2985 3111 in
3012 3060 3303 3127 inﬁrmitate
3331 3064 3586 3131 perﬁcitur

2007 3147 2077 3217 (ll
2108 3147 2224 3201 Cor.
2259 3163 2328 3202 χιι
2350 3191 2364 3213 ,
2406 3149 2499 3215 lO,
2529 3148 2618 3220 9).
2643 3145 2871 3203 Intendit
2898 3167 3078 3204 arcum
3103 3169 3282 3220 suum,
3308 3154 3467 3210 donec
3500 3158 3587 3211 in-

2005 3240 2287 3301 ﬁrmentur.

2078 3333 2164 3383 1'7.
2195 3328 2341 3403 [vers
2361 3328 2440 3403 9.]
2467 3328 2612 3385 Sicut
2640 3347 2755 3385 cera
2779 3331 3047 3402 liquefacta
3072 3333 3381 3401 auferentnr.
3404 3336 3585 3392 Dictu-

2004 3437 2095 3476 rus
2122 3423 2262 3475 cnim
2291 3437 2410 3476 cras
2435 3440 2446 3475 :
2480 3421 2594 3477 Non
2622 3437 2808 3477 omnes
2832 3422 2910 3477 sic
2940 3423 3292 3490 inlirntautur,
3317 3428 3580 3495 quomoda

2003 3527 2120 3582 ego,
2156 3522 2211 3566 ιιι
2236 3514 2487 3577 credant;
2518 3520 2861 3582 perseverant
2890 3514 3036 3567 multi
3071 3515 3122 3567 in
3153 3517 3293 3569 malo
3322 3532 3418 3571 suo
3449 3529 3503 3572 et
3528 3521 3582 3573 itt

2004 3596 2200 3650 tnalitia
2227 3612 2338 3651 sua.
2362 3598 2511 3649 Etde
2541 3598 2669 3666 ipsis
2699 3598 2828 3651 nihil
2858 3599 3043 3651 timeas
3068 3616 3080 3649 :
3116 3600 3262 3655 Sicut
3289 3618 3403 3653 cera
3430 3602 3585 3664 lique-

2004 3692 2137 3758 facta
2160 3688 2471 3757 auferentur.
2495 3687 2609 3743 Non
2638 3700 2822 3742 contra
2851 3698 2901 3742 te
2930 3691 3163 3753 stabunt,
3191 3707 3296 3744 non
3327 3692 3583 3759 perdura-

2005 3778 2135 3832 bunt
2163 3795 2176 3829 :
2208 3776 2327 3848 igne
2355 3777 2582 3848 quodam
2612 3777 3163 3845 concupiscentiarum
3209 3793 3426 3843 suarum
3458 3798 3583 3851 per-

2002 3871 2170 3926 ibttnt.
2205 3871 2300 3926 Est
2328 3872 2467 3931 enim
2500 3870 2586 3925 hic
2627 3869 2870 3938 (predum
2904 3885 3056 3939 puum
3102 3872 3304 3924 occulta
3346 3890 3357 3922 :
3398 3874 3466 3927 de
3493 3853 3581 3931 illa

2000 3963 2239 4017 dicturus
2263 3972 2344 4017 est
2367 3961 2524 4016 modo
2545 3960 2785 4017 Psalmus
2813 3978 2978 4031 usque
3010 3962 3060 4015 in
3087 3962 3262 4015 tinem.
3284 3962 3436 4017 Pauci
3459 3975 3583 4022 sunt

2000 4072 2230 4111 versus:
2267 4055 2452 4108 intenti
2494 4063 2682 4108 estote.
2731 4053 2824 4106 ισίδι
2867 4053 3106 4123 quaedam
3155 4069 3315 4124 poena
3359 4054 3578 4125 futura,

1999 4149 2252 4221 gebenns:
2302 4149 2478 4219 ignis,
2532 4147 2666 4218 ignis
2709 4155 2958 4200 aeternus.
2991 4145 3185 4201 Futura
3232 4149 3373 4202 enim
3424 4164 3579 4218 paena

1998 4243 2128 4297 duas
2174 4242 2377 4311 species
2409 4241 2582 4294 habet.
2608 4241 2711 4292 Aut
2741 4239 3028 4292 inferorum
3079 4249 3160 4293 est
3181 4279 3195 4303 ,
3239 4240 3327 4294 ubi
3360 4241 3581 4295 ardebat

1997 4335 2145 4390 dives
2176 4332 2291 4399 ille,
2311 4333 2396 4401 qui
2429 4332 2637 4385 volebat
2665 4329 2762 4384 sibi
2793 4328 2989 4384 stillam
3018 4345 3167 4399 aqua:
3190 4330 3376 4383 stillari
3403 4331 3451 4383 iu
3479 4331 3581 4385 litt-

1996 4442 2153 4497 guam
2181 4426 2247 4479 de
2273 4424 2432 4493 digito
2477 4422 2751 4492 pauperis,
2798 4436 2954 4490 quem
2995 4432 3116 4473 ante
3164 4420 3382 4489 jauttam
3427 4436 3576 4476 Suam

1996 4525 2385 4585 contetttpset‘at
2406 4555 2420 4575 ,
2453 4514 2663 4581 quando
2710 4514 2784 4566 ait
2814 4529 2826 4564 :
2881 4513 3132 4576 Quoniam
3174 4512 3370 4564 crucior
3401 4511 3451 4565 in
3484 4513 3577 4566 Itac

1995 4611 2203 4679 ﬂantum
2236 4606 2385 4677 (Luc.
2416 4622 2499 4660 ιιι-ι
2524 4648 2539 4671 ,
2569 4605 2686 4672 24).
2713 4605 2776 4657 Et
2803 4607 2967 4657 altera
3013 4614 3093 4657 est
3122 4603 3208 4655 illa
3243 4604 3292 4655 in
3327 4605 3427 4657 line
3452 4646 3463 4669 ,
3507 4604 3576 4662 de

1994 4718 2096 4771 qua
2127 4700 2352 4754 audituri
2381 4708 2541 4752 sunt:
2577 4699 2663 4767 qui
2704 4697 2770 4751 ad
2816 4697 3085 4751 sinistram
3134 4697 3357 4764 ponendi
3406 4706 3572 4753 Sunt:
3654 4730 3659 4733 -

1996 4791 2075 4847 Ite
2111 4797 2161 4846 in
2200 4794 2363 4863 ignem
2410 4805 2670 4855 aeternum,
2711 4791 2798 4859 qui
2838 4798 3159 4859 praeparatus
3186 4802 3255 4843 est
3280 4791 3483 4845 diabolo
3528 4800 3575 4846 et

1992 4887 2183 4958 angelis
2210 4887 2316 4958 ejus
2360 4884 2580 4953 (Matth.
2610 4898 2743 4947 xxv,
2769 4882 2828 4936 41
2856 4884 2895 4950 ).
2929 4880 3035 4934 ΙΙΙςῐε
3066 4896 3234 4952 pusum
3275 4883 3573 4938 manifesta

1991 4985 2150 5034 erunt
2172 4995 2236 5031 eo
2266 4988 2500 5045 tempore
2524 5016 2539 5041 ,
2570 4973 2779 5043 quando
2805 4973 3005 5028 exitum
3037 4973 3193 5027 ftterit
3218 4990 3282 5028 ex
3312 4977 3411 5030 bac
3439 4979 3569 5040 vita,

1994 5081 2083 5124 aut
2114 5069 2260 5122 ﬁnito
2291 5066 2487 5122 sa:culo
2518 5075 2825 5137 perventum
2855 5064 2918 5118 ad
2952 5066 3396 5122 resurrectionem
3429 5081 3570 5121 mor-

1947 5164 1957 5173 ’
1989 5170 2220 5216 tuorum.
2247 5158 2402 5215 Modo
2428 5174 2555 5228 ergo
2576 5157 2717 5211 nulla
2748 5172 2900 5226 poma
2928 5167 3008 5210 est
3030 5198 3044 5219 ,
3072 5167 3124 5211 et
3150 5174 3370 5227 prorsus
3396 5160 3567 5226 impu-

1994 5256 2098 5307 nita
2130 5252 2255 5306 sinit
2286 5252 2422 5305 Dens
2453 5261 2663 5319 peccata
2695 5264 2862 5318 usque
2890 5249 2955 5302 ad
3003 5249 3146 5302 illam
3179 5251 3318 5303 diem
3344 5250 3365 5303 ?
3396 5249 3488 5302 Est
3514 5261 3564 5303 et

1991 5345 2077 5399 bic
2107 5345 2345 5415 qumdam
2375 5357 2526 5411 poma
2554 5342 2757 5396 occulta
2782 5358 2797 5405 ;
2843 5341 2908 5396 de
2938 5344 3047 5411 ipsa
3082 5344 3241 5395 ιιηιιιω
3287 5350 3563 5395 tractatur.

1990 5437 2138 5493 Hanc
2166 5435 2275 5489 vult
2300 5433 2671 5489 commendare
2699 5432 2923 5503 Spiritus
2952 5434 3041 5487 Dei
3080 5450 3093 5487 :
3134 5434 3270 5486 hanc
3302 5430 3566 5500 intelliga~

1990 5544 2147 5594 mus,
2193 5526 2328 5581 baut:
2368 5539 2679 5589 caveamus,
2731 5525 2867 5577 banc
2916 5522 3212 5582 evitemus,
3244 5531 3297 5577 ct
3345 5521 3395 5573 in
3444 5518 3565 5574 illas

1988 5620 2210 5674 multum
2243 5616 2509 5673 terribiles
2541 5633 2645 5671 non
2687 5615 3005 5671 incidemus.
3051 5611 3213 5667 Forte
3241 5613 3572 5668 dicturusest

2053 5756 2067 5784 ι
2097 5758 2146 5801 tn
2171 5748 2350 5814 aliquot
2373 5756 2477 5799 Mss.
2504 5747 2778 5812 adtlitur,.et
2800 5746 3012 5798 conversi
3035 5755 3157 5795 sunt.
