4022 6200
385 261 494 318 687
709 277 742 333 tc

385 373 521 431 mihi
566 371 785 443 aliquis:
818 372 950 426 Sunt
974 383 1028 428 et
1071 373 1154 428 hic
1181 355 1349 444 pana;
1374 414 1388 438 ,
1427 387 1667 445 carceres
1689 415 1704 440 ,
1733 370 1914 426 exsilia
1944 412 1958 434 ,

387 473 655 522 tormenta
679 507 693 530 ,
728 475 924 520 mortes
945 507 960 530 ,
988 466 1194 522 diversa
1223 481 1416 537 genera
1442 466 1684 521 dolorum
1709 475 1761 520 et
1788 465 1956 518 tribu-

386 561 664 620 lationum.
686 557 820 615 Sunt
843 559 1053 630 quidem
1084 569 1138 616 et
1161 562 1290 626 ista,
1314 571 1367 615 et
1398 561 1489 616 Dei
1517 559 1716 630 judicio
1745 557 1960 628 dispen-

390 658 611 718 santur;
638 649 729 706 sed
760 649 940 704 multis
986 650 1053 705 ad
1099 651 1502 720 probationem‘,
1534 649 1713 704 multis
1761 647 1825 702 ad
1863 647 1956 702 da-

393 744 736 799 mnationem.
776 743 1025 799 Videmus
1052 753 1224 800 tamen
1277 743 1562 813 aliquando
1591 744 1643 798 iu
1681 741 1764 795 bis
1791 741 1962 809 poenis

389 835 558 904 iustos
581 831 743 905 aftligi
767 877 781 900 ,
811 847 866 890 et
891 835 958 890 ab
989 835 1070 890 his
1099 837 1270 904 pinnis
1316 835 1543 904 injustos
1569 849 1694 899 esse,
1715 833 1918 887 alienos
1944 849 1956 884 :

388 926 530 981 unde
555 936 871 981 notaverunt
892 927 1052 996 pedes
1083 927 1155 982 illi
1183 969 1196 990 ,
1225 927 1312 996 qui
1345 935 1524 992 postea
1551 925 1840 996 gratulatus
1864 924 1956 982 ait.

391 1017 557 1085 Quam
582 1019 739 1074 bonus
765 1018 926 1073 Israel
957 1020 1086 1074 Deus
1115 1022 1260 1074 rectis
1285 1019 1434 1074 corde
1457 1019 1478 1073 .'
1507 1019 1610 1074 Mei
1638 1029 1809 1072 autent
1835 1033 1958 1085 pene

385 1113 623 1166 commoti
645 1125 761 1166 sunt
788 1113 962 1178 pedes,
995 1115 1111 1180 quia
1139 1113 1297 1166 χειπυὶ
1323 1113 1376 1165 in
1399 1110 1758 1180 peccatoribus,
1789 1125 1959 1180 pacem

379 1213 708 1274 peccatorum
733 1203 1171 1258 intuens.Viderat
1189 1205 1328 1258 enim
1355 1205 1652 1258 felicitatem
1677 1203 1955 1266 malorum,

385 1305 444 1350 et
469 1296 762 1352 delectatus
791 1308 902 1350 erat
927 1313 1046 1351 esse
1077 1298 1246 1350 mulus
1264 1340 1276 1360 ,
1311 1297 1495 1352 videns
1523 1311 1743 1366 regnare
1769 1296 1956 1358 malos,

389 1388 528 1444 bene
553 1390 656 1443 illis
683 1405 801 1444 esse
822 1432 835 1453 ,
885 1390 1156 1443 abundare
1189 1407 1282 1445 eos
1315 1391 1364 1444 in
1410 1391 1554 1443 omni
1601 1390 1749 1458 cepia
1782 1403 1959 1442 rerum

390 1479 782 1550 temporalium,
813 1481 985 1550 qualia
1012 1481 1183 1535 adhuc
1213 1483 1326 1551 ipse
1356 1483 1602 1552 parvulus
1626 1481 1962 1537 desiderabat

311 1593 322 1605 -
389 1587 418 1624 a
449 1571 672 1625 Domino
699 1591 711 1624 :
741 1582 792 1626 et
817 1582 1136 1628 putaverunt
1162 1573 1234 1627 illi
1263 1574 1427 1644 pedes
1450 1617 1464 1640 ,
1497 1589 1770 1644 usquequo
1807 1571 1960 1627 vide-

393 1669 476 1714 ret
504 1662 627 1732 quid
657 1662 708 1716 in
743 1663 898 1717 ﬁnem
941 1664 1021 1718 vel
1061 1665 1378 1733 sperandum
1419 1666 1504 1720 vel
1551 1665 1839 1720 timendum
1869 1665 1956 1718 sit.

392 1752 479 1806 Ait
507 1752 648 1808 enim
679 1754 730 1807 in
758 1754 945 1809 eodem
975 1755 1178 1824 psalmo
1211 1774 1225 1812 :
1259 1755 1370 1810 Hoc
1409 1757 1549 1810 labor
1589 1765 1663 1810 est
1699 1766 1816 1810 ante
1841 1772 1920 1809 me
1941 1797 1956 1820 ,

375 1843 550 1898 donec
596 1845 838 1900 introeant
882 1849 934 1899 in
985 1847 1326 1900 sauctnm'ium
1356 1846 1486 1912 Dei,
1519 1855 1564 1900 et
1607 1846 1883 1917 intelligant
1909 1847 1963 1900 in

391 1935 662 1988 novissima
687 1936 705 2006 (
729 1935 871 1990 Psat.
898 1953 1037 1992 Lxxn
1063 1981 1076 2002 ,
1109 1940 1131 1992 l
1161 1981 1174 2004 ,
1199 1938 1236 1990 ‘2
1259 1981 1274 2004 ,
1307 1939 1339 1991 5
1359 1979 1374 2002 ,
1407 1938 1474 1996 l‘i
1497 1979 1510 2004 ,
1536 1939 1600 1993 l7
1623 1936 1664 2012 ).
1695 1938 1810 1992 Non
1835 1953 1964 2008 ergo

379 2041 580 2098 "poenas
607 2027 895 2082 inferorum
923 2071 936 2092 ,
965 2045 1068 2082 non
1101 2045 1282 2098 pugnas
1311 2030 1446 2084 illius
1475 2040 1594 2098 post
1621 2033 1964 2104 resurrectio-

393 2131 515 2170 nem
559 2118 696 2188 iguis
721 2120 922 2185 :etcrni,
943 2134 1046 2173 non
1071 2134 1255 2187 pmnas
1282 2120 1410 2174 istas
1433 2135 1550 2190 qua:
1573 2119 1746 2174 adhuc
1787 2121 1841 2174 in
1863 2119 1965 2175 bne

391 2207 590 2260 szrcnlo
622 2210 930 2276 promiscua:
959 2221 1078 2263 sunt
1101 2209 1258 2280 justis
1287 2219 1342 2264 et
1371 2211 1608 2281 injustis.
1645 2221 1698 2266 et
1732 2211 1966 2281 plerum.

382 2311 496 2366 quc
519 2297 787 2366 graviores
805 2299 1065 2369 justorum
1093 2315 1250 2369 quam
1281 2301 1628 2370 injustorum:
1661 2301 1754 2357 sed
1786 2305 1964 2356 nescio

383 2403 551 2458 quam
581 2403 790 2459 pinnam
833 2391 1110 2461 pra‘scntis
1155 2392 1274 2446 vitae
1299 2393 1412 2446 vult
1440 2392 1814 2448 commendare
1842 2392 1964 2460 Spi-

391 2484 528 2537 ritus
555 2483 664 2538 Dei.
712 2483 988 2539 Advortite
1010 2527 1023 2546 ,
1067 2486 1245 2540 audite
1275 2487 1375 2540 boc
1407 2501 1492 2540 me
1521 2485 1784 2541 dicturum
1824 2486 1964 2556 quod

396 2575 702 2628 noveratis:
733 2574 826 2630 sed
856 2575 1058 2630 dulcius
1083 2586 1164 2630 est
1191 2592 1310 2631 cum
1339 2577 1389 2630 in
1409 2577 1620 2631 Psalmo
1646 2577 1963 2644 ostenditur,

399 2669 488 2736 qui
515 2669 770 2724 obscurus
793 2679 1072 2738 antequam
1105 2671 1495 2735 ostenderetur,
1525 2669 1969 2741 putabatur.Ecce

397 2759 536 2812 enim
571 2757 780 2829 profero
808 2777 922 2828 quin
948 2765 1056 2829 jam
1087 2763 1386 2815 noveratis:
1415 2761 1509 2816 sed
1537 2763 1658 2832 quia
1691 2763 1813 2819 inde
1842 2779 1967 2834 pro-

401 2848 672 2917 feruutur,
709 2851 798 2904 ubi
827 2852 1057 2904 nondum
1084 2869 1145 2905 ea
1171 2852 1458 2916 videbatis,
1489 2853 1548 2908 lit
1573 2863 1630 2908 ut
1656 2855 1812 2909 etiam
1847 2868 1970 2911 nota

395 2951 648 3010 tanquam
675 2957 809 2995 nova
839 2943 1124 2998 delectent.
1167 2945 1360 3000 Audite
1396 2959 1604 3013 pinnam
1639 2947 1919 3016 impiorum
1949 2963 1965 2998 :

399 3033 543 3088 Sicut
585 3049 730 3100 cera,
777 3034 986 3104 inquit,
1029 3035 1295 3105 liquefacta
1355 3038 1662 3105 auferentur.
1712 3037 1834 3091 Dixi
1877 3053 1972 3106 per

394 3125 852 3194 concupiscentias
898 3141 1022 3179 suas
1064 3126 1166 3180 hoc
1213 3128 1292 3181 eis
1338 3128 1472 3182 fieri.
1528 3127 1969 3197 Concupiscentia

405 3217 543 3270 mala
567 3258 584 3284 ,
627 3217 776 3286 quasi
817 3217 976 3270 ardor
1003 3229 1084 3271 cst
1109 3227 1164 3272 et
1184 3219 1199 3248 ¹
1232 3218 1386 3288 ignis.
1417 3219 1555 3288 Ignis
1582 3220 1848 3274 consumit
1877 3235 1971 3274 ve-

399 3320 558 3372 SIem,
589 3307 752 3362 libido
789 3308 1029 3362 adulterii
1062 3323 1164 3362 non
1189 3309 1454 3363 consumit
1480 3309 1752 3363 animam?
1779 3311 1855 3365 De
1883 3325 1974 3367 co-

397 3400 564 3470 gitato
607 3398 864 3454 adulterio
903 3416 1020 3454 cum
1063 3401 1366 3470 loqueretur
1388 3385 1664 3470 Scriptura
1693 3402 1768 3456 ait
1799 3418 1814 3456 :
1843 3401 1972 3456 Alli-

401 3491 536 3562 gabit
571 3491 686 3562 quis
725 3491 886 3562 ignem
911 3492 963 3543 in
1003 3491 1118 3544 sinu
1155 3508 1247 3545 suo
1272 3535 1286 3555 ,
1317 3501 1364 3545 et
1404 3495 1694 3546 vestimenta
1737 3511 1830 3548 sua
1872 3511 1972 3548 non

403 3584 654 3638 comburat
673 3583 698 3638 ?
717 3582 907 3638 Cestos
934 3584 983 3638 in
1015 3583 1134 3638 sinu
1164 3599 1390 3653 prunas,
1423 3584 1722 3654 perforatur
1753 3585 1926 3641 tunica
1953 3603 1968 3639 :

404 3687 578 3748 gestas
608 3679 659 3732 iu
686 3678 1006 3748 cogitatione
1027 3678 1047 3708 ³
1078 3676 1424 3746 adulterium,
1453 3686 1508 3734 et
1527 3679 1731 3750 integra
1753 3688 1836 3734 est
1855 3679 1972 3734 aui-

399 3785 484 3826 ma
512 3769 700 3841 (Prov.
727 3785 776 3825 vr
795 3812 808 3836 ,
831 3769 1033 3843 27-29)
1057 3771 1082 3824 ?

473 3863 560 3918 18.
583 3863 684 3917 Sed
715 3863 844 3917 istas
877 3875 1060 3930 manas
1097 3863 1248 3931 pauci
1296 3861 1518 3918 vident:
1566 3871 1841 3933 propterea
1882 3877 1973 3920 eas

400 3953 630 4006 maxime
671 3952 1010 4006 commendat
1049 3952 1277 4021 Spiritus
1324 3953 1440 4006 Dei.
1485 3953 1620 4006 Audi
1661 3955 1972 4023 Apostolum

401 4045 665 4098 dicentem
695 4062 707 4097 :
754 4042 989 4098 Tradidit
1014 4045 1128 4098 illos
1157 4043 1296 4098 Deus
1321 4045 1372 4096 in
1398 4047 1832 4115 concupisreutias
1852 4064 1968 4100 cor-

397 4139 480 4194 dis
501 4154 687 4192 eorum.
725 4137 860 4192 Ecce
892 4139 1026 4207 ignis
1046 4180 1061 4204 ,
1094 4153 1122 4192 a
1153 4139 1304 4208 cujus
1329 4139 1462 4193 facie
1491 4147 1737 4208 tzu‘tquam
1763 4155 1884 4192 cera
1906 4139 1972 4192 li-

401 4240 694 4304 quascunt:
736 4230 1010 4284 solvuntur
1039 4231 1180 4284 enim
1207 4246 1234 4282 a
1278 4231 1504 4298 quadam
1549 4232 1842 4285 constantia
1881 4247 1972 4284 ca-

401 4323 596 4384 Stitatis
619 4338 634 4387 ;
657 4331 936 4392 propterea
952 4321 1377 4391 etipsieuntesin
1391 4319 1634 4376 libidines
1653 4334 1798 4387 suas,
1817 4321 1973 4375 soluti
1995 4349 2003 4356 -

401 4425 458 4472 et
485 4414 612 4472 ﬂuxi
657 4413 919 4468 dicuntur.
944 4411 1096 4468 Unde
1123 4412 1284 4467 ﬂuxi?
1326 4412 1466 4468 unde
1493 4414 1690 4468 soluti?
1733 4415 1814 4470 Ab
1858 4415 1976 4484 igne

401 4509 964 4580 concupiscentiarum.
997 4505 1225 4560 Tradidit
1253 4507 1366 4560 illos
1395 4505 1526 4562 Deus
1553 4507 1604 4560 in
1627 4508 1978 4575 concupiscen-

403 4602 500 4652 tias
522 4600 688 4654 cordis
717 4614 892 4653 eorum
929 4641 944 4664 ,
974 4607 1026 4650 ut
1053 4597 1244 4668 faciant
1267 4612 1379 4663 qua:
1405 4614 1503 4650 non
1527 4599 1854 4664 conveniunt,
1898 4614 1977 4651 re.

404 4690 564 4763 pictos
587 4693 721 4746 eunti
747 4691 1100 4761 iniquitate.Et
1125 4699 1402 4746 enumerat
1426 4691 1589 4744 multa
1615 4706 1731 4762 qua:
1756 4703 1972 4762 peccata

401 4791 568 4848 sunt,
613 4792 665 4836 et
709 4799 892 4852 pinnas
935 4783 1062 4838 dicit
1105 4799 1223 4838 esse
1271 4791 1628 4852 peccatorum.
1662 4783 1793 4836 Nam
1849 4783 1978 4838 dicit

403 4874 629 4946 primam
661 4889 871 4943 poenam
914 4875 1212 4946 superbiam
1243 4893 1256 4928 :
1304 4874 1412 4928 imo
1451 4889 1555 4928 non
1581 4889 1796 4944 ptenam
1825 4917 1840 4940 ,
1882 4875 1974 4929 sed

404 4966 636 5034 primum
666 4975 938 5032 peccatum
968 4966 1288 5034 superbiam.
1319 4965 1552 5018 Primum
1585 4975 1856 5034 peccatum
1887 4981 1978 5018 su-

328 5116 331 5118 _
401 5053 588 5124 pet-hia
620 5063 737 5108 est:
766 5055 945 5108 ultima
973 5072 1128 5124 poena
1157 5066 1241 5111 est
1265 5056 1402 5126 ignis
1430 5067 1660 5110 :eternus
1683 5097 1699 5120 ,
1727 5067 1819 5111 aut
1841 5057 1975 5126 ignis

400 5146 676 5210 infernus;
703 5145 812 5212 jam
838 5147 977 5198 enim
1007 5145 1386 5202 damnatorum.
1417 5149 1560 5204 inter
1587 5148 1714 5205 illud
1747 5149 1974 5220 primum

400 5247 674 5308 peccatum
698 5246 756 5292 et
784 5236 922 5292 hanc
949 5238 1184 5292 ultimam
1215 5255 1420 5308 pinnam
1441 5282 1457 5306 ,
1482 5243 1655 5296 media
1679 5260 1796 5314 quae
1829 5254 1974 5311 sunt,

400 5344 454 5388 et
481 5344 692 5405 peccata
728 5342 851 5386 sunt
875 5341 928 5386 et
959 5348 1142 5400 ptume.
1171 5333 1298 5386 Tam
1329 5335 1486 5386 multa
1519 5337 1658 5390 enim
1687 5337 1813 5392 dicit
1836 5339 1977 5408 Apo-

397 5426 566 5482 stolus
607 5425 721 5481 ﬁeri
773 5423 840 5478 ab
875 5423 957 5477 eis
985 5465 998 5484 ,
1027 5438 1145 5492 quae
1179 5434 1397 5494 peccata
1444 5435 1564 5479 sunt
1604 5427 1973 5492 detestabilia;

400 5527 459 5573 et
483 5527 660 5573 tamen
689 5529 876 5592 ptenas
902 5531 993 5570 eas
1017 5513 1161 5568 dicit.
1199 5513 1417 5584 l’rOpter
1437 5515 1560 5584 hoc,
1609 5517 1811 5588 inquit,
1841 5519 1975 5576 Deus

463 5652 480 5684 ⁸
515 5651 588 5700 sic
622 5657 727 5699 Mss.
759 5656 808 5697 At
831 5649 894 5698 ab
917 5647 1028 5696 tidd.
1053 5647 1191 5696 abest
1224 5634 1472 5708 particula,
1494 5653 1556 5698 et.

457 5716 482 5744 ³
513 5715 586 5763 Sic
606 5725 777 5763 omnes
797 5718 901 5761 Mss.
929 5719 981 5762 At
999 5711 1130 5772 Edd.,
1153 5711 1210 5760 in
1226 5709 1388 5760 corde.

1611 259 1666 315 S.
1711 253 2074 313 Al’GUSTlNl
2113 254 2412 314 EPISCOP!

3533 269 3639 326 688

2073 370 2276 423 tradidit
2305 388 2385 426 eos
2414 373 2466 425 in
2495 373 2922 443 concupiscentia:
2947 376 3109 428 cordis
3137 393 3328 446 rorant,
3348 379 3402 432 in
3423 381 3647 439 immun-

2067 463 2241 515 ditiam
2267 505 2284 530 ,
2333 473 2383 517 ut
2413 465 2600 535 fttciant
2627 482 2741 536 quae
2769 484 2866 521 non
2891 469 3209 523 conveniunt.
3241 471 3308 526 Et
3335 489 3402 530 ne
3429 486 3644 544 putaret

2066 554 2342 623 quisquam
2375 556 2504 625 ipsis
2535 557 2708 626 poenis
2733 564 2935 612 tantum
2963 574 3022 614 se
3050 558 3209 630 affligi
3240 562 3433 641 quibus
3481 566 3644 620 modo

2063 645 2376 712 delectatur,
2400 661 2451 702 et
2479 665 2581 704 non
2611 651 2818 706 timeret
2841 652 2981 722 quod
3011 663 3296 708 venturum
3319 664 3403 710 est
3430 655 3480 710 iu
3508 656 3635 721 ﬁne,

2064 742 2502 795 commemoravit
2543 743 2780 797 ultimam
2817 761 3027 814 poenam
3060 765 3073 801 :
3107 745 3204 814 Qui
3231 765 3345 800 cum
3386 749 3642 818 justitiam

2067 828 2162 882 Dei
2191 833 2532 900 cognovissent
2559 875 2572 892 .
2603 851 2705 888 non
2735 835 3086 890 intellexerunt
3111 878 3125 902 ,
3164 837 3336 907 inquit
3357 879 3372 904 ,
3403 839 3644 911 quoniam

2063 923 2149 991 qui
2176 940 2234 976 ea
2260 933 2436 994 agunt,
2458 924 2598 995 digni
2621 936 2738 980 sunt
2760 938 2950 988 morte;
2987 945 3089 982 non
3116 929 3280 983 solum
3307 931 3392 998 qui
3417 932 3643 1001 faciunt,

2064 1013 2153 1066 sed
2177 1015 2327 1068 etiam
2354 1016 2440 1085 qui
2468 1018 2778 1071 consentiunt
2808 1019 3124 1089 facientibus.
3153 1020 3251 1086 Qui
3277 1039 3336 1076 ea
3364 1033 3524 1093 agunt
3563 1024 3649 1076 di-

2063 1107 2152 1176 gni
2168 1117 2282 1160 sunt
2297 1118 2485 1162 morte:
2497 1111 2640 1178 quae?
2657 1110 2784 1178 Qua:
2801 1113 3040 1180 superius
3059 1116 3385 1169 enumeravit
3397 1115 3449 1170 in
3471 1117 3648 1186 poenis

2064 1212 2218 1253 esse:
2252 1215 2371 1253 nam
2399 1199 2607 1254 tradidit
2633 1202 2749 1255 illos
2782 1201 2916 1256 Deus
2940 1245 2953 1266 ,
2982 1201 3120 1258 dixit
3146 1245 3162 1270 ,
3205 1204 3255 1257 in
3285 1208 3649 1274 concupiscen-

2065 1290 2161 1344 tias
2185 1290 2351 1344 cordis
2385 1307 2588 1359 eorum,
2616 1302 2670 1345 ut
2697 1295 2885 1364 faciant
2926 1309 3040 1364 quae
3077 1311 3178 1350 non
3221 1299 3539 1352 conveniunt.
3575 1297 3650 1354 Ut

2063 1383 2272 1439 adulter
2299 1384 2405 1450 sit,
2429 1384 2537 1454 jam
2574 1399 2731 1455 ptena
2771 1395 2888 1450 est;
2929 1397 2988 1442 ut
3030 1389 3260 1444 mendax
3285 1431 3300 1455 ,
3329 1399 3390 1444 ut
3425 1405 3644 1457 avarus,

2067 1485 2122 1529 ut
2161 1473 2543 1543 fraudulentus,
2575 1486 2632 1531 ut
2659 1477 2920 1533 homicida
2941 1520 2954 1540 ,
2973 1479 3082 1549 jam
3112 1494 3285 1549 poena:
3311 1489 3456 1536 sunt.
3475 1481 3644 1550 Cujus

2067 1567 2268 1636 peccati
2297 1567 2513 1638 pinnae?
2557 1568 2754 1624 Prioris
2794 1571 3073 1638 apostasia:
3099 1610 3115 1636 ,
3157 1571 3296 1626 illius
3333 1572 3594 1640 superbize
3627 1589 3645 1627 :

2066 1655 2276 1712 Initium
2328 1659 2518 1730 peccati
2561 1661 2778 1714 hominis
2804 1670 3090 1730 apostatare
3114 1679 3146 1715 α
3174 1661 3280 1716 Deo
3303 1679 3321 1727 ;
3350 1672 3406 1718 et
3442 1663 3648 1717 initium

2065 1749 2228 1803 omnis
2242 1749 2432 1818 peccati
2445 1751 2675 1820 superbia
2691 1749 2876 1820 (Eccli.
2898 1768 2948 1817 x,
2960 1753 2981 1806 1
2992 1753 3451 1824 4,15).Propterca
3468 1754 3646 1824 ipsum

2066 1848 2339 1907 peccatum
2368 1840 2510 1907 prius
2536 1841 2698 1895 dixit:
2728 1841 2951 1919 Quicum
2979 1845 3318 1913 cognovissent
3333 1843 3518 1910 Deum,
3542 1863 3648 1900 non

2066 1939 2120 1983 ut
2151 1928 2311 1984 Deum
2339 1931 2745 2002 gloriﬁcaverunt
2764 1973 2782 2001 ,
2811 1946 2898 1988 aut
2925 1937 3116 2006 gratias
3141 1947 3348 2008 egerunt
3367 1955 3389 2004 ;
3407 1939 3498 1993 sed
3523 1956 3646 1994 eva-

2067 2034 2280 2076 nuerunt
2309 2025 2364 2076 in
2391 2025 2778 2096 cogitationibus
2806 2027 2912 2080 suis
2931 2069 2944 2092 ,
2992 2038 3038 2081 et
3066 2029 3388 2082 obscuratum
3415 2039 3488 2084 est
3521 2032 3650 2083 insi-

2068 2115 2207 2184 piens
2245 2131 2332 2168 cor
2359 2117 2684 2172 eorum..lam
2714 2118 2808 2172 iSta
2834 2133 2990 2188 poena
3019 2129 3102 2173 est
3123 2118 3427 2176 obscuratio
3447 2123 3647 2177 cordis.

2069 2203 2174 2260 Sed
2215 2205 2353 2261 unde
2380 2205 2641 2278 contigit?
2680 2205 2913 2262 Dicentes
2955 2210 3088 2262 enim
3133 2225 3187 2264 se
3225 2227 3330 2264 esse
3357 2211 3605 2280 sapientes
3629 2253 3647 2276 ,

2069 2299 2206 2352 stulti
2235 2300 2354 2375 [acti
2382 2308 2498 2353 sunt
2527 2297 2703 2370 (Rom.
2737 2315 2790 2365 l,
2821 2299 3168 2371 21-29).Quia
3196 2319 3224 2354 a
3255 2317 3312 2356 se
3343 2301 3542 2358 habere
3570 2303 3653 2356 di-
3735 2304 3752 2316 “

2070 2391 2261 2447 cebant
2285 2392 2426 2462 quod
2457 2406 2485 2445 a
2519 2391 2626 2446 Deo
2655 2400 3006 2463 acceperant;
3030 2400 3120 2448 aut
3146 2392 3190 2448 si
3219 2404 3582 2464 cognoverunt
3617 2411 3650 2449 a

2070 2497 2176 2550 quo
2215 2489 2574 2550 acceperunt,
2619 2497 2724 2536 non
2770 2499 2891 2537 eum
2925 2483 3359 2554 gloriﬁcaverunt
3382 2500 3410 2538 a
3441 2499 3546 2556 quo
3581 2501 3644 2540 se

2069 2573 2339 2642 acoepisse
2381 2583 2744 2643 cognoverunt
2787 2589 2802 2638 ;
2853 2573 2955 2628 hoc
2999 2584 3118 2640 cst,
3173 2573 3404 2630 Dicente:
3452 2595 3504 2632 se
3540 2595 3652 2632 esse

2070 2667 2336 2736 sapientes.
2363 2667 2428 2721 Et
2466 2665 2538 2721 ibi
2562 2667 2740 2722 statim
2778 2682 2932 2736 poena
2959 2677 3142 2723 secuta
3168 2677 3250 2724 est
3281 2687 3294 2722 :
3327 2669 3490 2725 Stulti
3529 2672 3656 2742 facti

2071 2769 2205 2820 sunt,
2240 2770 2289 2814 et
2315 2761 2631 2814 obscuratum
2657 2769 2728 2814 est
2752 2761 2993 2830 insipiens
3018 2777 3105 2816 cor
3127 2775 3318 2816 eorum.
3348 2759 3580 2817 Dicentes
3599 2781 3656 2818 se

2073 2868 2178 2904 csse
2207 2851 2478 2921 sapientes,
2507 2850 2650 2904 stulti
2679 2852 2800 2921 [acti
2815 2861 2950 2904 sunt.
2984 2851 3150 2906 Parva
3195 2851 3291 2906 ista
3339 2867 3496 2922 paena
3523 2864 3607 2909 est
3628 2853 3655 2908 ?

2073 2943 2138 2999 Ut
2166 2943 2233 2999 de
2265 2945 2360 2998 ista
2389 2945 2498 2998 sola
2534 2944 2812 3014 loquamur
2845 2985 2858 3004 .
2903 2943 3207 3000 obscuratio
3230 2945 3406 3000 cordis
3434 2986 3450 3012 ,
3481 2961 3656 3001 exem-

2073 3036 2210 3090 catio
2238 3035 2431 3089 mentis
2455 3049 2614 3104 parva
2641 3043 2724 3088 est
2754 3035 2951 3104 poma?
2976 3035 3030 3090 Si
3058 3035 3177 3106 quis
3213 3037 3406 3091 furtum
3429 3035 3649 3098 faciens,

2073 3127 2250 3180 statim
2278 3125 2490 3180 oculum
2519 3125 2852 3194 perdidisset,
2878 3140 3065 3180 omnes
3079 3125 3495 3182 dicerentDeum
3528 3144 3658 3196 prro.

2075 3232 2276 3276 sentcm
2305 3215 2621 3275 vindicasse.
2677 3219 2898 3274 Oculum
2951 3219 3128 3274 cordis
3164 3221 3361 3286 amisit,
3395 3231 3449 3276 et
3479 3221 3528 3275 ei
3563 3237 3657 3291 pe-

2078 3318 2306 3382 percisse
2337 3320 2547 3381 putatur
2575 3312 2742 3366 Deus!
2779 3312 2921 3366 Sicut
2951 3327 3066 3364 cera
3110 3311 3380 3382 liquefacta
3418 3312 3656 3381 auferen—

2074 3416 2176 3460 tur.

2147 3494 2230 3550 i9.
2276 3493 2618 3566 Supercecidit
2641 3493 2772 3564 ignis
2791 3535 2805 3559 ,
2837 3501 3004 3546 etnon
3028 3492 3259 3546 viderunt
3286 3492 3467 3548 solem.
3493 3492 3653 3548 Vide-

2077 3592 2142 3642 tis
2169 3587 2434 3658 quomodo
2477 3587 2607 3642 dicit
2651 3586 2935 3658 quamdam
2982 3600 3193 3655 poenam
3243 3585 3655 3641 obscurationis.

2074 3678 2220 3750 Ignis
2267 3678 2591 3750 supercecidit
2619 3692 2636 3732 :
2663 3677 2796 3748 ignis
2845 3676 3145 3746 superbiae,
3190 3675 3326 3746 ignis
3373 3675 3656 3740 fumosus,

2077 3773 2211 3844 ignis
2235 3769 2708 3841 concupiscentite,
2747 3767 2882 3839 ignis
2909 3766 3216 3822 iracundiae.
3247 3769 3488 3835 Quantus
3517 3769 3660 3838 ignis

2075 3867 2202 3922 est?
2239 3867 2412 3936 Super
2438 3879 2594 3934 quem
2623 3861 2904 3927 ceciderit,
2939 3875 3045 3915 non
3076 3860 3275 3914 videbit
3304 3861 3498 3915 solem.
3529 3861 3678 3915 Ideo.

2076 3960 2274 4015 dictum
2301 3968 2417 4014 est:
2452 3956 2572 4011 Non
2591 3957 2786 4011 occidat
2816 3954 2892 4008 sol
2920 3970 3072 4024 super
3098 3952 3415 4006 iracundiam
3441 3963 3658 4010 vestrum

2082 4053 2292 4125 (Ephes.
2322 4067 2394 4118 tv,
2437 4049 2556 4120 26).
2585 4048 2754 4118 Ergo,
2780 4046 2968 4100 fratres
2988 4087 3004 4111 ,
3032 4045 3206 4116 ignem
3233 4043 3386 4096 mala:
3403 4045 3660 4112 concupi-

2079 4145 2294 4199 secuti-.u
2321 4143 2504 4196 timete
2523 4180 2538 4204 ,
2568 4139 2751 4193 sinon
2778 4137 2936 4192 vultis
2966 4135 3390 4206 liquefieri'sicut
3417 4151 3539 4190 cera
3559 4177 3574 4198 ,
3603 4143 3662 4190 et

2079 4235 2255 4306 perire
2287 4249 2316 4288 a
2343 4233 2476 4287 facie
2505 4231 2619 4286 Dei.
2643 4229 2956 4299 Supercadit
2983 4230 3122 4284 enim
3155 4229 3291 4300 ignis
3322 4227 3440 4293 iste,
3472 4238 3527 4282 et
3557 4243 3654 4282 so-

2077 4327 2181 4382 lem
2207 4341 2309 4381 noo
2341 4323 2603 4379 videbitis.
2622 4321 2790 4390 Quem
2819 4319 3029 4376 solem?
3055 4319 3170 4374 Non
3202 4320 3358 4374 istum
3387 4335 3546 4390 quem
3579 4325 3662 4373 ιε·
3701 4379 3706 4383 η

2078 4433 2197 4472 cum
2223 4401 2400 4470 vident
2441 4424 2494 4469 et
2529 4428 2718 4483 pecora
2740 4453 2754 4476 ,
2785 4423 2840 4466 et
2871 4427 3066 4464 musae
3090 4453 3104 4476 ,
3159 4421 3214 4465 et
3242 4409 3365 4464 boni
3395 4419 3451 4464 et
3492 4411 3657 4472 mali;

2078 4509 2197 4578 quia
2247 4507 2370 4561 facit
2412 4505 2576 4560 solem
2621 4519 2772 4558 suum
2820 4502 2948 4557 oriri
2983 4516 3142 4572 super
3181 4502 3350 4555 bonos
3393 4511 3447 4556 et
3487 4502 3662 4556 malos

2085 4602 2293 4674 (Matth.
2325 4616 2377 4666 v,
2405 4601 2520 4670 45).
2547 4598 2651 4654 Sed
2679 4606 2760 4653 est
2789 4597 2928 4650 alius
2953 4597 3054 4660 sol,
3086 4595 3154 4650 de
3180 4609 3285 4663 quo
3315 4593 3508 4647 dicturi
3535 4604 3666 4647 sunt

2080 4695 2186 4760 illi,
2217 4692 2280 4746 Et
2303 4691 2382 4746 sol
2421 4707 2522 4745 non
2549 4701 2686 4744 ortus
2713 4698 2784 4742 est
2820 4688 2959 4742 nobis
2975 4704 2996 4752 ;
3038 4687 3341 4740 transierunt
3370 4685 3541 4738 omnia
3570 4685 3666 4739 illa

2080 4794 2315 4853 tanquam
2343 4781 2538 4836 umbra.
2570 4779 2710 4851 Ergo
2739 4779 3012 4834 erravimus
3040 4793 3072 4830 a
3102 4777 3183 4830 ria
3213 4777 3432 4830 veritatis
3457 4819 3471 4838 ,
3505 4785 3552 4830 et
3569 4779 3668 4846 ju-

2081 4879 2228 4931 stitia:
2256 4876 2422 4930 lumen
2451 4891 2549 4927 non
2577 4872 2704 4927 luxit
2747 4871 2886 4925 nobis
2906 4913 2920 4934 ,
2953 4881 2996 4923 et
3021 4870 3097 4924 sol
3118 4885 3217 4922 non
3244 4878 3381 4922 ortus
3396 4877 3483 4954 [est
3517 4869 3669 4922 nobis

2086 4969 2238 5043 (δίῳ.
2271 4985 2324 5036 v,
2352 4967 2488 5037 6,9).
2523 4967 2703 5035 Quare
2723 5006 2738 5030 ,
2785 4965 2880 5018 nisi
2909 4964 3026 5032 quia
3055 4944 3573 5030 superaddit/ignis,
3617 4971 3670 5015 et

2083 5081 2180 5118 non
2203 5062 2430 5115 viderunt
2467 5059 2664 5112 solem?
2695 5055 2830 5111 Vicit
2859 5057 2976 5111 illos
3001 5053 3425 5124 concupiscentia
3459 5051 3664 5107 carnis.

2083 5155 2148 5208 Et
2175 5155 2272 5208 ista
2298 5149 2720 5221 concupiscentia
2752 5148 2891 5202 unde
2911 5147 3094 5201 venit?
3123 5144 3413 5200 Attendite.
3443 5144 3522 5199 De
3555 5153 3669 5200 tra-

2083 5243 2216 5298 duce
2239 5253 2390 5296 natus
2432 5258 2490 5296 es
2519 5256 2636 5294 cum
2667 5254 2730 5293 eo
2765 5239 2904 5309 quod
2939 5238 3119 5292 vincas
3149 5255 3160 5290 :
3192 5235 3300 5290 noli
3341 5235 3433 5290 tibi
3479 5238 3668 5292 hostes

2084 5337 2316 5396 addere,
2345 5334 2495 5388 vince
2523 5348 2642 5386 cum
2677 5347 2780 5401 quo
2827 5340 2981 5384 natus
3023 5346 3100 5384 cs.
3145 5329 3224 5383 Ad
3263 5327 3496 5383 Stadium
3536 5330 3666 5383 vita:

2084 5427 2239 5498 hujus
2261 5443 2381 5480 cmn
2412 5425 2501 5479 illo
2531 5424 2741 5485 venisti,
2767 5421 3093 5492 congredere
3123 5437 3242 5475 cum
3271 5437 3337 5476 eo
3363 5421 3453 5489 qui
3482 5432 3662 5476 terunt

2085 5520 2359 5591 processit.
2408 5517 2526 5588 Ipso
2567 5531 2671 5570 non
2717 5516 2891 5579 victo,
2943 5529 3106 5584 quare
3135 5529 3391 5584 provocas
3418 5523 3670 5568 catervas

2084 5597 2664 5681 concupiscentiarum‘?
2691 5606 2977 5662 Delectalio
2998 5608 3136 5661 enim
3164 5605 3412 5673 enrnalis,
3441 5605 3661 5673 fratres,

2085 5720 2204 5762 cum
2235 5705 2446 5760 homine
2473 5702 2726 5759 nascitur.
2749 5699 2854 5755 Sed
2881 5700 2966 5770 qui
2990 5698 3124 5754 bene
3151 5697 3391 5753 eruditur
3409 5739 3426 5765 ,
3453 5698 3559 5752 cito
3583 5697 3660 5751 vi»
