4022 6200
292 376 412 449 ‘689

307 507 397 560 det
427 506 632 559 hostom
660 522 813 560 suum
835 549 849 573 ,
881 515 935 561 et
959 507 1261 577 aggreditur
1287 515 1338 561 ct
1371 507 1629 570 luctatur,
1673 515 1728 561 et
1769 505 1879 560 cito

307 598 472 651 vineit
500 614 514 651 :
538 598 759 652 idoneus
795 606 878 652 est
904 598 1043 651 enim
1072 598 1304 653 nondum
1331 599 1691 653 crescentibus
1710 596 1879 652 hosti-

305 687 428 741 bus.
459 688 562 754 Qui
591 698 766 744 autem
794 689 936 743 illam
975 691 1456 759 concupiscentiam
1480 733 1494 754 ,
1524 705 1643 745 cum
1673 706 1774 760 qua
1814 690 1882 744 de

310 781 511 848 pecudi
543 780 826 850 prOpagine
857 790 1006 845 natus
1031 789 1141 845 est,
1192 782 1485 836 contemnit
1526 782 1740 836 vincere
1765 822 1779 843 ,
1830 791 1884 836 et

308 868 503 923 multas
532 869 705 924 adhuc
730 871 926 924 excitat
962 871 1264 937 exseritque
1296 870 1569 938 libidines,
1601 870 1884 927 dil‘lieulter

304 976 403 1016 eas
430 970 677 1030 superat,
708 969 772 1016 et
800 960 1053 1015 adversus
1073 976 1131 1016 se
1164 962 1276 1031 ipse
1321 962 1556 1027 divisus,
1604 963 1722 1032 igne
1764 977 1888 1031 pro-

307 1055 425 1124 prio
449 1064 839 1108 concrematur.
869 1054 945 1109 Ne
985 1056 1161 1124 itaque
1198 1071 1382 1124 speres
1408 1055 1557 1125 quasi
1601 1056 1720 1110 illas
1746 1056 1887 1112 solas

308 1160 497 1214 pinnas
517 1143 753 1210 futuras;
781 1155 1073 1216 praesentes
1100 1146 1237 1201 vide.
1267 1146 1615 1217 Supercecidit
1644 1147 1806 1217 ignis,
1837 1155 1887 1201 et

309 1244 412 1281 non
435 1228 664 1282 viderunt
690 1229 864 1282 solem.
1268 1250 1276 1256 ·

377 1320 470 1375 20.
500 1317 723 1392 [versJO
747 1320 767 1394 ]
790 1319 1094 1390 Priusquam
1120 1323 1360 1391 producat
1378 1323 1549 1392 spinas
1568 1332 1753 1376 vestras
1766 1321 1888 1373 rha-

307 1428 480 1476 mnus,
495 1421 730 1482 tanquam
750 1413 962 1466 viventes
983 1422 1220 1483 tanquam
1235 1414 1284 1467 in
1296 1415 1373 1467 ira
1386 1414 1621 1468 combibe:
1634 1430 1736 1467 cos.
1751 1412 1887 1481 Quid

305 1512 394 1560 cst
407 1505 656 1559 rhamnus
671 1504 693 1557 ?
709 1504 989 1573 Spinarum
1006 1519 1170 1575 genus
1192 1516 1296 1569 est,
1312 1506 1887 1574 densissimznquanlam

306 1595 477 1665 spina:
519 1610 637 1650 esse
676 1595 939 1649 dicuntur.
969 1596 1149 1650 Primo
1175 1597 1333 1651 herba
1359 1607 1440 1650 est
1464 1614 1477 1661 ;
1504 1605 1556 1649 et
1580 1611 1699 1650 cum
1729 1596 1888 1649 herba

309 1695 423 1753 est,
454 1687 629 1743 mollis
682 1698 736 1741 et
770 1688 988 1758 pulchra
1038 1697 1119 1741 est
1150 1705 1165 1740 :
1198 1688 1266 1743 ibi
1320 1698 1443 1742 sunt
1496 1699 1668 1742 tamen
1723 1688 1891 1757 spina:

312 1786 500 1847 postea
546 1792 893 1847 processurze.
921 1778 1073 1832 Modo
1092 1794 1221 1848 ergo
1243 1778 1509 1833 delectant
1552 1786 1763 1847 peccata
1784 1818 1798 1842 ,
1838 1787 1890 1832 et

307 1871 460 1939 quasi
487 1885 590 1923 non
617 1879 995 1938 compungunt.
1030 1869 1205 1924 llerba
1234 1877 1316 1923 est
1346 1868 1621 1935 rbamnus,
1654 1878 1706 1922 et
1733 1868 1890 1921 modo

308 1969 486 2014 tamen
511 1969 595 2015 est
621 1961 790 2029 spina.
820 1958 1123 2029 Priusquam
1152 1960 1395 2029 producat
1419 1958 1590 2029 spinas
1611 1958 1850 2011 rhamuus
1872 1974 1892 2011 :

307 2054 615 2126 priusquam
662 2054 975 2108 miserarum
1018 2053 1426 2107 delectationum
1473 2060 1527 2107 et
1566 2051 1890 2120 voluptatum

304 2146 585 2202 manifesta
619 2154 879 2201 tormenta
911 2144 1216 2215 procedant.
1246 2144 1573 2212 lnterrogent
1600 2158 1659 2197 se
1685 2143 1772 2212 qui
1796 2142 1893 2195 ali-

301 2237 432 2308 quid
459 2246 673 2303 amant,
704 2247 757 2291 et
782 2237 846 2291 ad
874 2236 924 2291 id
955 2237 1231 2305 pervenire
1258 2250 1362 2289 non
1390 2244 1609 2304 possunt
1634 2250 1648 2298 ;
1680 2233 1895 2288 videant

305 2332 349 2386 si
394 2346 499 2384 non
543 2331 846 2385 cruciantur
886 2330 1152 2385 desiderio
1182 2347 1195 2384 :
1229 2338 1427 2384 etcum
1463 2329 1799 2398 pervenerint
1825 2328 1891 2382 ad

305 2422 356 2475 id
388 2420 528 2491 quod
561 2420 742 2477 illicile
770 2420 1111 2483 desiderant,
1140 2420 1416 2475 attendant
1438 2420 1483 2474 si
1516 2436 1617 2474 non
1646 2422 1891 2474 crucian-

303 2523 389 2566 tur
433 2513 642 2567 timore.
678 2511 902 2567 Videant
942 2528 1068 2582 ergo
1100 2512 1184 2565 hic
1216 2525 1399 2580 panos
1427 2526 1578 2572 suas,
1606 2521 1889 2581 antequam

299 2605 595 2659 veniatilla
622 2604 972 2671 resurrectio,
1000 2617 1119 2658 cum
1151 2604 1201 2657 in
1232 2618 1394 2657 carne
1419 2593 1755 2672 resurgentes
1786 2618 1888 2657 non

300 2694 738 2749 immutabuntur.
784 2694 982 2749 Omnes
1028 2693 1170 2748 enim
1220 2708 1602 2763 rcsurgemus,
1648 2693 1740 2747 sed
1783 2710 1895 2759 non,

297 2803 491 2843 omnes
518 2789 914 2842 itumutabimur
940 2789 980 2857 (Ι
1009 2786 1127 2843 Cor.
1153 2804 1238 2851 xv,
1263 2785 1376 2859 51).
1400 2786 1677 2840 Habebunt
1698 2789 1891 2856 quippe

294 2884 696 2953 corruptionem
733 2882 909 2937 carnis
945 2881 999 2936 in
1027 2897 1128 2952 qua
1160 2880 1407 2943 doleant,
1436 2894 1541 2934 non
1571 2880 1623 2933 in
1649 2894 1748 2949 qua
1776 2895 1888 2934 mo-

296 2975 504 3029 riantur
530 2989 546 3037 ;
572 2972 769 3042 alioqui
798 2969 953 3026 etilli
983 2970 1195 3025 dolores
1223 2969 1521 3024 (inirentur.
1549 2968 1698 3023 Tunc
1723 2970 1888 3038 Spina:

298 3063 443 3118 illius
463 3062 692 3128 rbamni,
726 3062 775 3115 id
805 3069 905 3121 est,
935 3060 1147 3115 dolores
1170 3075 1355 3114 omnes
1376 3070 1428 3115 et
1453 3060 1888 3128 compunctiones

296 3165 684 3210 tormentorum
735 3153 1109 3224 producentur.
1154 3153 1349 3221 Quales
1392 3152 1572 3220 spinas
1624 3153 1888 3220 patientur

295 3247 372 3304 illi
402 3248 492 3317 qui
519 3246 708 3302 dicturi
740 3255 862 3300 sunt
891 3263 904 3298 :
938 3245 1010 3299 Ili
1038 3255 1150 3299 sunt
1177 3261 1303 3315 quos
1329 3244 1600 3314 aliquando
1627 3243 1887 3299 habuimus

292 3339 351 3394 in
377 3340 534 3394 risum
561 3340 717 3409 (Sap.
748 3356 777 3394 v
796 3382 811 3402 ,
843 3338 938 3409 3)?
960 3338 1150 3408 Spinas
1179 3339 1597 3406 compunctionis
1629 3339 1888 3406 pmniten-

296 3432 386 3486 tia:
404 3473 419 3496 ,
459 3430 554 3486 sed
579 3447 713 3486 serae
742 3443 794 3486 et
823 3430 1161 3485 ittfructtwsa‘.
1184 3469 1199 3493 ,
1228 3431 1363 3483 sicut
1391 3429 1659 3498 Spinarum
1686 3429 1883 3483 sterili-

296 3531 398 3576 tas.
447 3521 762 3578 Pmnitentia
812 3521 965 3590 hujus
1013 3521 1308 3588 temporis,
1355 3520 1510 3575 dolor
1552 3520 1882 3575 medicinalis

292 3621 379 3666 cst
427 3630 441 3667 :
489 3613 796 3684 paenitentia
845 3612 986 3667 illius
1029 3613 1315 3680 temporis,
1344 3610 1498 3666 dolor
1526 3613 1749 3681 pcenalis
1777 3621 1879 3667 est.

295 3702 412 3758 Non
445 3705 522 3759 vis
552 3705 668 3758 illas
696 3704 797 3773 pali
825 3703 1041 3775 spinas?
1074 3704 1169 3758 Hic
1190 3718 1548 3774 compungere
1577 3702 1742 3772 spinis
1767 3718 1883 3772 pa:-

292 3794 563 3861 tritentiic,
609 3803 666 3848 ut
695 3795 861 3849 facias
904 3794 1042 3862 quod
1084 3794 1282 3848 dictum
1314 3804 1397 3847 est
1428 3811 1441 3847 :
1475 3793 1748 3848 Conversus
1773 3810 1885 3847 sum

291 3887 347 3941 in
387 3904 649 3951 (erumna,
695 3904 809 3940 cum
847 3887 1178 3956 conﬁgeretur
1216 3886 1382 3952 spina.
1426 3883 1693 3938 Peccatum
1721 3900 1883 3937 meum

290 3960 503 4048 cognovi
521 4018 535 4043 ,
576 3987 622 4032 et
660 3978 969 4041 iniquitatem
1014 3981 1174 4028 meum
1205 3992 1303 4028 non
1330 3975 1521 4045 operui.
1555 3974 1676 4028 Dixi
1703 3990 1721 4029 :
1747 3974 1882 4030 Pro-

291 4071 534 4124 nuntiabo
575 4070 813 4124 adversus
854 4084 931 4122 me
970 4069 1204 4122 delictum
1244 4082 1405 4120 meum
1436 4066 1700 4132 Domino;
1743 4078 1788 4121 et
1828 4077 1882 4122 tu

289 4163 528 4217 remisisti
552 4163 855 4233 impietatem
879 4161 1042 4214 cordis
1064 4161 1158 4213 mei
1187 4159 1354 4230 (Psal.
1380 4174 1526 4225 XXXI,
1550 4158 1691 4230 L6).
1718 4159 1874 4215 Modo

291 4252 417 4317 fac,
465 4253 623 4307 modo
660 4267 1054 4321 compungam;
1102 4267 1205 4304 non
1242 4251 1292 4304 in
1324 4260 1373 4305 te
1402 4251 1491 4304 fiat
1519 4252 1658 4321 quod
1682 4250 1881 4306 dictum

290 4354 378 4398 est
421 4344 489 4398 de
529 4343 843 4412 quibusdam
884 4342 1317 4405 detestabilibus,
1354 4340 1563 4395 Discissi
1604 4352 1753 4408 sunt,
1793 4361 1883 4398 nec

291 4437 578 4507 compuncti
615 4446 730 4489 sunt
774 4434 943 4506 (Psal.
984 4450 1179 4499 xxxiv,
1216 4434 1321 4501 lli).
1355 4434 1624 4489 Attendile
1661 4434 1747 4505 qui
1776 4434 1882 4489 dis-

288 4529 412 4584 cissi
451 4538 596 4592 sunt,
640 4545 728 4581 nec
768 4528 1050 4598 compuncti
1091 4536 1223 4581 sunt.
1273 4525 1467 4580 Videtis
1509 4525 1756 4581 discissos
1780 4568 1795 4593 ,
1828 4535 1882 4582 et

290 4635 403 4676 non
424 4619 614 4674 videtis
638 4629 1003 4688 compunctos.
1033 4619 1168 4672 Ecce
1197 4627 1387 4686 praeter
1415 4617 1702 4672 Ecclesium
1733 4629 1876 4683 sunt,

289 4719 354 4765 et
395 4726 500 4765 non
542 4725 636 4765 eos
674 4710 926 4781 pmnitet,
968 4719 1023 4762 ut
1063 4708 1271 4763 rideant
1310 4708 1448 4762 unde
1485 4707 1692 4763 discissi
1734 4720 1877 4764 sunt.

292 4801 559 4858 I’roducet
587 4815 771 4873 postea
802 4803 980 4870 spinas
1006 4818 1188 4856 eorum
1211 4802 1484 4855 rbamnus.
1507 4800 1700 4855 Nolunt
1720 4802 1880 4858 modo

292 4895 495 4953 habere
534 4896 990 4965 eompunetionem
1012 4893 1378 4948 medicinalem
1402 4909 1418 4957 ;
1445 4892 1708 4948 habebunt
1735 4903 1883 4964 post-

290 5000 359 5044 ea
406 4986 692 5057 poenalem.
728 4985 831 5040 Sed
886 4986 1044 5039 etiam
1075 4984 1271 5049 modo,
1305 4986 1603 5052 priusquam
1627 4986 1881 5054 producat

291 5075 479 5148 spinas
516 5074 769 5130 rbamnus
789 5117 804 5138 ,
852 5072 1201 5144 superceeidit
1229 5072 1362 5143 ignis
1386 5073 1474 5142 qui
1503 5088 1596 5127 eos
1622 5090 1725 5127 non
1758 5090 1875 5144 per.

292 5165 459 5220 mittit
494 5164 676 5220 videre
718 5165 925 5229 solem,
971 5164 1060 5233 qui
1109 5178 1202 5217 eos
1239 5160 1413 5216 adhuc
1454 5162 1688 5219 viventes
1725 5165 1877 5220 inira

292 5255 391 5312 Dei
416 5255 672 5312 combibit
700 5272 714 5307 :
744 5255 877 5325 ignis
897 5254 1441 5323 concupiscentiarum
1468 5255 1758 5321 malarum,
1784 5257 1881 5312 ho-

291 5364 487 5402 norum
530 5362 814 5411 vanorum,
859 5346 1121 5414 superbiae
1144 5387 1158 5410 ,
1202 5344 1434 5398 avaritia:
1460 5360 1609 5412 sua};
1640 5356 1694 5401 et
1720 5346 1878 5415 quid-

290 5437 419 5509 quid
461 5452 557 5492 eos
582 5440 597 5468 ³
643 5436 829 5506 premit
872 5453 938 5489 ne
982 5444 1299 5506 cognoscant
1324 5435 1596 5490 veritatem
1618 5478 1632 5502 ,
1662 5452 1728 5492 ne
1757 5437 1877 5491 victi

292 5529 612 5593 videantur,
660 5543 725 5583 ue
774 5528 1020 5597 subjiciat
1064 5528 1184 5582 illos
1222 5529 1305 5583 vel
1349 5529 1457 5595 ipsa
1499 5530 1713 5583 veritas.
1741 5530 1876 5602 Quid

291 5621 435 5675 cnim
463 5619 749 5690 gloriosius
767 5661 782 5685 ,
813 5619 1019 5684 fratres,
1042 5634 1196 5688 quam
1228 5618 1412 5688 subjici
1439 5619 1660 5674 et.vinei
1683 5637 1711 5673 a
1735 5621 1877 5674 veri-

294 5710 446 5766 tate?
490 5710 716 5779 Superet
759 5718 809 5764 te
849 5709 1045 5764 veritas
1086 5709 1384 5774 volentem;
1426 5725 1547 5764 nam
1575 5720 1629 5764 et
1656 5710 1875 5766 invitum

364 5845 384 5877 ι
418 5854 520 5896 un.
547 5853 600 5897 et
619 5846 783 5909 proba:
808 5852 933 5896 notae
957 5851 1080 5906 3255.,
1104 5842 1153 5894 in
1177 5844 1292 5907 quid
1307 5856 1385 5895 eos
1400 5842 1586 5907 prcutit.

1410 390 1800 451 ΕΝΑιιῑιΑτιυ
1842 390 1904 446 IN
1946 392 2260 453 PSALMUM
2303 398 2455 452 LVII.

1970 3633 2138 3689 Unde
2182 3633 2309 3687 dicit
2346 3634 2632 3702 Apostolus
2673 3651 2686 3686 :

3463 407 3567 467 €90

1991 506 2101 576 ipsa
2122 513 2407 579 superabit.
2441 514 2577 583 Ergo
2603 514 2688 570 ille
2709 517 2841 586 ignis
2872 519 3414 588 concmiisecntianum
3447 538 3560 580 tua-

1990 599 2156 654 larum
2178 644 2193 667 ,
2238 604 2323 671 qui
2355 607 2704 674 supereccidlt
2735 619 2787 662 ut
2820 625 2923 663 non
2950 611 3160 665 videant
3189 613 3354 667 solem
3374 655 3388 677 ,
3420 630 3569 669 com.

1989 692 2119 748 bibit
2154 694 2430 749 rhamnum
2456 739 2471 762 ,
2509 698 2811 769 priusquam
2855 702 3105 769 producat
3129 702 3307 772 spinas
3333 720 3514 759 eorum
3550 724 3563 761 :

1990 784 2043 837 id
2071 794 2184 850 est,
2218 788 2446 841 occultat
2473 803 2653 843 eorum
2684 792 2876 845 malam
2898 795 3064 846 vitam
3090 835 3104 860 ,
3136 794 3438 865 priusquam
3471 811 3567 865 pa-

1990 877 2091 930 riat
2128 878 2311 933 eadem
2351 881 2456 935 vita
2499 882 2804 939 manifestos
2845 885 2897 939 in
2929 886 3030 941 ﬁne
3058 889 3319 943 cruciatus
3348 907 3362 954 ;
3392 889 3484 944 sed
3516 891 3565 944 in

1992 967 2067 1020 ira
2094 967 2184 1022 Dei
2216 972 2448 1025 occultat
2475 972 2753 1028 rhanmum
2784 976 2917 1046 ignis
2949 978 3065 1032 istc.
3094 976 3209 1033 Non
3239 981 3378 1033 enim
3407 996 3567 1050 parva

1992 1076 2145 1130 paena
2185 1071 2268 1117 est
2307 1063 2447 1131 quod
2496 1065 2652 1119 modo
2698 1082 2802 1121 non
2834 1068 3008 1123 vident
3034 1071 3235 1136 solem,
3265 1074 3363 1127 nec
3390 1073 3569 1141 spinas

1992 1167 2266 1221 poenarum
2307 1155 2532 1209 credunt
2572 1172 2634 1211 ex
2681 1158 2778 1211 hac
2811 1159 2911 1211 vita
2945 1161 3078 1214 niala
3106 1162 3205 1216 sibi
3233 1171 3418 1232 postea
3439 1180 3566 1233 pro-

1991 1259 2253 1299 cessurus.
2307 1246 2411 1299 Vos
2454 1249 2631 1314 enim,
2677 1250 2878 1319 inquit,
2921 1251 3172 1307 rhamnus
3210 1256 3372 1321 estis;
3410 1271 3566 1325 quem

1992 1334 2304 1400 rhatnnum,
2346 1336 2396 1391 id
2438 1348 2520 1392 est
2562 1355 2655 1393 vos
2693 1341 2834 1409 ipsos
2855 1383 2870 1407 ,
2916 1344 3145 1397 viventes
3166 1385 3181 1409 ,
3211 1346 3261 1399 id
3290 1356 3371 1400 est
3396 1347 3569 1403 adhuc

1994 1426 2045 1480 in
2092 1426 2188 1481 hac
2229 1428 2329 1482 vita
2369 1431 2713 1496 constitutos,
2763 1435 3063 1503 priusquam
3097 1437 3147 1489 in
3174 1437 3346 1491 futuro
3368 1438 3567 1507 judicio
3610 1445 3617 1451 ’

1993 1519 2171 1587 spinas
2190 1537 2465 1607 pmnarum
2488 1536 2776 1580 veSIrarum
2805 1527 3110 1584 manifeSIas
3131 1529 3403 1607 producat,
3429 1547 3568 1585 nunc

1996 1611 2047 1665 in
2093 1613 2165 1666 ira
2190 1600 2490 1680 ‘eombibit,
2538 1618 2587 1670 id
2628 1628 2707 1672 est
2734 1663 2747 1685 ,
2781 1620 2927 1688 quasi
2954 1600 3287 1676 absorbendo
3315 1638 3569 1693 apparere

1995 1719 2098 1757 non
2126 1706 2267 1760 sinit.
2297 1707 2393 1762 llic
2420 1709 2592 1779 itaque
2623 1711 2752 1765 ordo
2783 1712 3093 1776 verborum,
3127 1724 3378 1782 quantum
3409 1726 3565 1783 puto,

1997 1797 2199 1866 planius
2218 1799 2286 1853 ita
2315 1801 2652 1856 contexitur:
2678 1802 3017 1871 Supercecidit
3044 1805 3171 1874 ignis
3194 1844 3210 1869 ,
3236 1814 3281 1857 et
3307 1822 3405 1858 non
3428 1807 3569 1858 vide-

1996 1898 2109 1941 runt
2131 1890 2286 1943 solem
2315 1906 2333 1944 :
2359 1892 2445 1960 qui
2474 1891 2606 1961 ignis
2631 1903 2866 1959 tanquam
2894 1895 2944 1947 in
2968 1894 3069 1959 ira,
3102 1904 3338 1965 tanquam
3359 1897 3569 1950 viventes

1996 1995 2080 2033 vos
2112 1981 2375 2035 rltamnum
2402 1982 2662 2048 combibit,
2698 1985 2984 2054 priusquam
3013 1985 3257 2055 producat
3286 1987 3456 2056 spinas
3485 2003 3569 2040 ve-

1996 2084 2123 2127 stras
2149 2089 2167 2126 :
2194 2073 2242 2127 id
2274 2083 2356 2129 est
2374 2117 2387 2140 ,
2420 2090 2513 2129 vos
2539 2076 2681 2145 ipsos
2704 2093 2835 2145 quos
2862 2076 3141 2131 rhamnum
3168 2078 3398 2144 invenit,
3425 2093 3569 2133 com-

1996 2166 2125 2259 bibit
2158 2176 2277 2221 ante
2321 2177 2542 2222 mortem
2567 2209 2582 2228 ,
2615 2170 2921 2239 priusquam
2952 2170 3090 2223 idem
3117 2172 3367 2225 rbamnus
3393 2172 3571 2242 spinas

1996 2267 2197 2311 vestras
2224 2268 2343 2327 post
2367 2271 2587 2314 mortem
2618 2260 2670 2313 in
2704 2260 2788 2314 illa
2818 2262 3008 2329 poenali
3040 2262 3423 2316 resurrectione
3450 2279 3572 2332 pro-

1995 2349 2167 2403 ducat.
2196 2348 2369 2416 Quare
2397 2361 2571 2406 autem
2602 2367 2706 2406 non
2733 2353 2895 2418 dixit,
2919 2354 3173 2418 viventes,
3196 2355 3309 2419 sed,
3332 2366 3569 2425 tanquam

1996 2440 2205 2493 viventes
2225 2482 2239 2504 ,
2279 2441 2376 2494 nisi
2419 2443 2539 2510 quia
2581 2441 2706 2497 falsa
2735 2452 2818 2498 est
2842 2442 2955 2498 haec
2980 2445 3083 2497 vita
3117 2446 3434 2514 impiorum?
3462 2446 3567 2500 Nc-

1994 2548 2096 2602 que
2134 2536 2273 2590 enim
2316 2535 2527 2600 vivunt,
2556 2536 2647 2591 sed
2682 2538 2857 2591 vivere
2885 2536 2984 2591 sibi
3017 2537 3276 2592 videntur.
3310 2539 3377 2591 Et
3405 2555 3568 2607 quare

1994 2639 2099 2677 non
2122 2666 2137 2687 ,
2170 2625 2221 2679 in
2253 2625 2327 2679 ira
2350 2668 2363 2691 ,
2395 2626 2487 2680 sed
2509 2668 2524 2693 ,
2550 2637 2786 2696 tanquam
2812 2628 2864 2680 in
2892 2628 3002 2695 ira,
3033 2628 3132 2682 nisi
3163 2628 3282 2696 quia
3312 2630 3570 2698 tranquil-

1995 2714 2078 2768 lus
2107 2715 2207 2769 hoc
2230 2714 2351 2769 facit
2380 2717 2558 2771 Deus?
2584 2718 2713 2771 Nam
2744 2727 2797 2772 ct
2822 2718 2922 2772 hoc
2948 2720 3201 2788 scriptum
3229 2729 3307 2773 est
3332 2738 3345 2773 :
3370 2712 3447 2774 Tu
3478 2739 3568 2773 au-

1993 2814 2111 2864 tem,
2138 2804 2343 2860 Domine
2372 2808 2749 2875 virtutum,cum
2777 2811 3137 2881 tranquillitate
3154 2810 3360 2880 judicas
3411 2812 3570 2883 (Sap.

1992 2912 2094 2960 xu,
2125 2896 2235 2967 i8).
2266 2898 2355 2952 Ille
2372 2913 2498 2968 ergo
2518 2909 2571 2953 et
2598 2915 2715 2953 cum
2748 2900 2978 2954 minatur
2999 2940 3015 2966 ,
3046 2916 3151 2955 non
3179 2902 3439 2956 irascitur.
3463 2902 3568 2958 Ne-

1991 3004 2092 3058 que
2130 2990 2271 3043 enim
2312 2992 2683 3060 perturbatur,
2724 2992 2815 3046 sed
2861 3002 3107 3062 tauquam
3144 2994 3416 3058 irascitur,
3447 2997 3568 3066 quia

1992 3084 2141 3152 punit
2177 3093 2229 3137 et
2255 3084 2501 3138 vindicat.
2529 3085 2713 3154 Et’qui
2742 3084 2930 3154 corrigi
2965 3085 3147 3139 nolunt
3169 3126 3183 3150 ,
3213 3095 3458 3156 tanquam
3493 3089 3568 3140 vi-

1991 3184 2143 3239 vunt,
2175 3175 2267 3230 sed
2296 3191 2397 3228 non
2427 3176 2625 3229 vivunt.
2648 3175 2883 3231 Vindicta
2912 3177 3053 3230 enim
3079 3177 3232 3246 primi
3255 3180 3491 3248 peccati,
3517 3189 3569 3234 et

1987 3283 2170 3322 eorum
2202 3285 2316 3339 qum
2345 3268 2689 3334 addiderunt,
2721 3278 2899 3324 manet
2922 3286 3081 3339 super
3105 3267 3239 3325 eos:
3264 3282 3318 3325 et
3347 3273 3457 3341 ipsa
3481 3288 3571 3326 vo-

1987 3368 2137 3414 catur
2175 3360 2247 3414 ira
2283 3360 2372 3414 Dei
2399 3403 2412 3421 ,
2444 3362 2564 3429 quia
2594 3360 2660 3415 de
2682 3360 2880 3430 judicio
2903 3360 2995 3414 Dei
3022 3362 3182 3416 venit.
3219 3362 3367 3417 Unde
3393 3364 3570 3417 Domi-

1988 3468 2086 3507 nus
2113 3454 2177 3506 de
2207 3469 2309 3507 non
2338 3454 2586 3508 credente
2610 3454 2683 3508 ait
2712 3471 2725 3506 :
2756 3454 2859 3508 Sed
2878 3455 2956 3507 ira
2982 3453 3077 3507 Dei
3102 3465 3264 3508 manet
3288 3472 3438 3525 super
3457 3472 3567 3509 eum

1988 3544 2163 3609 (Joan.
2196 3560 2251 3597 Ill
2277 3587 2291 3609 ,
2315 3544 2426 3614 56).
2456 3544 2587 3597 (lum
2613 3545 2685 3596 ira
2708 3544 2847 3597 enim
2877 3545 2970 3598 Dei
2997 3545 3247 3598 mortales
3277 3546 3563 3599 nascimur.

2725 3632 2941 3686 Fuimus
2976 3643 3023 3686 et
3053 3651 3144 3686 nos
3173 3635 3443 3701 aliquando
3473 3653 3567 3688 na.

1988 3736 2101 3778 tura
2141 3725 2236 3792 filii
2262 3726 2383 3787 iraa,
2413 3727 2537 3778 sicut
2564 3734 2612 3778 et
2635 3725 2802 3777 eceteri
2830 3723 3042 3792 (Ep/tes.
3072 3738 3107 3777 It
3127 3764 3141 3788 ,
3174 3724 3252 3795 5).
3285 3724 3419 3791 Quid
3445 3736 3525 3779 est
3549 3766 3566 3789 ,

1987 3826 2166 3868 natura
2195 3816 2291 3884 ﬁlii
2316 3816 2436 3879 ἔγω,
2467 3816 2565 3869 nisi
2595 3814 2714 3885 quia
2745 3823 3014 3883 portamus
3043 3814 3316 3868 nobiscum
3349 3831 3565 3883 pinnam

1988 3907 2139 3976 primi
2170 3907 2410 3975 peccati?
2435 3906 2537 3961 Sed
2565 3905 2609 3960 si
2635 3916 3004 3961 eonvcrtamus
3031 3922 3128 3961 nos
3151 3947 3167 3971 ,
3198 3906 3431 3961 aufertur
3457 3908 3569 3972 ira,

1986 3998 2250 4068 prwbetur
2277 3999 2463 4068 gratia.
2490 3998 2605 4052 Non
2635 3998 2715 4052 vis
2738 3998 2972 4053 converti
3000 4040 3013 4063 ,
3045 3997 3195 4053 addis
3220 4000 3375 4052 etiam
3408 4014 3568 4068 super

1986 4088 2038 4144 id
2067 4089 2206 4159 quod
2238 4099 2392 4144 natus
2423 4106 2482 4145 es
2516 4108 2529 4144 :
2560 4099 2806 4159 tanquam
2836 4089 2888 4143 in
2918 4088 2994 4144 ira
3018 4089 3336 4145 combiberis
3356 4091 3407 4145 in
3435 4107 3567 4161 prro-

1986 4182 2122 4237 senti
2154 4191 2413 4250 tempore.

2053 4274 2143 4328 21.
2182 4272 2331 4346 [υενε.
2378 4271 2488 4345 Η.]
2535 4272 2817 4343 Agnoscite
2865 4287 2992 4343 ergo
3034 4273 3187 4327 istam
3228 4288 3470 4342 pinnam,
3513 4283 3567 4328 et

1983 4365 2208 4435 gaudete
2244 4380 2340 4419 vos
2372 4380 2474 4418 non
2502 4379 2622 4418 esse
2653 4364 2701 4416 in
2731 4363 2830 4418 hac
2852 4378 3008 4433 poena
3033 4379 3218 4417 omnes
3241 4365 3327 4433 qui
3358 4365 3567 4432 prolici-

1987 4458 2053 4512 tis
2074 4500 2088 4525 ,
2111 4472 2295 4511 onmes
2316 4456 2402 4526 qni
2426 4454 2715 4526 intelligitis
2737 4464 2790 4510 et
2814 4455 3005 4508 amatis
3029 4454 3303 4509 veritatem
3331 4495 3344 4519 ,
3376 4470 3567 4510 omnes

1983 4549 2071 4618 qui
2113 4549 2228 4618 plus
2270 4548 2321 4601 in
2362 4546 2512 4602 vobis
2542 4547 2699 4601 vultis
2724 4545 2996 4600 victoriam
3024 4543 3259 4599 veritatis
3294 4559 3449 4614 quam
3477 4561 3567 4600 ve-

1983 4650 2145 4695 stram
2168 4680 2182 4704 ,
2210 4640 2298 4709 qui
2322 4654 2426 4692 non
2452 4637 2696 4692 elauditis
2722 4636 2975 4691 adversus
2996 4636 3269 4689 veritatem
3294 4649 3450 4690 aures
3471 4652 3565 4691 ve~

1983 4742 2120 4788 stras
2143 4772 2158 4799 ,
2184 4733 2251 4787 de
2276 4734 2610 4803 praesentium
2639 4731 2990 4785 delectatione
3011 4742 3063 4783 et
3088 4730 3154 4785 de
3176 4732 3562 4800 praeteritorum

1983 4826 2350 4881 recordatimie
2372 4866 2388 4891 ,
2429 4840 2497 4880 ne
2530 4825 2646 4880 sitis
2673 4823 2820 4877 canis
2844 4837 3092 4877 reversus
3117 4821 3183 4876 ad
3211 4837 3363 4877 suum
3392 4824 3562 4878 vomi-

1987 4926 2096 4970 tum
2141 4916 2206 4987 (ΙΙ
2252 4915 2396 4971 Petr.
2439 4932 2510 4982 ιι,
2551 4913 2665 4983 22).
2696 4913 2893 4968 Omnes
2920 4912 3050 4966 tales
3078 4912 3165 4982 qui
3193 4913 3319 4967 estis
3342 4954 3358 4980 ,
3390 4913 3573 4969 videte-

1983 5025 2168 5080 pomas
2207 5025 2391 5064 eorum
2432 5008 2521 5077 qui
2547 5008 2677 5060 tales
2705 5019 2808 5059 non
2835 5014 2957 5059 sunt
2980 5044 2997 5071 ,
3025 5018 3077 5059 et
3102 5005 3346 5075 gaudete.
3376 5006 3564 5061 Adhuc

1982 5103 2268 5157 inferorum
2307 5116 2479 5171 pinnae
2507 5114 2615 5153 non
2645 5107 2934 5164 venerunt,
2964 5096 3137 5152 adhuc
3171 5097 3305 5167 ignis
3334 5108 3562 5153 aeternus

1983 5209 2087 5247 non
2120 5193 2261 5247 venit
2290 5210 2302 5244 :
2330 5198 2603 5259 comparet
2624 5189 2714 5259 qui
2745 5187 2949 5257 prolicit
2973 5187 3024 5241 in
3052 5187 3162 5243 Deo
3186 5204 3244 5243 se
3264 5189 3423 5266 modo
3442 5202 3561 5242 cum

1984 5285 2145 5353 impio
2169 5326 2184 5349 ,
2224 5298 2422 5340 ciccum
2452 5296 2543 5337 cor
2569 5296 2687 5337 cum
2718 5280 3011 5335 illuminalo
3034 5280 3193 5334 corde
3219 5297 3232 5346 ;
3260 5290 3563 5349 comparate

1928 5404 1929 5407 η
1983 5376 2148 5442 duos,
2186 5374 2447 5439 videntem
2494 5381 2548 5428 et
2586 5388 2690 5427 non
2733 5371 2998 5426 videntem
3043 5372 3097 5425 in
3135 5386 3310 5425 carne.
3342 5369 3409 5424 Et
3435 5370 3560 5438 quid

1983 5482 2231 5536 magnum
2271 5475 2353 5519 cst
2396 5465 2526 5518 visio
2565 5463 2787 5518 carnis?
2821 5462 3084 5533 Numquid
3115 5461 3306 5516 Tobias
3335 5461 3562 5514 habebat

1982 5574 2204 5615 cuneos
2229 5559 2411 5613 oculos
2433 5556 2456 5610 ?
2478 5557 2641 5611 Filius
2663 5556 2826 5625 ipsius
2858 5555 3116 5617 habebat,
3142 5562 3194 5606 et
3221 5552 3305 5604 ilie
3336 5568 3437 5603 non
3469 5550 3560 5601 ha-

1982 5653 2174 5715 hcbat;
2215 5661 2269 5707 et
2311 5653 2446 5705 viam
2486 5652 2606 5704 vita:
2649 5664 2823 5703 caecus
2851 5649 3046 5702 videnti
3075 5641 3556 5711 ostendebat(Tob.

1984 5763 2035 5800 tv
2058 5747 2174 5811 ,1).
2223 5747 2359 5814 Ergo
2396 5746 2548 5800 istam
2594 5758 2803 5812 pmnaut
2843 5740 3052 5809 quando
3080 5737 3299 5800 videtis,
3332 5736 3560 5805 gaudete

1984 5844 2106 5909 quia
2132 5839 2182 5892 in
2208 5838 2292 5892 illa
2323 5852 2425 5892 non
2456 5838 2611 5891 estis.
2644 5835 2929 5903 Propterea
2955 5830 3081 5883 dicit
3102 5829 3370 5919 Scriptura
3403 5848 3413 5884 :
3443 5828 3556 5884 ιω-
