4022 6200
447 381 538 438 tot
1227 335 1249 349 κ
1669 375 1723 432 s.
1765 373 2128 432 At'cusrtst
2167 377 2461 435 EPISCOPI

443 499 628 552 labitur
646 496 841 566 justus,
873 507 984 546 cum
1013 491 1188 546 viderit
1214 491 1500 546 vindictam.
1544 490 1657 546 Non
1699 491 1839 546 illam
1877 488 2016 546 futu—

442 605 552 644 ram
583 605 595 650 ;
643 601 758 644 nam
795 583 916 639 vide
950 584 1072 654 quid
1099 586 1338 654 sequitur
1365 603 1378 636 :
1405 583 1588 639 Manus
1616 601 1732 638 suas
1757 583 1940 638 Iuvabit
1965 585 2016 638 in

440 681 678 751 sanguine
719 679 1010 748 peccatoris.
1053 676 1187 746 Quid
1225 686 1306 729 est
1339 675 1482 730 hoc?
1510 674 1748 730 Intendat
1776 675 2016 730 Charitas

439 773 642 826 Vestra.
669 770 932 841 Numquid
960 769 1169 840 quando
1199 769 1458 822 fcriuntttr
1483 767 1757 822 homicidia
1779 809 1793 824 .
1822 766 2018 822 debent

439 866 562 919 illuc
601 866 912 920 innocentes
942 865 1047 928 ire,
1076 873 1128 917 et
1157 863 1330 916 lavare
1363 877 1547 916 manus
1573 861 1732 916 suas?
1761 860 1866 914 Sed
1891 861 2016 930 quid

437 967 550 1024 est,
587 958 639 1010 in
668 957 910 1026 sanguine
933 957 1204 1026 peccatoris
1233 955 1414 1008 Iuvabit
1444 971 1619 1007 manus
1647 970 1764 1008 sua:
1787 953 1812 1006 .9
1833 952 2016 1007 Justus

437 1047 649 1118 quando
692 1048 835 1102 videt
877 1063 1083 1116 pinnam
1137 1048 1460 1116 peccatoris,
1507 1045 1718 1114 proﬁcit
1755 1045 1866 1112 ipse
1911 1061 1923 1097 :
1968 1051 2021 1098 et

436 1156 583 1194 mors
623 1141 840 1196 alterius
880 1142 1018 1194 valet
1053 1139 1117 1194 ad
1159 1139 1317 1191 vitam
1345 1138 1580 1192 alterius.
1609 1137 1661 1192 Si
1689 1136 1828 1190 enim
1861 1135 2015 1204 spiri-

439 1233 650 1286 tualiter
692 1232 906 1302 sanguis
931 1231 1096 1284 euri-it
1125 1229 1190 1282 de
1217 1229 1298 1283 his
1325 1229 1410 1298 qui
1439 1229 1758 1281 intrinsecus
1789 1227 2020 1280 moriun-

438 1331 553 1386 tur,
591 1331 643 1376 tu
673 1323 854 1376 videns
885 1323 1041 1376 talem
1071 1321 1373 1386 vindictam,
1402 1321 1514 1372 lava
1539 1319 1643 1372 iilic
1665 1333 1849 1372 manus
1873 1327 2018 1379 tuas;

439 1414 506 1470 de
544 1425 737 1470 ozetero
775 1415 1020 1469 mundius
1058 1415 1190 1466 vive.
1227 1413 1292 1466 Et
1317 1411 1581 1482 quomodo
1613 1411 1803 1464 lavahit
1835 1423 2020 1463 manus

440 1519 593 1570 Suos,
621 1510 663 1560 si
684 1505 859 1574 justus
887 1505 1004 1558 est?
1033 1504 1164 1572 Quid
1193 1503 1334 1558 enim
1359 1503 1514 1556 habet
1543 1503 1590 1554 in
1624 1501 1861 1554 manibus
1882 1499 2021 1568 quod

441 1595 648 1650 lavetur
667 1637 682 1660 ,
726 1597 768 1649 si
791 1595 965 1666 justus
993 1596 1111 1649 est?
1141 1594 1244 1648 Sed
1271 1595 1441 1662 justus
1473 1610 1536 1647 ex
1567 1595 1664 1647 fide
1693 1593 1820 1645 vivit
1847 1590 2018 1661 (Rom.

440 1703 459 1741 ι
480 1730 492 1748 ,
529 1689 636 1756 17).
655 1687 833 1742 Justus
858 1703 988 1758 ergo
1015 1688 1147 1742 dixit
1170 1686 1350 1742 tidelcs
1382 1705 1394 1740 :
1424 1698 1478 1740 et
1501 1701 1566 1740 ex
1595 1701 1698 1754 quo
1722 1684 1828 1754 jam
1852 1683 2021 1737 credi-

386 1789 401 1803 ι
441 1777 592 1842 disti,
621 1779 729 1845 jam
761 1779 948 1849 incipis
968 1778 1142 1833 vocari
1165 1778 1359 1848 justus.
1383 1777 1542 1831 Facta
1571 1788 1650 1831 est
1674 1777 1812 1830 enim
1833 1775 2018 1830 dimis-

441 1871 524 1924 sio
553 1883 910 1938 peccatorum.
936 1871 1046 1925 Etsi
1075 1871 1142 1926 de
1169 1873 1263 1925 ista
1289 1871 1494 1926 residua
1517 1871 1620 1924 vita
1646 1870 1886 1940 qua'dam
1909 1886 2022 1938 pec-

443 1971 557 2015 cata
602 1973 684 2015 tua
726 1972 879 2028 sunt,
923 1978 1039 2032 qua:
1084 1979 1188 2016 non
1225 1971 1448 2030 possunt
1483 1961 1583 2014 nisi
1615 1971 1858 2030 tanquam
1887 1977 2022 2030 aqua

445 2052 512 2105 de
547 2054 675 2105 mari
706 2053 756 2106 in
785 2043 1044 2107 sentinam
1074 2053 1292 2107 influere
1319 2071 1332 2106 :
1363 2063 1534 2106 tamen
1567 2052 1683 2121 quia
1713 2051 1978 2106 credidisti
2005 2069 2020 2117 ;

445 2157 566 2196 cum
601 2144 789 2198 videris
808 2159 929 2198 eum
957 2145 1044 2213 qui
1075 2145 1290 2198 omnino
1317 2158 1536 2198 aversus
1563 2153 1643 2198 est
1668 2159 1696 2196 a
1723 2143 1828 2198 Deo
1856 2143 2024 2200 occidi

443 2233 500 2288 in
531 2236 616 2290 illa
637 2239 900 2303 Ctl'CllalC,
929 2240 1309 2307 supercadeute
1340 2238 1429 2291 illo
1456 2237 1575 2306 igne
1605 2254 1705 2291 non
1729 2237 1905 2292 videre
1932 2251 2024 2292 so-

445 2325 548 2382 letn
571 2368 586 2391 ,
621 2337 672 2380 tu
703 2329 789 2396 qui
814 2328 922 2398 jam
955 2344 1046 2399 per
1075 2329 1227 2384 tidem
1260 2329 1404 2385 vides
1429 2328 1734 2397 Christum,
1768 2341 1824 2384 ut
1848 2329 2024 2384 videas

442 2435 542 2489 per
581 2422 846 2488 speciem,
889 2422 1009 2491 quia
1049 2423 1222 2490 justus
1266 2437 1328 2476 ex
1371 2421 1471 2476 Iide
1498 2422 1656 2486 vivit,
1689 2421 1900 2476 attende
1927 2423 2026 2476 im-

444 2512 588 2582 pium
629 2512 978 2576 morientem,
1021 2527 1074 2567 et
1101 2528 1260 2584 purga
1301 2524 1352 2568 te
1389 2530 1417 2566 a
1455 2515 1701 2582 peccatis.
1732 2513 1801 2566 Ita
1827 2513 2026 2568 lavahis

445 2603 834 2673 quodammodo
863 2620 1050 2660 manus
1079 2617 1196 2660 tuas
1220 2607 1270 2658 in
1298 2607 1554 2674 sanguine
1585 2606 1892 2674 peccatoris.
1912 2603 2026 2661 Ma:

447 2713 541 2751 nus
560 2713 686 2766 ergo
707 2713 826 2752 suas
854 2697 1038 2751 (arabit
1067 2698 1118 2750 in
1144 2699 1388 2769 sanguine
1407 2698 1698 2766 peccatoris.

515 2788 606 2842 29..
635 2789 782 2873 Lucra.
809 2787 922 2862 12.]
957 2788 1020 2842 Et
1047 2791 1175 2843 dicet
1195 2791 1344 2842 homo
1370 2805 1389 2844 :
1413 2789 1473 2844 Si
1499 2806 1616 2857 ergo
1639 2799 1710 2842 est
1729 2792 1918 2858 fructus
1931 2790 2025 2858 ju-

446 2890 541 2934 sto.
593 2881 729 2934 Ecce
771 2887 1055 2948 antequam
1101 2880 1280 2934 veniat
1322 2879 1458 2948 quod
1499 2879 1844 2948 promittitur,
1875 2889 2023 2932 aute-

446 2985 604 3038 quam
631 2970 784 3024 detur
813 2971 916 3023 vita
939 2980 1135 3024 :eterna
1156 3011 1170 3033 ,
1195 2980 1478 3039 antequam
1512 2969 1656 3039 itnpii
1689 2969 2028 3039 projiciantur

446 3063 500 3116 in
542 3063 712 3132 ignem
751 3071 1007 3117 internum
1031 3103 1046 3128 ,
1079 3063 1162 3118 hic
1191 3062 1241 3116 in
1272 3062 1368 3116 hac
1400 3062 1500 3114 vita
1531 3071 1612 3116 est
1641 3061 1839 3114 fructus
1861 3060 2023 3130 justo.

448 3153 548 3220 Qui
588 3151 828 3207 fructus?
872 3151 977 3224 Spe
1011 3152 1284 3223 gaudentes
1305 3195 1318 3214 ,
1350 3153 1401 3206 in
1441 3152 1757 3205 tribulatione
1787 3152 2027 3222 patientes

447 3243 535 3296 1d.
562 3259 664 3306 xu,
702 3242 811 3314 12).
860 3243 958 3310 Qui
1007 3246 1204 3298 fructus
1233 3243 1420 3312 justo?
1461 3241 1750 3297 Glorientur
1775 3243 1826 3296 iu
1866 3244 2024 3296 tribu-

450 3334 719 3388 lationibus
753 3351 770 3388 :
797 3335 1005 3390 scientes
1027 3336 1145 3404 quia
1173 3335 1424 3388 tribulatio
1455 3335 1741 3402 patientium
1769 3348 2022 3403 operatur,

454 3427 695 3498 patientia
723 3436 888 3480 autem
922 3427 1264 3497 probationem
1287 3467 1299 3491 ,
1327 3426 1552 3496 probatio
1579 3441 1690 3479 vero
1717 3442 1883 3494 spent,
1913 3443 2027 3493 spes

448 3532 614 3574 autent
655 3538 752 3573 nou
787 3519 1090 3592 confundit;
1128 3520 1245 3586 quia
1282 3519 1498 3572 clmritas
1536 3516 1631 3572 Dei
1665 3517 1853 3584 diffusa
1877 3519 2028 3572 estin

445 3612 679 3667 cordibus
703 3613 886 3666 nostris
907 3629 994 3683 per
1025 3611 1270 3680 Spiritum
1287 3622 1512 3664 sanctum
1534 3651 1548 3676 ,
1571 3611 1656 3679 qui
1676 3611 1822 3664 datus
1844 3620 1914 3663 est
1937 3626 2028 3664 tto-

449 3709 522 3763 bis
563 3705 671 3778 (Id.
705 3723 737 3760 v
757 3749 772 3771 ,
807 3704 946 3778 5-5).
978 3703 1181 3760 Gaudet
1207 3704 1445 3758 ebriosus
1467 3745 1482 3768 ,
1513 3713 1567 3758 et
1597 3721 1700 3756 non
1730 3703 1919 3774 gaudet
1941 3703 2028 3771 ju-

449 3799 604 3854 stus?
645 3797 698 3852 In
737 3798 994 3852 charitate
1023 3807 1102 3851 est
1132 3795 1331 3850 fructus
1354 3795 1516 3866 justo.
1547 3795 1705 3849 Miser
1730 3795 1842 3860 ille,
1873 3795 2026 3848 etiam

451 3905 572 3942 cum
602 3905 659 3942 se
689 3889 946 3942 inebriat:
976 3887 1161 3942 beatus
1192 3887 1318 3947 istc.
1347 3887 1504 3941 etiam
1536 3901 1654 3940 eum
1685 3886 1849 3941 esurit
1873 3898 1925 3940 et
1953 3887 2027 3940 si-

451 3982 532 4032 tit.
561 3977 708 4032 Iilum
741 3978 1020 4048 ingurgitat
1047 3978 1364 4043 vinolentia;
1399 3980 1552 4031 istum
1585 3993 1708 4046 spes
1731 3977 1913 4048 pascit.
1943 3977 2030 4034 Vi-

450 4071 573 4126 deat
615 4085 742 4140 ergo
786 4069 922 4124 illius
961 4085 1198 4138 ptenam,
1244 4084 1395 4122 suum
1441 4068 1725 4138 gaudium,
1758 4081 1811 4124 et
1837 4070 2031 4139 cegitet

451 4165 639 4221 Deum.
665 4164 762 4234 Qui
796 4166 900 4220 tale
923 4165 1166 4237 gaudium
1196 4166 1352 4218 modo
1377 4165 1523 4219 dedit
1549 4163 1618 4218 de
1642 4163 1744 4219 (ide
1763 4206 1778 4229 ,
1809 4164 1875 4218 de
1904 4179 2028 4233 spe,

454 4258 520 4312 dc
543 4257 802 4312 charitate
826 4300 840 4323 ,
871 4257 938 4312 de
959 4257 1178 4312 veritate
1198 4255 1580 4324 Scripturarum
1613 4269 1846 4322 suarum,
1876 4256 2031 4326 quale

451 4359 718 4419 praeparat
759 4350 809 4402 in
855 4347 1006 4402 finem
1033 4347 1048 4401 ι
1097 4347 1150 4400 In
1179 4348 1259 4400 via
1291 4348 1367 4402 sic
1396 4346 1593 4416 pascit,
1626 4346 1676 4399 in
1707 4345 1874 4416 patria
1900 4363 2030 4418 quo-

451 4443 612 4498 modo
637 4441 892 4512 saginabit
919 4442 932 4496 !
965 4437 1032 4494 Et
1059 4441 1186 4494 dicet
1215 4440 1362 4493 homo
1387 4455 1405 4493 :
1432 4441 1492 4494 Si
1511 4455 1626 4510 ergo
1644 4449 1714 4493 est
1739 4439 2032 4510 fructusju-

449 4547 546 4590 sto.
573 4535 803 4591 Credam
829 4535 916 4604 qui
941 4533 1148 4598 vident,
1178 4545 1231 4587 et
1260 4533 1469 4586 videant
1493 4543 1545 4587 et
1575 4533 1886 4603 intelligai'it.
1919 4531 2030 4586 ιω-

453 4629 640 4681 tubitur
672 4631 880 4698 justus,
923 4643 1038 4680 cum
1083 4624 1258 4678 viderit
1297 4624 1583 4676 vindictam.
1628 4623 1682 4676 Si
1721 4634 1894 4678 autem
1927 4639 2029 4676 non

454 4715 611 4771 habet
655 4721 836 4774 oculos
873 4717 1012 4772 unde
1042 4715 1216 4770 videat
1245 4714 1527 4769 vindictam
1549 4754 1564 4778 ,
1593 4714 1990 4768 contristabitur
2013 4757 2027 4778 ,

3601 379 3712 442 693

2125 493 2253 549 dum
2287 496 2533 565 produxit
2571 495 2752 566 spinas
2786 495 3074 562 rltamnus;
3111 498 3342 553 nondum
3377 497 3534 564 dicit,
3575 499 3710 554 Cru-

2123 588 2227 641 cior
2241 606 2291 642 ιη
2304 589 2398 642 hac
2417 590 2622 658 ﬂamma
2637 587 2785 657 (Luc.
2812 605 2918 655 xvi,
2939 588 3026 658 19,
3042 589 3135 661 ει)
3157 609 3170 646 :
3189 591 3396 660 sedjam
3412 601 3493 647 est
3514 591 3711 646 mentis

2123 680 2334 732 eiecitas
2355 719 2370 744 ,
2411 680 2518 748 jam
2560 679 2744 734 oculus
2775 681 2967 736 mentis
2995 682 3292 736 exstinctus
3319 691 3419 736 est.
3449 681 3504 737 Si
3534 695 3711 738 cacus

2123 771 2290 824 oculis
2317 772 2492 825 carnis
2516 771 2580 825 ad
2609 787 2843 826 mensam
2873 789 3022 827 suam
3039 773 3330 842 quamlibet
3347 775 3578 845 opimam
3599 773 3712 828 dis-

2123 861 2398 915 cumheret
2429 902 2444 926 ,
2489 863 2742 916 miserum
2785 878 2905 918 eum
2946 864 3152 920 diceres
3199 879 3415 919 :(xtecus
3447 864 3709 929 interius,

2123 937 2316 1022 panem
2359 950 2624 1008 Chrismm
2669 970 2772 1008 non
2812 955 2988 1022 videt,
3016 965 3070 1011 et
3108 957 3294 1012 beatus
3319 958 3441 1012 est?
3467 957 3578 1012 Hoc
3604 971 3712 1011 non

2125 1043 2255 1098 dicit
2295 1043 2392 1098 nisi
2433 1045 2628 1114 pariter
2665 1059 2856 1099 eiectis.
2897 1043 3032 1114 Ergo
3072 1055 3143 1100 est
3169 1046 3361 1114 [ructus
3374 1049 3518 1118 justo
3546 1061 3566 1100 :
3591 1061 3714 1117 ergo

2125 1145 2196 1188 est
2223 1133 2359 1189 Deus
2373 1137 2613 1201 judicans
2642 1153 2727 1190 eos
2754 1139 2805 1189 in
2829 1147 2982 1191 terra.

2195 1226 2286 1308 9:5.
2314 1227 2366 1281 Si
2398 1227 2662 1297 aliquanto
2703 1229 3014 1297 prolixiores
3061 1229 3252 1282 fuimus
3273 1271 3286 1288 .
3323 1227 3446 1282 date
3475 1227 3713 1283 veniam.

2125 1298 2482 1372 ΕκΙίοιιιιιιιυι·
2509 1334 2604 1372 vos
2635 1308 2686 1373 in
2717 1321 2929 1374 nomine
2957 1320 3173 1384 Christi,
3195 1332 3252 1374 ut
3279 1320 3391 1374 [nec
3411 1336 3531 1389 qua:
3555 1319 3716 1373 audi-
3758 1298 3770 1314 ι

2125 1408 2240 1470 stis,
2265 1407 2330 1460 ad
2356 1407 2578 1462 fructum
2600 1409 2860 1477 cogitetis.
2885 1409 3017 1478 Quia
3043 1419 3097 1463 et
3123 1410 3410 1480 prmdicare
3433 1410 3716 1464 veritatem

2125 1498 2257 1552 nihil
2285 1510 2365 1554 est
2389 1541 2406 1565 ,
2435 1501 2479 1553 si
2509 1515 2602 1556 cor
2631 1519 2659 1553 a
2687 1501 2862 1571 lingua
2891 1501 3199 1565 dissentiat;
3227 1515 3276 1556 et
3304 1501 3488 1556 audire
3515 1501 3718 1556 verita-

2127 1599 2230 1644 tem
2257 1631 2270 1653 ,
2299 1581 2428 1643 niliil
2459 1590 2694 1658 prodest,
2727 1593 2770 1646 si
2803 1592 2961 1646 homo
2989 1609 3092 1647 non
3123 1607 3283 1663 super
3310 1605 3512 1662 petram
3543 1591 3718 1648 aediﬁ-

2125 1688 2226 1733 eet.
2257 1679 2354 1747 Qui
2385 1679 2610 1735 auliiicut
2650 1696 2810 1751 super
2839 1691 3039 1752 petram
3063 1724 3077 1746 ,
3109 1684 3221 1752 ipse
3247 1695 3328 1737 est
3365 1685 3456 1753 qui
3484 1683 3634 1738 audit
3661 1693 3720 1740 et

2127 1769 2250 1824 facit
2291 1790 2305 1825 :
2351 1773 2438 1842 qui
2481 1782 2655 1826 autem
2687 1775 2830 1828 audit
2858 1785 2910 1828 et
2965 1790 3067 1828 non
3115 1776 3268 1839 facit,
3299 1777 3523 1830 aediﬁcat
3553 1789 3717 1844 super

2125 1877 2338 1916 arenam
2369 1863 2386 1933 (
2411 1862 2592 1916 Matth.
2622 1879 2714 1926 vn,
2741 1865 2830 1929 ‘24,
2853 1863 2960 1934 26)
2989 1882 3002 1918 :
3027 1867 3116 1936 qui
3143 1882 3244 1920 nec.
3265 1867 3409 1919 audit
3432 1882 3529 1920 nec
3555 1865 3714 1930 facit,

2126 1951 2255 2007 nihil
2285 1953 2529 2008 :cdiiicat.
2574 1954 2678 2010 Sed
2709 1957 2974 2024 quomodo
3017 1958 3103 2026 qui
3149 1957 3375 2011 aedificat
3409 1971 3568 2026 super
3591 1973 3718 2012 are-

2127 2057 2249 2096 nam
2272 2084 2287 2106 ,
2321 2045 2524 2098 ruinam
2553 2045 2652 2098 sibi
2685 2045 2946 2111 :editieat;
2977 2047 3054 2101 sic
3099 2046 3186 2100 ille
3216 2048 3302 2116 qni
3357 2063 3460 2100 non
3491 2047 3717 2101 aediﬁcat

2127 2148 2287 2204 super
2304 2145 2526 2204 petram,
2552 2136 2798 2191 veniente
2824 2135 3002 2198 ﬂuvio,
3029 2137 3144 2191 sine
3169 2137 3328 2191 domo
3354 2137 3572 2205 rapitur.
3596 2136 3717 2192 Non

2127 2234 2210 2279 est
2237 2227 2376 2295 quod
2425 2227 2635 2292 facere,
2669 2227 2768 2280 nisi
2810 2235 2866 2281 et
2914 2226 3179 2283 aedificare
3224 2237 3279 2283 et
3321 2245 3483 2299 super
3511 2239 3716 2298 petram

2128 2319 2421 2386 tediiicate;
2456 2320 2505 2376 id
2527 2329 2627 2384 est,
2651 2331 2704 2376 et
2731 2323 2914 2376 audire
2940 2321 3210 2376 etfacere.
3244 2322 3351 2377 Nec
3374 2323 3512 2376 alius
3531 2323 3672 2376 dicat
3699 2340 3714 2374 :

2128 2412 2319 2484 thuid
2363 2414 2590 2482 procedo
2629 2415 2694 2469 ad
2741 2417 3064 2471 ecclesiam?
3107 2431 3231 2471 ecce
3260 2417 3348 2487 qui
3379 2416 3613 2486 quotidie
3649 2416 3719 2471 ad

2127 2506 2404 2560 ecclesiam
2433 2507 2761 2574 procedunt,
2797 2524 2904 2561 non
2953 2508 3146 2562 faciunt
3171 2508 3310 2577 quod
3339 2509 3578 2562 audiunt.
3612 2507 3720 2562 Fa-

2128 2596 2274 2651 ciunt
2296 2607 2468 2652 tamen
2497 2605 2554 2651 ut
2578 2597 2793 2652 audiant
2817 2640 2832 2663 ,
2864 2599 2940 2653 sic
2968 2609 3187 2668 possunt
3216 2597 3391 2654 facere
3419 2607 3476 2652 ut
3499 2597 3720 2655 audiant

2129 2698 2180 2742 et
2208 2685 2402 2742 faciant
2430 2704 2444 2741 :
2479 2696 2532 2742 tu
2559 2701 2736 2744 autem
2783 2699 3036 2759 quantum
3082 2690 3238 2760 longe
3283 2705 3342 2744 es
3369 2707 3398 2745 a
3430 2690 3677 2746 faciendo
3702 2732 3719 2755 ,

2129 2781 2216 2850 qui
2249 2789 2446 2834 tantum
2479 2779 2618 2849 fugis
2639 2781 2708 2836 ah
2733 2782 3032 2836 audiendo?
3061 2781 3164 2838 Sed
3203 2798 3302 2854 ego
3326 2825 3341 2844 ,
3375 2783 3547 2853 inquit
3568 2825 3583 2849 ,
3609 2799 3720 2842 non

2129 2872 2336 2926 azdifico
2379 2887 2538 2943 super
2561 2890 2796 2930 arenam.
2832 2874 3039 2930 Nudum
3071 2885 3122 2930 te
3149 2876 3462 2930 inventurus
3502 2887 3586 2931 est
3614 2874 3720 2930 ﬂu-

2131 2969 2242 3022 vius
2275 2986 2288 3021 :
2319 2970 2572 3039 numquid
2615 2969 2733 3023 idro
2765 2981 2814 3024 te
2845 2984 2950 3024 non
2995 2969 3266 3025 ablaturus
3293 2969 3412 3024 est?
3462 2969 3718 3040 numquid

2130 3060 2248 3115 ideo
2277 3061 2454 3130 pluvia
2504 3076 2610 3115 non
2657 3061 2898 3116 necabit?
2942 3061 3196 3131 numquid
3245 3061 3387 3116 venti
3438 3071 3721 3132 propterea

2131 3167 2233 3205 non
2265 3152 2562 3220 abripient!
2599 3153 2734 3220 Ergo
2763 3153 2967 3207 veniam
2999 3162 3052 3207 et
3079 3152 3308 3208 audiam.
3341 3153 3448 3209 Sed
3477 3169 3594 3207 cum
3625 3168 3720 3206 au-

2129 3243 2310 3306 dieris,
2343 3244 2443 3297 fac.
2473 3243 2604 3298 Nam
2634 3244 2678 3298 si
2705 3245 2955 3310 audieris,
2985 3253 3038 3299 et
3066 3259 3170 3300 non
3200 3242 3412 3309 feceris,
3442 3245 3722 3300 tedifieasti

2127 3334 2339 3404 quidem
2365 3377 2377 3396 ,
2409 3334 2502 3388 sed
2548 3350 2706 3404 super
2735 3349 2974 3393 arenam.
3017 3334 3149 3402 Quia
3185 3350 3312 3405 ergo
3341 3339 3458 3390 sine
3492 3334 3724 3390 tediiicio

2129 3424 2396 3478 Constituti
2421 3465 2435 3487 ,
2467 3424 2588 3477 nudi
2631 3441 2812 3479 smnus
2838 3468 2854 3491 ,
2882 3425 2934 3479 iu
2962 3425 3189 3481 tediticio
3216 3438 3391 3480 autem
3418 3441 3579 3496 super
3600 3442 3725 3481 arc-

2130 3534 2250 3573 nam
2283 3519 2450 3586 posito
2479 3518 2578 3572 sub
2604 3519 2755 3573 ruina
2799 3535 3009 3583 sumus;
3049 3527 3212 3574 restat
3245 3529 3302 3574 ut
3329 3535 3490 3590 super
3514 3530 3723 3591 peth

2129 3606 2451 3663 azdiflcemus
2469 3649 2482 3672 ,
2511 3616 2565 3662 et
2591 3607 2733 3678 quod
2761 3609 3056 3664 audivimus
3084 3607 3356 3663 faciamus.

2543 3775 2622 3837 IN
2664 3775 2804 3837 PSA
2813 3777 3042 3839 LMUM
3082 3777 3281 3838 LVIII

2715 3876 3130 3934 ENAliliATIU.

2759 3980 2974 4022 scnno-n
3015 3966 3112 4040 (ιι).

2579 4057 2657 4111 De
2683 4059 2844 4126 prima
2872 4068 3013 4127 parte
3043 4057 3263 4112 Paulini.

2206 4171 2256 4225 1.
2291 4167 2440 4242 [vers
2484 4169 2560 4242 1.]
2599 4170 2745 4225 Sicut
2773 4171 2908 4225 solet
2939 4170 3206 4240 Scriptura
3244 4171 3574 4228 Psalmorum
3608 4189 3724 4248 my.

2133 4262 2290 4316 steria
2317 4264 2367 4314 in
2400 4261 2564 4314 titulis
2591 4276 2811 4329 ponere,
2835 4271 2888 4316 et
2916 4261 3140 4316 frontem
3173 4261 3370 4316 Psalmi
3397 4265 3729 4323 sublimitate

2130 4341 2447 4408 sacramenti
2478 4351 2754 4414 decorare,
2788 4363 2844 4408 ut
2869 4354 3098 4410 sciamus
3122 4356 3210 4424 qui
3241 4356 3484 4412 intraturi
3513 4373 3730 4426 sumus,

2133 4459 2250 4496 eum
2285 4453 2529 4512 tanquam
2557 4459 2715 4510 super
2755 4453 2958 4514 postem
2991 4445 3114 4514 quid
3145 4446 3284 4498 intus
3313 4458 3503 4517 agatur
3531 4449 3736 4520 legeri-

2133 4551 2272 4600 tnus,
2300 4537 2378 4588 vei
2401 4535 2550 4604 cujus
2575 4535 2762 4588 domus
2791 4537 2878 4602 sit,
2903 4537 2985 4592 vel
3015 4539 3255 4608 quispam
3277 4537 3348 4592 sit
3373 4541 3515 4594 illius
3540 4543 3740 4610 przedii

2135 4643 2409 4696 possessor
2434 4643 2448 4679 :
2481 4628 2551 4680 ita
2577 4641 2628 4680 et
2655 4630 2706 4680 in
2737 4627 2836 4682 hoc
2863 4631 3066 4698 pSaImo
3093 4631 3322 4699 scriptus
3346 4641 3426 4685 est
3455 4635 3647 4688 titulus
3667 4637 3746 4692 de

2135 4718 2304 4771 titulo.
2340 4717 2504 4771 Ilabrt
2531 4719 2669 4772 enim
2689 4760 2704 4780 ,
2735 4717 2796 4771 In
2828 4721 2996 4788 ﬁnem,
3027 4737 3089 4774 ne
3109 4738 3403 4792 corrumpas
3430 4725 3528 4794 ipsi
3560 4724 3746 4793 placid

455 4823 554 4862 nec
595 4811 887 4881 corrigetur
923 4826 984 4865 ex
1033 4810 1138 4864 illa.
1189 4809 1244 4864 Si
1285 4818 1461 4862 autem
1503 4805 1646 4860 videt
1679 4807 1820 4860 illam
1847 4849 1860 4871 ,
1891 4807 2030 4861 videt

454 4897 579 4964 quid
611 4898 814 4955 intersit
845 4903 982 4956 inter
1005 4902 1439 4972 contenebratnm
1470 4901 1680 4953 oculum
1704 4899 1880 4953 contis
1903 4899 1919 4930 ί
1942 4939 1955 4958 .
1979 4909 2032 4952 ct

453 4989 664 5043 oculum
693 4977 1036 5048 illuminatum
1061 4991 1235 5048 cordis
1259 5009 1272 5058 ;
1302 4991 1440 5046 inter
1468 4985 1792 5061 refrigerium
1815 4991 2030 5044 castita-

454 5081 522 5135 tis
547 5122 561 5143 ,
597 5091 651 5135 et
689 5080 951 5136 [laminam
979 5084 1248 5150 libidinis;
1279 5084 1416 5139 inter
1439 5081 1775 5138 securitatem
1805 5082 1948 5152 spei,
1979 5090 2032 5134 et

455 5174 701 5226 timorem
730 5172 996 5228 facinoris.
1029 5175 1160 5230 Cum
1192 5176 1382 5231 viderit
1409 5178 1538 5244 hoc,
1568 5177 1834 5231 discernat
1861 5189 1918 5228 se
1937 5217 1951 5239 ,
1978 5185 2032 5228 et

454 5263 592 5317 lavet
619 5278 806 5317 manus
832 5280 953 5316 suas
982 5265 1033 5317 in
1058 5267 1511 5334 sanguineipsius.
1538 5267 1780 5320 Proficiat
1800 5281 1863 5319 ex
1882 5281 2027 5320 com-

451 5355 729 5426 paratione
749 5394 762 5417 ,
810 5363 863 5407 ct
905 5354 1080 5420 dicat,
1121 5355 1260 5426 Ergo
1299 5367 1370 5410 est
1395 5358 1584 5426 [ructus
1602 5351 1790 5423 justo':
1815 5374 1933 5426 ergo
1961 5367 2029 5408 est

451 5447 589 5502 Deus
609 5449 848 5517 judicans
877 5462 962 5500 cos
987 5446 1194 5498 interra
1224 5463 1242 5500 :
1271 5447 1500 5500 nondmn
1528 5447 1578 5500 in
1612 5448 1700 5500 illa
1724 5449 1824 5500 vita
1852 5489 1866 5512 ,
1901 5464 2031 5501 non-

449 5541 578 5595 dum
623 5541 672 5594 in
718 5542 836 5609 igne
863 5549 1097 5604 HBICI‘IIO,
1129 5538 1360 5591 nondum
1387 5538 1523 5607 apud
1556 5538 1750 5590 inferos
1775 5581 1790 5600 ,
1822 5540 1912 5593 sed
1946 5541 2030 5593 hic

451 5633 505 5690 in
549 5643 706 5686 terra.
749 5630 883 5686 Ecce
924 5631 1074 5685 dives
1114 5630 1203 5684 ille
1248 5630 1420 5683 adlntc
1465 5629 1696 5684 induitur
1723 5647 1948 5700 purpura
1979 5644 2030 5686 et

452 5719 644 5792 bysso,
695 5733 748 5776 et
787 5721 958 5776 adhuc
993 5721 1236 5790 epulatur
1277 5720 1512 5790 quotidie
1546 5721 1836 5790 Splendide.
1884 5722 2025 5778 Non-

2133 4810 2182 4861 iu
2212 4807 2344 4862 tituli
2367 4810 2762 4880 inscriptionem.
2798 4809 2909 4864 Iloe
2957 4817 3038 4864 est
3082 4813 3221 4882 quod
3266 4813 3374 4867 dixi
3404 4857 3419 4878 ,
3452 4816 3642 4871 titulus
3671 4821 3752 4876 de

2135 4901 2307 4953 titulo.
2339 4899 2590 4967 Qumnam
2614 4900 2756 4954 enim
2801 4901 2867 4952 sit
2911 4903 3044 4956 tituli
3081 4905 3234 4969 hujus
3261 4905 3538 4974 inscriptio
3567 4925 3750 4976 quam

2133 4991 2399 5059 corrumpi
2429 4997 2605 5056 vetat,
2637 4989 2983 5062 Evangelimn
3013 4994 3163 5048 nobis
3193 4995 3407 5050 IlldiCal.
3440 4997 3576 5052 Nam
3607 5015 3755 5057 cum

2135 5079 2392 5135 Dominus
2419 5081 2834 5152 cruciﬁgeretur,
2867 5083 3045 5140 titulus
3076 5085 3358 5154 inscriptus
3384 5101 3468 5142 est
3497 5108 3526 5143 ει
3558 5091 3755 5150 Pilato

2133 5181 2188 5226 et
2219 5172 2418 5240 positus
2442 5214 2456 5236 ,
2490 5173 2600 5226 Rea:
2640 5171 2938 5228 Iudaeorum
2961 5217 2976 5236 ,
3011 5177 3178 5228 tribus
3227 5176 3442 5252 linguis,
3469 5181 3698 5239 hebnea
3729 5227 3757 5253 ,

2133 5277 2300 5332 grreca
2326 5303 2341 5326 ,
2373 5271 2426 5316 et
2456 5263 2610 5316 latina
2641 5259 2788 5333 (Luc.
2836 5280 2964 5320 χχιιι
2991 5306 3006 5326 .
3035 5266 3141 5336 58)
3177 5285 3190 5320 :
3222 5283 3342 5336 qum
3391 5268 3590 5340 linguas
3625 5283 3764 5332 toto

2135 5358 2263 5411 orbe
2290 5358 2518 5412 maxime
2544 5357 2830 5413 excellunt.
2863 5359 3022 5430 Igitur
3051 5363 3094 5416 si
3144 5379 3234 5416 rex
3263 5361 3572 5419 Iudaeorum
3604 5383 3770 5426 cru-

2135 5448 2324 5502 cifixus
2351 5459 2432 5503 est
2455 5491 2470 5514 ,
2501 5457 2556 5503 et
2578 5447 2745 5502 Judaei
2768 5458 2948 5518 regem
2980 5467 3130 5504 suum
3163 5454 3578 5521 cruciﬁxerunt;
3606 5473 3774 5514 cru-

2135 5539 2396 5610 ciftgendo
2421 5553 2542 5594 emn
2569 5539 2730 5593 etiam
2761 5555 2941 5610 regem
2974 5542 3218 5596 Gentium
3248 5543 3487 5598 fecerunt
3513 5587 3530 5612 ,
3563 5553 3778 5620 magis

2135 5646 2292 5700 quam
2321 5629 2647 5684 occiderunt.
2681 5629 2747 5684 Et
2785 5632 2995 5702 quidem
3039 5647 3292 5697 quantum
3344 5636 3394 5688 in
3445 5635 3554 5692 illis
3583 5640 3704 5696 fuit.
3741 5684 3766 5711 ,

2137 5721 2481 5792 perdiderunt
2505 5721 2774 5776 Christum
2795 5764 2811 5788 ,
2841 5722 2934 5777 sed
2966 5723 3063 5777 sibi
3091 5764 3104 5788 ,
3139 5741 3246 5778 ιιυιι
3277 5726 3464 5792 nobis;
3497 5738 3552 5782 et
3583 5745 3776 5789 ιιιοιι-

518 5836 534 5869 ι
567 5835 636 5888 Sic
658 5842 762 5887 Mss.
791 5843 838 5887 At
862 5836 970 5886 cdd.
997 5836 1084 5887 hoc
1106 5835 1224 5898 loco,
1249 5835 1478 5898 carpetis.
1665 5851 1676 5868 ι
2201 5837 2274 5900 (ιἰ)
2310 5837 2501 5888 ttabitus
2525 5846 2629 5900 rost
2651 5847 2950 5900 compertum
2974 5838 3149 5903 Pelagii
3176 5855 3413 5904 errorem,
3452 5857 3516 5894 ex
3544 5857 3591 5892 n.
3623 5846 3736 5903 ιε,
