4022 6200
366 371 464 426 69')

1449 359 1838 416 ENARRATIO
1878 357 1942 413 lN
1981 357 2294 417 PSALMU.“
2330 361 2512 419 ‘M’lll.

3505 381 3608 434 (ΞΜ

365 500 482 544 ιιιιιδ
510 473 590 542 est
617 487 702 542 ille
731 499 823 554 pro
864 483 1014 539 nobis
1038 525 1050 545 ,
1080 491 1132 536 et
1161 477 1412 548 sanguine
1440 493 1536 531 suo
1566 475 1787 530 redemit
1817 483 1964 527 nos.“
2044 486 2152 529 ster
2177 478 2331 530 simul
2362 482 2598 534 confixus
2624 492 2702 536 est
2727 485 2869 539 cruci
2898 501 3015 540 cum
3045 489 3133 544 illo
3161 488 3338 557 (Rom.
3374 513 3445 559 vi,
3479 499 3508 551 6
3535 499 3571 559 ).

364 583 426 632 rit
461 579 616 632 modo
641 594 742 631 non
769 586 848 630 est
873 583 1149 643 corruptus
1195 571 1374 625 titulus
1403 585 1416 622 :
1451 569 1570 638 quia
1599 567 1686 622 ille
1712 581 1802 619 rex
1833 575 1934 626 est,

362 686 468 723 non
501 669 669 721 solum
701 667 945 722 Gentium
973 707 987 730 ,
1017 665 1107 719 sed
1138 665 1294 716 etiam
1339 664 1570 730 ipsorum
1610 658 1933 713 Judzeoruiii.

362 761 496 826 Quid
543 759 722 812 enim?
765 761 893 824 Quia
924 756 1355 810 contradixerunt
1379 793 1394 817 ,
1425 754 1541 806 ideo
1570 752 1706 818 regis
1737 748 1813 802 sui
1843 746 1936 800 do-

363 853 704 906 minationem
725 863 959 905 evertere
983 850 1293 918 potuerunt?
1318 848 1425 900 Rex
1443 857 1523 898 est
1546 855 1596 899 et
1617 860 1770 912 supra
1795 842 1931 894 illos.

364 945 494 998 Nam
526 946 612 998 ille
653 960 741 1004 rex
775 944 969 1012 virgam
1015 943 1234 995 ferream
1280 941 1448 1008 gerit,
1492 954 1592 1006 qua
1623 947 1670 990 et
1715 936 1846 1001 regit
1885 943 1938 986 et

365 1035 576 1105 frangit.
615 1035 719 1106 Ego
745 1077 758 1096 ,
793 1036 957 1103 inquit
983 1077 996 1099 ,
1041 1043 1330 1086 constitutus
1359 1049 1466 1083 sum
1494 1047 1579 1083 rex
1615 1031 1674 1083 ub
1703 1045 1760 1080 eo
1789 1044 1938 1096 super

367 1128 492 1182 Sion
519 1138 732 1179 montem
768 1131 995 1180 sanctum
1024 1127 1160 1195 ejus,
1191 1125 1467 1194 prauiicuus
1497 1131 1800 1192 praeceptum
1837 1119 1937 1170 l)o-

363 1219 505 1272 mitti.
537 1218 782 1270 Dominus
812 1218 938 1269 dixit
985 1217 1050 1268 ad
1095 1232 1171 1267 me
1217 1231 1233 1267 :
1281 1214 1443 1267 Filius
1476 1229 1610 1264 meus
1640 1228 1692 1263 es
1724 1221 1774 1260 tu
1806 1250 1817 1268 ,
1847 1213 1964 1277 ego‘

363 1309 511 1364 liodie
538 1310 684 1380 geniti
711 1319 774 1362 te.
806 1307 1014 1360 Postulo
1037 1325 1066 1358 a
1094 1324 1170 1360 me
1193 1346 1207 1370 ,
1233 1318 1276 1357 et
1309 1306 1434 1358 dabo
1462 1304 1546 1356 tibi
1581 1313 1746 1373 gv'utes
1774 1303 1934 1352 turre-

361 1405 565 1455 ditatrm
606 1413 741 1453 luam
765 1441 778 1465 ,
822 1409 866 1454 et
915 1398 1271 1468 possessionem
1317 1406 1452 1449 tuam
1497 1395 1728 1448 terminos
1769 1402 1931 1443 terrm.

360 1495 521 1565 Reges
546 1511 629 1548 eos
669 1495 718 1546 in
751 1494 887 1562 virga
916 1496 1078 1561 ferrea
1104 1532 1119 1555 ,
1150 1501 1196 1543 et
1240 1502 1476 1553 tanquam
1525 1504 1610 1540 vas
1647 1486 1786 1556 ﬁguli
1817 1501 1936 1536 rou-

360 1598 484 1640 teres
513 1602 593 1640 eos
623 1585 642 1655 (
665 1584 806 1638 Psat.
839 1601 894 1645 il.
929 1583 1020 1639 6~9
1041 1586 1080 1652 ).
1113 1581 1256 1648 Quos
1284 1581 1468 1650 reget?
1493 1595 1621 1648 quos
1651 1586 1888 1630 conteret
1913 1573 1934 1626 1’

359 1678 525 1746 llcget
548 1676 878 1741 obedielites,
905 1684 1144 1729 conteret
1174 1674 1496 1726 resistentes.
1530 1671 1687 1739 Ergo,
1719 1667 1798 1721 Ne
1816 1684 1930 1719 cor-

358 1787 564 1837 rumpas
587 1811 601 1833 ,
631 1772 828 1836 optime
857 1777 910 1821 et
939 1767 1242 1836 prophetico
1277 1784 1289 1818 :
1322 1763 1744 1833 quandoquidem
1775 1771 1824 1814 et
1856 1760 1929 1812 illi

354 1861 524 1915 Judaei
560 1869 933 1928 suggesseruut
982 1867 1104 1911 tunc
1153 1857 1320 1911 Pilato
1345 1898 1359 1919 ,
1395 1867 1448 1910 et
1494 1857 1767 1915 dixerunt,
1806 1850 1929 1903 Noli

354 1954 568 2005 scribere
593 1968 681 2005 rex
715 1952 1011 2005 Judworum
1031 1993 1046 2015 ,
1087 1952 1170 2004 sed
1200 1949 1370 2003 scribe
1395 1989 1408 2012 ,
1447 1949 1565 2018 quia
1593 1948 1698 2014 ipse
1725 1962 1776 1997 se
1803 1944 1930 1996 dixit

352 2063 518 2117 regem
546 2045 878 2108 Judworum;
912 2061 1030 2099 nam
1063 2046 1160 2098 iste
1186 2045 1383 2106 titulus,
1417 2044 1694 2111 inquiunt,
1731 2041 1927 2095 roulir-

352 2140 513 2192 ιιιιινίι
530 2139 672 2191 illum
693 2154 866 2207 regem
887 2138 1055 2191 nobis.
1080 2137 1145 2192 Et
1165 2137 1358 2189 Pilatus
1377 2153 1388 2187 :
1413 2134 1560 2202 Quod
1576 2135 1751 2204 scripsi
1767 2177 1782 2199 ,
1800 2135 1928 2187 scri-

351 2234 433 2302 psi
461 2233 636 2302 (Joan.
671 2248 784 2296 XIX,
805 2232 864 2284 2|
887 2236 927 2300 ).
954 2230 1019 2284 Et
1041 2231 1307 2298 impletum
1331 2239 1408 2282 est
1427 2268 1439 2290 ,
1462 2226 1542 2280 Ne
1556 2244 1862 2293 corrumpas.

423 2327 478 2381 9..
517 2325 622 2381 Nec
661 2325 758 2378 iste
787 2327 930 2379 solus
959 2325 1188 2392 psalmus
1217 2322 1372 2374 habet
1403 2320 1700 2390 Ilujusmodi
1741 2320 1929 2372 inscri-

349 2423 584 2490 ptionem
607 2459 620 2480 ,
651 2427 711 2471 ut
735 2417 911 2469 titulus
943 2432 1046 2469 non
1089 2422 1471 2482 corrumpatur.
1505 2413 1710 2480 Aliquot
1742 2411 1926 2481 psalmi

349 2517 428 2568 sic
469 2513 739 2582 prinnolati
781 2521 901 2564 sunt
933 2509 948 2578 (
977 2509 1114 2564 Psal.
1170 2524 1251 2562 Lvl
1277 2539 1297 2546 -
1320 2523 1439 2560 Lvtu
1466 2508 1507 2574 ),
1548 2507 1638 2560 sed
1668 2516 1840 2559 tamen
1875 2506 1925 2558 ili

349 2607 597 2660 omnibus
645 2604 819 2672 passio
867 2601 1069 2654 Domini
1120 2600 1517 2669 pra'iiunlialur.
1567 2599 1706 2667 Ergo
1752 2608 1805 2653 et
1843 2599 1928 2652 hic

349 2698 705 2766 intelligamus
756 2693 959 2747 Domini
1017 2692 1348 2758 passionem,
1398 2699 1451 2743 et
1491 2691 1732 2759 loquatur
1777 2690 1927 2743 nobis

349 2788 593 2844 Christus
617 2795 774 2854 caput
800 2793 853 2838 et
875 2799 1088 2851 corpus.
1115 2780 1204 2836 Sic
1227 2796 1456 2849 semper,
1480 2791 1567 2834 aut
1592 2795 1757 2849 [πορθ
1783 2797 1925 2834 seni-

347 2899 448 2948 per
474 2880 746 2934 audiamus
766 2893 922 2932 voces
946 2875 1139 2930 Christi
1169 2876 1235 2927 de
1264 2874 1472 2928 Psaliiio
1495 2916 1510 2938 ,
1544 2883 1600 2927 ut
1629 2891 1728 2926 non
1756 2874 1924 2926 solum

351 2977 648 3029 intueamur
672 2981 827 3040 caput
872 2971 994 3023 illud
1037 2985 1198 3022 unum
1248 2968 1588 3022 mediatorem
1623 2968 1714 3020 Dei
1747 2978 1798 3021 et
1829 2969 1926 3019 bo-

350 3067 552 3121 miniim
574 3106 592 3119 .
622 3064 886 3117 hominem
934 3061 1196 3115 Christum
1249 3060 1427 3114 Jesuin
1458 3060 1516 3132 (Ι
1547 3059 1689 3124 Tim,
1722 3077 1755 3114 ιι
1778 3103 1791 3124 ,
1826 3062 1921 3130 5);

349 3157 439 3225 qui
489 3156 646 3211 etiam
686 3153 971 3209 secundum
1025 3152 1348 3206 divinitatem
1402 3153 1452 3205 in
1509 3152 1762 3221 principio
1814 3163 1927 3207 erat

351 3249 604 3312 Verbum,
625 3250 764 3302 Deus
783 3248 917 3316 apud
947 3247 1130 3308 Deum,
1160 3245 1298 3315 quod
1330 3245 1552 3300 Verbum
1585 3262 1708 3298 caro
1732 3246 1922 3299 factum

350 3349 453 3405 est,
478 3352 531 3394 et
556 3339 809 3392 habitavit
835 3339 884 3390 ill
918 3337 1069 3390 nobis
1101 3336 1278 3406 (Joan.
1302 3353 1336 3398 ι,
1374 3337 1421 3397 1,
1454 3336 1572 3404 M),
1601 3353 1723 3390 caro
1751 3353 1812 3391 ex
1837 3353 1924 3391 se-

351 3433 495 3486 mine
523 3431 827 3491 Abraham,
865 3444 923 3482 es
975 3429 1176 3482 semine
1226 3428 1382 3480 David
1429 3427 1494 3480 de
1539 3427 1693 3480 Maria
1726 3429 1925 3498 virgine

350 3529 368 3591 (
400 3525 584 3578 Matth.
607 3541 642 3586 i,
677 3524 696 3576 l
727 3525 742 3589 )
768 3537 782 3576 :
804 3538 903 3574 nou
932 3537 1056 3590 ergo
1085 3521 1228 3573 illum
1255 3520 1423 3573 solum
1454 3520 1538 3587 qui
1562 3531 1638 3573 est
1660 3530 1926 3588 eaputuo-

351 3634 520 3674 strum
553 3620 842 3688 cogitemus
867 3659 879 3679 ,
911 3616 1120 3687 quando
1163 3615 1402 3669 audimus
1446 3615 1709 3668 Christum
1742 3616 1792 3667 lo
1813 3617 1880 3682 pii
1908 3631 1922 3675 ;

351 3713 446 3766 sed
475 3713 762 3780 cogitemus
788 3709 1053 3763 Christum
1081 3714 1236 3774 caput
1264 3715 1316 3758 et
1344 3721 1532 3772 Corpus
1554 3746 1567 3769 ,
1600 3715 1762 3758 totum
1795 3708 1927 3759 inte-

351 3823 503 3877 grum
521 3804 796 3875 quemdam
821 3803 1011 3855 virum.
1041 3799 1199 3852 Nobis
1225 3798 1362 3851 enim
1388 3798 1599 3861 dicitur,
1642 3797 1737 3850 Vos
1763 3810 1926 3849 autem

353 3898 468 3950 estis
490 3912 669 3958 corpus
695 3892 876 3947 Christi
899 3902 943 3943 et
971 3889 1188 3943 membra
1223 3887 1270 3958 (ῐ
1296 3887 1410 3941 Cor.
1442 3903 1532 3946 xu,
1561 3888 1626 3939 :27
1644 3887 1688 3955 ),
1713 3888 1776 3939 ab
1801 3904 1927 3954 apo-

354 3989 493 4041 stolo
524 3987 698 4039 l’aulo.
737 3985 800 4037 Et
845 3982 911 4035 de
957 3982 1047 4033 illo
1096 3980 1286 4032 dicitur
1331 3979 1396 4031 ab
1437 3979 1620 4029 eodem
1673 3979 1926 4045 Apostolo

355 4083 473 4148 quia
498 4087 752 4146 estcaput
775 4076 1022 4128 Ecclesia:
1052 4072 1261 4144 (Ep/tes.
1289 4089 1322 4132 i,
1349 4070 1437 4134 9:2,
1462 4081 1505 4121 et
1527 4069 1718 4124 Coloss.
1750 4087 1784 4132 ι,
1813 4070 1922 4140 18).

353 4176 409 4229 Si
437 4189 565 4244 ergo
597 4175 681 4226 ille
710 4173 866 4239 caput
889 4211 902 4233 ,
938 4182 1032 4220 nos
1074 4180 1266 4234 corpus
1291 4175 1478 4228 ;,totus
1507 4164 1742 4216 Christus
1770 4175 1926 4232 caput

355 4279 412 4323 et
452 4282 661 4336 corpus.
698 4263 993 4329 Aliquando
1036 4261 1174 4314 enim
1220 4260 1420 4312 invenis
1461 4258 1617 4311 verba
1661 4275 1775 4325 qum
1819 4273 1922 4311 non

355 4368 647 4429 congruant
671 4357 848 4422 capiti,
881 4363 930 4407 et
965 4353 1061 4405 nisi
1088 4368 1146 4405 ea
1174 4351 1496 4419 coaptaveris
1517 4351 1744 4420 corpori,
1771 4359 1924 4403 nuta-

355 4453 434 4506 bit
471 4451 762 4504 intellectus
802 4457 921 4500 tuus
954 4461 966 4496 :
1000 4458 1180 4497 rursus
1222 4443 1421 4495 invenis
1470 4441 1628 4495 verba
1659 4457 1776 4510 qua:
1819 4458 1924 4494 non

358 4560 476 4614 apta
499 4553 619 4597 sunt
647 4542 874 4609 corpori,
904 4548 957 4591 et
983 4535 1219 4590 Christus
1247 4545 1422 4588 tamen
1451 4535 1694 4602 loquitur.
1725 4533 1793 4586 lbi
1822 4551 1922 4586 non

358 4638 646 4693 timendum
679 4645 757 4687 est
789 4649 851 4684 ne
892 4639 1032 4684 erret
1061 4629 1310 4698 quisque;
1357 4626 1460 4678 cito
1506 4626 1642 4678 enim
1673 4625 1839 4696 pergil
1870 4635 1926 4680 ιιι

356 4731 514 4800 capiti
545 4737 687 4795 aptet
734 4724 871 4794 quod
913 4721 1052 4776 videt
1092 4719 1295 4787 corpori
1329 4734 1431 4771 non
1476 4718 1775 4771 convenire.
1811 4717 1924 4786 lpse

357 4823 582 4890 denique
613 4824 662 4871 in
689 4833 844 4872 cruce
875 4810 1107 4881 pci'idelis
1131 4853 1143 4870 ,
1175 4825 1235 4863 ex
1267 4822 1485 4876 persona
1511 4809 1747 4876 corporis
1778 4809 1923 4861 locn-

357 4923 440 4968 tus
468 4923 548 4965 est
578 4925 593 4962 :
631 4909 765 4961 Deus
794 4921 955 4966 meus,
993 4902 1124 4954 Deus
1152 4916 1309 4963 meus,
1342 4899 1528 4968 respice
1553 4899 1602 4950 in
1631 4916 1707 4950 me
1728 4941 1741 4964 ,
1773 4917 1926 4966 quare

354 5023 434 5058 me
462 5001 766 5073 dereliquisti
793 4996 811 5071 (
835 4996 984 5050 Psal.
1011 5011 1095 5048 im
1114 5035 1126 5052 .
1158 4992 1212 5054 9.,
1243 5002 1286 5044 et
1333 4991 1513 5045 Matth.
1561 5007 1700 5044 xxvu
1727 5033 1739 5052 ,
1773 4993 1875 5061 46)
1903 4993 1926 5044 ?

353 5099 469 5154 Non
505 5097 642 5151 enim
693 5094 1041 5158 dereliquerat
1080 5085 1343 5140 Christum
1371 5125 1383 5146 ,
1426 5100 1452 5135 a
1499 5100 1600 5151 quo
1645 5084 1924 5138 derelictus

356 5206 463 5244 non
489 5199 587 5242 est.
615 5187 716 5238 Aut
739 5197 862 5236 vero
882 5181 955 5232 sic
977 5178 1040 5231 ad
1065 5194 1158 5229 nos
1181 5178 1340 5239 venit,
1366 5186 1419 5228 ut
1444 5175 1586 5227 illiilli
1613 5176 1883 5228 desereret
1908 5196 1920 5237 ;

353 5293 445 5335 aut
470 5280 547 5332 sic
591 5276 734 5330 illiilli
777 5273 949 5334 misit,
981 5280 1034 5322 ιιι
1063 5269 1127 5320 ab
1178 5269 1264 5320 illo
1309 5266 1634 5319 discederet?
1674 5267 1775 5320 Sed
1804 5269 1924 5334 quia

355 5375 518 5426 homo
539 5370 779 5422 desertus
800 5375 879 5417 est
903 5381 931 5415 a
961 5363 1087 5426 Deo,
1120 5359 1397 5414 Adam‘illc
1428 5374 1668 5423 peccans,
1693 5357 1778 5424 qui
1805 5373 1923 5410 cum

355 5466 551 5518 soleret
577 5459 804 5530 gaudere
850 5456 912 5507 ad
974 5455 1154 5506 faciem
1210 5451 1332 5504 Dei.
1375 5449 1694 5503 Conscientia
1727 5451 1923 5518 peccati

356 5546 640 5608 dctrrriltis
675 5549 802 5617 fugit
844 5567 870 5599 ιι
920 5545 1108 5615 gaudio
1146 5559 1239 5594 suo
1272 5541 1436 5610 (fieri.
1469 5555 1522 5593 ιιι
1544 5581 1556 5602 ,
1590 5539 1621 5592 8
1643 5539 1694 5606 );
1724 5549 1774 5592 et
1805 5555 1925 5593 vel-L-

355 5646 638 5712 (ittl'l'liqttil
680 5643 823 5695 illum
859 5640 997 5691 [lous
1019 5678 1031 5697 ,
1065 5637 1182 5703 quia
1214 5636 1326 5701 ipse
1354 5631 1586 5685 deseruit
1617 5631 1780 5683 Deum
1816 5649 1826 5682 :
1862 5646 1923 5683 ex

357 5755 460 5806 quo
493 5735 657 5789 Adam
701 5732 941 5786 Christus
985 5743 1101 5780 cum
1147 5740 1354 5778 carnem
1385 5724 1709 5791 accepisset,
1740 5721 1839 5776 hoc
1863 5737 1924 5775 ex

361 5847 584 5900 persona
618 5826 779 5897 ipsius
806 5822 976 5879 carnis
1008 5821 1076 5872 ait
1103 5862 1114 5884 ,
1147 5819 1266 5888 quia
1297 5828 1416 5870 tunc
1451 5826 1598 5870 vetus
1641 5814 1797 5869 homo
1829 5831 1924 5870 ilo-

2113 568 2164 622 5.
2210 569 2492 626 Audiamus
2535 589 2659 643 ergo
2702 578 2838 642 quiid
2895 583 3176 648 sequitur:
3214 585 3426 649 Quando
3480 591 3612 643 misit

2047 658 2175 714 Saiil
2197 702 2211 725 ,
2244 673 2288 714 ει
2317 665 2579 719 custodiuit
2627 667 2829 722 domum
2859 673 2966 739 ejus
2986 716 2999 737 ,
3034 685 3086 727 ut
3131 693 3244 730 eum
3292 678 3608 746 interﬁt-erit.

2046 751 2153 806 lloc
2181 767 2284 808 non
2309 756 2372 808 ad
2400 773 2606 811 erucem
2640 761 2864 830 Domini,
2891 765 2983 818 sed
3016 777 3185 819 tamen
3217 770 3280 821 ad
3315 775 3609 835 passionem

2049 846 2248 900 Domini
2281 853 2522 916 pertinet.
2557 851 2850 908 Crucilixus
2893 857 3030 909 enim
3063 860 3336 920 Christus.
3379 872 3431 916 et
3468 879 3611 917 mor-

2046 947 2162 989 tuus
2187 979 2200 1000 ,
2234 950 2284 992 et
2314 942 2547 1008 sepultus
2591 955 2687 998 est.
2745 945 2869 1001 Erat
2898 965 3023 1018 ergo
3055 951 3136 1004 illa
3186 955 3453 1020 sepultura
3494 965 3614 1010 tan-

2043 1042 2196 1094 quam
2226 1029 2410 1084 domus
2445 1049 2456 1083 :
2485 1033 2548 1085 ad
2580 1050 2735 1102 quam
2781 1041 3179 1096 custodiendam
3226 1045 3365 1097 misit
3395 1063 3616 1113 regnum

2042 1120 2340 1174 Judurorum
2365 1165 2377 1185 ,
2409 1126 2617 1193 quando
2662 1130 2910 1184 custodes
2952 1134 3168 1186 adhibiti
3221 1147 3340 1189 sunt
3371 1141 3615 1206 sepulcro

2042 1212 2235 1267 Christi
2268 1215 2488 1283 (Matth.
2526 1235 2702 1283 xxvii,
2753 1220 2876 1288 (36).
2914 1223 2998 1277 Est
3047 1227 3256 1293 quidem
3304 1229 3517 1282 historia
3563 1233 3613 1284 iii

1981 1358 1989 1362 _
2043 1306 2311 1371 Scriptura
2358 1307 2692 1375 Regnorum,
2738 1313 2948 1379 quando
2992 1317 3132 1369 misit
3170 1316 3293 1371 Saill
3339 1321 3402 1372 ad
3433 1331 3612 1374 custo-

2042 1395 2286 1448 illeudam
2317 1398 2566 1465 domum,
2598 1410 2647 1452 lit
2697 1402 3013 1458 interficeret
3058 1407 3215 1461 Daiid
3244 1408 3298 1478 (l
3331 1408 3455 1480 Reg.
3487 1427 3567 1466 ili;
3596 1453 3610 1474 ,

2046 1488 2138 1553 ll)
2179 1502 2191 1539 :
2227 1488 2317 1540 sed
2364 1500 2613 1559 quantum
2655 1493 2773 1546 inde
2813 1499 3034 1565 sumpsit
3063 1499 3147 1566 qui
3182 1499 3442 1554 Psaluiuni
3483 1504 3618 1556 scri-

2044 1580 2164 1645 psit,
2195 1589 2390 1632 tantum
2434 1581 2686 1636 debemus
2712 1584 2973 1640 discutere
3017 1603 3134 1641 cum
3181 1590 3382 1642 titulum
3417 1592 3610 1647 PSulilli

2042 1678 2344 1728 tractamus.
2380 1671 2490 1724 Hoc
2514 1675 2663 1727 nobis
2693 1673 2988 1745 significare
3032 1691 3227 1733 tantum
3263 1685 3459 1745 voluit,
3489 1687 3609 1752 quia

2042 1761 2258 1814 missum
2287 1770 2368 1815 est
2391 1763 2454 1814 ad
2485 1764 2694 1817 domum
2728 1776 2782 1819 lit
2811 1769 3180 1834 custodiretur,
3214 1783 3267 1826 et
3298 1775 3382 1827 ille
3411 1775 3609 1829 interﬁ«

2038 1853 2282 1904 curetur?
2307 1852 2582 1920 Quomodo
2608 1873 2733 1926 ergo
2764 1860 2827 1912 ad
2861 1859 2959 1913 huc
2985 1863 3240 1915 custodita
3271 1873 3351 1918 est
3374 1866 3562 1919 donius

2037 1943 2079 1994 si
2111 1942 2271 1996 David
2302 1943 2556 2014 ﬁgurabat
2583 1948 2849 2003 Christum
2870 1994 2884 2013 ,
2935 1962 2988 2006 ut
3015 1953 3255 2008 Christus
3288 1958 3604 2014 interficere-

2038 2041 2147 2098 tur;
2191 2035 2399 2105 quando
2435 2037 2485 2089 ili
2533 2040 2799 2106 sepultura
2846 2042 3088 2098 Christus
3122 2048 3321 2113 positus
3362 2060 3602 2116 nonest,

2038 2127 2134 2180 nisi
2168 2128 2218 2180 ili
2247 2143 2403 2184 cruce
2432 2130 2776 2198 interfectus?
2823 2134 2978 2189 Refer
3023 2138 3122 2190 hoc
3160 2154 3286 2208 ergo
3327 2141 3390 2192 ad
3418 2156 3606 2210 corpus

2034 2219 2227 2274 Christi
2270 2238 2283 2280 ;
2331 2221 2450 2288 quia
2492 2221 2786 2278 interﬁcere
2823 2223 3086 2280 Chi-istum
3119 2241 3266 2296 erat,
3300 2233 3482 2285 tollere
3510 2247 3605 2288 no-

2036 2327 2153 2365 men
2179 2310 2374 2366 Christi
2407 2329 2470 2366 ne
2497 2313 2801 2368 crederetur
2825 2317 2875 2369 ill
2903 2317 3167 2372 Christum
3195 2363 3207 2381 ,
3236 2322 3361 2374 dum
3391 2324 3606 2377 menda-

2034 2403 2170 2456 cium
2201 2389 2510 2472 prmvaleret
2529 2408 2826 2472 custodum,
2857 2413 2942 2479 qui
2970 2415 3202 2480 corrupti
3229 2425 3349 2468 sunt
3376 2425 3432 2469 ut
3460 2417 3606 2471 dice«

2034 2507 2151 2549 rent
2179 2498 2298 2564 quia
2321 2495 2443 2552 cum
2471 2499 2762 2554 dormirent
2787 2544 2799 2563 ,
2828 2513 3082 2556 venerunt
3107 2505 3346 2575 discipuli
3373 2508 3486 2574 ejus
3511 2550 3524 2570 ,
3553 2519 3607 2562 et

2034 2586 2361 2640 abstulerunt
2401 2604 2520 2642 eum
2551 2590 2771 2661 (Matth.
2806 2608 2964 2646 xxvui
2989 2635 3002 2657 ,
3054 2596 3174 2664 15).
3228 2597 3337 2650 lloc
3375 2609 3453 2652 est
3484 2615 3606 2654 vere

2033 2678 2300 2732 Chrisuim
2327 2681 2462 2736 velle
2492 2681 2811 2748 interficere,
2841 2700 3030 2738 nomen
3062 2687 3463 2741 resurrectionis
3489 2690 3604 2757 ejus

2031 2770 2397 2838 exstinguere,
2444 2780 2499 2825 ut
2541 2773 2869 2827 mendacium
2916 2775 3198 2845 Evangelio
3243 2779 3597 2847 prlcferretur.

2033 2860 2136 2914 Sed
2168 2862 2430 2930 quomodo
2473 2864 2596 2916 illtid
2646 2881 2746 2918 non
2788 2866 2958 2920 effecit
2998 2868 3120 2922 Sat'tl
3147 2911 3160 2934 ,
3196 2879 3249 2922 ιιι
3281 2869 3604 2927 interficeret

2035 2952 2231 3018 David;
2261 2955 2335 3006 sic
2360 2953 2459 3008 hoc
2484 2971 2580 3010 nec
2603 2958 2768 3024 potuit
2797 2974 3011 3027 regnum
3039 2960 3342 3015 Judieorum
3365 2961 3597 3028 efﬁcere,

2032 3056 2084 3097 ιιι
2115 3048 2228 3114 plus
2259 3046 2456 3100 valeret
2486 3049 2842 3105 testimonium
2875 3051 3154 3104 custodum
3186 3052 3559 3109 dormientium
3587 3098 3600 3114 ,

2031 3152 2189 3203 quam
2240 3137 2610 3202 Apostolorum
2661 3141 3006 3208 vigilantium.
3057 3143 3192 3208 Quid
3237 3146 3375 3198 enim
3428 3147 3601 3201 edocti

2031 3237 2152 3279 sunt
2181 3228 2430 3282 custodes
2477 3237 2534 3281 ut
2576 3229 2850 3284 dicerent?
2884 3233 3074 3285 Damus
3104 3233 3250 3288 vobis
3274 3275 3289 3299 ,
3323 3236 3599 3305 inquiunt,

2031 3329 2282 3387 quantum
2309 3320 2465 3374 vultis
2497 3323 2730 3389 pecunia:
2753 3339 2766 3382 ;
2799 3334 2851 3376 et
2877 3324 3034 3378 dicite
3061 3327 3178 3394 quia
3201 3342 3318 3380 cum
3345 3329 3604 3384 dormire-

2031 3412 2118 3475 tis,
2146 3421 2400 3466 venerunt
2430 3413 2671 3480 discipuli
2701 3415 2828 3483 ejus,
2863 3425 2917 3468 et
2944 3417 3273 3470 abstulerunt
3298 3435 3440 3475 eum.
3467 3421 3603 3474 Ecce

2030 3503 2212 3570 quales
2245 3511 2404 3557 testes
2450 3504 2704 3557 mendacii
2745 3513 2928 3557 contra
2957 3506 3230 3560 veritatem
3273 3518 3324 3560 et
3365 3525 3601 3563 resurre-

2030 3596 2258 3647 ctionem
2290 3595 2484 3649 Christi
2537 3597 2732 3650 inimici
2784 3598 2897 3665 ejus
2944 3614 3035 3666 per
3061 3600 3186 3654 Saﬁl
3236 3601 3436 3670 ﬁgurati
3481 3619 3604 3670 pro-

2030 3685 2314 3740 duxerunt.
2351 3687 2644 3757 Interroga,
2677 3688 2952 3743 inﬁdelitas
2989 3692 3025 3753 ί,
3059 3701 3218 3744 testes
3243 3693 3600 3759 dormientes;

2034 3777 2388 3844 respondeant
2416 3779 2506 3831 tibi
2554 3780 2675 3848 quid
2719 3790 2892 3834 actum
2932 3784 3002 3834 sit
3031 3782 3081 3834 ili
3131 3785 3397 3852 sepulcro.
3427 3784 3524 3850 Qui
3555 3788 3600 3840 si

2030 3869 2384 3934 tlttl‘lltit'battt,
2417 3871 2553 3924 unde
2575 3873 2839 3925 scierunt?
2863 3872 2920 3928 Si
2945 3875 3246 3942 vigilabant,
3275 3876 3415 3931 fures
3439 3894 3604 3947 quare

2032 3977 2135 4014 non
2169 3963 2494 4016 tenuerunt?
2523 3964 2669 4016 Dicat
2696 3979 2820 4033 ergo
2845 3965 2983 4033 quod
3012 3968 3266 4035 sequitur.

2100 4058 2152 4106 4.
2197 4051 2341 4126 [vers
2373 4053 2452 4126 2.]
2484 4053 2618 4107 Erue
2647 4072 2723 4108 me
2751 4056 2812 4108 de
2839 4057 3049 4110 inimicis
3078 4059 3198 4111 meis
3220 4101 3233 4121 ,
3269 4058 3400 4114 Deus
3428 4079 3565 4116 meus
3586 4105 3599 4128 ,

2030 4154 2075 4197 et
2096 4147 2157 4198 ab
2178 4147 2540 4214 insurgentibus
2561 4163 2712 4214 super
2739 4163 2814 4200 me
2835 4149 3019 4200 redime
3045 4165 3138 4202 me.
3166 4149 3378 4204 Factum
3401 4163 3482 4207 est
3506 4153 3604 4208 hoc

2034 4239 2082 4290 in
2123 4256 2280 4292 carne
2308 4239 2538 4301 Christi,
2571 4242 2625 4291 fit
2651 4250 2705 4292 et
2732 4242 2782 4293 in
2815 4242 2981 4298 nobis.
3019 4242 3197 4312 Neque
3226 4246 3364 4298 enim
3393 4256 3604 4301 cessant

2033 4330 2229 4383 inimici
2259 4332 2418 4384 nostri
2448 4372 2460 4392 ,
2489 4331 2726 4385 diabolus
2750 4342 2803 4386 et
2828 4333 3000 4402 angeli
3030 4335 3145 4402 ejus
3166 4376 3178 4398 ,
3210 4336 3481 4405 insurgere
3509 4354 3602 4392 su-

2035 4439 2126 4488 per
2157 4438 2251 4476 uos
2280 4424 2509 4491 quotidie
2529 4464 2544 4489 ,
2577 4436 2628 4477 et
2651 4424 2868 4480 illudere
2894 4427 3029 4480 velle
3060 4427 3346 4482 inﬁrmitati
3371 4441 3422 4482 et
3444 4430 3599 4501 fragi-

2035 4514 2163 4565 litati
2189 4524 2412 4604 nostra“,
2441 4515 2854 4584 deceptiuuibus,
2888 4518 3326 4586 suggestionihus,
3355 4523 3600 4576 tentatio-
3629 4583 3632 4588 _

2032 4605 2206 4666 uibus,
2238 4615 2291 4657 et
2314 4605 2727 4676 quibuscumque
2757 4607 2958 4676 laqueis
2985 4609 3211 4672 irretire,
3236 4626 3354 4664 cum
3386 4612 3434 4665 ili
3465 4623 3602 4667 terra

2031 4697 2202 4750 adhuc
2238 4698 2477 4750 vivimus.
2511 4697 2612 4752 Sed
2646 4716 2741 4752 vox
2770 4711 2945 4753 nostra
2993 4701 3168 4769 vigilet
3209 4701 3274 4756 a‘d
3325 4705 3484 4758 Deum
3507 4748 3519 4768 ,
3549 4715 3604 4760 et

2031 4790 2220 4841 clamet
2252 4790 2300 4842 in
2331 4791 2581 4843 membris
2619 4792 2851 4855 Christi,
2893 4793 2991 4846 sub
3020 4795 3192 4861 capite
3228 4796 3276 4848 in
3308 4798 3445 4852 cutio
3468 4813 3602 4854 con-

2031 4881 2212 4933 stituto
2241 4898 2252 4932 :
2287 4879 2417 4932 Erue
2444 4898 2520 4932 mc
2548 4882 2608 4932 de
2637 4882 2847 4934 inimicis
2886 4883 3006 4936 meis
3028 4925 3042 4947 ,
3071 4883 3207 4938 Deus
3244 4903 3380 4941 meus
3401 4928 3417 4952 ,
3457 4900 3502 4941 et
3540 4889 3604 4942 ab

2031 4973 2392 5041 insurgentibus
2421 4991 2568 5040 super
2595 4989 2671 5025 me
2706 4973 2892 5026 redime
2919 4992 3012 5029 me.

2103 5065 2152 5117 5.
2185 5064 2330 5133 [vers
2362 5062 2438 5134 5.]
2472 5062 2605 5114 Erue
2634 5080 2709 5116 me
2733 5064 2797 5116 de
2833 5068 3148 5133 operantibus
3178 5069 3520 5138 iniquitatem,
3551 5080 3600 5125 et

2033 5155 2094 5206 de
2128 5155 2243 5206 viris
2273 5153 2575 5221 sanguiuum
2604 5153 2796 5206 solrum
2835 5171 2910 5208 me
2940 5159 3037 5226 fac.
3073 5158 3235 5212 Erant
3283 5161 3353 5213 illi
3386 5161 3596 5230 quidem

2034 5247 2131 5299 viri
2161 5244 2473 5313 sanguiuuni
2496 5286 2510 5307 ,
2540 5246 2625 5312 qui
2671 5246 2867 5313 justum
2899 5249 3235 5318 occiderunt,
3267 5253 3315 5304 ili
3344 5268 3448 5320 quo
3477 5254 3595 5306 nul-

2036 5340 2134 5390 lam
2179 5337 2384 5403 culpam
2435 5338 2743 5391 invenerunt
2780 5358 2792 5392 :
2825 5352 2976 5394 erant
3020 5343 3091 5396 illi
3125 5344 3221 5397 viri
3261 5345 3595 5414 sanguinum,

2034 5433 2152 5498 quia
2184 5445 2300 5484 cum
2334 5430 2492 5484 vrllet
2540 5432 2833 5501 alienigena
2873 5435 2994 5487 lotis
3047 5437 3287 5490 manibus
3331 5437 3598 5494 dimittere

2033 5523 2302 5576 Christum
2325 5565 2338 5586 ,
2389 5524 2744 5576 clamaveruut
2769 5566 2781 5584 ,
2816 5524 3063 5596 Cruci/ige
3082 5571 3094 5590 ,
3143 5528 3379 5596 cruci/iga
3404 5542 3423 5579 .°
3451 5539 3604 5582 erant

2035 5616 2128 5668 viri
2163 5617 2472 5684 sanguinuiii
2496 5657 2510 5678 ,
2547 5617 2734 5684 quibus
2765 5633 2882 5669 cum
2909 5617 3015 5685 jam
3057 5618 3372 5685 objiceretur
3396 5619 3598 5673 crimen

2035 5709 2304 5778 sanguinis
2331 5707 2560 5765 Christi.
2593 5710 3017 5775 responderunt,
3052 5709 3390 5778 prepinantes
3422 5719 3597 5780 poste-
3643 5789 3646 5792 .

2103 5830 2117 5856 ³
2145 5824 2215 5872 sic
2241 5833 2339 5871 uss.
2381 5829 2432 5870 At
2468 5821 2600 5881 Md,
2623 5815 2936 5885 iiiﬁdelitatis.
2984 5821 2998 5844 ‘
