4022 6200
407 367 511 423 695

405 497 478 539 ris
506 483 634 542 suis,
665 474 884 547 Sanguis
909 473 1018 541 ejus
1045 484 1196 536 super
1225 481 1336 528 nos,
1362 473 1410 517 et
1436 477 1586 533 super
1613 460 1744 530 ﬁlios
1774 467 1968 511 nostros

405 575 616 630 t.-lfutth.
647 585 807 626 κείνη,
825 566 916 629 25,
941 563 1058 622 25).
1085 558 1190 616 Sed
1220 572 1318 612 nec
1342 556 1393 610 in
1423 553 1538 623 ejus
1565 564 1758 619 corpus
1783 559 1972 600 exsur-

402 682 530 738 gere
559 664 653 717 viri
681 659 990 729 sanguinum
1018 659 1382 712 cessaverunt,
1417 660 1538 700 nam
1563 651 1617 700 et
1649 649 1767 710 post
1793 653 1977 738 resur-

399 731 694 812 rectionem
755 747 1227 813 ascensioncmque
1288 737 1525 804 Christi,
1582 731 1976 804 persecutiones

405 859 558 916 passa
589 855 670 898 est
700 838 930 896 Ecclesia
961 855 975 899 ;
1027 846 1081 890 et
1109 836 1192 889 illa
1223 831 1432 902 quidem
1464 828 1634 897 primo
1661 839 1780 894 qua:
1821 820 1974 876 efflo-

406 911 512 992 ruit
548 935 617 989 de
644 941 802 1003 gente
828 930 1129 985 Judaeorum
1155 966 1169 986 ,
1199 925 1268 980 de
1309 937 1412 992 qua
1443 930 1496 974 et
1523 915 1761 987 Apostoli
1807 911 1977 967 nostri

404 1028 638 1085 fuerunt.
671 1025 745 1079 lbi
779 1024 946 1092 primo
973 1017 1273 1088 Stephanus
1316 1011 1575 1083 lapidatus
1603 1018 1684 1061 est
1712 1005 1844 1068 (Act.
1880 1018 1975 1064 vn,
2005 1061 2020 1080 ⁸

334 1105 341 1116 ’
407 1120 551 1189 58),
600 1125 653 1173 et
697 1114 835 1186 quod
882 1110 1167 1165 vocabatur
1214 1104 1435 1173 accepit.
1489 1099 1790 1169 Stephanus
1835 1094 1977 1149 enim

407 1187 616 1269 Corona
645 1209 858 1264 dicitur.
911 1203 1186 1260 llumiliter
1215 1197 1505 1269 lapidatus,
1545 1192 1638 1248 sed
1679 1187 1978 1245 sublimiter

405 1315 708 1361 cnronatus.
758 1298 957 1354 Deinde
1004 1297 1054 1350 in
1085 1293 1342 1348 Gentibus
1369 1290 1782 1344 exsurrexerunt
1819 1293 1977 1346 regna

408 1397 677 1458 Gentium,
699 1403 977 1462 antequam
1005 1389 1058 1442 in
1078 1389 1156 1442 eis
1181 1383 1489 1451 impleretur
1507 1375 1648 1446 quod
1671 1371 1978 1442 praedictum

408 1497 546 1552 erat,
572 1485 866 1541 Adorabunt
892 1498 1002 1535 eum
1032 1493 1203 1533 omnes
1225 1489 1368 1544 reges
1395 1481 1538 1524 terra
1560 1483 1580 1532 ;
1618 1481 1788 1521 omnes
1815 1471 1981 1534 gentes

409 1581 622 1636 servient
650 1579 696 1633 ei
721 1574 891 1647 (Psal.
922 1589 1061 1635 Lxxt,
1097 1570 1184 1641 11)
1215 1585 1228 1621 :
1257 1579 1310 1622 et
1337 1563 1548 1619 fremuit
1577 1562 1804 1629 impetus
1834 1555 1979 1625 regni

411 1671 557 1724 illius
599 1667 853 1722 adversus
889 1674 1049 1719 testes
1073 1659 1268 1716 Christi
1292 1675 1308 1720 ;
1335 1656 1532 1711 effusus
1561 1662 1641 1706 est
1669 1662 1890 1718 magnus
1931 1653 1982 1700 et

411 1761 613 1816 multus
633 1769 918 1828 martyrum
943 1752 1155 1823 sanguis
1180 1769 1192 1803 :
1217 1763 1320 1817 quo
1345 1745 1533 1810 effuso,
1559 1753 1804 1810 tanquam
1826 1738 1984 1792 semi-

413 1862 536 1905 nata
587 1865 738 1920 seges
792 1845 1044 1902 Ecclesia:
1105 1840 1328 1897 fertilius
1382 1833 1674 1906 pullulavit,
1707 1841 1760 1886 et
1817 1837 1982 1883 totmn

411 1919 694 2006 mundum,
723 1939 860 1994 sicut
887 1951 1026 1991 nunc
1052 1932 1428 2002 conSpicimus,
1456 1923 1756 1993 occupavit.
1793 1921 1874 1975 Ab
1903 1919 1984 1974 his

413 2049 542 2106 ergo
587 2034 714 2088 viris
758 2026 1070 2101 sanguinum
1116 2026 1318 2080 eruitur
1350 2020 1610 2080 Christus,
1660 2031 1765 2068 non
1814 2013 1984 2067 solum

413 2105 588 2198 caput,
620 2126 712 2180 sed
752 2125 909 2180 etiam
940 2133 1152 2189 corpus.
1195 2118 1238 2171 A
1268 2115 1397 2168 viris
1433 2109 1746 2180 sanguinum
1785 2105 1986 2160 eruitur

415 2197 677 2286 Christus,
722 2228 776 2274 et
819 2218 897 2272 eis
924 2215 1011 2285 qui
1044 2213 1273 2270 fuerunt,
1317 2215 1370 2261 et
1413 2205 1492 2260 eis
1529 2203 1618 2274 qui
1645 2211 1785 2265 sunt,
1830 2208 1881 2253 et
1909 2197 1988 2251 eis

415 2313 504 2383 qui
531 2311 687 2365 futuri
719 2316 862 2373 sunt,
890 2307 1092 2362 eruitur
1120 2301 1360 2356 Christus
1382 2339 1396 2363 ,
1427 2305 1482 2352 et
1506 2294 1594 2365 qui
1623 2292 1908 2363 prmcessit,
1934 2297 1988 2342 et

415 2404 506 2474 qui
535 2413 637 2467 eSt,
667 2409 720 2455 et
743 2400 833 2470 qui
860 2406 1112 2453 venturus
1137 2405 1236 2450 est.
1265 2392 1506 2447 Christus
1543 2388 1685 2442 enim
1715 2395 1796 2439 est
1821 2393 1984 2436 totum

415 2510 612 2566 Corpus
639 2491 834 2546 Christi
864 2508 876 2545 :
907 2498 962 2544 et
995 2488 1312 2558 quicumque
1341 2496 1479 2535 nunc
1522 2476 1794 2532 christiani
1839 2474 1983 2536 boni,

415 2599 471 2644 ct
500 2587 586 2658 qui
617 2594 740 2640 ante
779 2599 911 2646 nos,
942 2591 996 2636 et
1021 2579 1110 2650 qui
1156 2584 1273 2647 post
1318 2587 1415 2628 nos
1458 2569 1616 2625 futuri
1661 2576 1800 2629 sunt,
1849 2573 1988 2617 totus

417 2655 660 2734 Christus
702 2674 906 2729 eruitur
931 2686 959 2723 a
989 2670 1118 2723 viris
1161 2665 1513 2735 sanguiuum;
1553 2674 1651 2715 nec
1681 2667 1832 2711 vacat
1877 2655 1989 2707 haec

417 2785 541 2836 Vox,
579 2769 637 2822 fit
665 2787 696 2821 a
722 2767 840 2820 viris
861 2765 1163 2835 sanguinum
1189 2759 1382 2813 saluum
1411 2771 1489 2808 me
1515 2754 1614 2822 fac.

489 2862 540 2916 6.
571 2862 732 2932 (vers.
758 2855 850 2927 4.]
894 2855 1024 2921 Quia
1063 2867 1176 2907 ecce
1216 2849 1378 2904 uenali
1404 2855 1518 2901 sunt
1546 2843 1766 2897 animam
1808 2852 1986 2891 meum.

420 2955 711 3013 Potuerunt
759 2960 971 3011 tenere,
1019 2951 1307 3016 potuerunt
1351 2938 1627 2999 occidere,
1671 2932 1831 2987 uenali
1874 2938 1991 2983 sunt

423 3046 641 3098 animum
682 3027 866 3094 meam:
899 3036 1003 3093 Sed
1025 3035 1126 3088 ubi
1164 3042 1280 3096 est,
1322 3026 1598 3096 Disrupisti
1645 3022 1843 3077 vincula
1879 3033 1991 3072 mea

421 3133 594 3204 (Psal.
621 3147 721 3187 cxv
741 3171 755 3190 ,
782 3129 850 3184 16
868 3130 930 3199 )?
972 3126 1072 3182 Ubi
1108 3134 1190 3180 est
1207 3164 1223 3188 ,
1255 3120 1541 3189 Muscipula
1568 3115 1870 3171 comminuta
1897 3121 1989 3176 est,

423 3235 470 3279 et
496 3240 588 3277 nos
617 3222 744 3276 eruti
773 3218 991 3274 sumus?
1028 3215 1129 3271 Ubi
1154 3225 1236 3269 est
1255 3211 1396 3283 quod
1422 3208 1782 3265 benedicimus
1805 3205 1990 3267 Deum,

423 3316 511 3386 qui
533 3331 634 3368 non
664 3312 798 3386 dedit
828 3325 920 3364 nos
945 3309 1000 3361 in
1037 3306 1346 3361 uenationem
1369 3301 1596 3356 dentibus
1623 3313 1793 3351 eorum
1823 3293 1990 3362 (I’sal.

421 3423 605 3471 cntu,
637 3407 689 3468 'l,
713 3404 811 3473 6)?
842 3401 918 3455 illi
944 3398 1157 3472 quidem
1185 3395 1359 3452 venali
1385 3401 1528 3459 sunt,
1557 3391 1649 3446 sed
1677 3391 1727 3444 in
1754 3387 1994 3443 manibus

423 3498 726 3554 venantium
759 3509 861 3548 non
893 3491 1108 3548 dimittit
1140 3485 1481 3558 quicustodit
1509 3481 1688 3538 Israel.
1724 3480 1857 3547 Quia
1882 3493 1995 3532 ecce

425 3591 588 3644 renati
626 3597 741 3643 sunt
783 3586 1004 3638 animum
1032 3598 1193 3636 meam
1217 3595 1235 3632 :
1261 3580 1512 3632 irruerunt
1538 3590 1688 3642 super
1716 3589 1793 3625 me
1820 3575 1993 3642 fortes.

423 3684 543 3740 Non
571 3693 850 3748 meumque
878 3673 1255 3732 transeundum
1286 3679 1367 3725 est
1391 3668 1458 3722 ab
1488 3669 1569 3721 his
1595 3664 1818 3719 fortibus
1844 3681 1856 3716 :
1879 3661 1996 3716 dili-
2030 3659 2035 3666 ’

423 3785 612 3846 genter
654 3770 1024 3828 insinuandum
1054 3765 1252 3834 estqui
1297 3763 1403 3816 sint
1441 3760 1604 3814 fortes
1645 3761 1995 3826 insurgentes.

428 3868 617 3923 Fortes
639 3907 653 3925 ,
683 3878 844 3932 super
867 3874 1023 3930 quos,
1057 3857 1155 3911 nisi
1183 3869 1342 3924 super
1369 3852 1628 3915 infirmos,
1657 3863 1816 3918 super
1847 3847 1996 3899 inva-

430 3958 587 4018 lidos,
618 3969 776 4022 super
801 3967 905 4007 non
937 3947 1136 4004 fortes?
1174 3945 1241 4000 Et
1268 3942 1546 3998 laudantur
1576 3949 1753 3994 tamen
1779 3936 1995 3998 infirmi,

435 4061 492 4107 et.
517 4049 834 4104 damnantur
863 4045 1045 4099 fortes.
1074 4041 1129 4097 Si
1159 4038 1517 4108 intelligantur
1548 4033 1639 4104 qui
1667 4041 1791 4087 sunt
1814 4030 1997 4093 fortes,

433 4145 604 4218 primo
629 4144 802 4213 ipsum
830 4139 1100 4194 diabolum
1125 4134 1380 4190 Dominus
1404 4130 1590 4184 fortem
1615 4127 1750 4182 dixit
1774 4143 1788 4179 :
1815 4123 2000 4218 Nemo,

437 4217 630 4308 inquit,
662 4241 822 4304 potest
860 4232 1052 4284 intrare
1090 4228 1145 4281 in
1185 4226 1390 4279 domum
1433 4222 1600 4294 fortis,
1644 4227 1690 4272 et
1735 4233 1855 4272 vasa
1897 4217 2004 4308 ejus

433 4304 627 4399 eripere
647 4367 664 4392 ,
696 4320 962 4392 uisiprius
999 4316 1277 4388 alligaverit
1318 4317 1495 4385 fortem
1533 4309 1744 4382 (Matth.
1768 4322 1863 4372 xu,
1889 4304 2002 4378 29).

436 4420 685 4492 Alligavit
711 4429 841 4486 ergo
881 4413 1068 4468 fortem
1097 4407 1320 4463 vinculis
1354 4401 1729 4460 dominationis
1762 4414 1910 4462 suaz;
1956 4408 2007 4450 et

437 4527 562 4568 vasa
605 4512 722 4581 ejus
761 4505 1004 4577 arripuit,
1050 4517 1112 4558 ac
1154 4515 1276 4555 vasa
1323 4513 1416 4554 sua
1465 4497 1606 4552 fecit.
1656 4495 1824 4550 Erant
1867 4492 2006 4547 enim

439 4619 626 4660 nautes
669 4603 831 4672 iniqui
870 4612 995 4653 vasa
1023 4593 1248 4656 diaboli,
1279 4591 1368 4662 qui
1409 4589 1689 4644 credentes
1730 4587 1846 4641 facti
1887 4592 2014 4638 sunt

441 4711 566 4751 vasa
611 4695 806 4751 Christi
853 4710 865 4746 :
913 4690 1104 4761 quibus
1129 4685 1412 4757 Apostolus
1457 4681 1605 4746 dicit,
1651 4679 1840 4734 Fuistis
1881 4678 2012 4732 enim

445 4788 715 4858 aliquando
741 4787 981 4850 tenebrat,
1009 4799 1141 4836 nunc
1167 4788 1330 4832 autem
1361 4776 1450 4830 (ua:
1475 4776 1529 4828 in
1554 4773 1770 4827 Domino
1799 4770 2010 4842 (Ep/tes.

447 4898 502 4943 ν,
527 4879 616 4946 8),
645 4880 727 4950 qui
750 4889 895 4933 notas
925 4877 1041 4948 facit
1069 4873 1267 4927 diuitias
1295 4886 1412 4924 suas
1438 4868 1492 4921 in
1516 4880 1636 4920 vasa
1664 4861 2017 4917 misericordia

451 4971 626 5042 (Rom.
657 4987 729 5035 Ix,
753 4969 869 5040 25).
897 4969 1124 5024 Possunt
1151 4981 1279 5036 ergo
1313 4963 1399 5017 isti
1435 4960 1603 5015 fortes
1643 4954 1880 5026 intelligi.
1910 4953 2014 5010 Sed

449 5072 574 5121 sunt
615 5062 667 5116 in
715 5059 1013 5115 hominibus
1058 5057 1270 5128 quidam
1318 5055 1480 5109 fortes
1525 5047 1922 5120 reprehensibili
1965 5055 2018 5101 et

449 5152 738 5211 damnabili
783 5148 1083 5204 fortitudine
1104 5190 1118 5214 ,
1149 5149 1236 5217 qui
1280 5152 1605 5215 prmsumnnt
1645 5139 1856 5211 quidem
1880 5179 1894 5203 ,
1924 5138 2017 5192 sed

452 5249 521 5304 de
552 5242 836 5313 temporali.
854 5239 1121 5295 felicitate.
1150 5237 1263 5292 Non
1286 5237 1435 5290 vobis
1458 5235 1665 5288 videtur
1692 5231 1849 5286 fuisse
1870 5229 2019 5283 fortis

453 5341 606 5396 dives
629 5338 761 5400 iste,
789 5337 879 5402 qui
910 5345 1047 5384 nunc
1072 5346 1134 5385 ex
1167 5328 1450 5396 Evangelia
1480 5328 1729 5381 recitatos
1754 5333 1856 5387 est,
1887 5338 2021 5392 quo-

449 5434 597 5490 niam
622 5425 878 5485 successit
913 5423 962 5478 ei
992 5422 1137 5492 regio
1163 5423 1214 5476 in
1243 5421 1506 5490 opulentia
1550 5420 1808 5472 fructuum
1829 5417 1854 5468 Ἰ
1896 5416 2020 5470 Per-

455 5523 700 5579 turbatus
728 5516 1006 5574 consilium
1049 5510 1430 5568 reconditionis
1466 5510 1700 5573 invenit,
1728 5519 1786 5562 ut
1813 5507 2026 5561 destru-

453 5616 558 5671 ctis
577 5610 844 5667 veteribus
864 5604 1158 5677 apothecis,
1186 5617 1348 5657 novas
1366 5609 1696 5656 construeret
1721 5598 2022 5666 ampliores,

454 5709 638 5774 eistme
677 5697 977 5770 completis,
1023 5696 1212 5751 animae
1251 5709 1360 5748 sum
1395 5692 1637 5747 diceret:
1671 5689 1839 5744 Habes
1869 5689 2027 5741 multa

460 5799 593 5853 bona
612 5837 626 5863 ,
655 5796 865 5858 anima;
901 5790 1136 5860 epulare,
1175 5785 1491 5860 jucundare,
1524 5784 1707 5839 satiare
1735 5779 1899 5851 (Luc.
1929 5795 2026 5848 xu,

437 5956 452 5982 Ι

1632 346 1689 401 S.
1730 334 2092 398 AUGUSTI!"
2131 336 2424 393 EPISCOPI

3551 332 3658 388 696

2086 451 2294 520 lli-l9).
2323 450 2539 519 Qualem
2583 449 2770 505 fortem
2813 449 3002 506 vides?
3050 449 3182 503 Ecce
3222 449 3369 502 homo
3414 451 3498 514 qui
3554 466 3655 502 non

2079 547 2245 608 posuit
2273 543 2435 598 Deum
2459 544 2741 612 adiutorem
2772 561 2918 598 suum
2936 585 2951 606 ,
2979 543 3066 596 sed
3095 543 3312 610 speravit
3338 542 3390 594 in
3419 541 3655 594 multitu-

2080 639 2196 693 diue
2221 639 2503 692 divitiarum
2529 655 2754 692 suarum.
2784 637 2917 692 Vide
2940 651 3095 706 quam
3125 635 3274 689 fortis
3296 633 3363 687 sit
3392 651 3405 688 :
3431 633 3496 686 Et
3521 649 3655 702 prc—

2079 730 2256 788 ualuit.
2285 729 2472 798 inquit,
2498 731 2548 782 in
2576 728 2792 782 vanitate
2818 744 2911 781 sua
2939 725 3112 795 (Psal.
3138 743 3206 789 ιι,
3236 725 3310 797 9).

2151 822 2202 874 7.
2232 820 2366 876 Sttut
2389 829 2443 874 cl.
2469 820 2553 873 alii
2584 818 2743 872 fortes
2762 860 2775 883 ,
2805 834 2907 872 non
2936 819 3004 872 de
3031 817 3227 872 divitiis
3245 859 3260 881 ,
3293 831 3398 871 IlOtt
3429 816 3495 871 de
3522 816 3652 870 viri-

2081 913 2180 967 bus
2205 913 2477 981 corporis,
2505 927 2608 966 non
2647 911 2713 966 de
2751 911 2928 980 aliqua
2966 910 3017 963 in
3059 919 3299 978 tempore
3331 907 3651 976 princellenti

2081 1002 2314 1071 potentia
2338 1000 2624 1071 dignitatis,
2655 1000 2747 1054 sed
2779 1008 3157 1070 pnesumentes
3183 999 3249 1054 de
3285 999 3488 1068 justitia
3526 1013 3646 1052 sua.

2081 1091 2194 1146 lloc
2220 1107 2387 1162 genus
2415 1091 2628 1146 fortium
2658 1091 2970 1156 cavendum,
3004 1090 3366 1157 metuendum,
3401 1105 3653 1145 aversano

2083 1182 2230 1245 dum,
2261 1199 2364 1238 non
2392 1183 2698 1237 imitandum
2732 1199 2746 1236 :
2784 1183 3244 1252 prmsumentium,
3278 1184 3524 1253 inquam,
3551 1199 3660 1236 non

2083 1273 2150 1328 de
2173 1288 2424 1343 corpore,
2458 1289 2563 1328 non
2597 1273 2666 1329 de
2692 1275 2879 1342 Opibus
2901 1315 2916 1342 ,
2949 1290 3057 1327 non
3100 1273 3166 1328 de
3193 1289 3424 1344 genere,
3457 1290 3561 1327 non
3588 1274 3659 1328 de

2085 1367 2319 1434 honore;
2350 1367 2524 1423 omnia
2550 1368 2692 1423 enim
2724 1369 2821 1422 ista
2853 1368 2973 1437 quis
2998 1383 3099 1422 non
3127 1367 3302 1424 videat
3327 1367 3661 1437 temporalia,

2084 1457 2223 1512 ﬂuxa
2240 1499 2255 1525 ,
2281 1457 2500 1521 caduca,
2531 1459 2800 1513 volatica?
2828 1458 2921 1512 sed
2950 1459 3382 1527 pnnsumentinm
3406 1461 3474 1514 de
3496 1460 3660 1529 justi-

2088 1552 2156 1605 tia
2181 1565 2294 1606 sua.
2322 1551 2467 1605 Talis
2490 1550 2740 1606 fortitudo
2773 1550 3045 1620 impedivit
3070 1550 3281 1606 Iudaeos
3307 1567 3375 1606 ne
3399 1567 3494 1622 per
3521 1551 3665 1608 fora-

2087 1658 2207 1696 men
2237 1657 2364 1696 acus
2394 1643 2656 1697 intrarent
2681 1643 2699 1711 (
2721 1642 2902 1696 Matth.
2936 1659 3022 1696 th
3044 1684 3058 1707 ,
3086 1642 3211 1713 24).
3254 1644 3383 1699 Cum
3413 1647 3553 1699 enim
3596 1647 3665 1699 de

2086 1748 2146 1788 se
2172 1743 2499 1801 praesumunt
2535 1733 2676 1803 quod
2711 1733 2839 1802 justi
2882 1734 3021 1798 sint,
3048 1743 3101 1787 et
3133 1743 3378 1803 tanquam
3409 1735 3523 1788 sani
3563 1735 3664 1788 sibi

2087 1825 2363 1890 videntur,
2397 1824 2710 1880 medicinam
2742 1834 3150 1888 recusaverunt,
3187 1837 3241 1880 et
3272 1826 3444 1895 ipsum
3491 1827 3664 1882 medi-

2090 1931 2209 1970 cum
2252 1926 2592 1970 necaverunt.
2640 1916 2796 1971 Tales
2839 1932 2966 1986 ergo
3013 1917 3208 1982 fortes,
3254 1933 3359 1972 non
3401 1919 3663 1984 infirmos,

2090 2026 2196 2063 non
2225 2011 2367 2064 venit
2395 2025 2584 2064 vocare
2613 2011 2700 2080 qui
2742 2011 2874 2064 dixit
2905 2028 2918 2064 :
2948 2009 3068 2064 Non
3101 2021 3172 2064 est
3198 2028 3321 2081 apus
3346 2013 3481 2064 sanis
3507 2012 3667 2064 medi-

2089 2119 2209 2166 cus,
2236 2102 2323 2156 sed
2349 2101 2479 2155 male
2507 2102 2815 2156 habentibus.
2847 2101 2968 2156 Non
3007 2103 3120 2156 veni
3146 2119 3320 2157 vocare
3349 2105 3516 2175 justas
3533 2143 3547 2166 .
3573 2104 3666 2156 sed

2092 2204 2372 2263 peccatores
2399 2195 2450 2247 in
2481 2195 2837 2262 paenitentiam.
2871 2194 2959 2250 lsti
2991 2206 3146 2250 erant
3177 2198 3338 2251 fortes
3376 2196 3467 2264 qui
3496 2196 3667 2251 insul-

2094 2287 2277 2340 labant
2302 2286 2572 2356 discipulis
2603 2287 2818 2350 Christi,
2847 2288 2968 2357 quia
2997 2288 3246 2358 magister
3274 2301 3459 2342 eorum
3486 2285 3550 2340 ad
3581 2290 3651 2342 in-

2094 2379 2275 2434 firmos
2298 2380 2544 2442 intrabat,
2569 2389 2624 2435 et
2651 2380 3030 2434 convivabatur
3057 2394 3176 2433 cum
3209 2379 3450 2432 infirmis.
3476 2379 3665 2446 Quare,

2097 2471 2358 2540 inquiunt,
2383 2472 2618 2540 magister
2639 2481 2796 2524 vester
2815 2488 2927 2524 cum
2955 2470 3235 2540 publicanis
3260 2480 3304 2524 et
3325 2472 3671 2539 peccatoribus

2092 2563 2357 2615 manduca!
2387 2562 2410 2629 (.
2437 2560 2521 2614 Id.
2568 2577 2648 2626 Ix,
2702 2559 2935 2630 “15)?
2977 2561 3020 2617 Ο
3073 2561 3236 2615 fortes
3287 2561 3478 2631 quibus
3503 2563 3671 2616 medi-

2095 2669 2188 2709 cus
2227 2671 2359 2724 Opus
2387 2669 2490 2708 non
2537 2657 2658 2709 est!
2702 2654 2982 2708 Fortitudo
3021 2655 3117 2708 ista
3150 2670 3252 2707 non
3284 2655 3527 2709 sanitatis
3562 2668 3668 2719 ρει,

2095 2747 2186 2802 sed
2224 2747 2462 2800 insaniat.
2491 2747 2620 2802 Nam
2651 2758 2704 2802 et
2736 2747 3051 2815 phreneticis
3081 2747 3208 2801 nihil
3239 2747 3458 2815 fortius,
3485 2749 3673 2802 valen-

2095 2838 2257 2892 tiores
2299 2847 2422 2890 sunt
2459 2839 2644 2892 sanis:
2677 2839 2768 2892 sed
2798 2848 2997 2907 quanto
3043 2839 3275 2907 majores
3316 2839 3476 2904 vires,
3521 2850 3674 2894 tanto

2096 2945 2240 2984 mors
2267 2929 2509 2984 vicinior.
2539 2933 2755 2984 Avertat
2785 2946 2913 3001 ergo
2955 2932 3091 2985 Deus
3137 2931 3204 2984 ab
3246 2931 3539 2986 imitatione
3573 2948 3672 2985 uo-

2095 3032 2202 3076 stra
2236 3022 2397 3077 fortes
2426 3023 2572 3078 istos.
2605 3023 2918 3077 Timendum
2948 3032 3030 3077 est
3059 3023 3200 3077 enim
3233 3038 3300 3078 ne
3327 3039 3420 3078 eos
3447 3025 3674 3094 quisque

2097 3115 2219 3168 velit
2264 3114 2478 3169 imitari.
2539 3115 2732 3170 Doctor
2781 3126 2956 3188 autem
3013 3114 3355 3181 humilitatis,
3406 3117 3676 3187 particeps

2098 3214 2301 3260 nostra».
2323 3205 2663 3270 infirmitatis,
2691 3205 2895 3259 donans
2919 3206 3374 3276 participationem
3404 3223 3514 3262 sua:
3540 3208 3677 3263 diri-

2097 3299 2310 3362 nitatis,
2343 3297 2408 3352 ad
2455 3298 2556 3352 hoc
2597 3297 2926 3354 descendens
2965 3307 3020 3352 ut
3061 3298 3199 3352 viam
3241 3298 3459 3354 doceret
3496 3308 3550 3354 et
3587 3301 3675 3354 via

2099 3388 2250 3444 fieret
2277 3387 2454 3461 (Joan.
2484 3404 2591 3452 xiv,
2621 3389 2655 3444 6
2679 3388 2696 3459 )
2716 3431 2730 3454 ,
2760 3390 2988 3444 maxime
3016 3403 3162 3444 suam
3195 3389 3545 3446 humilitatem
3575 3408 3676 3444 no-

2097 3479 2180 3536 bis
2208 3481 2580 3536 commendare
2606 3481 2854 3550 dignatus
2883 3489 3000 3545 est;
3031 3488 3084 3535 et
3115 3479 3233 3534 ideo
3258 3495 3288 3534 a
3315 3496 3472 3535 servo
3498 3480 3679 3550 bapti-

2098 3573 2207 3628 zari
2235 3588 2342 3628 non
2368 3571 2681 3642 dedignatus
2697 3582 2789 3632 est
2821 3572 3029 3643 (Matth.
3059 3587 3132 3636 tu,
3166 3573 3277 3640 15),
3307 3581 3367 3626 ut
3395 3586 3494 3626 nos
3516 3572 3682 3629 duce-

2099 3675 2182 3721 ret
2225 3665 2463 3721 confiteri
2511 3675 2722 3735 peccata
2773 3674 2972 3730 nostra,
3016 3676 3069 3719 et
3116 3665 3367 3718 infirmari
3409 3675 3465 3719 ut
3508 3665 3683 3720 fortes

2100 3758 2285 3822 simus,
2309 3755 2504 3812 habere
2526 3756 2700 3826 potius
2720 3756 2957 3825 Apostoli
2979 3771 3159 3811 vocem
3185 3757 3430 3824 dicentis,
3459 3758 3682 3822 Quando

2100 3849 2349 3918 inﬁrmor,
2378 3857 2494 3900 tunc
2520 3859 2693 3917 potens
2721 3865 2834 3901 sum
2863 3847 2938 3916 (Il
2963 3847 3079 3901 Cor.
3103 3864 3174 3902 xu
3195 3889 3211 3913 ,
3235 3847 3354 3914 10).
3399 3848 3684 3915 Quomodo

2103 3956 2232 4010 ergo
2273 3941 2439 3996 noluit
2481 3955 2600 3994 esse
2645 3938 2814 3993 fortis.
2863 3939 2951 3993 lsti
2994 3948 3169 3993 autem
3215 3940 3302 4008 qui
3355 3938 3529 3995 fortes
3559 3955 3685 3995 esse

2103 4033 2403 4096 voluerunt,
2433 4031 2485 4086 id
2517 4039 2618 4098 est,
2661 4030 2749 4100 qui
2779 4031 2843 4084 de
2885 4045 2976 4083 sua
3016 4029 3209 4084 virtute
3237 4043 3560 4099 praesumere
3588 4046 3686 4085 vo-

2105 4125 2318 4179 luerunt
2346 4131 2594 4193 tanquam
2618 4122 2764 4191 juSIi,
2797 4120 3130 4176 offenderunt
3169 4121 3219 4174 in
3251 4120 3482 4191 lapidem
3509 4121 3682 4176 offen-

2106 4217 2271 4271 sionis
2299 4215 2473 4287 (Rom.
2506 4230 2579 4280 Ix,
2607 4197 2700 4283 δῖ)
2730 4230 2745 4268 :
2773 4221 2826 4268 ct
2870 4212 3052 4267 haedus
3077 4212 3223 4268 visus
3248 4223 3331 4267 est
3369 4213 3447 4266 eis
3478 4215 3682 4284 Agnus,

2107 4317 2162 4362 et
2199 4307 2320 4378 quia
2356 4305 2520 4360 veluti
2568 4303 2776 4358 htedum
2818 4304 3157 4366 occiderunt,
3205 4305 3272 4359 ab
3300 4305 3452 4375 Agno
3494 4305 3684 4360 redimi

2108 4416 2213 4455 non
2244 4407 2571 4454 meruerunt.
2614 4398 2715 4468 lpsi
2753 4407 2878 4453 sunt
2920 4413 3046 4468 ergo
3076 4396 3260 4460 fortes,
3289 4399 3376 4468 qui
3417 4399 3691 4453 irruernnt

2111 4510 2270 4566 Super
2297 4493 2562 4548 Christum
2583 4533 2598 4557 ,
2623 4491 3060 4546 commendantes
3083 4490 3341 4560 justitiam
3370 4506 3543 4544 suam.
3571 4493 3690 4545 Au-

2111 4586 2221 4640 dite
2246 4587 2406 4640 fortes
2436 4585 2564 4638 istos
2589 4601 2603 4637 :
2625 4583 2754 4638 Cum
2782 4583 2992 4652 quidam
3013 4581 3401 4652 Jerosolymitte
3422 4582 3690 4646 dicerent,

2114 4677 2260 4732 missi
2303 4675 2370 4731 ab
2408 4676 2486 4730 eis
2527 4675 2591 4728 ad
2635 4673 3138 4744 apprehendendum
3167 4672 3455 4736 Christum,
3501 4686 3555 4729 et
3583 4688 3693 4728 non

2115 4769 2374 4824 audentes
2413 4765 2816 4836 apprehendere
2859 4765 3018 4835 (quia
3063 4764 3276 4834 quando
3318 4765 3517 4831 voluit,
3566 4773 3695 4820 tunc

2116 4862 2480 4932 apprehensus
2501 4869 2610 4922 est,
2637 4859 2724 4930 qui
2763 4874 2887 4912 vere
2935 4857 3083 4912 fortis
3127 4856 3263 4928 erat)
3298 4876 3311 4912 :
3344 4856 3514 4922 Quare
3547 4875 3696 4928 ergo,

2122 4953 2384 5024 inquiunt,
2416 4969 2516 5006 non
2543 4968 2657 5006 eum
2685 4950 2914 5020 potuistis
2941 4948 3359 5018 apprehendere?
3387 4947 3454 5002 Et
3481 4964 3698 5018 respou-

2122 5047 2302 5100 derunt
2334 5061 2351 5098 :
2385 5045 2547 5099 Nemo
2580 5059 2802 5114 unquam
2829 5042 3086 5095 hominum
3113 5042 3185 5095 sic
3211 5041 3408 5094 locutus
3436 5051 3544 5106 est,
3570 5040 3701 5093 sicut

2121 5139 2228 5192 ille.
2261 5137 2329 5191 Et
2361 5137 2434 5190 illi
2476 5135 2640 5189 fortes
2670 5153 2682 5188 :
2718 5132 2978 5202 Numquid
3017 5132 3196 5198 aliquis
3228 5129 3604 5185 Pharisa’orum
3647 5133 3700 5184 in

2125 5233 2272 5287 illum
2310 5230 2550 5293 credidit,
2582 5237 2668 5280 aut
2692 5227 2873 5297 aliquis
2899 5225 3210 5289 Scribarum,
3242 5224 3338 5277 nisi
3366 5225 3586 5292 papulas
3612 5233 3708 5277 iste

2127 5324 2348 5378 nesciens
2381 5321 2562 5391 Legem
2591 5318 2764 5388 (Joau.
2788 5334 2858 5372 vn
2881 5359 2896 5383 ,
2924 5318 2993 5371 45
3014 5346 3036 5358 ι-
3057 5316 3182 5386 49).
3211 5317 3620 5386 Pm'posuerunt
3644 5332 3709 5371 se

2130 5416 2297 5471 turba:
2330 5413 2554 5468 infirmae
2583 5411 2646 5466 ad
2678 5410 2940 5465 medicum
2963 5408 3196 5463 currenti
3223 5426 3237 5462 :
3262 5407 3422 5471 unde,
3453 5408 3554 5461 nisi
3580 5409 3708 5478 quia

2130 5509 2229 5578 ipsi
2259 5509 2419 5562 fortes
2439 5504 2622 5560 erant?
2648 5516 2697 5558 et
2724 5503 3029 5558 fortitudine
3048 5517 3162 5568 sua,
3192 5500 3331 5571 quod
3357 5509 3438 5555 est
3465 5502 3706 5568 gravius,

2131 5615 2342 5654 omnem
2374 5598 2531 5652 etiam
2561 5596 2766 5650 turbam
2796 5597 2846 5648 io
2877 5611 2936 5650 se
2961 5594 3326 5660 traduxerunt,
3355 5603 3408 5648 et
3437 5594 3708 5647 medicum

2134 5692 2368 5744 omnium
2400 5687 2723 5742 occiderunt.
2765 5685 2867 5742 Sed
2896 5696 2950 5740 et
2989 5686 3076 5740 ille
3105 5700 3171 5739 eo
3199 5684 3334 5754 quod
3364 5685 3572 5738 occisus
3599 5696 3707 5748 est,

2138 5779 2204 5835 de
2231 5779 2489 5850 sanguine
2529 5793 2623 5834 suo
2650 5777 3090 5844 medicamentum
3129 5777 3254 5831 fecit
3294 5777 3524 5845 :l‘gt'olis.
3555 5774 3709 5831 Ινω·
