4022 6200
242 360 342 415 697

241 480 382 526 erant
410 484 559 538 super
586 482 664 521 me
691 469 862 538 fortes.
908 462 1015 518 llos
1041 459 1275 515 maxime
1317 455 1482 512 fortes
1509 456 1803 519 advertite;

240 575 294 619 et
320 562 494 616 videte
520 566 692 613 utrum
722 556 789 611 de
816 556 920 611 ulla
948 568 1005 609 re
1037 547 1460 622 pricsumendum
1491 547 1559 600 sit
1586 544 1806 612 homini,

238 651 452 723 quando
483 666 579 704 nec
599 649 666 704 de
690 646 892 717 justitia
924 639 1346 714 prtesumendnm
1372 647 1473 692 est.
1500 636 1617 691 .lam
1640 636 1812 689 videte

240 745 327 798 ubi
371 745 578 813 iaceant
610 747 987 811 praesumentes
1019 734 1088 789 de
1116 733 1331 797 divitiis,
1359 731 1427 786 de
1464 730 1661 784 viribus
1686 743 1809 782 cor-

240 837 418 905 poris,
449 835 516 889 de
542 832 819 887 nobilitate
847 828 1087 899 generis,
1130 824 1197 879 de
1234 823 1492 892 dignitate
1521 819 1697 874 surculi
1721 860 1733 881 ,
1765 817 1810 871 si

238 930 329 998 qui
377 927 445 981 de
487 928 597 996 ipsa
640 923 840 993 justitia
880 931 1125 989 tanquam
1164 916 1230 970 de
1268 928 1361 969 sna
1393 910 1810 982 praasnmpserit,

238 1018 401 1073 cadit.
434 1015 697 1069 lrruerunt
727 1028 877 1081 super
903 1026 982 1063 me
1008 1011 1182 1079 fortes.
1210 1005 1288 1059 Ex
1321 1004 1420 1057 illis
1461 1002 1682 1055 fortibus
1716 1000 1813 1054 fuit

239 1110 334 1165 ille
361 1109 499 1162 vires
525 1120 649 1160 suas
674 1104 878 1174 jactans
909 1119 922 1153 :
955 1100 1155 1155 Gratias
1191 1098 1298 1162 tibi,
1347 1094 1547 1164 inquit,
1574 1106 1669 1161 ago
1694 1090 1813 1159 quia

239 1218 344 1253 non
370 1215 481 1253 sum
506 1199 633 1251 sicut
660 1195 823 1248 cretcri
863 1193 1151 1255 hominum,
1188 1188 1365 1257 injusti
1383 1228 1399 1253 ,
1427 1193 1650 1254 raptores
1669 1222 1686 1249 ,
1718 1181 1811 1233 ad-

240 1291 388 1344 ulteri
410 1330 426 1355 ,
453 1288 578 1343 sicut
603 1296 650 1340 et
678 1284 983 1338 Publicanus
1006 1269 1100 1335 iste
1127 1298 1139 1333 :
1173 1279 1354 1349 jejuno
1394 1277 1467 1330 bis
1495 1277 1546 1328 in
1586 1272 1810 1335 sabbato,

239 1381 463 1434 decimas
489 1378 552 1431 do
577 1376 797 1429 omnium
822 1388 933 1439 qua:
957 1370 1204 1441 possideo.
1237 1367 1368 1421 Vide
1396 1365 1584 1420 fortem
1613 1364 1815 1430 jactan-

238 1482 351 1527 te'm
379 1471 518 1524 vires
547 1482 671 1523 snas
703 1483 715 1519 :
745 1474 925 1521 contra
949 1477 1076 1518 vero
1104 1462 1255 1530 longe
1281 1467 1508 1514 stantem
1546 1456 1810 1510 infirmant

239 1562 496 1626 attende,
542 1567 596 1614 et
651 1557 945 1612 humilitate
1002 1553 1455 1623 propinquantem.
1508 1549 1814 1602 Publicanus

240 1665 441 1719 autem,
477 1652 677 1722 inquit,
704 1650 765 1704 de
792 1636 1060 1720 longinquo
1086 1646 1280 1710 stabat,
1309 1654 1353 1696 et
1390 1660 1480 1697 nec
1506 1640 1675 1696 oculos
1700 1656 1815 1693 suos

240 1745 459 1799 audebat
487 1744 539 1797 in
567 1742 745 1797 coelum
784 1742 943 1795 levare
962 1782 977 1807 ,
1008 1738 1094 1792 sed
1120 1735 1419 1807 percutiebat
1450 1746 1617 1803 pectus
1646 1749 1813 1796 suum;

242 1840 417 1893 dicens
444 1853 463 1891 .'
493 1835 624 1889 Deus
641 1874 654 1896 .
683 1833 929 1905 propitius
954 1842 1056 1884 esto
1080 1830 1201 1882 mihi
1227 1827 1498 1897 percntari.
1522 1826 1677 1878 Amen
1703 1825 1816 1877 dico

240 1933 402 1994 vobis,
435 1928 687 1984 descendit
702 1927 1014 1997 justiﬁcatus
1037 1918 1344 1976 Publicauus
1370 1920 1459 1973 ille
1482 1919 1641 1987 magis
1666 1932 1816 1986 quam

240 2026 330 2079 ille
358 2023 667 2077 Pliaristeus.
707 2018 774 2072 Et
800 2017 916 2072 vide
940 2017 1195 2086 justitiam
1230 2031 1242 2065 :
1280 2013 1411 2078 Quia
1448 2010 1607 2064 omnis
1641 2009 1727 2078 qui
1764 2024 1818 2061 se

242 2115 452 2177 exultat,
493 2109 875 2173 humiliabitur;
920 2116 965 2159 et
1006 2105 1091 2176 qui
1134 2121 1187 2157 se
1227 2102 1476 2167 Irumiliat,
1517 2098 1817 2154 excitabitur

243 2205 395 2275 (Luc.
422 2219 549 2257 xvni
569 2244 583 2267 ,
612 2202 776 2256 ηοω
796 2202 833 2268 ).
881 2198 1152 2253 lrruerunt
1182 2196 1263 2249 isti
1311 2194 1492 2257 fortes,
1538 2193 1586 2246 id
1618 2201 1700 2246 est
1728 2204 1817 2245 su-

242 2296 418 2367 perbi,
447 2295 534 2365 qui
566 2295 868 2364 ignorantes
898 2290 987 2344 Dei
1014 2289 1288 2357 justitiam,
1318 2296 1370 2340 et
1393 2285 1813 2354 snamjnstitiam

240 2387 487 2442 volentes
526 2384 848 2438 constituere
871 2421 888 2447 ,
925 2379 1143 2449 iustitia:
1173 2379 1263 2433 Dei
1296 2394 1398 2431 non
1438 2386 1559 2430 sunt
1594 2375 1813 2443 subjecti

241 2478 421 2547 (liam.
450 2492 501 2540 x,
528 2472 608 2543 3).

315 2569 369 2624 8.
421 2566 580 2640 [vers.
744 2563 878 2631 Quid
909 2561 1141 2617 deinde?
1188 2559 1362 2629 Neque
1400 2558 1635 2629 iniquitas
1682 2573 1813 2621 mea,

193 2688 197 2691 τ
241 2677 404 2733 neque
426 2669 682 2728 peccatum
708 2673 889 2714 meum,
922 2654 1154 2707 Domine.
1181 2652 1447 2706 lrrnerunt
1470 2650 1679 2717 quidem
1710 2650 1818 2704 for-

240 2762 325 2808 tes
350 2751 419 2806 de
439 2750 640 2818 iustitia
668 2763 761 2800 sua
796 2755 1176 2816 praesumentes
1196 2785 1209 2808 ,
1238 2743 1504 2796 irruerunt
1522 2782 1537 2802 ,
1571 2739 1663 2794 sed
1689 2755 1815 2809 pec-

240 2856 422 2901 catum
458 2844 509 2897 in
548 2857 631 2896 me
664 2856 766 2894 non
800 2840 1132 2892 invenerunt.
1163 2834 1293 2889 Nam
1322 2835 1503 2903 utique
1526 2833 1595 2886 illi
1628 2832 1812 2898 fortes,

241 2938 294 2993 id
338 2946 421 2991 ρει
447 2934 591 2988 velut
625 2932 751 3001 justi
794 2944 956 3000 quare
987 2936 1201 2997 possent
1244 2925 1486 2999 persequi
1527 2923 1814 2988 Christum,

240 3027 343 3081 nisi
370 3025 518 3096 quasi
551 3019 917 3093 peccatorem?
946 3020 1048 3073 Sed
1092 3029 1263 3071 tamen
1304 3017 1373 3069 illi
1406 3015 1633 3071 viderint
1658 3029 1813 3083 quam

242 3122 415 3173 fortes
440 3117 543 3171 sint
576 3113 897 3168 immanitate
926 3110 1109 3177 febris,
1137 3124 1240 3163 non
1271 3108 1516 3162 firmitate
1542 3106 1814 3161 sanitatis:

241 3210 476 3265 viderint
499 3208 572 3262 illi
601 3222 756 3276 quam
782 3203 946 3257 fortes
974 3203 1100 3267 sint,
1130 3211 1184 3255 et
1212 3209 1459 3269 tauquam
1488 3198 1610 3268 iusti
1631 3206 1815 3251 contra

241 3302 480 3372 iniquum
526 3300 828 3353 smvieruut.
871 3295 972 3350 Sed
1005 3303 1178 3348 tamen
1210 3308 1366 3363 neque
1404 3291 1642 3361 iniquitas
1683 3306 1814 3355 mea,

242 3411 406 3467 neque
425 3404 679 3465 peccatum
699 3408 881 3451 meum,
911 3389 1139 3443 Domine.
1166 3388 1289 3442 Sine
1312 3386 1573 3454 iniquitate
1595 3384 1816 3451 cucurri,

239 3498 291 3541 et
323 3485 574 3556 dirigebar
598 3485 638 3537 ⁸.
665 3482 742 3538 [lli
766 3496 891 3549 ergo
918 3479 1081 3534 fortes
1107 3487 1407 3532 currentem
1435 3492 1519 3530 me
1542 3475 1688 3545 sequi
1711 3489 1815 3528 non

239 3583 534 3647 potuerunt
562 3586 576 3626 :
606 3572 726 3628 ideo
765 3580 1095 3641 peccatorem
1126 3574 1474 3639 putaverunt,
1505 3566 1626 3637 quia
1656 3565 1817 3620 veSti-

238 3668 328 3739 gia
358 3680 474 3720 mea
507 3679 610 3718 non
638 3663 902 3716 viderunt.

316 3756 372 3812 9.
416 3753 576 3826 [vers
602 3751 694 3825 6.]
740 3752 864 3805 Sine
900 3749 1158 3817 iniquitate
1196 3746 1427 3807 cucurri,
1456 3753 1501 3799 et
1528 3744 1815 3814 dirigebar:

239 3862 462 3914 exsurge
488 3846 539 3897 in
569 3858 829 3896 occursum
859 3840 979 3892 milii
1000 3880 1015 3899 ,
1046 3848 1090 3890 et
1118 3838 1244 3890 vide.
1295 3837 1400 3888 Deo
1443 3835 1660 3897 dicitur,
1693 3832 1817 3888 Sine

238 3940 508 4007 iniquitate
551 3936 749 3989 cucurri
770 3975 785 3998 ,
813 3942 860 3985 et
904 3931 1153 4001 rlirigebar
1179 3946 1197 3982 :
1224 3944 1433 3998 exsurge
1475 3928 1525 3979 in
1554 3942 1816 3979 occursant

240 4032 393 4095 mihi,
412 4040 457 4082 et
469 4029 600 4082 vide.
629 4026 765 4093 Quid
792 4023 976 4079 enim?
1005 4023 1060 4077 Si
1088 4036 1191 4075 non
1217 4019 1685 4082 occurrat,.videre
1712 4035 1815 4073 non

241 4122 462 4193 potest?
488 4120 755 4189 Tanquam
787 4119 830 4171 si
861 4116 1158 4171 ambulares
1184 4115 1342 4175 viam,
1366 4122 1415 4167 et
1437 4112 1504 4167 de
1524 4112 1817 4181 longinquo

238 4216 315 4269 ab
351 4213 531 4282 aliquo
568 4210 811 4280 cognosci
860 4223 964 4261 non
1008 4220 1194 4276 posses
1218 4248 1231 4270 ,
1264 4205 1522 4259 Clamares
1562 4204 1626 4257 ad
1671 4220 1815 4269 eum,

236 4314 299 4359 et
341 4303 593 4358 diceres:
636 4300 868 4355 Occurre
910 4298 1070 4361 mibi,
1116 4306 1170 4351 et
1215 4296 1335 4352 vide
1373 4295 1816 4366 quemadmodum

234 4392 556 4456 ambulem;
609 4406 726 4445 nam
772 4389 981 4460 quando
1010 4388 1076 4443 de
1102 4388 1385 4459 longinquo
1435 4404 1520 4443 me
1564 4387 1814 4455 attendis,

233 4498 492 4555 gressum
524 4496 697 4535 meum
728 4480 906 4535 videre
933 4496 1036 4534 non
1082 4488 1251 4549 potes.
1302 4478 1445 4533 Itane
1470 4488 1525 4533 et
1555 4480 1689 4533 Deus
1718 4480 1817 4533 nisi

236 4582 591 4635 ocutrreret,
633 4585 738 4626 non
791 4571 993 4625 videret
1037 4586 1194 4640 quam
1242 4569 1357 4625 sine
1403 4568 1677 4639 iniquitate
1720 4569 1820 4624 iste

236 4666 598 4737 dirigebatur,
622 4674 673 4718 et
698 4678 854 4733 quam
882 4663 998 4717 sine
1020 4670 1238 4730 peccato
1260 4660 1543 4714 currebat?
1564 4659 1820 4730 Accipere

235 4759 464 4830 quidem
494 4766 545 4811 et
577 4755 674 4809 hoc
704 4768 981 4823 possumus
1002 4794 1018 4812 ,
1047 4752 1275 4820 Exsurge
1310 4752 1363 4803 in
1388 4766 1647 4804 occursum
1674 4751 1817 4814 mihi,

235 4851 442 4919 adjuva
459 4862 565 4902 me.
591 4846 739 4912 Qtiod
762 4858 935 4899 autem
959 4843 1180 4908 addidit,
1203 4852 1247 4895 ct
1269 4843 1397 4907 vide,
1425 4841 1819 4910 intelligendum

233 4955 367 5010 est,
397 4943 481 4997 fac
506 4940 669 4996 videri
698 4941 838 5010 quod
867 4954 1024 4993 curro
1043 4978 1057 5001 ,
1086 4936 1169 4991 fac
1197 4935 1360 4991 videri
1406 4935 1544 5005 quod
1584 4934 1819 5004 dirigor;

233 5052 315 5091 ex
342 5034 436 5089 illa
464 5033 626 5103 figura
656 5047 755 5101 qua
782 5042 835 5084 et
863 5028 988 5083 illud
1017 5027 1212 5082 dictum
1239 5036 1320 5081 est
1340 5026 1603 5079 Abraham
1633 5043 1645 5079 :
1672 5024 1823 5080 Nunc

232 5126 462 5198 cognovi
488 5123 621 5193 quod
645 5125 784 5176 times
810 5120 974 5176 Deum
999 5119 1150 5189 (Gen.
1177 5133 1314 5185 xxn,
1343 5118 1410 5171 12
1427 5118 1466 5187 ).
1494 5117 1635 5172 Deus
1672 5118 1821 5185 dicit,

235 5219 412 5275 Nunc
436 5216 685 5286 cognovi:
714 5212 888 5278 unde,
926 5212 1025 5265 nisi
1069 5211 1187 5281 quia
1219 5224 1360 5263 nunc
1385 5219 1437 5264 te
1481 5208 1581 5264 feci
1622 5224 1822 5280 cogno-

202 5366 209 5373 ,
234 5323 409 5367 scere
428 5307 463 5369 ⁸9,
492 5306 701 5375 Ignotus
725 5303 864 5357 enim
896 5302 993 5355 sibi
1021 5302 1240 5371 quisque
1265 5309 1347 5355 est
1373 5309 1496 5355 ante
1522 5301 1822 5371 interroga-

236 5402 457 5457 tionem
488 5394 810 5457 tentationis,
835 5393 969 5447 sicut
990 5407 1049 5447 se
1076 5391 1260 5446 Petrus
1281 5386 1648 5459 praesumendo
1674 5391 1822 5461 igno-

235 5490 428 5554 rabat,
451 5496 505 5543 et
529 5485 768 5557 negando
796 5483 979 5537 didicit
1000 5483 1181 5553 quales
1208 5482 1346 5536 vires
1374 5482 1626 5545 haberet;
1657 5483 1707 5536 in
1728 5498 1822 5537 sua

234 5583 369 5651 ipsa
398 5580 709 5634 titubatione
744 5576 1001 5631 intellexit
1043 5575 1175 5629 falso
1217 5590 1335 5629 sese
1377 5577 1818 5645 praesumpsisse:

316 5737 340 5804 ξ
377 5734 596 5804 Plerique
637 5740 761 5804 (uss,
790 5730 1052 5804 dirigebmn
1082 5742 1100 5779 :
1121 5736 1175 5804 et
1202 5729 1327 5804 infra
1352 5728 1473 5788 loro,
1508 5727 1819 5804 dirigebatur,

234 5797 459 5858 habent,
482 5792 751 5859 dirigebat;
775 5792 1009 5857 pattltxlue
1032 5801 1153 5854 post,
1179 5792 1352 5853 dirigo,
1378 5806 1478 5852 pro,
1498 5792 1698 5855 dirigor.

1323 343 1714 402 ENARRATIO
1751 342 1815 399 IN
1856 342 2173 399 PSALMUM
2214 342 2388 397 LVIII.

3378 350 3480 407 698

1920 454 2060 509 ﬂevit
2104 454 2308 525 (Matth.
2338 461 2482 517 xxvi,
2513 454 2616 518 55,
2658 455 2751 519 69,
2785 457 2850 511 73
2877 461 2933 525 );
2978 468 3030 512 et
3070 459 3245 514 flendo
3290 467 3480 516 meruit

1916 544 2181 599 fructuose
2223 557 2379 600 nosse
2420 548 2559 616 quod
2608 546 2740 612 fuit,
2773 559 2826 602 et
2866 565 2985 605 esse
3030 551 3169 619 quod
3215 567 3316 604 non
3362 553 3479 606 fuit.

1916 635 2055 705 Ergo
2098 637 2347 704 probatus
2375 636 2657 699 Abraham,
2708 638 2875 695 factus
2921 652 3003 695 est
3049 643 3291 711 cognitus
3337 644 3479 705 sibi;

1914 735 1967 779 et
1993 726 2190 779 dictum
2220 735 2301 780 est
2327 742 2357 780 a
2382 727 2512 789 Deo,
2548 727 2699 781 Nunc
2724 732 2930 800 cognovi
2948 773 2960 794 ,
2994 731 3093 786 hoc
3119 743 3235 797 est,
3262 749 3401 788 nunc
3432 744 3481 788 te

1914 815 2011 871 feci
2058 831 2397 886 cognoscere.
2448 818 2723 886 Quomodo
2770 822 2920 875 lactus
2973 823 3126 887 dies,
3170 824 3309 894 quod
3358 824 3483 879 faeit

1916 908 2102 973 laetos;
2144 919 2197 963 et
2223 910 2391 965 tristis
2418 912 2713 967 amaritudo
2734 955 2746 974 ,
2779 914 2919 983 quod
2958 917 3237 970 contristat
3261 927 3479 985 gustan-

1916 1008 2020 1053 tem
2053 1017 2066 1052 :
2096 1000 2173 1054 sic
2199 1000 2381 1056 videns
2409 1001 2548 1057 Deus
2567 1042 2581 1066 ,
2613 1004 2791 1058 videre
2817 1004 3034 1059 faciens.
3074 1005 3305 1076 Exsurge
3329 1023 3477 1077 ergo,

1915 1092 2113 1160 inquit,
2141 1090 2193 1145 in
2219 1104 2477 1148 occursum
2505 1095 2628 1147 mihi
2646 1137 2660 1159 ,
2688 1105 2733 1148 et
2762 1096 2888 1151 vide.
2932 1097 3064 1164 Quid
3106 1108 3214 1163 est,
3245 1108 3291 1153 et
3330 1099 3485 1152 uide?

1915 1183 1980 1237 Et
2002 1183 2189 1253 adjuva
2236 1198 2341 1247 me,
2386 1184 2439 1238 id
2476 1194 2556 1239 est
2602 1185 2653 1239 in
2694 1187 2869 1254 illis‘,
2917 1198 2973 1242 ut
3016 1190 3227 1244 videant
3266 1204 3478 1244 cursum

1915 1289 2124 1342 meum,
2151 1287 2438 1346 sequantur
2464 1293 2567 1342 me,
2600 1294 2701 1331 non
2746 1280 2824 1333 eis
2852 1279 3091 1334 videatur
3117 1297 3332 1349 pravum
3364 1297 3483 1337 esse

1914 1367 2055 1437 quod
2100 1378 2300 1423 rectum
2350 1380 2464 1436 est,
2510 1384 2613 1424 non
2653 1371 2731 1425 eis
2758 1369 2998 1425 videatur
3039 1371 3320 1426 distortum
3366 1388 3485 1427 esse

1915 1459 2053 1528 quod
2084 1469 2227 1515 tenet
2250 1462 2484 1530 regulam
2512 1464 2533 1493 ³
2558 1464 2798 1517 veritatis
2827 1482 2839 1518 :
2872 1465 3121 1532 Quoniam
3147 1467 3255 1519 sine
3297 1467 3482 1536 iniqui-

1916 1562 2017 1605 tate
2043 1554 2268 1619 cucurri,
2299 1564 2344 1607 et
2384 1554 2636 1625 dirigebar
2664 1572 2682 1609 :
2705 1572 2917 1627 exsurge
2951 1558 3002 1611 in
3040 1574 3299 1611 occursum
3338 1558 3483 1624 mihi,

1916 1652 1961 1696 et
1990 1643 2118 1696 vide.

1989 1734 2075 1788 10.
2116 1735 2323 1804 Aliquid
2357 1736 2516 1790 etiam
2558 1751 2641 1791 me
2669 1735 2845 1791 dicere
2875 1737 3125 1792 admonet
3162 1740 3212 1792 in
3246 1739 3344 1794 boc
3371 1741 3488 1794 loco

1916 1827 2102 1896 capitis
2141 1827 2304 1895 ipsius
2331 1829 2509 1881 'nostri
2538 1829 2867 1893 sublimitas;
2898 1831 3145 1898 quoniam
3188 1831 3484 1886 infirmatus

1916 1928 2189 1989 estusque
2230 1921 2295 1973 ad
2333 1929 2581 1985 mortem,
2613 1932 2665 1975 et
2692 1924 2978 1991 assumpsit
3017 1923 3337 1976 infirmitatis
3367 1938 3487 1976 car-

1917 2026 2060 2073 nem,
2091 2020 2146 2064 ut
2189 2012 2360 2079 pullos
2409 2011 2702 2066 Jerusalem
2751 2013 3027 2081 colligeret
3071 2013 3168 2065 sub
3212 2012 3325 2065 alas
3366 2027 3501 2072 suas,

1919 2114 2165 2172 tanquam
2208 2104 2400 2175 gallina
2430 2105 2690 2158 infirmata
2729 2122 2849 2158 cum
2894 2107 3144 2173 parvulis.
3190 2105 3301 2158 Non
3346 2106 3487 2158 enim

1919 2195 1971 2248 in
2015 2196 2190 2265 aliqua
2246 2212 2344 2249 ave
2384 2197 2485 2250 hoc
2538 2196 2820 2266 aliquando
2866 2198 3259 2265 conspeximus,
3306 2210 3486 2251 carum

1918 2287 2075 2339 etiam
2102 2303 2218 2356 quae
2239 2287 2509 2341 nidificant
2533 2300 2656 2342 ante
2677 2289 2857 2343 oculos
2883 2300 3115 2354 nOStros,
3148 2289 3285 2342 sicut
3312 2289 3489 2359 parie-

1918 2384 2029 2430 tum
2074 2391 2335 2447 passeres,
2374 2379 2513 2433 sicut
2540 2379 2849 2434 birundines
2878 2392 3121 2450 tanquam
3161 2397 3350 2435 annua:
3393 2395 3488 2435 no-

1917 2476 2042 2521 strae
2084 2468 2338 2536 hospites,
2377 2470 2514 2523 sicut
2553 2472 2790 2537 ciconim,
2831 2472 2968 2526 sicut
3009 2473 3125 2526 alia:
3173 2482 3331 2542 atque
3370 2472 3488 2527 alia:

1917 2574 2043 2614 aves
2067 2576 2184 2630 quae
2212 2570 2335 2616 ante
2363 2562 2548 2616 oculos
2594 2574 2804 2617 nostros
2843 2563 3130 2641 nidificant,
3159 2573 3213 2618 et
3251 2563 3364 2617 ovis
3402 2563 3487 2617 in-

1918 2649 2115 2715 sidunt,
2148 2652 2318 2720 pullos
2360 2651 2527 2718 alunt,
2561 2654 2699 2707 sicut
2743 2654 2869 2722 ipsa:
2901 2654 3160 2708 columba:
3188 2668 3320 2724 quas
3358 2670 3489 2724 quo-

1919 2744 2045 2797 tidie
2070 2744 2340 2809 videmus;
2371 2746 2598 2815 aliquam
2628 2762 2777 2799 avem
2811 2744 3065 2800 infirmari
3094 2761 3212 2800 cum
3256 2744 3488 2817 parvulis

1918 2850 2022 2888 non
2050 2838 2407 2905 cognovimus,
2439 2852 2542 2891 non
2582 2839 2905 2905 aspeximus,
2942 2854 3046 2892 non
3088 2838 3333 2892 vidimus.
3359 2837 3481 2894 Gal«

1919 2926 2021 2978 lina
2051 2927 2317 2994 quomodo
2342 2926 2441 2981 hoc
2472 2927 2667 2981 habet?
2691 2925 2848 2982 Certe
2869 2938 3047 2981 notam
3079 2944 3189 2983 rem
3210 2929 3486 2998 dico,qu:e

1919 3017 1970 3069 in
1999 3025 2281 3087 conspecto
2312 3028 2496 3073 nostro
2521 3020 2755 3088 quotidie
2776 3028 3049 3073 versatur:
3082 3020 3349 3090 quomodo
3375 3035 3488 3072 ran-

1918 3111 2081 3162 ccscit
2126 3124 2256 3174 vox,
2312 3111 2578 3180 quomodo
2627 3110 2686 3164 fit
2734 3110 2995 3180 hispidum
3045 3120 3211 3164 totum
3258 3110 3490 3181 corpus?

1917 3201 2255 3267 deponuntur
2286 3202 2404 3267 alae,
2430 3202 2671 3255 laxantur
2696 3202 2908 3271 plumae,
2934 3210 2988 3257 et
3015 3202 3163 3257 vides
3192 3202 3333 3256 circa
3366 3201 3484 3273 pul-

1920 3293 1997 3347 los
2038 3295 2216 3347 nescio
2241 3294 2364 3364 quid
2394 3306 2671 3365 aegrotum,
2702 3303 2753 3348 et
2783 3310 2845 3348 ea
2870 3306 2951 3349 est
2994 3304 3229 3349 materna
3259 3294 3491 3350 cbaritas

1918 3399 2036 3454 quae
2077 3386 2342 3439 invenitur
2383 3386 2679 3439 infirmitas.
2710 3384 2883 3454 Quare
2913 3402 3040 3456 ergo
3084 3388 3353 3454 Dominus,
3391 3387 3489 3440 nisi

1920 3485 2133 3545 propter
2174 3477 2294 3540 hoc,
2323 3477 2517 3545 gallina
2555 3492 2674 3530 esse
2711 3476 2877 3531 voluit
2919 3478 2970 3531 in
3014 3488 3193 3531 sancta
3222 3478 3489 3548 Scriptura

1919 3568 2139 3621 dicens:
2170 3567 2475 3632 Jerusalem,
2515 3567 2833 3633 Jerusalem,
2872 3569 3066 3638 quoties
3107 3570 3245 3622 volui
3280 3586 3489 3639 congre-

1917 3673 2038 3727 gare
2060 3659 2191 3725 [ilics
2216 3669 2346 3723 tuos,
2376 3668 2610 3728 tanquam
2644 3659 2835 3729 gallina
2862 3659 3025 3728 pullos
3051 3676 3165 3713 suos
3188 3661 3279 3713 sub
3299 3660 3428 3725 alas,
3449 3669 3493 3713 ct

1918 3748 2123 3801 noluisti
2170 3747 2304 3817 (Id.
2339 3764 2500 3811 χχιιι,
2549 3751 2637 3818 57)
2679 3751 2692 3803 i
2742 3749 3090 3820 Congregavit
3139 3762 3315 3806 autem
3374 3768 3493 3806 om-

1918 3854 2015 3893 nes
2042 3849 2244 3909 gentes,
2269 3848 2517 3910 tanquam
2552 3841 2740 3911 gallina
2773 3842 2943 3911 pullos
2969 3858 3114 3907 suos,
3143 3843 3229 3913 qui
3258 3843 3493 3896 infirma-

1920 3938 2005 3982 tus
2034 3939 2111 3983 est
2140 3941 2355 3998 propter
2392 3944 2507 3996 nos,
2539 3932 2804 4001 accipiens
2831 3946 3042 3985 carnem
3071 3948 3099 3986 a
3130 3932 3302 3997 nobis,
3336 3932 3386 3987 id
3413 3944 3495 3989 est
3540 3981 3543 3985 .

1919 4033 1948 4070 a
2000 4034 2195 4089 genere
2246 4018 2517 4083 humano;
2558 4022 2866 4085 crucifixus,
2915 4030 3280 4093 Contemptus,
3328 4025 3493 4094 alapis

1919 4124 2112 4173 caesus,
2143 4108 2457 4179 flagellatus,
2502 4111 2643 4180 ligno
2672 4126 2983 4180 suspensus,
3029 4112 3211 4168 lancea
3249 4114 3495 4170 vulnera-

1922 4208 2024 4252 tus.
2073 4200 2211 4270 Ergo
2251 4199 2351 4253 hoc
2388 4210 2641 4254 materna:
2673 4201 2990 4257 infirmitatis
3019 4212 3121 4268 est,
3151 4219 3256 4258 non
3284 4206 3492 4259 amissa:

1922 4292 2231 4359 tnajestatis.
2255 4290 2387 4346 Cum
2411 4306 2537 4361 ergo
2559 4293 2678 4347 talis
2699 4302 2840 4347 esset
2863 4294 3123 4360 Christus,
3150 4306 3205 4350 ct
3232 4296 3350 4351 ideo
3373 4310 3495 4350 con-

1922 4391 2171 4452 temptus,
2211 4392 2264 4437 et
2290 4383 2408 4437 ideo
2449 4384 2584 4453 lapis
2615 4383 2921 4440 offensionis
2947 4395 3000 4441 et
3044 4397 3189 4457 petra
3236 4387 3490 4453 scandali,

1922 4484 1974 4530 ct
2020 4476 2138 4529 ideo
2180 4478 2327 4530 multi
2370 4476 2703 4532 offenderunt
2744 4479 2795 4533 in
2840 4495 2962 4534 eum
3012 4479 3184 4549 (Rom.
3224 4496 3297 4547 rx,
3336 4482 3423 4545 5‘2,
3448 4491 3491 4536 et

1924 4565 1942 4619 l
1974 4564 2115 4619 Pctr.
2143 4582 2197 4630 n,
2226 4566 2280 4636 8)
2305 4582 2319 4617 :
2354 4582 2475 4621 cum
2508 4569 2627 4622 talis
2654 4583 2781 4639 ergo
2806 4579 2968 4636 esset,
2995 4580 3049 4625 et
3078 4582 3250 4625 tamen
3279 4587 3491 4627 carnem

1922 4659 2039 4713 sine
2078 4670 2295 4728 peccato
2333 4664 2674 4732 suscepisset,
2706 4664 2873 4718 factus
2902 4672 2983 4718 est
3012 4665 3273 4735 particeps
3300 4675 3494 4719 nostra:

1925 4751 2265 4819 infirmitatis,
2294 4770 2399 4808 non
2433 4755 2756 4826 iniquitatis;
2790 4766 2847 4810 ut
2873 4772 2937 4810 ex
2961 4770 3028 4811 eo
3052 4757 3193 4826 quod
3223 4758 3493 4813 nobiscum

1924 4847 2335 4901 communicavit
2363 4847 2741 4914 infirmitatem,
2774 4850 3005 4905 solveret
3045 4840 3277 4906 nostram
3306 4854 3497 4921 iniqui-

1928 4946 2107 4992 tatem.
2133 4938 2274 5005 ldeo,
2305 4940 2431 4994 Sine
2456 4941 2716 5008 iniquitate
2742 4943 2963 5010 cucurri,
2995 4953 3040 4998 et
3062 4943 3331 5015 dirigebar.
3360 4948 3495 5014 Quid

1927 5046 2075 5102 ergo,
2101 5031 2392 5086 secundum
2422 5031 2472 5086 id
2499 5031 2639 5102 quod
2664 5034 2810 5088 'Deus
2838 5043 2921 5088 est
2942 5051 3051 5089 non
3080 5046 3161 5092 est
3192 5018 3489 5108 agnoscen-

1927 5124 2047 5193 dus,
2087 5135 2140 5180 et
2183 5126 2309 5179 illud
2351 5127 2520 5181 solum
2564 5128 2616 5181 in
2661 5143 2724 5182 eo
2766 5130 3202 5198 considerandum
3244 5134 3493 5204 estquod

1929 5228 2144 5288 propter
2166 5233 2262 5271 nos
2286 5218 2449 5272 iactus
2482 5228 2581 5282 est,
2609 5236 2711 5273 non
2739 5219 2864 5275 illud
2891 5236 2994 5292 quo
3027 5239 3121 5276 nos
3147 5223 3308 5278 fecit?
3338 5226 3497 5278 Plane

1916 5309 2086 5375 etiam
2133 5308 2259 5361 illud
2304 5309 2743 5365 considerandum
2787 5321 2900 5378 est;
2944 5315 3065 5383 quia
3111 5330 3356 5384 magnum
3390 5316 3498 5384 pie-

1930 5402 2051 5454 tatis
2090 5401 2337 5455 indieium
2366 5413 2446 5457 est
2479 5418 2635 5458 nosse
2677 5405 2794 5475 quis
2840 5420 2935 5475 pro
2980 5419 3031 5462 te
3057 5408 3180 5477 quid
3227 5409 3494 5462 sustinuit.

1928 5492 2042 5547 Non
2072 5495 2388 5565 quicumque
2431 5511 2641 5565 parvus,
2678 5513 2781 5553 non
2823 5515 2918 5569 pro
2958 5509 3009 5556 te
3047 5516 3256 5571 magno,
3280 5498 3370 5555 sed
3400 5516 3496 5570 pro

1934 5671 2020 5783 imis
2045 5671 2116 5778 δὶῗ
2137 5676 2244 5748 uss.
2284 5677 2338 5720 Αι
2376 5676 2504 5732 t.ov.,
2538 5678 2583 5724 et
2604 5671 2759 5725 ride?
2792 5674 2973 5737 .4djuva
3009 5689 3103 5737 me,
3140 5674 3195 5727 id
3216 5684 3302 5737 est,
3342 5678 3413 5749 {ac
3454 5685 3504 5735 in

2024 5767 2038 5783 ε
2064 5748 2092 5779 (ξ
2116 5747 2159 5779 C.

1925 5740 2038 5789 tllts,
2064 5740 2159 5779 etc'.

1993 5800 2010 5826 ³
2046 5793 2207 5843 Plures
2228 5800 2352 5856 Mss,
2382 5794 2561 5860 regula.
