4022 6200
538 353 641 412 699

541 484 596 531 te
625 471 832 528 inﬁrmo
861 471 947 528 ille
973 486 1231 527 summus.
1264 467 1439 538 Quid?
1471 466 1928 538 Factusparvulus
1953 483 1965 517 :
2005 462 2114 518 Ilu-

544 565 754 618 sniliavit
790 579 871 629 se,
917 563 1080 633 [actus
1119 563 1350 617 obediens
1391 578 1543 631 usque
1583 559 1649 612 ad
1693 567 1919 612 mortem.
1948 554 2115 622 Quis?

540 672 699 725 supra
728 655 848 709 audi
874 674 886 709 :
924 656 1024 723 Qui
1053 672 1162 709 cum
1190 655 1241 709 in
1270 655 1432 722 forma
1467 652 1563 707 Dei
1586 663 1730 716 esset,
1754 667 1853 704 non
1883 648 2116 717 rapinam

537 749 810 801 arbitratus
851 756 922 801 est
968 756 1071 802 esse
1114 747 1320 817 a'qualis
1373 745 1498 798 Deo.
1559 745 1694 813 Ergo
1739 740 1956 810 mqualis
2005 738 2116 792 Deo

542 840 859 907 semetipsum
892 838 1182 898 exinauivit,
1228 841 1441 906 formam
1480 836 1607 887 servi
1653 833 1921 901 accipiens,
1962 831 2011 883 in
2048 830 2118 882 si-

541 927 875 980 militudinem
899 927 1157 979 hominum
1185 927 1366 995 factus,
1388 936 1432 979 et
1455 925 1625 978 habitu
1650 924 1872 976 inventus
1890 931 1942 974 ut
1968 921 2115 973 homo

540 1018 802 1089 (Philipp.
845 1036 900 1083 ιι,
950 1018 1069 1088 6-8)
1105 1035 1118 1071 :
1161 1028 1214 1073 et
1261 1019 1329 1071 ita
1375 1017 1679 1076 exinanivit,
1726 1021 1784 1068 ut
1828 1021 2118 1066 assumeret

543 1109 684 1178 quod
716 1126 819 1162 non
849 1117 983 1173 erat,
1015 1126 1118 1163 non
1152 1120 1207 1165 ut
1236 1109 1501 1163 amitteret
1527 1106 1665 1176 quod
1692 1114 1824 1159 erat.
1841 1101 2117 1171 Quomodo

544 1216 670 1269 ergo
699 1200 1029 1254 exiuauivit?
1068 1199 1197 1266 Quia
1248 1199 1339 1251 tibi
1388 1198 1506 1251 talis
1549 1197 1823 1264 apparuit;
1872 1194 1989 1263 quia
2023 1192 2114 1245 tibi

540 1291 850 1358 dignitatem
899 1302 1054 1354 quam
1100 1289 1236 1358 apud
1287 1270 1716 1349 Patrem‘babct,
1749 1303 1852 1339 non
1898 1286 2114 1358 deumn—

544 1382 763 1447 stravit;
809 1382 928 1451 quia
969 1382 1057 1435 tibi
1089 1397 1225 1433 nime
1256 1380 1448 1433 obtulit
1479 1378 1859 1438 inﬁrmitatem,
1888 1374 2120 1432 servavit

548 1484 769 1542 purgato
817 1484 998 1543 postea
1039 1473 1353 1528 claritatem.
1400 1473 1491 1525 Ille
1532 1486 1659 1540 ergo
1697 1469 1835 1523 Patri
1880 1454 2115 1537 (aqualis,

549 1568 670 1622 talis
707 1576 787 1621 est
827 1566 1033 1622 factus:
1061 1578 1113 1622 et
1145 1578 1319 1621 tanton
1363 1567 1412 1620 in
1460 1566 1566 1633 ipsa
1609 1563 1911 1618 inﬁrmitate
1954 1575 2118 1629 agno-

552 1659 782 1714 scendus
829 1670 928 1721 est,
962 1676 1066 1713 non
1096 1660 1320 1726 visione,
1352 1657 1444 1711 sed
1487 1658 1621 1721 ﬁde;
1664 1667 1721 1709 ut
1758 1653 1898 1724 quod
1941 1652 2120 1706 videre

556 1751 787 1804 nondum
843 1767 1151 1821 possumus,
1183 1751 1367 1805 saltem
1411 1750 1721 1814 credamus,
1759 1756 1813 1802 et
1852 1744 2120 1800 credendo

552 1840 691 1909 quod
741 1856 844 1895 non
877 1841 1134 1906 videmus,
1165 1842 1322 1894 etiam
1363 1840 1541 1892 videre
1586 1852 1905 1891 mereamur.
1938 1833 2121 1887 Merito

552 1941 892 2003 posteaquam
943 1933 1260 1997 resurrexit,
1302 1932 1376 1985 ait
1419 1930 1596 1984 Maria:
1632 1927 1989 1997 Magdaleme,
2033 1924 2119 1978 cui

552 2022 796 2091 dignatus
838 2031 919 2076 est
974 2023 1214 2091 primitus
1260 2032 1516 2091 apparere
1553 2037 1567 2071 :
1606 2018 1729 2072 Noli
1774 2034 1851 2070 me
1896 2026 2115 2085 tangere,

548 2114 769 2166 nondum
799 2114 930 2167 enim
957 2113 1160 2167 escendi
1195 2114 1263 2165 ad
1292 2112 1495 2166 Patrem
1523 2110 1697 2184 (Ioan.
1726 2125 1822 2175 xx,
1856 2110 1961 2178 17).
1984 2108 2118 2177 Quid

551 2201 801 2256 esthoc?
844 2203 1006 2257 Paulo
1056 2213 1174 2272 post
1214 2217 1333 2256 eum
1364 2202 1612 2256 mulieres
1656 2200 1956 2270 tetigerunt.
1986 2199 2118 2253 Nam

549 2294 835 2349 redeuntes
858 2310 885 2345 a
915 2306 1277 2357 monumento,
1309 2294 1515 2349 obviam
1557 2294 1654 2347 sibi
1702 2292 1894 2347 factum
1926 2291 2117 2345 adora-

548 2396 759 2447 verunt,
788 2397 839 2440 ct
878 2387 1039 2455 pedes
1079 2386 1192 2456 ejus
1220 2395 1504 2441 tenuerunt
1546 2385 1757 2453 (Matth.
1797 2400 1987 2449 xxvm,
2022 2383 2114 2454 9):
2154 2401 2166 2410 ·

548 2474 791 2545 discipuli
843 2478 1000 2530 etiam
1050 2477 1324 2531 cicatrices
1374 2478 1721 2546 palpaveruut
1767 2475 1913 2547 (an.
1968 2492 2114 2540 xstv,

547 2565 659 2634 59).
690 2565 822 2632 Quid
868 2576 949 2622 est
994 2582 1139 2637 ergo,
1173 2566 1298 2621 Noli
1345 2583 1423 2619 me
1469 2576 1688 2637 tangere,
1720 2566 1940 2619 nondum
1984 2567 2115 2619 enim

545 2658 749 2710 ascendi
788 2657 855 2710 ad
901 2657 1139 2723 Patrem;
1181 2658 1303 2724 nisi,
1346 2659 1450 2713 noli
1475 2657 1614 2728 quod
1644 2657 1790 2712 vides
1819 2658 1917 2712 huc
1942 2659 2112 2712 solmn

547 2763 633 2801 me
660 2748 898 2814 credere,
940 2765 1003 2803 ne
1030 2761 1084 2804 et
1114 2749 1196 2805 hic
1236 2758 1506 2805 remaneat
1540 2758 1787 2819 aspectus
1821 2757 1938 2803 tuus
1965 2749 2114 2819 quasi

546 2847 715 2894 tactus
742 2842 898 2895 tuus?
928 2840 1149 2895 Humilis
1168 2842 1307 2896 enim
1333 2841 1424 2896 tibi
1442 2840 1642 2905 videor,
1665 2840 1887 2895 nondum
1912 2840 2115 2895 ascendi

547 2931 616 2983 ad
648 2931 871 2995 Patrem,
905 2933 1044 2987 unde
1072 2941 1127 2987 et
1151 2934 1217 2988 ad
1246 2948 1339 2989 vos
1365 2933 1636 3000 descendi,
1665 2941 1719 2987 et
1745 2932 1867 2988 inde
1897 2948 1999 2987 non
2026 2950 2112 2986 re-

546 3024 705 3088 cessi,
730 3024 960 3077 nondum
994 3025 1114 3080 illuc
1142 3024 1375 3091 ascendi,
1393 3025 1603 3095 quando
1623 3039 1717 3078 vos
1744 3038 1846 3078 ιιοιι
1876 3023 2112 3080 deserui.

548 3112 706 3167 Venit
752 3130 854 3168 non
901 3115 1172 3180 recedens,
1218 3115 1455 3171 ascendit
1504 3130 1607 3170 non
1655 3115 1960 3169 deserens‘.
2007 3114 2111 3169 Sed

547 3204 673 3273 quid
716 3215 797 3259 est
834 3206 971 3275 quod
1012 3206 1249 3261 ascendit
1293 3206 1358 3260 ad
1398 3206 1647 3260 Patrem?
1691 3204 1911 3270 Quando
1961 3206 2113 3260 nobis

548 3295 832 3350 innotescit
853 3297 1071 3367 :uqualis
1097 3298 1260 3352 Patri.
1288 3297 1394 3351 Nos
1422 3298 1560 3351 enim
1589 3296 1922 3352 ascendimus
1951 3297 2111 3365 proﬁ—

550 3389 760 3455 cicndo,
791 3398 846 3444 ut
887 3390 986 3444 hoc
1014 3390 1210 3452 videre,
1241 3400 1297 3443 ttt
1332 3389 1432 3443 hoc
1474 3389 1786 3459 intelligere,
1818 3398 1876 3443 ut
1902 3389 2004 3443 hoc
2033 3398 2115 3443 ut-

548 3496 778 3551 cumque
808 3497 1000 3551 capere
1040 3482 1327 3535 valeamus.
1366 3479 1489 3535 Ideo
1514 3496 1640 3551 ergo
1667 3479 1870 3535 distulit
1897 3489 2110 3547 tactum,

550 3588 657 3628 non
682 3574 916 3642 abstulit,
944 3590 1045 3629 non
1074 3575 1285 3644 repulit,
1304 3590 1408 3629 non
1439 3575 1666 3645 negavit.
1694 3558 1936 3629 Nondum
1961 3577 2111 3642 enim,

547 3665 736 3736 inquit,
769 3668 970 3720 escendi
995 3667 1062 3720 ad
1088 3665 1310 3721 Patrem.
1331 3667 1580 3721 Asummo
1603 3668 1727 3721 ctelo
1755 3669 1967 3739 egressio
1984 3670 2111 3738 ejus,

547 3756 675 3810 dicit
695 3758 829 3810 alius
850 3757 1106 3823 Psalmus,
1128 3767 1176 3811 et
1204 3774 1437 3813 occursus
1455 3759 1563 3828 ejus
1592 3774 1745 3828 usque
1773 3760 1840 3813 ad
1867 3776 2116 3813 summum

547 3848 661 3902 ταιιὶ
686 3847 857 3908 (Psal.
891 3864 1037 3914 xvttt,
1069 3850 1140 3920 7).
1182 3849 1446 3904 Summum
1476 3851 1606 3916 creti,
1634 3850 1687 3906 id
1723 3860 1823 3919 est,
1853 3844 2114 3907 summtim

551 3938 602 3991 in
639 3940 884 3995 omnibus
928 3941 1287 4011 spiritualibus
1332 3943 1488 3997 Pater
1531 3952 1657 3998 est:
1701 3944 2117 4017 indeexcnrsus

548 4030 681 4098 ejus,
713 4040 769 4086 et
807 4048 1058 4090 occursus
1088 4050 1253 4104 usque
1290 4035 1355 4089 ad
1401 4051 1663 4090 summum
1695 4039 1835 4093 cmli.
1876 4039 2117 4094 Occurrit

550 4136 719 4192 usque
742 4123 809 4177 ad
853 4140 1134 4189 summum,
1166 4142 1269 4180 non
1305 4126 1496 4181 dicitur
1536 4128 1634 4181 nisi
1667 4128 1731 4183 de
1758 4130 1968 4198 :equali.
2016 4131 2118 4207 De-

548 4215 710 4284 nique
746 4231 865 4270 cum
907 4218 1080 4286 aliqua
1121 4217 1399 4286 inthualia
1425 4232 1811 4287 comparamus,
1842 4220 2113 4291 etaliquid

549 4307 711 4364 breve
749 4308 815 4363 ad
845 4309 1040 4377 aliquid
1084 4323 1329 4378 magnum
1373 4310 1717 4379 applicamus,
1747 4310 1926 4365 videre
1952 4328 2117 4381 quatr-

549 4408 659 4453 tum
706 4399 771 4453 ad
811 4407 1065 4468 quantum
1108 4400 1196 4464 sit,
1229 4402 1272 4454 si
1318 4401 1573 4470 inasquale
1617 4401 1993 4468 invenerimus,
2042 4405 2113 4458 ita

547 4492 782 4547 solemus
837 4491 999 4558 loqui,
1022 4490 1135 4545 Non
1178 4493 1406 4547 occurrit
1435 4510 1449 4546 :
1478 4493 1520 4546 si
1566 4503 1743 4548 autem
1788 4497 1990 4564 arquale
2020 4497 2107 4561 sit,

544 4582 804 4638 Occurrit.
836 4582 976 4652 Ergo
1004 4599 1237 4637 occursus
1276 4584 1382 4648 eius
1408 4600 1564 4662 usque
1589 4584 1657 4637 ad
1691 4602 1939 4653 summum
1980 4588 2112 4651 caeli,

544 4675 664 4743 quia
691 4674 907 4744 arqualis
932 4683 1013 4729 est
1039 4673 1201 4728 Patri.
1235 4673 1415 4729 Talem
1445 4690 1503 4729 se
1540 4675 1749 4730 volebat
1782 4678 2116 4735 innotescere

552 4765 791 4819 ﬁdelibus
813 4765 942 4831 suis,
974 4764 1063 4835 qui
1093 4764 1331 4820 dixerat:
1366 4763 1490 4818 Noli
1516 4782 1591 4818 me
1620 4774 1840 4835 tangere.
1882 4766 1995 4822 Hoc
2024 4784 2116 4821 vo-

545 4853 687 4908 lebat
736 4856 977 4925 praestari
1026 4871 1057 4910 a
1103 4857 1256 4912 Patre
1289 4856 1528 4911 ﬁdelibus
1556 4857 1684 4924 suis,
1732 4858 1822 4928 qui
1869 4858 2110 4915 dicebat:

546 4944 779 5017 Exsurge
823 4948 875 5000 in
914 4964 1171 5001 occursum
1212 4948 1356 5015 mihi,
1401 4957 1445 5003 et
1473 4948 1619 5013 uide;
1666 4948 1937 5003 innotesce
1973 4952 2113 5020 quod

549 5036 641 5090 tibi
668 5037 885 5104 mquulis
915 5038 1033 5090 sim.
1070 5036 1135 5091 Et
1164 5039 1272 5092 vide
1294 5054 1313 5093 :
1348 5038 1470 5109 quid
1499 5047 1599 5105 est,
1628 5037 1696 5091 Et
1725 5040 1876 5093 vide?
1906 5040 2008 5094 Fac
2034 5042 2112 5095 vi-

547 5126 659 5183 deri
685 5126 825 5195 quod
855 5126 945 5180 tibi
988 5128 1202 5196 :cqqalis
1226 5130 1348 5184 sim.
1381 5129 1639 5196 Quamdiu
1675 5130 1801 5183 mihi
1841 5130 2112 5200 Philippus

546 5217 707 5273 dicit:
740 5214 956 5270 Ostende
980 5219 1118 5272 nobis
1158 5218 1383 5284 Patrem,
1421 5232 1467 5274 et
1487 5222 1662 5291 suﬁicit
1692 5221 1876 5276 nobis?
1916 5222 2111 5288 Quam-

545 5312 635 5367 diu
662 5325 760 5381 ego
790 5308 983 5375 dicnm,
1019 5308 1178 5365 Tanto
1208 5322 1425 5383 tempore
1463 5315 1707 5367 vobiscum
1746 5331 1875 5373 sum,
1924 5325 1970 5368 et
2017 5315 2115 5367 Pa-

544 5417 679 5460 trem
722 5420 820 5457 non
846 5404 1045 5457 nostis?
1088 5403 1357 5478 Philippe,‘
1375 5409 1460 5474 qui
1485 5424 1562 5459 me
1591 5408 1739 5465 videt.
1767 5408 1896 5459 videt
1935 5417 1980 5460 et
2009 5405 2113 5461 Pa-

545 5510 668 5550 trem
697 5514 715 5551 :
745 5513 844 5550 non
874 5495 1034 5550 credis
1061 5499 1177 5567 quia
1206 5516 1294 5571 ego
1322 5499 1375 5552 in
1413 5497 1580 5558 Patre,
1605 5508 1649 5549 et
1683 5495 1835 5550 Pater
1873 5497 1925 5550 in
1945 5514 2021 5551 me
2038 5508 2115 5553 est

547 5592 725 5661 (Joan.
760 5605 869 5658 xw,
892 5589 1089 5663 8-H)?
1118 5601 1169 5648 et
1214 5593 1388 5648 adhuc
1430 5590 1564 5644 forte
1593 5603 1698 5643 non
1729 5588 1898 5643 credit
1934 5606 2111 5662 aequa-

732 5698 757 5717 \

605 5744 623 5775 ι
658 5747 730 5792 sic
765 5750 866 5795 Mss.
893 5751 946 5796 Al.
968 5745 1110 5797 Edd.:
1139 5744 1250 5798 t'em'
1271 5757 1361 5796 nou
1391 5741 1634 5800 recedens,
1665 5740 1982 5795 ascendi‘non
2026 5744 2112 5797 de-

541 5816 727 5857 serens.

1761 349 1817 405 S.
1861 339 2219 402 AUGUSTI?“
2262 339 2563 397 EPISCOPI

3680 343 3792 400 700

2227 456 2351 515 lem.
2390 459 2615 530 Exsurge
2653 458 2703 513 in
2733 475 2993 515 occursum
3019 461 3160 529 mihi,
3192 471 3239 516 et
3275 462 3402 517 vide.
3445 462 3554 521 Fac
3583 481 3670 522 me
3705 468 3789 523 vi-

2220 549 2355 615 deri,
2380 551 2461 605 iac
2488 559 2538 605 te
2566 550 2752 617 videri,
2783 551 2864 606 fac
2893 562 3071 607 notam
3099 554 3400 610 hominibus
3431 558 3786 626 aequalitatem

2222 653 2476 698 nostram.
2505 644 2619 699 Non
2657 655 2841 713 putent
2864 645 3030 700 Judaei
3059 663 3117 701 se
3146 648 3412 704 hominem
3440 651 3786 711 cruciﬁxissc,

2221 735 2471 800 Quamvis
2497 735 2549 790 in
2578 751 2642 790 eo
2669 740 2771 790 nan
2812 738 3118 791 cruciﬁxum
3151 740 3238 802 sit,
3282 740 3381 794 nisi
3435 742 3484 794 in
3533 753 3791 810 quantum

2224 826 2382 880 homo
2410 835 2563 880 erat:
2595 834 2768 880 tamen
2801 843 2906 881 non
2942 840 3304 897 cognoverunt
3333 846 3488 899 quem
3516 833 3797 887 cruciﬁxe-

2222 928 2367 973 runt.
2400 918 2454 973 Si
2486 921 2626 972 enim
2658 920 3047 990 cognovissent,
3095 920 3372 975 Dominum
3423 923 3609 991 gloria:
3661 941 3796 978 utut-

2222 996 2376 1077 quam
2422 1007 2809 1065 cruciﬁxisscnt
2851 1009 2898 1069 (l
2931 1008 3047 1064 Cor.
3093 1026 3149 1075 ιι,
3193 1010 3268 1079 8).
3318 1012 3467 1066 Hunc
3514 1013 3793 1068 Dominum

2221 1098 2401 1167 gloria!
2431 1110 2487 1153 ut
2519 1099 2763 1153 noverint
2793 1099 2975 1155 ﬁdeles
3013 1101 3153 1168 mei,
3189 1100 3418 1174 Exsurge
3440 1103 3493 1156 in
3534 1120 3797 1160 occursum

2223 1189 2366 1252 mihi,
2395 1202 2439 1243 et
2464 1189 2592 1244 vide.

2296 1282 2380 1333 il.
2424 1280 2487 1333 Et
2525 1290 2600 1342 tu,
2621 1280 2833 1334 Domine
2872 1280 3006 1336 Deus
3033 1282 3291 1350 virtutum,
3330 1283 3468 1338 Deus
3497 1283 3688 1340 Israel.
3718 1287 3789 1340 Tu

2223 1372 2364 1427 Deus
2394 1372 2575 1437 Israel,
2607 1373 2697 1442 qui
2728 1391 2831 1428 non
2858 1375 3057 1442 putaris
3104 1377 3203 1429 nisi
3234 1376 3371 1432 Deus
3416 1377 3580 1434 Israel
3609 1380 3792 1447 solius,

2224 1465 2311 1533 qui
2341 1480 2447 1519 non
2492 1465 2696 1536 putaris
2724 1466 2824 1519 nisi
2868 1467 3002 1522 Deus
3045 1467 3199 1520 unius
3224 1468 3396 1537 gentis
3422 1485 3543 1539 quas
3570 1480 3623 1525 te
3649 1471 3788 1536 colit,

2224 1572 2344 1611 cum
2375 1573 2563 1612 omnes
2591 1567 2776 1628 gentes
2824 1558 2958 1613 idola
3008 1559 3204 1623 colant,
3238 1568 3291 1613 tu
3336 1561 3475 1615 Deus
3505 1560 3688 1629 Israel,
3719 1565 3794 1615 in.

2224 1648 2369 1702 tende
2390 1650 2456 1703 ad
2481 1650 2782 1704 uisitandum
2807 1667 2977 1705 omnes
3015 1663 3202 1722 gentes.
3236 1653 3520 1722 lmplcatur
3548 1655 3648 1710 ista
3677 1672 3795 1724 pro-

2224 1741 2423 1809 phetia,
2458 1743 2507 1796 in
2533 1758 2636 1813 qua
2684 1743 2845 1798 Isaias
2878 1759 2944 1799 ex
2976 1760 3198 1814 persona
3241 1755 3329 1801 tua
3372 1746 3663 1818 alloquitur
3692 1748 3795 1804 Ec-

2223 1831 2436 1886 clesiam
2489 1845 2650 1897 tuam,
2710 1844 2945 1889 sanctam
3001 1836 3268 1892 civitatem
3324 1846 3500 1903 tuam,
3559 1839 3796 1895 sterilem

2224 1922 2364 1976 illam
2404 1924 2555 1990 cujus
2604 1924 2751 1979 multi
2778 1926 2875 1993 ﬁlii
2920 1926 3146 1993 deserta,
3185 1928 3345 1998 magis
3371 1946 3521 1999 quam
3551 1929 3665 2000 ejus
3686 1947 3801 1999 quis:

2224 2013 2368 2067 habet
2414 2015 2596 2068 uirum.
2637 2015 2696 2069 Ei
2728 2016 2921 2085 quippe
2969 2016 3166 2072 dictum
3220 2026 3336 2073 est:
3367 2016 3584 2091 Laetare,
3612 2022 3795 2074 sterilis

2221 2119 2334 2173 qua:
2360 2120 2459 2157 non
2494 2105 2653 2174 paris,
2682 2122 2888 2173 erumpe
2916 2115 2963 2160 et
3002 2107 3369 2179 exclama,quaz
3405 2124 3503 2162 non
3541 2111 3793 2178 parturis;

2219 2195 2339 2265 quia
2370 2195 2517 2249 multi
2543 2188 2640 2263 ﬁlii
2676 2196 2898 2261 desertas,
2939 2198 3099 2265 magis
3141 2214 3291 2265 quam
3340 2199 3449 2269 ejus
3488 2214 3606 2269 qua:
3649 2201 3795 2254 habet

2220 2284 2378 2338 virum
2400 2301 2419 2339 :
2449 2287 2616 2355 magis
2644 2302 2801 2356 quam
2835 2288 3011 2358 gentis
3029 2288 3229 2343 Judzca‘.
3252 2305 3369 2360 quae
3396 2289 3558 2346 habet
3599 2292 3792 2355 virum,

2221 2390 2337 2442 quae
2378 2377 2583 2445 accepit
2626 2376 2855 2447 Legem;
2891 2378 3061 2449 magis
3106 2395 3261 2450 quam
3309 2380 3423 2449 ejus
3458 2382 3635 2450 gentis
3677 2399 3795 2455 qua:

2221 2464 2403 2520 habuit
2429 2467 2727 2522 evidentem
2752 2484 2949 2538 regem.
2979 2469 3111 2524 Nam
3152 2481 3272 2525 tuus
3296 2487 3388 2525 rex
3416 2471 3567 2537 latet,
3597 2484 3649 2527 et
3680 2474 3796 2543 pluo

2220 2573 2305 2611 res
2330 2558 2419 2611 tibi
2463 2559 2553 2613 ﬁlii
2580 2571 2789 2615 suntex
2825 2563 3033 2617 occulto
3061 2577 3277 2631 Sponso.
3313 2563 3454 2634 Ergo
3480 2566 3527 2619 ei
3559 2565 3793 2624 dicitur:

2186 2646 2199 2660 “
2220 2648 2375 2704 Multi
2418 2653 2514 2721 ﬁlii
2542 2652 2767 2716 desertae,
2801 2658 2961 2725 magis
2984 2672 3133 2726 quam
3158 2657 3268 2727 ejus
3290 2672 3402 2727 om:
3437 2657 3583 2711 habet
3609 2659 3793 2712 uirum.

2221 2741 2421 2799 Deinde
2453 2744 2690 2816 adjungit
2730 2746 3033 2816 Propheta:
3066 2746 3241 2801 Dilata
3281 2749 3443 2802 locum
3484 2751 3797 2805 tabernaculi

2219 2835 2311 2901 tui,
2343 2846 2390 2890 et
2417 2838 2560 2891 aulas
2599 2840 2612 2869 ¹
2643 2850 2753 2893 tuas
2781 2841 3009 2909 conﬁge;
3056 2856 3155 2893 non
3185 2852 3257 2894 est
3284 2841 3417 2909 quod
3446 2859 3623 2910 parcas
3652 2860 3673 2896 :
3708 2861 3797 2897 ex-

2218 2929 2364 2981 tende
2392 2929 2590 2999 longius
2626 2931 2878 3000 funiculos
2908 2939 3037 2994 tuos,
3065 2942 3113 2986 et
3139 2933 3282 3002 palos
3311 2935 3500 2987 validos
3524 2937 3796 2999 constitue.

2218 3018 2365 3071 etiam
2391 3029 2539 3089 atque
2556 3022 2704 3073 etiam
2732 3023 2784 3074 in
2811 3023 3069 3077 dexteram
3097 3034 3244 3094 atque
3271 3025 3549 3084 sinistram.
3577 3026 3631 3081 In
3660 3028 3799 3083 dex-

2219 3118 2328 3162 tera
2358 3118 2479 3173 tene
2505 3111 2691 3175 bonos,
2724 3114 2774 3166 in
2812 3114 3023 3168 sinistra
3057 3123 3178 3169 tene
3220 3116 3388 3171 malos
3411 3116 3625 3189 (Matth.
3659 3135 3796 3184 xxv,

2218 3204 2328 3275 55),
2360 3205 2531 3261 donec
2556 3208 2732 3261 veniat
2765 3209 3115 3263 ventilabrum
3150 3208 3258 3282 (Id.
3302 3226 3382 3275 ιιι,
3419 3210 3507 3282 19.)
3535 3230 3547 3264 :
3579 3212 3800 3282 posside

2221 3306 2394 3350 tamen
2435 3313 2621 3352 omnes
2664 3308 2872 3369 gentes.
2907 3300 3202 3356 lnviteutur
3225 3303 3291 3357 ad
3332 3305 3544 3373 nuptias
3590 3305 3713 3361 boni
3744 3318 3800 3362 ct

2218 3391 2367 3455 mali,
2392 3391 2708 3460 impleantur
2746 3395 2942 3462 nuptiae
2973 3395 3391 3451 recumbentium
3423 3395 3531 3469 (Id.
3565 3415 3697 3466 xxtt,
3738 3400 3798 3468 9,

2222 3480 2310 3548 l0)
2340 3498 2352 3534 :
2386 3494 2659 3541 servorum
2691 3494 2773 3538 est
2806 3485 3055 3558 invitare,
3077 3486 3282 3541 Domini
3326 3503 3596 3558 separare.
3627 3490 3800 3546 Etiam

2217 3582 2366 3635 atque
2391 3572 2538 3625 etiam
2566 3574 2617 3626 in
2655 3573 2910 3629 dexteram
2953 3557 3098 3646 atque
3126 3577 3382 3631 sinistram
3427 3581 3662 3634 extende.
3697 3582 3801 3637 Se-

2219 3678 2328 3715 men
2354 3665 2484 3716 enim
2510 3674 2648 3718 tuum
2676 3667 2985 3721 qureditabit
3023 3679 3213 3738 gentes,
3245 3680 3290 3723 et
3313 3671 3538 3726 civitates
3573 3690 3689 3744 qua:
3710 3676 3801 3729 de-

2218 3764 2363 3807 serta:
2402 3766 2563 3821 erant,
2606 3757 2905 3822 inhabitabis
2929 3775 2948 3812 .'
2976 3760 3204 3816 deserta:
3251 3776 3278 3814 a
3325 3760 3457 3829 Deo,
3507 3764 3741 3821 desertze
3768 3783 3802 3821 ι

2220 3844 2515 3913 Prophelis,
2549 3846 2773 3902 deserta:
2812 3849 2879 3903 ab
2924 3850 3212 3919 Apostolis,
3244 3852 3470 3909 deserta:
3515 3857 3585 3910 ab
3627 3855 3803 3911 Evan-

2219 3937 2380 4005 gelia,
2409 3940 2577 4006 plena:
2619 3939 2918 3997 daemoniis.
2968 3942 3200 3998 Civitates
3240 3961 3353 4015 qua:
3398 3946 3612 4002 deserta:
3658 3960 3804 4004 eram

2222 4029 2557 4084 inhabitabis..
2589 4030 2709 4086 Non
2735 4044 2806 4088 est
2848 4035 2984 4103 quod
3028 4046 3257 4101 metuas;
3299 4040 3594 4107 prtevalebis
3631 4043 3805 4097 asins:

2221 4137 2309 4174 nec
2334 4123 2594 4177 erubescas
2630 4125 2765 4189 quod
2790 4126 3097 4181 detestabilis
3142 4131 3317 4200 fueris.
3348 4131 3510 4202 Ergo,
3552 4136 3674 4205 quia
3722 4138 3804 4189 in-

2219 4225 2540 4268 surrexerunt
2573 4233 2724 4285 super
2769 4234 2846 4271 me
2875 4220 2895 4249 ²
2925 4221 3099 4289 fortes,
3144 4237 3205 4274 ne
3246 4223 3546 4289 erubescas;
3587 4226 3805 4294 quando

2219 4314 2400 4359 contra
2431 4323 2620 4363 nomen
2658 4308 3004 4364 christianum
3035 4311 3175 4380 leges
3218 4313 3546 4380 ferebantur,
3580 4317 3802 4385 quando

2220 4399 2503 4468 ignominia
2553 4410 2605 4455 et
2640 4392 2852 4455 infamia
2878 4412 2991 4456 erat
3028 4418 3145 4457 esse
3171 4404 3550 4480 christianum,
3580 4406 3663 4461 Ne
3686 4426 3807 4462 ern-

2221 4491 2386 4543 bescas
2435 4493 2568 4559 quod
2594 4493 2895 4548 detestabilis
2942 4495 3095 4564 fum’s
3131 4512 3149 4548 :
3178 4497 3521 4567 confusionem
3569 4502 3705 4554 enim
3748 4503 3806 4556 in

2219 4594 2511 4651 perpetuum
2552 4585 2887 4649 Oblivisceris;
2930 4587 3218 4656 ignominia:
3256 4589 3516 4642 viduitatis
3555 4602 3657 4644 tum
3698 4610 3805 4647 non

2220 4674 2315 4726 eris
2345 4691 2550 4728 memor.
2593 4676 2841 4742 Quoniam
2881 4693 2969 4747 ego
2996 4694 3107 4730 sum
3154 4676 3399 4734 Dominus
3428 4684 3512 4751 qui
3553 4686 3689 4753 facio
3714 4695 3804 4739 te:

2222 4765 2465 4821 Dominus
2514 4785 2690 4822 nomen
2733 4780 2801 4822 est
2828 4770 2909 4833 ei;
2954 4780 3001 4823 et
3040 4772 3124 4840 qui
3167 4772 3293 4825 eruit
3321 4756 3385 4837 te,
3414 4775 3524 4842 ipse
3553 4774 3804 4832 Dominus

2225 4856 2356 4911 Deus
2393 4858 2556 4913 Israel
2588 4861 2828 4914 universa:
2857 4870 3004 4915 terra!
3030 4862 3282 4916 vocabitur
3314 4863 3471 4931 (lsai.
3498 4882 3606 4932 le,
3656 4867 3800 4939 1-5).

2221 4945 2287 5000 Et
2314 4948 2609 5017 tu,Domine
2656 4949 2789 5004 Deus
2819 4950 3078 5014 virtutum,
3112 4951 3245 5007 Deus
3274 4951 3462 5021 Israel,
3496 4958 3707 5013 intende
3729 4960 3803 5012 ad

2220 5037 2520 5091 uisitandum
2563 5056 2731 5093 omnes
2760 5051 2972 5110 gentes:
3004 5042 3239 5110 intende,
3275 5044 3516 5115 inquam,
3564 5048 3636 5103 ad
3673 5051 3805 5104 visi-

2223 5129 2436 5182 tandum
2460 5144 2644 5184 omnes
2671 5140 2877 5200 gentes.

2292 5220 2376 5277 1%.
2421 5219 2538 5273 Non
2567 5220 2846 5275 miserearis
2872 5225 3095 5278 omnium
3120 5233 3209 5296 qui
3240 5217 3517 5294 operantur
3545 5231 3801 5301 iniquita-

2219 5316 2334 5375 tem.
2380 5308 2476 5363 Hic
2506 5310 2656 5377 plane
2683 5311 2886 5367 terruit.
2919 5312 3083 5379 Quem
3133 5330 3238 5368 non
3278 5318 3513 5371 terreat?
3554 5320 3688 5386 Quis
3731 5322 3808 5379 ad

2220 5413 2368 5454 suam
2411 5400 2785 5454 conscientiam
2832 5403 3043 5458 rediens
3074 5421 3175 5459 non
3215 5408 3639 5463 contremiscat?
3668 5413 3810 5479 Qua:

2221 5490 2424 5544 etiamsi
2463 5489 2562 5543 sibi
2606 5492 2815 5546 conscia
2843 5503 2922 5547 est
2952 5495 3183 5563 pictatis,
3229 5497 3421 5552 mirum
3460 5500 3564 5555 nisi
3594 5504 3807 5574 aliquid

2285 5687 2301 5751 ξ
2338 5684 2522 5751 Aliquot
2540 5694 2669 5751 (Mss...
2701 5690 2897 5740 animus.
3292 5748 3299 5751 .

2283 5749 2409 5833 τ..ῗὲ
2425 5746 3063 5833 ἘᾸΕΕῘΞΨΞῘΨΜῌἮἚ
3087 5748 3299 5833 Ψνέδῖιέ
3331 5770 3349 5809 ³
3384 5761 3631 5829 "umque
3673 5779 3809 5833 ιῖοδιι

2218 5808 2410 5871 quando
2428 5808 2685 5876 ignominia
2706 5821 2751 5868 et
2772 5808 3062 5880 blasphemia
3082 5808 3204 5883 erat,
3231 5827 3326 5872 etc.
