4022 6200
310 390 402 443 ⁸701

306 502 515 556 conscia
559 502 626 557 sit
653 501 810 558 etiam
842 500 1155 572 iniquitatis.
1196 497 1525 569 Quicumque
1566 498 1704 551 enim
1745 511 1872 566 pec-

306 603 479 649 catum
512 594 654 660 facit,
686 604 740 650 et
778 594 1105 665 iniquitatem
1145 591 1269 647 facit
1304 591 1355 661 (1
1385 589 1543 644 Joan.
1584 607 1662 656 tn,
1709 593 1784 659 Δ).
1817 590 1873 644 Si

305 688 447 739 etnim
480 686 782 756 iniquitates
801 683 1187 749 observaveris,
1222 681 1463 747 Domine,
1495 679 1874 750 Dominc,quis

304 778 583 831 susduebit
629 777 800 846 (Psal.
845 792 1020 841 cxxtx,
1066 775 1143 845 5).
1199 774 1268 829 Et
1313 783 1487 829 tamen
1539 790 1721 829 verum
1769 781 1870 838 ρει,

301 884 404 922 nec
442 868 633 922 frustra
681 869 900 931 dictum,
936 883 1032 922 nec
1079 881 1268 920 vacare
1317 866 1533 920 omnino
1575 874 1746 934 potest
1783 875 1875 918 aut

303 962 518 1029 poterit,
555 958 675 1013 Non
701 961 980 1014 miserearis
1009 959 1228 1013 omnium
1263 960 1349 1027 qui
1384 970 1656 1027 operantur
1689 960 1875 1029 iniqui-

299 1058 471 1104 tatem.
500 1049 601 1105 Sed
631 1065 754 1105 ecce
793 1051 1039 1104 misertus
1061 1058 1140 1102 est
1170 1048 1313 1102 Pauli
1345 1049 1430 1117 qui
1476 1050 1644 1116 primo
1680 1049 1871 1102 Saulus

297 1142 619 1208 operabatur
663 1141 1032 1210 ἰιιίιιιιίιιιιυιιιεε
1063 1140 1187 1210 quid
1216 1140 1360 1195 enim
1393 1140 1508 1203 fecit
1551 1140 1695 1202 boni,
1731 1140 1870 1193 unde

297 1243 693 1301 promereretur
737 1233 943 1287 lleum?
989 1232 1177 1286 Nonne
1219 1242 1432 1285 sanctos
1469 1231 1583 1298 ejus
1630 1232 1694 1283 ad
1730 1247 1872 1284 mor-

297 1333 405 1378 tem
438 1312 994 1379 attralxebatfnonne
1041 1324 1292 1391 epistolas
1335 1339 1364 1375 a
1414 1323 1738 1392 principibus
1779 1338 1868 1376 sa-

294 1416 572 1470 cerdotum
605 1416 823 1477 ferebat,
857 1425 917 1470 ut
951 1416 1267 1486 ubicumque
1294 1414 1622 1471 Christianos
1644 1417 1869 1471 invenis-

291 1520 396 1571 set,
417 1510 480 1562 ad
511 1525 721 1579 pinnam
750 1510 995 1579 raperet?
1031 1525 1207 1564 nonne
1241 1510 1289 1564 id
1315 1526 1496 1580 agens,
1526 1526 1590 1563 eo
1621 1510 1862 1573 tendens,

291 1600 495 1654 (aedem
540 1600 745 1670 spirans
782 1610 836 1654 et
875 1599 1154 1664 anhelans,
1191 1601 1327 1655 sicut
1364 1600 1430 1655 de
1470 1601 1559 1654 illo
1597 1600 1865 1669 Scriptura

289 1702 605 1759 attestatur,
649 1691 714 1746 de
751 1692 887 1747 coelo
917 1702 1134 1747 vocatus
1173 1703 1254 1748 est
1284 1708 1411 1751 voce
1446 1694 1693 1759 sublimi,
1722 1692 1867 1760 deje-

288 1792 442 1845 ctus,
482 1792 690 1838 erectus
712 1826 726 1848 ,
760 1792 1091 1849 excmcatus,
1121 1783 1446 1837 illuminatus
1466 1826 1481 1847 ,
1510 1785 1717 1837 occisus
1736 1825 1749 1845 ,
1782 1783 1862 1836 vi-

287 1878 533 1929 viticatus
552 1917 566 1940 ,
588 1875 825 1946 perditus
846 1917 860 1941 ,
886 1875 1126 1930 redditus
1166 1876 1301 1948 (Act.
1333 1875 1453 1947 ix)?
1484 1876 1598 1942 Quo
1642 1873 1864 1929 merito?

285 1968 427 2026 Nihil
471 1970 894 2034 nosdicamus;
943 1969 1112 2038 ipsum
1159 1970 1335 2040 potius
1379 1968 1654 2023 audiamus
1698 1986 1709 2021 :
1762 1966 1863 2032 Qui

285 2061 430 2130 prius
467 2060 575 2128 fui,
609 2059 809 2130 inquit,
843 2060 1189 2130 blasphemus,
1226 2069 1271 2113 et
1305 2069 1612 2131 perseeutor,
1648 2070 1692 2113 et
1723 2061 1861 2131 inju-

282 2153 447 2205 riosus
465 2169 482 2215 ;
499 2151 587 2206 sed
606 2150 995 2204 misericordiam
1015 2159 1310 2205 consecutus
1332 2168 1441 2204 sum
1463 2149 1507 2221 (Ι
1524 2150 1656 2204 Tim.
1678 2167 1715 2215 1,
1744 2150 1855 2222 15).

280 2244 477 2308 Certe,
510 2243 627 2297 Non
658 2244 940 2297 miserearis
969 2244 1190 2296 omnium
1217 2243 1302 2311 qui
1328 2253 1598 2313 operantur
1616 2243 1856 2313 iniquita—

280 2345 410 2397 tem,
455 2335 554 2391 hoc
595 2334 799 2388 duobus
845 2335 1015 2388 modis
1062 2335 1278 2403 intelligi
1331 2342 1502 2402 potest
1545 2350 1560 2384 ε
1596 2335 1707 2389 sive
1737 2335 1857 2405 quia

277 2428 499 2481 omnino
542 2427 679 2480 nulla
724 2434 933 2496 peccata
976 2427 1227 2496 impunita
1268 2427 1515 2497 relinquit
1541 2427 1716 2492 Deus;
1746 2428 1856 2482 sive

272 2517 420 2589 ’quod
465 2530 547 2572 est
582 2517 822 2588 quardam
871 2517 1151 2586 iniquitas,
1198 2533 1352 2587 quam
1397 2518 1488 2587 qui
1535 2528 1851 2587 operantur,

279 2607 500 2663 onmino
543 2624 724 2662 eorum
760 2608 897 2663 Deus
927 2624 1029 2661 non
1063 2608 1361 2662 miseretur.
1396 2608 1695 2662 Secundum
1725 2610 1852 2663 istos

275 2700 411 2756 duos
455 2701 673 2767 modos,
714 2701 948 2757 breviter
986 2710 1237 2770 quantum
1261 2701 1511 2769 temporis
1539 2700 1852 2755 suflicitali-

274 2792 401 2862 quid
432 2792 707 2862 loquamur
725 2792 977 2847 Cltaritati
1009 2792 1226 2848 Vestrae.
1525 2850 1533 2859 ,

345 2884 434 2937 15.
465 2883 713 2953 lniquitas
752 2885 961 2951 omnis,
989 2898 1145 2954 parva
1189 2898 1442 2953 magnave
1467 2882 1570 2946 sit,
1605 2884 1850 2953 puniatur

272 2991 494 3031 necesse
515 2988 617 3042 est,
648 2986 737 3031 aut
766 2977 835 3031 ab
865 2977 979 3047 ipso
1003 2979 1214 3031 homine
1237 2980 1542 3045 lnenitente,
1571 2987 1661 3031 aut
1686 2994 1713 3030 ει
1740 2979 1847 3033 Deo

272 3069 594 3123 vindicaute.
636 3069 765 3124 Nam
807 3079 861 3124 et
917 3086 1072 3138 quem
1119 3071 1373 3138 poenitet,
1417 3071 1561 3138 punit
1590 3070 1843 3139 seipsum.

262 3161 434 3238 ‘lu'rgo,
465 3159 671 3224 fratres,
700 3161 976 3229 puniamus
1007 3170 1182 3214 nostra
1213 3170 1424 3230 peccata
1446 3202 1461 3227 ,
1485 3162 1527 3215 si
1558 3162 1844 3231 quzerimus

268 3251 685 3305 misericordiam
710 3251 820 3304 Dei.
849 3250 962 3305 Non
993 3261 1163 3320 potest
1187 3252 1323 3306 Deus
1345 3252 1579 3305 misereri
1607 3253 1840 3306 omnium

266 3340 600 3409 operantium
631 3340 953 3409 iniquitatem
981 3341 1127 3410 quasi
1162 3342 1434 3398 blandiens
1464 3343 1713 3410 peccatis,
1747 3352 1838 3398 aut

264 3448 373 3486 non
404 3433 679 3486 eradicans
700 3441 933 3501 peccata.
968 3433 1188 3487 Prorsus
1212 3444 1301 3487 aut
1339 3434 1495 3504 punis
1516 3477 1528 3498 ,
1558 3446 1643 3488 aut
1671 3436 1836 3504 punit.

263 3524 359 3579 Vis
388 3541 493 3580 non
541 3526 761 3595 puniat?
790 3526 939 3585 Puni.
967 3535 1040 3581 tu.
1071 3525 1198 3598 Nam
1229 3536 1283 3581 et
1320 3525 1448 3581 illud
1491 3527 1658 3582 fecisti
1700 3528 1839 3596 quod

263 3617 580 3687 impunitum
612 3632 729 3673 esse
760 3633 861 3671 non
893 3620 1058 3687 possit
1086 3636 1098 3670 :
1132 3619 1222 3672 Sed
1254 3634 1281 3673 ιι
1308 3627 1356 3673 te
1380 3620 1623 3687 puuiatur
1644 3618 1835 3689 potius,

263 3723 324 3766 ιιι
354 3713 515 3767 facias
539 3712 677 3783 quod
703 3714 751 3766 iu
785 3713 872 3766 illo
905 3714 1106 3781 psaimt)
1136 3712 1389 3780 scriptum
1419 3724 1516 3774 est,
1551 3712 1840 3766 Pra’venia-

262 3823 378 3860 mus
427 3807 604 3883 {aciem
648 3808 759 3876 ejus
784 3806 835 3858 in
874 3806 1188 3876 confessione
1231 3803 1401 3875 (Psal.
1435 3821 1573 3868 κων,
1599 3804 1678 3877 2).
1703 3805 1839 3873 Quid

260 3908 344 3953 est
368 3939 384 3963 ,
417 3896 789 3951 Prwveniamus
824 3896 1004 3965 faciem
1026 3896 1132 3965 ejus
1154 3896 1179 3948 ?
1204 3896 1497 3964 Antequam
1526 3895 1639 3963 ipse
1663 3905 1837 3949 atten-

259 3989 355 4044 dat
379 3998 439 4042 ut
479 3988 695 4058 puniat,
738 3996 790 4041 tu
834 3986 1066 4055 prmveni
1107 3985 1405 4039 coufitendo
1438 3995 1489 4039 et
1535 3986 1678 4053 puni.
1724 3983 1837 4039 Non

258 4080 352 4135 ille
376 4080 607 4134 inveniat
635 4078 773 4150 quod
814 4078 1016 4148 puniat.
1062 4078 1194 4142 Quia
1222 4092 1343 4130 cutn
1374 4087 1427 4130 tu
1471 4077 1624 4145 punis
1650 4077 1840 4146 iniqui-

259 4182 449 4236 tatem,
469 4170 600 4225 facis
619 4171 941 4241 :equitatem.
974 4172 1037 4224 Et
1064 4170 1181 4223 ideo
1212 4170 1282 4223 lui
1315 4169 1651 4224 miserebitur
1679 4171 1835 4231 Deus,

258 4264 385 4335 quia
404 4265 511 4332 jam
542 4273 592 4319 te
621 4275 927 4333 operantem
958 4263 1260 4331 aequitatem
1289 4263 1488 4317 invenit
1518 4262 1673 4317 Deus.
1704 4261 1838 4328 Quid

255 4365 380 4424 est,
414 4369 720 4425 operantem
758 4355 1101 4427 aequitatem?
1142 4354 1272 4420 Quia
1319 4354 1422 4409 hoc
1466 4354 1517 4408 in
1563 4364 1612 4407 te
1658 4354 1836 4421 odisti,

257 4448 404 4517 quod
436 4456 487 4503 el
517 4449 603 4502 ille
628 4447 736 4502 odit
758 4466 772 4513 ;
797 4457 852 4502 ut
896 4446 1113 4516 incipias
1158 4447 1369 4515 placere
1406 4446 1513 4499 Deo
1537 4486 1551 4511 ,
1585 4445 1709 4499 dum
1738 4445 1841 4500 hoc

259 4538 319 4593 in
372 4547 422 4593 te
470 4538 627 4607 punis
665 4537 805 4605 quod
854 4537 1095 4606 displicet
1155 4537 1281 4591 Deo.
1331 4534 1461 4589 Nam
1516 4551 1618 4589 non
1668 4544 1842 4606 potest

260 4631 585 4700 impunitum
648 4630 872 4699 relinqui
929 4639 1205 4700 peccatum
1268 4644 1281 4679 :
1341 4627 1588 4693 quoniam
1655 4643 1838 4683 verum

259 4733 347 4779 est
370 4766 383 4786 ,
444 4721 562 4777 Non
610 4723 887 4777 miserearis
925 4722 1147 4774 omnium
1175 4720 1259 4789 qui
1285 4726 1561 4789 operantur
1600 4719 1838 4790 iniquita-

262 4828 386 4870 tem.
1271 4801 1274 4804 ’

338 4909 425 4962 14.
448 4904 553 4961 Sed
587 4905 854 4959 \ideamns
875 4903 983 4973 jam
1011 4904 1169 4963 alium
1200 4901 1435 4965 modum,
1458 4916 1563 4972 quo
1583 4900 1696 4956 hazc
1720 4917 1841 4956 sen-

258 5000 431 5056 tentia
460 4998 628 5067 possit
673 4996 909 5065 intelligi.
941 4995 1032 5049 Est
1072 4994 1311 5065 quaedam
1370 4992 1617 5062 iniquitas
1639 5034 1654 5057 ,
1681 5008 1839 5062 quam

259 5091 355 5161 qui
406 5098 686 5158 Operatur,
742 5103 845 5141 non
883 5094 1051 5155 potest
1093 5085 1203 5140 fieri
1250 5093 1307 5138 ut
1359 5085 1676 5138 misereatur
1723 5083 1840 5152 ejus

261 5185 427 5240 Deus.
461 5180 707 5248 Quatrilis
757 5178 891 5231 forte
930 5192 1169 5246 qumuam
1209 5176 1294 5229 illa
1323 5176 1432 5229 sit?
1463 5173 1576 5242 Ipsa
1602 5174 1841 5229 defensio

232 5283 627 5347 1ieccatorum.
678 5269 898 5335 Quando
927 5269 1149 5339 quisque
1190 5266 1426 5321 defendit
1467 5273 1676 5333 peccata
1707 5280 1833 5328 sua,

260 5378 512 5433 magnam
566 5360 892 5429 iniquitatem
942 5370 1236 5427 Oper-ator:
1285 5358 1384 5411 hoc
1428 5355 1661 5410 defendit
1697 5355 1837 5424 quod

261 5457 407 5511 heus
427 5455 559 5507 odit.
593 5452 661 5506 Et
700 5450 817 5503 vide
852 5466 1005 5518 quam
1054 5464 1332 5516 perverse,
1362 5462 1518 5517 quam
1560 5447 1752 5515 inique.
1783 5445 1837 5501 Si

263 5548 389 5615 quid
433 5545 556 5599 boni
594 5543 817 5606 fecerit,
846 5541 944 5593 sibi
973 5541 1082 5593 vult
1122 5539 1399 5607 imputari;
1433 5539 1477 5591 si
1521 5536 1645 5606 quid
1676 5536 1834 5601 mali,

263 5640 396 5693 lico.
428 5636 559 5691 Nam
598 5635 698 5689 hoc
740 5632 898 5686 modo
933 5630 1221 5686 defendunt
1267 5631 1508 5684 homines
1533 5637 1745 5699 peccata
1771 5637 1837 5682 ex

269 5726 363 5785 Dei
392 5742 639 5799 persona,
670 5725 809 5796 quod
837 5722 983 5793 pejus
1000 5732 1110 5801 est.
1141 5723 1274 5786 Quid
1298 5731 1377 5777 est
1408 5723 1507 5775 hoc
1526 5722 1550 5775 ?
1571 5719 1733 5774 Nemo
1758 5727 1839 5772 est

264 5820 357 5890 qui
384 5819 577 5897 audeat
599 5818 795 5880 dicere,
816 5816 1016 5870 Bonum
1060 5826 1140 5869 est
1166 5814 1499 5880 adulterium,
1530 5813 1723 5869 bonum
1752 5818 1832 5867 est

1404 350 1803 439 manuario
1831 381 1893 436 IN
1934 382 2249 440 essenon
2286 385 2460 471 mu.

3450 390 3555 445 702

1980 495 2319 552 homicidium
2341 542 2355 565 ,
2384 500 2520 555 bona
2568 500 2707 555 fraus
2738 545 2754 570 ,
2782 502 2977 559 bonum
3024 504 3309 574 periurium
3334 523 3347 559 :
3376 507 3553 565 nullus

1981 603 2196 656 prorsus
2242 589 2551 657 hominum;
2582 607 2700 647 nam
2745 596 2833 664 qui
2863 596 3021 650 etiam
3068 596 3153 649 illa
3186 596 3410 663 faciunt,
3441 599 3554 653 cla-

1978 690 2125 734 mant
2164 680 2374 749 quando
2421 684 2712 752 patiuntur.
2753 684 2980 742 Omnino
3020 703 3146 758 ergo
3195 706 3299 742 non
3345 690 3548 744 iuvenis

1977 771 2205 826 animam
2251 782 2357 827 tam
2395 790 2732 843 perversam,
2766 788 2869 832 tam
2908 788 3170 835 extorrem
3220 796 3248 834 a
3296 783 3547 837 societate

1975 862 2185 931 generis
2213 863 2424 918 humani
2447 875 2501 919 et
2531 883 2558 920 a
2589 867 2988 935 participatione
3024 871 3318 923 communis
3339 871 3546 939 sangui-

1979 954 2060 1006 nis
2087 969 2153 1008 ex
2191 954 2376 1019 Adam,
2424 958 2507 1011 cui
2539 958 2782 1014 videatur
2809 960 3001 1013 bonum
3046 975 3164 1014 esse
3205 962 3540 1022 adulterium,

1975 1047 2115 1100 sicut
2139 1046 2266 1109 dixi,
2300 1047 2465 1115 fraus,
2491 1052 2694 1118 rapina,
2724 1052 3029 1121 perjurium.
3056 1052 3157 1106 Sed
3188 1054 3454 1123 quomodo
3482 1069 3543 1108 ea

1974 1136 2263 1193 defendunt
2283 1140 2306 1192 ?
2326 1141 2381 1196 Si
2425 1142 2563 1197 Deus
2586 1143 2873 1210 noluisset,
2904 1161 3006 1197 non
3035 1145 3084 1198 id
3115 1145 3377 1199 fecissem.
3406 1146 3541 1211 Quid

1972 1230 2052 1283 vis
2080 1228 2264 1284 faciam
2310 1230 2419 1286 fato
2459 1234 2619 1287 meo?
2663 1234 2776 1288 Jam
2825 1238 3015 1304 qu:eris
3062 1238 3184 1306 quid
3237 1238 3305 1291 sit
3329 1239 3488 1291 fatum
3525 1256 3538 1290 :

1971 1323 2141 1375 curris
2184 1323 2249 1376 ad
2296 1324 2726 1392 stellas.Qu:eris
2751 1327 2869 1395 quis
2912 1327 3092 1381 fecerit
3132 1337 3185 1381 et
3211 1329 3541 1382 ordiuaverit

1970 1415 2152 1470 Stellas
2182 1432 2195 1467 τ
2229 1416 2364 1472 Deus
2387 1426 2486 1472 est.
2518 1419 2655 1488 Ergo
2676 1420 2739 1473 ad
2766 1420 2864 1473 hoc
2891 1429 3161 1491 peceatum
3191 1432 3333 1473 tuum
3356 1421 3541 1475 defen-

1969 1503 2070 1567 dis,
2094 1513 2151 1558 ut
2183 1506 2342 1560 Deum
2366 1523 2603 1564 accuses.
2630 1509 2752 1563 ideo
2780 1521 3063 1564 excusatur
3090 1526 3210 1564 reus
3229 1553 3242 1575 ,
3276 1521 3331 1563 ut
3356 1511 3538 1578 culpo-

1968 1606 2053 1649 tur
2073 1597 2252 1666 judex.
2280 1598 2499 1653 Prorsus
2530 1601 2685 1654 talem
2715 1602 3039 1670 iniquitatem
3066 1602 3397 1670 operantium
3428 1617 3531 1653 non

1968 1690 2247 1743 miseretur
2273 1690 2428 1746 Deus.
2454 1689 2573 1745 Non
2605 1693 2883 1745 miserearis
2913 1694 3133 1745 omnium
3151 1694 3236 1762 qui
3265 1702 3537 1761 operantur

1965 1779 2293 1848 iniquitatem“.
2326 1781 2669 1852 Perseqnere,
2704 1783 2892 1851 inquit,
2920 1792 3129 1852 peccata
3157 1799 3362 1846 eorum,
3383 1783 3531 1853 puni,

1965 1885 2281 1941 compuuge,
2314 1882 2563 1928 converte
2589 1874 2706 1932 illos
2728 1883 2849 1927 ante
2876 1890 2934 1928 se
2955 1916 2968 1934 ,
2992 1876 3078 1944 qui
3111 1890 3167 1929 se
3194 1885 3391 1944 ponunt
3417 1885 3536 1943 post

1963 1976 2022 2015 se
2048 1977 2063 2026 ;
2096 1970 2147 2016 et
2174 1963 2487 2017 erubescant
2510 1963 2583 2018 de.
2613 1979 2691 2027 sc,
2725 1972 2781 2017 ut
2805 1964 3066 2034 gaudeant
3095 1964 3162 2018 de
3190 1976 3257 2018 te.
3291 1962 3410 2017 Non
3431 1965 3532 2017 mi-

1962 2053 2172 2107 serearis
2191 2054 2414 2107 omnium
2439 2055 2526 2123 qui
2555 2065 2832 2123 operantur
2855 2056 3189 2125 iniquitatem.
3376 2106 3379 2109 .

2061 2145 2146 2200 i5.
2192 2143 2342 2218 [vers.
2394 2144 2473 2218 7.]
2512 2145 2876 2200 Convertuntur
2911 2146 2979 2199 ad
3022 2162 3296 2215 vesperam.
3340 2144 3531 2199 Nescio

1961 2250 2093 2304 quos
2118 2235 2241 2289 dicit
2267 2236 2530 2301 quondam
2580 2246 2887 2305 operatores
2914 2237 3202 2306 iniquitatis
3225 2278 3238 2297 ,
3273 2248 3323 2290 ct
3355 2251 3526 2306 quou-

1960 2326 2079 2379 dam
2127 2327 2370 2381 tenebras
2394 2329 2675 2393 ,convcrti
2709 2328 2774 2381 ad
2800 2344 3092 2399 vesperam.
3134 2328 3268 2395 Quid
3315 2338 3430 2393 est,
3461 2326 3529 2387 ad

1959 2419 2263 2488 vesperam?
2310 2420 2519 2473 Postea.
2568 2420 2703 2486 Quid
2735 2431 2809 2474 est
2838 2461 2853 2485 ,
2886 2421 2954 2473 ad
2987 2437 3240 2489 vesperam
3260 2423 3286 2475 ?
3321 2421 3525 2475 Serius.

1959 2511 2095 2563 Ante
2121 2510 2259 2563 enim
2287 2510 2580 2564 debuerant
2611 2552 2625 2577 ,
2649 2521 2927 2580 antequam
2958 2512 3225 2565 Christum
3254 2513 3529 2581 crucifige-

1957 2608 2076 2654 reut
2097 2640 2113 2666 ,
2143 2601 2404 2655 medicum
2446 2615 2754 2671 agnoscere.
2795 2601 2969 2669 Quare
3001 2601 3108 2671 jam
3141 2617 3206 2655 eo
3235 2601 3522 2665 erucitixo,

1954 2698 2265 2760 resurgente
2288 2731 2304 2756 ,
2333 2691 2383 2744 in
2404 2688 2606 2746 caelum
2635 2692 2954 2745 ascendente
2980 2733 2994 2757 ,
3034 2701 3372 2760 posteaquam
3429 2693 3531 2745 mi-

1952 2781 2022 2834 sit
2048 2780 2298 2850 Spiritum
2328 2796 2479 2837 suum
2526 2792 2764 2836 sanctum
2792 2825 2806 2849 ,
2830 2798 2935 2851 quo
2960 2783 3144 2851 rqdcti
3185 2793 3308 2837 sunt
3338 2782 3411 2836 illi
3430 2782 3524 2852 qui

1954 2872 2004 2926 in
2029 2887 2132 2925 una
2158 2870 2318 2926 domo
2337 2880 2507 2937 erant,
2532 2879 2881 2941 etcmperuut
2906 2872 3047 2941 loqui
3067 2872 3256 2942 linguis
3283 2872 3518 2936 omnium

1949 2963 2209 3033 gentium,
2233 2970 2558 3033 expaverunt
2585 2962 2925 3017 crucifixores
2949 2962 3145 3018 Christi
3173 2981 3187 3017 :
3215 2963 3524 3033 compuncti

1948 3062 2072 3107 sunt
2091 3025 2501 3108 de‘conseieutia
2526 3038 2639 3117 sua,
2673 3053 2948 3107 consilium
2978 3054 3162 3108 salutis
3186 3055 3253 3109 ab
3288 3056 3520 3124 Aposto-

1946 3144 2013 3198 lis
2042 3144 2374 3212 petiverunt;
2417 3143 2736 3209 audierunt,
2765 3144 2909 3215 Agite
2950 3144 3321 3216 paenitentiam,
3351 3154 3398 3198 et
3433 3145 3524 3198 ba-

1947 3235 2162 3306 ptizetur
2191 3236 2529 3306 unusquisque
2569 3246 2787 3290 uestrum
2816 3238 2867 3289 in
2895 3238 3096 3291 nomine
3118 3236 3323 3291 Domini
3361 3237 3522 3291 nostri

1945 3327 2068 3382 Jesu
2106 3325 2327 3394 Christi,
2358 3338 2404 3381 et
2437 3327 2751 3383 dimittentur
2782 3329 2918 3384 vobis
2953 3338 3154 3397 peccata
3192 3339 3352 3383 vestra
3381 3329 3513 3399 (Act.

1945 3437 2004 3484 ιι,
2034 3419 2147 3494 58).
2180 3421 2304 3476 Post
2345 3422 2574 3477 occisum
2623 3420 2891 3476 Christum
2918 3464 2931 3486 ,
2959 3430 3077 3492 post
3101 3420 3325 3476 etinsum
3359 3420 3518 3475 Citri-

1946 3512 2014 3565 sti
2060 3513 2370 3581 sanguinem
2433 3512 2770 3566 dimittuntur
2804 3522 3016 3581 peccata
3050 3522 3244 3566 vestra.
3293 3512 3387 3566 Ille
3439 3512 3518 3565 sic

1945 3608 2106 3661 voluit
2129 3607 2282 3671 mori,
2308 3617 2361 3660 ut
2387 3608 2640 3678 sanguine
2669 3621 2767 3660 suo
2800 3606 2958 3661 etiam
2987 3605 3244 3659 cliusores
3271 3605 3510 3672 ejusdem

1944 3699 2213 3770 sanguinis
2239 3699 2543 3754 redimeret.
2577 3699 2809 3753 Fudistis
2847 3699 3130 3752 sazvieutcs
3153 3739 3167 3762 ,
3198 3698 3360 3750 bibite
3388 3710 3518 3770 con-

1945 3793 2172 3845 fitentes.
2205 3790 2388 3844 Merito
2426 3801 2773 3845 convertantur
2810 3790 2877 3842 ad
2907 3804 3199 3860 vesperam;
3244 3798 3290 3843 et
3321 3764 3508 3857 [mitem

1942 3884 2200 3953 patiantur
2225 3892 2280 3936 ut
2299 3898 2464 3936 canes.
2493 3881 2667 3936 Canes
2690 3880 2886 3937 Gentes
2913 3880 3079 3935 .Iudmi
3108 3880 3370 3944 dixerunt,
3400 3888 3518 3935 tan-

1943 3989 2099 4044 quam
2126 3973 2444 4031 immundos.
2473 3973 2600 4027 Nam
2623 3958 2742 4028 inde
2759 3984 2811 4036 et
2830 3975 2941 4042 ipse
2971 3973 3375 4036 Dominus,cum
3398 3981 3518 4041 post

1943 4080 2065 4120 eum
2092 4067 2343 4120 clamaret
2368 4065 2665 4120 Chanana-a
2687 4065 2925 4135 quaedam
2950 4064 3156 4125 mulier,
3183 4079 3285 4116 non
3307 4062 3510 4127 Judaza,

1943 4158 2008 4211 ad
2035 4174 2183 4212 suam
2216 4158 2374 4214 filiam
2396 4158 2681 4213 curandam
2707 4169 3019 4212 convertere
3056 4157 3237 4211 volens
3263 4156 3379 4225 ejus
3409 4154 3508 4209 mi-

1945 4251 2331 4316 sericordiam;
2379 4251 2465 4305 ille
2509 4251 2686 4303 omnia
2733 4248 3031 4320 prasvideus
3056 4290 3070 4311 ,
3098 4248 3273 4301 omnia
3305 4248 3513 4311 sciens,

1943 4341 2038 4397 sed
2068 4334 2223 4399 fidem
2247 4346 2362 4413 ejus
2388 4343 2672 4398 ostendere
2693 4341 2897 4405 volens,
2920 4341 3124 4395 distulit
3157 4339 3468 4394 beneﬁcium
3497 4379 3512 4404 ,

1944 4448 1998 4495 et
2035 4454 2151 4492 eam
2191 4434 2483 4504 suspendit.
2523 4433 2590 4488 Et
2638 4433 2902 4503 quomodo
2928 4432 3170 4489 distulit?
3214 4429 3335 4484 Non
3378 4446 3513 4494 sunt,

1944 4529 2130 4599 inquit,
2162 4526 2361 4589 missus,
2395 4525 2491 4577 nisi
2511 4523 2578 4576 ad
2596 4540 2707 4577 ores
2728 4538 2841 4592 qua!
2858 4523 3107 4591 perierunt
3134 4521 3311 4574 domus
3333 4518 3513 4574 Israel.

1944 4618 2130 4684 lsrael,
2161 4632 2288 4672 oves
2313 4633 2325 4667 :
2353 4614 2551 4670 Gentes
2579 4657 2594 4679 ,
2616 4616 2739 4684 quid
2762 4614 2784 4667 ?
2823 4612 2941 4667 Non
2969 4622 3040 4665 est
3080 4611 3263 4665 bonum
3292 4652 3306 4675 ,
3336 4626 3518 4679 panem

1945 4711 2164 4780 ﬁliorum
2191 4711 2383 4763 mittere
2402 4708 2627 4762 canibus.
2656 4706 2853 4763 Gentes
2878 4720 3005 4774 ergo
3029 4720 3188 4759 canes
3214 4702 3511 4771 appellavit,

1946 4810 2165 4873 propter
2206 4799 2616 4854 immunditiam.
2657 4796 2792 4864 Quid
2838 4806 3012 4849 autem
3044 4794 3130 4849 illa
3175 4793 3364 4847 mulier
3389 4808 3512 4848 esu-

1943 4893 2129 4948 riens?
2175 4891 2286 4946 Hoc
2326 4891 2491 4960 magis
2521 4879 2622 4943 inuti
2660 4888 2849 4956 repulit
2890 4903 2903 4939 :
2962 4886 3197 4955 suscepit
3248 4885 3513 4939 humiliter

1944 4982 2275 5047 convicium,
2330 4990 2384 5035 et
2428 4980 2618 5033 meruit
2664 4978 2999 5032 beneficium.
3050 4977 3228 5044 Neque
3273 4977 3413 5031 enim
3463 4984 3517 5030 et

1945 5074 2244 5129 convicium
2287 5069 2415 5124 illud
2454 5068 2735 5124 dlCClidllln
2780 5078 2927 5134 erat,
2957 5069 3096 5136 quod
3127 5066 3167 5121 a’
3185 5067 3407 5120 Domino
3426 5065 3512 5120 di-

1944 5174 2085 5219 ctum
2112 5172 2249 5217 erat.
2278 5161 2476 5216 Servus
2506 5160 2550 5215 si
2580 5160 2774 5229 aliquid
2816 5160 2918 5213 tale
2942 5160 3156 5213 domino
3181 5159 3358 5224 dicat,
3381 5172 3512 5211 con-

1947 5252 2138 5313 vicium
2164 5264 2287 5311 est:
2334 5256 2580 5309 dominus
2619 5264 2795 5308 autem
2839 5269 2958 5306 cum
3002 5253 3105 5307 talo
3144 5253 3334 5320 aliquid
3362 5264 3518 5304 servo

1945 5351 2092 5417 dicit,
2121 5348 2354 5420 dignatio
2382 5349 2552 5416 potius
2579 5348 2679 5402 dici
2707 5356 2898 5417 potest.
2932 5344 3036 5412 Ita,
3067 5346 3253 5415 inquit,
3281 5341 3514 5395 Domine.

1945 5442 2081 5510 Quid
2112 5454 2213 5503 eSt,
2238 5439 2350 5494 ita?
2384 5439 2573 5497 Verum
2597 5439 2730 5493 dicis
2753 5478 2771 5501 ,
2797 5454 3013 5507 prorsus
3041 5434 3373 5489 verumdicis
3392 5448 3409 5496 ;
3431 5446 3510 5485 can

1947 5534 2029 5587 nis
2055 5547 2152 5602 ego
2179 5548 2316 5587 sum.
2343 5529 2448 5585 Sed
2468 5541 2514 5583 et
2544 5547 2712 5595 canes,
2746 5530 2937 5598 inquit,
2955 5529 3110 5581 edunt
3138 5530 3199 5578 de
3220 5525 3362 5576 micis
3409 5535 3519 5590 qua:

1945 5626 2135 5680 cadunt
2162 5625 2224 5679 de
2251 5640 2423 5679 mensa
2448 5622 2767 5676 dominarum
2794 5636 3019 5675 suorum.
3054 5619 3119 5671 Et
3141 5614 3390 5673 continuo
3419 5612 3516 5664 lto-

1944 5718 2119 5772 minus
2142 5734 2156 5770 :
2189 5716 2233 5770 0
2254 5716 2454 5780 mulier,
2470 5730 2657 5784 magna
2684 5726 2756 5767 est
2782 5712 2907 5779 ﬁdes
2934 5720 3019 5762 tua
3044 5705 3255 5776 (Matth.
3283 5716 3351 5756 xv
3373 5742 3390 5767 ,
3418 5698 3518 5761 24-

1945 5809 2037 5871 28)
2063 5810 2076 5863 ε
2102 5808 2417 5864 iamdudum
2447 5806 2631 5872 Canis,
2666 5804 2821 5859 modo
2857 5801 3064 5856 mulier.
3099 5795 3247 5853 Unde
3270 5795 3377 5865 jam
3399 5809 3516 5857 tutt-
