4022 6200
577 347 685 405 703

525 529 545 538 ο
576 467 678 524 licr
725 481 841 537 qua:
888 461 1046 535 paulo
1096 466 1219 515 ante
1250 456 1441 514 canis?
1477 435 1792 511 Confitendo
1842 450 2147 506 humiliter.

575 576 681 615 non
721 555 1025 627 repellenda
1064 552 1206 625 quod
1258 567 1290 606 a
1327 551 1552 605 Domino
1591 549 1786 602 dictum
1820 556 1955 600 erat.
2005 543 2147 612 Ergo

572 651 771 709 Gentes
806 662 967 702 canes
991 687 1006 712 ,
1037 656 1091 700 et
1121 644 1241 700 ideo
1287 642 1604 698 esurientes.
1640 639 1842 693 Βυιιιιιιι
1868 646 1951 691 est
1978 644 2031 689 et
2053 634 2146 688 Ju-

574 742 723 805 dacis,
756 748 811 793 ut
848 746 1139 809 agnoscant
1178 752 1237 791 se
1273 744 1612 804 peccatores;
1645 741 1700 787 et
1724 732 1848 785 licet
1887 731 1952 782 ad
1977 745 2143 796 vespe-

573 850 701 899 ram,
752 841 1105 886 convertantur
1125 845 1143 893 ,'
1166 838 1211 882 et
1238 829 1425 897 {amem
1448 826 1706 895 patiantur
1730 832 1781 874 ut
1808 837 1978 887 canes.
2013 819 2140 873 Nam

569 926 712 982 male
753 933 1020 980 saturatas
1057 931 1172 977 erat
1200 922 1288 975 ille
1315 921 1406 990 qui
1449 917 1657 973 dicebat
1696 934 1709 970 :
1750 914 1941 986 Jejuno
1980 914 2054 968 bis
2088 917 2146 968 in

569 1019 795 1073 sabbato.
822 1018 914 1072 Ille
942 1023 1116 1070 autem
1150 1014 1461 1084 publicanus
1488 1011 1636 1066 canis
1664 1019 1798 1074 erat,
1831 1007 2022 1061 famem
2056 1022 2146 1074 pa-

571 1111 741 1171 tiens";
771 1118 825 1162 et
851 1106 972 1163 inde
1013 1104 1327 1160 beneficium
1375 1101 1584 1157 Domini
1624 1098 1909 1159 esuriebat,
1940 1097 2027 1164 qui
2063 1095 2145 1149 di-

570 1200 748 1255 ccbat:
770 1197 1030 1269 Pr0pitt'us
1056 1208 1161 1251 esto
1179 1197 1300 1250 mihi
1324 1194 1575 1265 peccaturi
1593 1192 1741 1263 (Luc.
1763 1206 1911 1255 xvut,
1934 1186 2139 1255 HAS),

571 1290 933 1345 Convertuntur
956 1303 1083 1358 ergo
1123 1297 1177 1343 et
1211 1287 1283 1341 illi
1318 1288 1386 1340 ad
1408 1300 1660 1353 vesperam
1692 1298 1711 1336 :
1747 1292 1794 1336 et
1839 1281 2021 1350 [amem
2055 1295 2146 1347 pa-

571 1384 763 1438 tiantur
786 1392 841 1436 ut
863 1399 1037 1437 canes.
1069 1379 1383 1436 Desiderent
1422 1376 1644 1449 gratiam
1683 1375 1812 1440 Dei,
1847 1372 2146 1443 intelligant

571 1492 631 1532 se
657 1484 962 1546 peccatores
1004 1492 1017 1529 :
1065 1475 1228 1537 fortes
1281 1471 1355 1526 illi
1398 1472 1527 1524 fiant
1568 1467 1759 1523 infirmi
1785 1506 1801 1532 ,
1833 1466 2025 1520 divites
2069 1463 2144 1518 illi

568 1567 701 1623 ﬁant
726 1580 1002 1637 pauperes,
1025 1565 1152 1634 juSti
1180 1564 1251 1618 illi
1276 1570 1566 1633 agnoscant
1593 1575 1650 1614 se
1672 1568 2000 1628 peccatores,
2033 1557 2145 1611 lco~

573 1675 671 1716 nes
696 1659 771 1715 illi
794 1674 954 1713 canes
993 1657 1141 1711 ﬁant.
1175 1655 1537 1710 Convertuntur
1578 1653 1646 1706 ad
1678 1667 1976 1721 vesperam;
2000 1659 2047 1704 et
2073 1653 2149 1719 fa-

573 1770 704 1809 mem
758 1750 1017 1824 patiantur
1070 1760 1124 1803 ut
1146 1766 1327 1811 canes,
1369 1759 1415 1802 et
1479 1746 1807 1801 circumibunt
1874 1744 2143 1808 civitatem,

573 1845 744 1914 Quam
769 1843 1080 1899 civitatem?
1107 1841 1355 1897 Mundum
1385 1842 1539 1895 istum
1574 1879 1590 1905 ,
1617 1854 1775 1908 quem
1827 1836 2144 1907 quibusdam

574 1937 707 1993 locis
741 1946 895 1992 vocat
917 1936 1186 2005 Scriptura
1227 1935 1492 1988 civitatem
1518 1932 1930 1986 circumstantiae
1967 1928 2140 1998 (Psal.

573 2045 702 2095 xu,
729 2027 820 2092 22,
852 2040 957 2091 ιιι,
989 2028 1072 2091 Η,
1104 2035 1151 2080 et
1176 2041 1299 2091 cvn,
1324 2025 1412 2089 Η,
1435 2040 1535 2077 sec.
1561 2020 1724 2093 LXX)
1759 2040 1772 2076 :
1798 2021 1850 2075 id
1876 2030 1958 2076 est
1977 2062 1991 2085 ,
2024 2020 2145 2090 quia

578 2123 633 2176 in
661 2121 910 2176 omnibus
952 2120 1195 2190 gentibus
1221 2118 1454 2187 undique
1479 2114 1891 2170 circumfuderat
1919 2112 2148 2166 mundus

578 2227 736 2266 unam
785 2220 996 2281 gentem
1037 2208 1340 2264 Judzeorum
1361 2249 1374 2271 ,
1403 2207 1488 2261 ubi
1520 2207 1642 2261 talia
1685 2205 1999 2260 dicebantur
2021 2204 2063 2267 ¹,
2095 2213 2150 2258 et

574 2301 942 2371 appellabatur
996 2301 1183 2356 civitas
1219 2299 1648 2355 circumstantiae.
1685 2296 1842 2352 Istam
1880 2296 2147 2353 civitatem

576 2392 929 2449 circumibunt
952 2393 1027 2448 illi
1054 2393 1164 2463 jam
1185 2406 1344 2453 canes
1373 2390 1491 2446 facti
1536 2389 1848 2444 esurientes.
1873 2389 2148 2457 Quomodo

576 2483 967 2540 circumibunt?
1012 2482 1455 2554 Evangelizando.
1503 2481 1695 2537 Saulus
1738 2495 1804 2536 ex
1841 2481 1968 2550 lupo
2001 2485 2150 2534 canis

580 2576 752 2633 factus
776 2585 858 2631 est
889 2575 956 2630 ad
985 2590 1282 2645 vesperam,
1315 2574 1368 2630 id
1398 2584 1513 2639 est,
1563 2589 1689 2628 sero
1728 2588 2047 2636 conversus.
2078 2573 2147 2629 de

577 2668 733 2724 micis
756 2667 955 2727 domini
980 2667 1061 2724 sui
1086 2668 1136 2722 in
1165 2667 1332 2739 gratia
1362 2666 1477 2737 ejus
1518 2665 1792 2732 cucurrit,
1820 2674 1878 2721 et
1919 2666 2153 2721 circum-

580 2759 676 2814 ivit
702 2759 993 2814 civitatem.
1038 2772 1051 2791 δ

648 2850 735 2905 16.
766 2848 917 2922 [vers.
944 2846 1022 2921 8.]
1056 2848 1186 2903 Ecce
1211 2849 1311 2919 ipsi
1339 2850 1600 2918 loquentur
1622 2851 1675 2903 in
1701 2866 1787 2903 ore
1820 2866 1932 2910 suo.
1960 2858 2009 2903 et
2029 2849 2149 2920 gla-

577 2940 693 2995 dius
728 2942 779 2995 in
816 2940 962 2995 labiis
996 2958 1189 2994 eorum.
1211 2940 1338 2995 lam-
1358 2941 1447 2996 ille
1486 2941 1690 3011 gladius
1739 2941 1820 2995 bis
1847 2950 2055 3005 acutus,
2079 2939 2149 2996 de

575 3046 684 3102 quo
725 3031 1007 3101 Aposmlus
1041 3031 1169 3088 dicit
1206 3050 1219 3085 :
1254 3030 1323 3086 Et
1357 3032 1584 3103 gladium
1625 3033 1866 3101 spiritus,
1895 3033 2031 3103 quod
2076 3040 2150 3085 est

574 3122 775 3176 verbum
802 3120 896 3175 Dei
925 3120 1138 3193 (Ephes.
1159 3137 1232 3187 VI,
1257 3122 1369 3192 i7).
1394 3122 1569 3190 Quare
1596 3122 1675 3176 bis
1702 3122 1928 3176 acutus?
1947 3121 2148 3189 Quare,

577 3214 679 3269 nisi
708 3214 829 3285 quia
871 3230 937 3269 ex
978 3222 1202 3286 utroque
1240 3215 1579 3270 Testamento
1612 3213 1850 3269 feriens?
1882 3214 1991 3269 Hoc
2039 3215 2152 3285 gla-

576 3307 666 3363 dio
690 3307 1073 3376 mactabantur,
1103 3307 1172 3363 de
1198 3307 1389 3376 quibus
1413 3307 1687 3362 dicebatur
1720 3307 1878 3360 Petro
1905 3322 1919 3360 :
1953 3304 2147 3373 Macta,

576 3412 626 3457 et
652 3402 903 3459 nsanduca
946 3401 966 3473 (
976 3402 1084 3456 Act.
1112 3419 1167 3468 ι,
1192 3400 1304 3471 15).
1335 3400 1403 3454 Et
1432 3400 1635 3472 gladius
1672 3400 1725 3453 in
1751 3398 1897 3454 labiis
1934 3416 2107 3453 eorum
2128 3415 2150 3454 :

572 3493 813 3564 quoniam
831 3493 944 3563 quis
976 3492 1207 3546 audivit?
1232 3492 1540 3561 boquentur
1567 3490 1622 3545 in
1640 3506 1734 3546 ore
1750 3506 1849 3546 suo
1873 3509 1888 3546 :
1915 3490 2038 3558 Quis
2056 3507 2150 3544 au-

575 3584 741 3640 divit?
779 3583 832 3640 id
868 3594 980 3648 est,
1010 3582 1487 3639 stomachabuntnr
1541 3581 1799 3637 adversus
1854 3582 2033 3653 pigros
2079 3581 2148 3636 ad

578 3677 757 3763 fldem.
786 3676 889 3747 Qui
910 3677 1066 3747 paulo
1091 3684 1217 3731 ante
1253 3683 1308 3731 et
1347 3674 1445 3744 ipsi
1485 3674 1706 3730 credere
1740 3673 2021 3737 nolebant,
2052 3681 2149 3726 tae-

579 3769 724 3827 dium
750 3770 819 3824 de
840 3785 944 3825 non
970 3768 1307 3824 credentibus
1336 3769 1627 3840 patiuntur.
1654 3767 1720 3822 Et
1746 3782 1873 3821 vere
1892 3808 1907 3833 ,
1932 3765 2145 3831 fratres,

574 3861 854 3931 contingit.
888 3860 1048 3915 Vides
1068 3859 1338 3915 hominem
1369 3859 1572 3929 pigrum
1600 3867 1883 3928 antequam
1914 3858 1984 3931 sit
2010 3857 2152 3913 chri-

579 3953 813 4018 stianos;
834 3952 1032 4007 clamas
1066 3951 1132 4007 ad
1175 3952 1324 4009 illum
1356 3951 1597 4022 quotidie
1617 3991 1632 4015 ,
1658 3951 1749 4005 vix
1781 3950 2105 4006 comertitur
2133 3967 2147 4004 :

576 4052 920 4101 convertatur
941 4086 958 4111 ,
987 4055 1043 4101 et
1071 4045 1180 4115 jam
1205 4045 1320 4123 vult
1365 4058 1554 4100 omnes
1582 4058 1701 4098 esse
1722 4043 2037 4098 christianos
2054 4084 2069 4110 ,
2097 4052 2153 4097 et

570 4137 803 4194 miratur
826 4136 949 4208 quia
971 4137 1204 4191 nondum
1246 4144 1390 4192 sunt.
1435 4135 1653 4190 Excidit
1690 4135 1764 4189 illi
1796 4135 1936 4205 quod
1961 4134 2028 4189 ad
2057 4149 2152 4189 ve-

460 4254 467 4259 ί
560 4242 791 4300 sperum
832 4243 1125 4285 conversus
1152 4237 1235 4284 est
1270 4245 1284 4282 :
1326 4227 1421 4283 sed
1448 4230 1570 4298 quia
1609 4225 1781 4282 factus
1804 4236 1888 4282 est
1909 4227 2151 4282 esuriens

583 4323 723 4378 sicut
741 4320 909 4387 canis,
934 4319 1096 4375 habet
1121 4319 1279 4375 etiam
1313 4319 1365 4374 in
1383 4319 1537 4374 labiis
1566 4318 1828 4389 gladium;
1855 4317 2005 4372 dicit:
2026 4318 2150 4384 Quis

484 4468 497 4487 ,
577 4415 810 4472 audivit?
823 4413 958 4483 Quid
986 4421 1094 4479 est,
1129 4411 1255 4481 Quis
1319 4412 1553 4467 audivit?
1576 4412 1708 4481 Quis
1746 4410 1973 4467 credidit
1996 4412 2150 4466 audi-

578 4509 654 4566 ιιιί
705 4516 909 4571 nostro,
960 4513 1017 4562 et
1045 4504 1320 4561 brachium
1368 4503 1575 4558 Domini
1616 4503 1701 4557 cui
1752 4503 2040 4557 revelatum
2069 4509 2153 4559 est

579 4602 737 4675 (Isai.
774 4617 898 4663 uti,
932 4599 1030 4671 1)?
1079 4598 1333 4665 Quoniam
1365 4598 1476 4667 quis
1515 4592 1744 4650 audivit?
1777 4595 1892 4651 Non
1922 4600 2150 4651 credunt

578 4694 746 4751 Judzei
781 4693 1063 4751 :conversi
1091 4699 1215 4747 sunt
1256 4690 1323 4745 ad
1362 4689 1558 4745 Gentes
1597 4698 1652 4743 et
1678 4688 2144 4744 annuntiaverunt.

581 4786 752 4843 Judmi
786 4803 892 4842 non
939 4778 1231 4841 credebant
1273 4789 1371 4836 :et
1398 4790 1574 4835 tamen
1613 4795 1706 4849 per
1729 4779 2010 4835 credentes
2048 4778 2146 4834 Ju-

582 4878 728 4932 dzeos
747 4877 1093 4947 Evangelium
1118 4873 1432 4948 circumibat
1456 4870 1721 4926 civitatem
1746 4910 1761 4937 ,
1785 4877 1840 4925 et
1857 4868 2104 4925 dicebant
2130 4912 2146 4937 ,

585 4970 834 5040 Quoniam
867 4971 979 5040 quis
1003 4969 1194 5024 audivit
1207 4967 1235 5021 7
1543 4967 1549 4977 '

650 5062 747 5119 Π.⁴
770 5060 923 5135 [vers.
944 5060 1024 5134 9.]
1047 5062 1110 5116 Et
1139 5070 1212 5124 tu,
1243 5058 1477 5126 Domine,
1506 5054 1752 5112 deridebis
1790 5071 1891 5111 eos.
1921 5054 2047 5122 Quis
2065 5070 2152 5108 au-

579 5154 703 5210 divit
724 5153 750 5208 .9
770 5151 970 5208 Omnes
1007 5162 1194 5221 gentes
1220 5151 1522 5228 christianie
1566 5148 1755 5203 futura:
1793 5156 1955 5212 sunt,
1978 5155 2030 5201 et
2056 5160 2150 5200 vos

578 5248 775 5313 dicitis,
807 5245 930 5313 Quis
968 5244 1192 5298 audivit?
1216 5241 1351 5310 Quid
1373 5251 1482 5307 est,
1510 5240 1756 5296 deridebis
1796 5240 1918 5295 eos?
1945 5239 2050 5294 Pro
2078 5239 2153 5292 ni-

581 5340 687 5397 hilo
732 5336 932 5393 habebis
975 5351 1145 5389 omnes
1184 5342 1399 5403 gentes:
1430 5331 1562 5385 nihil
1606 5341 1731 5387 ante
1769 5339 1821 5386 te
1852 5331 1989 5393 erit;
2027 5329 2151 5400 quia

581 5431 887 5487 facillimum
912 5425 1016 5481 erit
1044 5433 1100 5477 ut
1124 5421 1344 5477 credant
1368 5437 1421 5475 In
1441 5430 1494 5476 te
1520 5435 1709 5476 omnes
1728 5426 1936 5491 gentes.

661 5520 747 5577 18.
770 5518 923 5594 [vers.
957 5513 1071 5589 10.]
1100 5512 1468 5568 Fortitudinem
1483 5528 1656 5565 meum
1680 5512 1750 5564 ad
1773 5522 1822 5565 te
1849 5511 2146 5565 custodiam.

585 5615 664 5672 Illi
694 5614 845 5669 enim
891 5610 1055 5666 fortes
1106 5606 1226 5661 ideo
1274 5603 1598 5667 ceciderunt,
1642 5605 1761 5673 quia
1788 5602 2150 5658 fortitudinem

579 5723 729 5767 suam
753 5707 819 5763 ad
847 5715 897 5762 te
922 5719 1026 5759 non
1049 5698 1413 5758 custodierunt
1444 5715 1456 5751 :
1488 5695 1537 5750 id
1560 5705 1661 5759 est,
1692 5695 1765 5753 illi
1791 5696 1877 5767 qui
1918 5710 2149 5766 superne

643 5826 663 5859 ι
698 5823 830 5884 ΗΜ..
854 5818 1153 5886 gerebantur.
1180 5823 1234 5866 Αι
1267 5822 1391 5876 3:55.,
1415 5810 1692 5863 dicebantur

1837 333 1892 390 s.
1937 327 2292 387 AUCUS‘I‘IN!
2335 322 2631 390 Erticort
3104 342 3110 349 '
3671 345 3764 405 tua

2255 446 2652 502 insurrexerunt
2677 459 2728 537 et
2747 450 3032 512 irruerunt.
3051 451 3114 505 de.
3131 466 3187 505 se
3218 468 3642 526 prmsumpserunt.
3660 462 3753 535 Ego

2253 548 2426 593 autem
2450 541 2791 609 fortitudinem
2819 562 2978 599 meam
3008 550 3076 599 ad
3105 558 3151 601 lc
3174 552 3475 605 custodiam:
3505 556 3610 623 quia
3630 557 3666 609 si
3694 574 3762 611 re-

2251 634 2405 699 cedo,
2433 638 2599 702 cado;
2628 639 2671 692 si
2702 640 2918 707 accedo,
2950 643 3136 698 fortior
3181 644 3264 697 fio.
3305 644 3480 701 Videte
3506 650 3628 702 enim
3653 653 3756 720 quid

2252 738 2354 790 est,
2399 730 2624 798 fratres,
2681 732 2731 786 in
2772 735 2944 788 anima
2986 736 3235 789 humana.
3287 737 3394 792 Non
3438 739 3583 795 habet
3614 758 3669 795 ex
3710 759 3757 797 se

2253 820 2453 886 lumen,
2502 840 2606 878 non
2636 826 2792 881 habet
2836 843 2899 882 ex
2953 844 3012 883 se
3036 830 3220 885 vires:
3259 839 3418 885 totum
3465 843 3621 887 autem
3646 837 3762 904 quod

2258 916 2532 980 pulchrum
2558 919 2709 972 estin
2739 920 2912 973 anima
2943 961 2959 987 ,
2991 921 3159 976 virtus
3204 931 3259 977 et
3288 924 3531 992 sapientia
3562 935 3633 980 eSt
3654 943 3667 988 ;
3690 928 3766 980 Sed

2256 1024 2354 1063 nec
2381 1010 2518 1078 sapit
2543 1010 2677 1075 sibi,
2702 1025 2802 1065 nec
2840 1012 2981 1066 valet
3021 1013 3140 1080 sibi,
3189 1029 3287 1069 nec
3326 1016 3430 1084 ipsa
3460 1016 3549 1071 sibi
3577 1017 3655 1071 lux
3676 1032 3763 1083 est,

2255 1114 2354 1154 nec
2383 1100 2492 1168 ipsa
2518 1100 2619 1155 sibi
2664 1102 2830 1155 virtus
2865 1111 2964 1157 est.
2993 1103 3087 1158 Est
3122 1105 3359 1175 quaedam
3400 1106 3540 1177 origo
3583 1107 3769 1178 fonsque

2253 1189 2481 1255 virtutis,
2509 1200 2592 1246 est
2613 1191 2853 1261 quaedam
2886 1192 3034 1247 radix
3062 1195 3350 1264 sapientiae,
3382 1205 3460 1251 est
3478 1197 3712 1266 quaedam,
3729 1206 3770 1251 ut

2253 1281 2325 1335 ita
2351 1282 2546 1349 dicam,
2577 1284 2619 1337 si
2651 1291 2705 1338 et
2736 1284 2834 1338 hoc
2854 1283 3135 1339 dicendum
3166 1294 3269 1351 est,
3296 1287 3435 1356 regio
3476 1288 3755 1342 incomnntta

2254 1372 2375 1427 bilis
2403 1374 2684 1430 veritatis:
2713 1375 2781 1428 ab
2823 1376 2920 1430 hac
2963 1377 3137 1431 anima
3194 1378 3443 1433 recedens
3490 1380 3768 1443 tenebratur,

2252 1464 2512 1519 accedens
2538 1466 2880 1521 illuminatur.
2907 1467 3158 1523 Accedite
3186 1468 3253 1523 ad
3281 1484 3429 1536 eum,
3458 1480 3508 1524 et
3544 1471 3771 1525 illumina-

2253 1556 2380 1610 mini
2412 1555 2578 1627 (Psal.
2609 1573 2792 1623 χχχιιι,
2820 1559 2877 1627 6)
2897 1575 2911 1625 ;
2935 1559 3055 1630 quia
3105 1561 3401 1616 recedendo
3451 1562 3769 1617 trncbramini.

2255 1645 2393 1716 Ergo
2417 1647 2762 1716 fortitudinem
2784 1665 2942 1701 meam
2963 1650 3030 1703 ad
3057 1659 3102 1705 te
3128 1651 3406 1704 custodiam
3432 1667 3450 1705 :
3472 1667 3568 1704 non
3592 1667 3619 1704 a
3644 1660 3688 1706 te
3709 1667 3774 1705 rc-

2252 1739 2460 1807 cedam,
2493 1756 2597 1794 non
2628 1741 2694 1796 de
2738 1758 2822 1795 me
2858 1727 3194 1811 prmsuniam.
3237 1724 3591 1798 Fortitudinem
3645 1760 3773 1796 meam

2253 1834 2321 1886 ad
2346 1843 2392 1887 te
2429 1837 2726 1897 custodiam,
2776 1839 2894 1906 quia
2932 1836 3069 1892 Deus
3116 1849 3374 1909 susceptor
3419 1856 3552 1893 meus
3594 1857 3654 1893 cs.
3694 1839 3772 1894 Ubi

2252 1924 2393 1979 enim
2423 1941 2589 1989 eram,
2626 1935 2678 1980 et
2707 1929 2790 1982 ubi
2822 1930 2984 1983 sum?
3024 1929 3163 1984 unde
3217 1947 3303 1986 me
3356 1932 3773 2000 suscepisti‘tqnas

2253 2016 2553 2086 iniquitates
2583 2034 2727 2073 meas
2747 2019 3131 2075 dimisisti?uhi
3150 2022 3437 2091 iacebam?
3466 2039 3563 2093 quo
3604 2032 3772 2075 erectus

2254 2110 2409 2163 sum?
2461 2111 2602 2181 Ergo
2646 2114 2758 2167 haec
2810 2116 3117 2169 meminisse
3172 2116 3343 2172 debeo
3374 2116 3547 2186 ;quod
3576 2117 3589 2147 ¹
3619 2117 3662 2169 in
3693 2115 3774 2168 alio

2254 2200 2455 2269 psalmo
2480 2201 2694 2256 dicitur.
2727 2204 2976 2267 Quoniam
3005 2216 3145 2274 pater
3171 2224 3313 2260 meus
3340 2220 3388 2261 et
3414 2217 3563 2260 mater
3602 2222 3694 2259 mea
3715 2207 3773 2258 de.

2254 2290 2559 2360 reliquerunt
2597 2311 2710 2357 me;
2752 2295 2998 2350 Dominus
3036 2309 3201 2351 autem
3252 2300 3523 2366 assumpsit
3552 2316 3621 2351 me
3639 2295 3774 2366 (Ptol.

2253 2398 2396 2447 nrt,
2427 2384 2513 2451 10,
2540 2384 2563 2437 ?
2596 2384 2963 2440 Fortitudinem
2991 2405 3153 2443 meam
3205 2390 3275 2442 ad
3306 2401 3351 2444 te
3388 2388 3665 2455 cuttodiam,
3687 2389 3779 2457 quia

2254 2470 2392 2527 Dens
2405 2483 2658 2542 susceptor
2684 2493 2821 2531 meus
2845 2496 2914 2531 ss.

2325 2565 2411 2621 19.
2442 2565 2588 2638 [vers.
2625 2566 2734 2640 i‘l.]
2769 2568 2903 2623 Deus
2933 2588 3088 2636 meus,
3126 2573 3473 2627 misericordia
3503 2574 3602 2643 ejus
3628 2586 3780 2640 prave-

2253 2658 2354 2713 nt'et
2378 2675 2474 2713 me.
2507 2659 2645 2716 Ecce
2673 2662 2803 2732 quid
2825 2670 2927 2728 est,
2955 2662 3333 2719 Fortitudinem
3374 2683 3528 2719 meam
3566 2665 3626 2718 ad
3657 2675 3695 2717 te
3713 2680 3781 2716 cu-

2253 2750 2471 2804 stodiam
2490 2769 2510 2805 :
2539 2752 2606 2807 de
2631 2769 2715 2809 me
2741 2756 2959 2810 omnino
2990 2755 3118 2809 nihil
3148 2773 3492 2825 praesumam.
3528 2756 3649 2823 Quid
3672 2755 3781 2807 enim

2252 2842 2405 2898 attuli
2435 2843 2579 2911 boni,
2602 2854 2659 2899 ut
2679 2847 2781 2900 mei
2810 2848 3138 2903 miserereris
3158 2857 3212 2902 et
3234 2864 3328 2904 me
3342 2847 3664 2915 justiﬁesrcs?
3676 2842 3781 2914 Quid

2255 2932 2307 2986 iu
2340 2948 2426 2989 me
2453 2933 2717 3002 invenisti,
2750 2937 2848 2990 nisi
2875 2938 2988 2991 sola
3030 2946 3240 3008 peccata
3264 2940 3295 2993 ?
3323 2939 3492 2995 Tuum
3518 2939 3636 2993 nihil
3671 2935 3783 2991 aliud

2255 3027 2354 3081 nisi
2382 3037 2563 3082 natura
2586 3045 2740 3098 quam
2762 3032 2953 3086 creasti
2988 3049 3000 3085 :
3028 3040 3241 3099 caetera,
3297 3034 3433 3086 mala
3457 3046 3565 3086 mea
3591 3044 3691 3100 qua!
3710 3028 3784 3082 de-

2256 3118 2447 3175 levisti.
2479 3120 2592 3176 Non
2620 3137 2718 3192 ego
2767 3124 2913 3192 prior
2940 3123 3003 3178 ad
3035 3133 3087 3179 te
3113 3126 3419 3188 exsurrexi.
3448 3124 3537 3180 sed
3561 3135 3609 3177 tu
3635 3122 3690 3176 ad
3718 3134 3784 3174 me

2253 3205 2590 3267 excitandum
2615 3215 2838 3280 venisti;
2888 3231 3009 3269 nam
3040 3216 3389 3272 misericordia
3428 3218 3533 3288 ejus
3559 3213 3780 3286 praecinet

2252 3317 2350 3355 mc.
2382 3302 2676 3374 Antequam
2710 3304 2907 3374 aliquid
2951 3307 3073 3360 boni
3109 3321 3210 3376 ego
3230 3306 3448 3374 faciam,
3487 3302 3781 3360 misericordia

2253 3392 2364 3462 ejus
2383 3396 2644 3463 prwveniet
2674 3412 2767 3450 me.
2799 3396 2935 3463 Quid
2977 3396 3065 3453 hic
3091 3399 3440 3468 respondebit
3476 3396 3642 3452 infelix
3661 3393 3784 3448 Pela-

2252 3484 2405 3555 gius?

2322 3578 2413 3635 20.
2440 3578 2587 3652 [vers.
2626 3580 2831 3655 12-14.]
2864 3582 3000 3638 Deus
3042 3600 3181 3639 meus
3214 3585 3573 3640 demonstravit
3605 3580 3712 3635 mihi
3744 3577 3784 3630 in

2252 3674 2467 3727 inimicis
2488 3674 2627 3729 meis.
2652 3674 2789 3743 Quid
2811 3676 2927 3731 ait?
2957 3676 3218 3744 Quantam
3248 3677 3398 3732 circa
3423 3692 3507 3731 me
3535 3669 3788 3733 exhibuerit

2254 3764 2694 3832 misericordiam,
2747 3765 2799 3820 in
2844 3765 3071 3822 inimicis
3107 3766 3241 3822 meis
3267 3767 3400 3821 mihi
3431 3761 3785 3820 demonstravit.

2253 3857 2473 3914 Relictis
2504 3867 2778 3928 comparet
2820 3874 2878 3913 se
2903 3859 3174 3921 collectus,
3214 3867 3269 3912 et
3317 3858 3544 3929 repulsis
3583 3856 3786 3911 electus:

2254 3959 2526 4021 comparet
2570 3965 2629 4006 se
2670 3951 2809 4006 vasis
2853 3952 2947 4006 ira:
2995 3966 3086 4004 vas
3116 3951 3529 4015 misericordiaa;
3558 3958 3609 4006 et
3647 3945 3789 3999 videat

2253 4043 2375 4114 quia
2404 4060 2469 4099 ex
2497 4059 2599 4098 una
2631 4058 2804 4100 massa
2843 4042 2966 4099 fecit
2995 4044 3133 4099 Deus
3174 4044 3321 4098 aliud
3364 4062 3451 4099 vas
3490 4044 3543 4097 in
3572 4044 3789 4100 honorem,

2254 4136 2397 4190 aliud
2424 4135 2476 4189 in
2499 4136 2871 4190 contumeliam.
2910 4134 3045 4204 Quid
3084 4145 3187 4201 est,
3233 4136 3591 4190 demonstravit
3624 4130 3728 4186 mihi
3749 4128 3790 4180 in

2254 4229 2469 4283 inimicis
2508 4228 2629 4282 meis
2650 4229 2676 4281 ?
2718 4227 2781 4282 Si
2806 4228 2937 4281 enim
2964 4225 3103 4281 Deus
3132 4228 3299 4283 volens
3329 4227 3585 4282 ostendere
3606 4225 3736 4287 iram,
3757 4224 3793 4271 α

2254 4319 2594 4375 demonstrare
2625 4319 2894 4389 potentiam
2922 4336 3084 4384 suam,
3108 4317 3272 4372 attulit
3302 4323 3357 4372 in
3396 4319 3555 4373 multa
3593 4311 3794 4385 patientia

2254 4427 2373 4465 vasa
2396 4412 2503 4477 ἕνα,
2534 4426 2645 4477 qua:
2664 4412 2882 4481 perfecta
2910 4419 3027 4464 sunt
3060 4410 3112 4462 in
3141 4409 3497 4477 perditionem,
3536 4417 3582 4463 et
3611 4407 3793 4477 propter

2253 4501 2379 4571 quid
2411 4502 2553 4558 hoc?
2581 4499 2647 4556 Ut
2675 4509 2818 4555 notas
2839 4504 3021 4570 faceret
3047 4499 3249 4553 divitias
3269 4517 3391 4553 suas
3425 4500 3478 4552 in
3500 4514 3614 4552 vasa
3632 4491 3795 4547 miseri-

2252 4594 2439 4649 cordia:
2477 4593 2649 4664 (Rom.
2681 4608 2759 4658 Ix,
2779 4591 2966 4661 ἳιοὲὅ)
3001 4609 3013 4644 :
3046 4591 3247 4659 si'ergo
3270 4605 3399 4643 vasa
3428 4590 3520 4643 ira:
3553 4584 3731 4645 attulit,
3753 4580 3795 4632 in

2254 4686 2444 4757 quibus
2465 4694 2619 4741 notas
2649 4684 2847 4740 faceret
2874 4683 3084 4738 divitias
3122 4697 3248 4737 suas
3278 4683 3331 4736 in
3366 4696 3488 4736 vasa
3521 4676 3796 4735 misericor-

2254 4778 2375 4842 dias,
2404 4777 2694 4832 rectissime
2722 4776 2919 4831 dictum
2936 4783 3038 4840 est,
3061 4773 3414 4828 Misericordia
3439 4772 3548 4842 ejus
3569 4762 3796 4841 prtereuiel

2255 4885 2353 4925 me.
2386 4867 2523 4923 Deus
2546 4884 2683 4923 meus
2708 4866 3059 4922 demonstravit
3091 4865 3214 4918 mihi
3242 4865 3294 4918 in
3330 4863 3549 4919 inimicis
3578 4859 3728 4914 meis:
3756 4851 3798 4906 id

2254 4970 2358 5025 est,
2387 4971 2634 5032 quantam
2663 4961 2801 5016 circa
2833 4974 2917 5014 me
2946 4957 3127 5014 habuit
3168 4956 3607 5013 miscricordiam.
3633 4953 3681 5006 in
3715 4948 3799 5002 illis

2256 5052 2386 5108 mihi
2434 5052 2818 5108 demonstravit
2845 5052 2985 5106 circa
3011 5064 3145 5120 quos
3188 5064 3292 5103 non
3319 5047 3527 5102 habuit.
3553 5043 3657 5100 Nisi
3681 5039 3798 5095 enim

2253 5143 2464 5199 debitor
2493 5141 2865 5211 suspendatur,
2897 5142 3069 5195 minus
3107 5139 3216 5210 agit
3252 5140 3456 5209 gratias
3483 5140 3567 5192 cui
3596 5132 3797 5189 debitum

2257 5236 2543 5292 relaxatur.
2588 5232 2724 5288 Deus
2769 5248 2907 5287 meus
2956 5231 3309 5286 demonstravit
3351 5230 3479 5284 miln
3526 5228 3579 5282 in
3614 5217 3802 5279 inﬁnitis
3858 5225 3865 5235 '

2258 5328 2400 5382 meis.
2966 5334 2975 5339 ’

2325 5421 2417 5477 21.
2451 5421 2522 5476 De
2546 5419 2676 5489 ipsis
2699 5428 2873 5474 autem
2904 5416 3131 5473 inimicis
3162 5416 3319 5488 quid?
3348 5412 3434 5467 Ne
3450 5409 3683 5468 occideris
3714 5418 3802 5467 eos,

2257 5513 2520 5583 nequando
2543 5511 2897 5566 obliviscantur
2925 5511 3047 5582 legis
3087 5520 3203 5564 tute.
3252 5510 3413 5578 Rogat
3467 5520 3563 5575 pro
3606 5497 3807 5555 inimicis

2259 5610 2389 5676 suis,
2419 5606 2603 5676 implet
2626 5615 2969 5676 prleceptum.
3000 5603 3134 5673 Quid
3176 5597 3393 5658 estzNe
3418 5592 3693 5653 miserearis
3709 5604 3807 5644 om-

2296 5738 2445 5852 “;(iic
2462 5739 2678 5853 peritiores
2701 5748 2801 5792 uss.
2827 5745 2880 5788 Al.
2903 5738 3032 5789 r‘dd.:
3048 5748 3167 5802 ergo
3188 5736 3275 5788 hoc
3287 5730 3559 5785 meminisse
3578 5738 3666 5775 non
3681 5719 3787 5772 ἀίω

2390 5822 2405 5853 .‘
2430 5817 2458 5851 c
2511 5839 2521 5850 .

2263 5813 2405 5864 quoa,
2430 5813 2521 5853 etc.
