4022 6200
243 299 348 360 705
623 332 650 349 ν

241 423 383 468 nium
411 413 496 485 qui
529 425 798 485 aperantur
837 419 1178 489 iniquitatem;
1214 427 1282 483 et,
1319 418 1403 474 Ne
1444 421 1684 475 occideris
1712 437 1817 487 eos,

242 509 506 577 nequando
534 509 885 564 obliviscantur
910 513 1032 581 legis
1058 513 1194 566 tum?
1222 513 1499 581 Quomodo
1524 529 1628 568 non
1657 514 1818 568 mise-

241 611 390 654 retur
411 602 646 656 omniuut
671 603 758 672 qui
791 615 1076 672 operantur
1101 605 1450 674 iniquitatem,
1480 614 1534 660 et
1553 605 1819 675 quomodo

241 705 350 743 nou
409 692 603 746 occidit
643 707 736 746 eos
776 709 842 748 ne
867 692 1245 749 obliviscantur
1284 695 1413 764 legis
1441 696 1578 750 tum?
1606 695 1710 751 Sed
1736 696 1821 751 hic

240 782 308 835 de
335 785 565 839 inimicis
590 786 701 840 suis
742 786 890 840 dixit.
921 786 1054 856 Quid
1094 787 1253 857 ergo?
1296 788 1492 843 Inimici
1519 789 1634 858 ejus
1659 791 1822 859 tequi-

239 884 402 929 tatetn
448 878 771 945 operantur?
810 877 863 934 Si
912 880 999 948 qui
1043 879 1090 933 ei
1137 879 1474 934 iuimicantur
1516 881 1818 950 aequitatem

238 973 566 1035 operantur;
592 984 718 1039 ergo
745 970 855 1039 ipse
895 971 1221 1040 iniquitatem
1250 981 1518 1039 operatur.
1549 971 1654 1026 Sed
1697 973 1818 1041 quia

235 1058 355 1126 ipse
387 1061 686 1130 :equitatem
728 1072 996 1130 operatur,
1041 1077 1199 1132 porro
1225 1064 1311 1132 qui
1358 1064 1657 1134 (equitatem
1686 1079 1817 1133 ope-

191 1207 194 1210 _
241 1160 407 1215 ratur,
440 1149 676 1225 profecto
701 1153 1028 1220 iniquitatem
1054 1153 1120 1208 ab
1141 1153 1365 1207 inimicis
1394 1156 1624 1223 patitur;
1655 1166 1820 1216 restat

238 1251 297 1293 ut
322 1244 406 1311 qui
425 1242 568 1310 justo
596 1242 950 1308 iuimicantur,
981 1244 1307 1312 iniquitatem
1332 1255 1634 1314 operentur.
1666 1245 1820 1302 Unde

237 1350 368 1406 ergo
392 1337 548 1406 paulo
574 1336 840 1406 superius,
875 1335 992 1390 Non
1020 1338 1298 1418 miserearis
1332 1340 1552 1391 omnium
1587 1339 1670 1407 qui
1695 1356 1818 1409 ope-

235 1438 416 1482 rantur
443 1429 784 1499 iniquitatem;
814 1439 866 1484 et
895 1445 1034 1484 nunc
1063 1429 1129 1484 de
1161 1431 1386 1484 inimicis
1413 1431 1543 1496 suis,
1578 1430 1660 1486 Ne
1683 1433 1818 1485 occi-

235 1519 370 1572 deris
395 1536 495 1584 eos,
527 1521 786 1591 nequando
827 1520 1201 1574 obliviscantur
1224 1522 1344 1591 legis
1369 1522 1506 1576 tute?
1541 1521 1654 1576 Non
1694 1539 1820 1592 ergo

236 1612 536 1666 miserearis
560 1628 766 1676 eorum,
791 1623 845 1666 ttt
871 1612 1082 1668 occidas
1105 1622 1318 1682 peccata
1345 1630 1527 1668 eorum
1554 1633 1566 1666 :
1599 1631 1701 1669 non
1725 1630 1819 1668 oc-

235 1704 384 1758 cidas
427 1720 539 1768 eos,
587 1720 809 1774 quorum
846 1714 1060 1775 peccata
1106 1705 1320 1764 occidis.
1356 1705 1492 1771 Quid
1533 1715 1614 1760 est
1641 1714 1817 1760 autem

234 1794 442 1848 occidi?
468 1794 717 1849 Oblivisci
744 1795 873 1865 legis
903 1796 1130 1849 Domini.
1163 1795 1278 1865 Ipsa
1305 1805 1384 1850 est
1405 1812 1528 1850 vera
1564 1812 1729 1862 mors,
1765 1799 1816 1853 in

233 1886 551 1956 profundum
572 1889 646 1942 ire
669 1887 868 1957 peceati
892 1904 907 1940 :
932 1896 1104 1957 potest
1119 1889 1329 1954 quidem
1347 1888 1448 1943 hoc
1469 1898 1522 1946 et
1544 1888 1819 1944 deJudwis

233 1979 473 2048 intelligi.
500 1977 633 2044 Quid
664 1979 730 2034 de
758 1978 985 2044 ludatis,
1019 1978 1101 2032 Ne
1129 1981 1366 2034 occideris
1407 1997 1520 2046 eos,
1551 1982 1817 2051 nequando

230 2068 586 2122 obliviscantur
603 2071 725 2142 legis
739 2071 864 2124 tute?
881 2070 1015 2125 Istos
1032 2070 1272 2125 inimicos
1285 2087 1450 2134 meos,
1467 2076 1610 2140 ipsos
1623 2075 1708 2142 qui
1730 2088 1816 2130 tne

230 2158 562 2226 occiderunt,
592 2161 696 2213 noli
727 2169 782 2214 tu
806 2160 1069 2214 occidere.
1095 2160 1299 2214 Maneat
1321 2176 1450 2230 gens
1471 2160 1771 2216 Judmorum
1797 2179 1813 2222 ;

230 2262 378 2305 certe
400 2253 530 2305 victa
560 2261 680 2306 esta
708 2251 983 2315 Romanis,
1015 2261 1157 2306 certe
1183 2252 1354 2306 deleta
1381 2254 1566 2307 civitas
1590 2271 1771 2309 eorum
1797 2273 1812 2320 ;

229 2357 334 2395 non
350 2342 700 2396 admittuntur
715 2343 779 2397 ad
802 2343 1066 2397 civitatem
1091 2358 1236 2397 suam
1255 2343 1445 2408 Judaei,
1466 2355 1518 2399 et
1537 2354 1710 2400 tamen
1725 2347 1815 2400 Ju-

229 2431 326 2486 daei
356 2441 498 2487 sunt.
524 2432 654 2486 Nam
683 2448 869 2487 omnes
898 2433 1012 2487 ista:
1043 2435 1327 2503 provincia:
1352 2451 1383 2488 a
1413 2434 1667 2490 Romanis
1692 2438 1818 2492 sub-

227 2524 420 2594 iugata:
443 2533 586 2580 sunt.
611 2526 737 2591 Quis
760 2526 867 2594 jam
890 2527 1163 2596 cognoscit
1184 2536 1367 2596 gentes
1395 2528 1446 2580 in
1469 2528 1691 2596 imperio
1710 2529 1818 2583 Roo

232 2631 395 2670 mauo
425 2631 542 2686 qua:
582 2616 705 2685 quid
736 2625 907 2678 erant,
944 2616 1154 2685 quando
1201 2632 1385 2671 omnes
1431 2617 1654 2673 Romani
1694 2619 1812 2675 facti

227 2717 352 2761 sunt
380 2708 421 2771 ί,
449 2718 502 2762 et
532 2722 716 2762 omnes
744 2707 969 2760 Romani
999 2706 1465 2762 diCllllllll'?Jlld:Bl
1493 2717 1671 2763 tamen
1698 2726 1812 2764 ma-

226 2809 353 2852 nent
379 2814 500 2852 cum
533 2799 722 2868 signo;
770 2814 867 2852 nec
914 2797 991 2852 sic
1029 2798 1150 2852 victi
1193 2807 1349 2863 sunt,
1381 2808 1494 2852 uta
1524 2800 1812 2855 victoribus

224 2891 658 2944 absorberentur.
686 2891 800 2945 Non
847 2891 960 2944 sine
986 2905 1142 2945 causa
1172 2890 1301 2945 Cain
1335 2892 1422 2946 ille
1446 2901 1544 2957 est,
1576 2894 1662 2962 qui
1691 2909 1810 2948 cum

225 2985 443 3039 fratrem
472 2984 769 3056 occidisset,
804 2983 976 3053 posuit
1007 2984 1057 3036 in
1096 2998 1162 3037 eo
1191 2984 1330 3038 Deus
1357 2983 1586 3056 signum,
1609 3001 1674 3040 ne
1694 2986 1811 3056 quis

220 3093 342 3129 eum
369 3054 637 3130 occideret
665 3074 817 3144 (Gen.
839 3091 912 3142 tv,
937 3075 1048 3144 15).
1077 3075 1188 3129 Hoc
1211 3084 1293 3129 est
1318 3054 1523 3144 signum
1548 3077 1687 3146 quod
1713 3054 1806 3130 ha-

219 3169 347 3223 bent
377 3167 545 3223 Judaei
579 3186 593 3223 :
625 3177 808 3223 tenent
855 3167 1074 3221 omnino
1101 3168 1348 3236 reliquias
1376 3169 1508 3238 legis
1535 3184 1680 3232 suae;
1707 3171 1810 3224 cir-

216 3261 626 3328 cumciduntur,
670 3261 882 3316 sabbata
927 3261 1232 3327 observant,
1277 3262 1470 3330 pascha
1511 3258 1817 3330 immolant,

183 3357 185 3360 ’
215 3369 408 3426 azyma
453 3352 756 3407 comedunt.
787 3352 921 3406 Sunt
948 3367 1074 3422 ergo
1102 3353 1290 3416 Judaei,
1323 3368 1424 3407 non
1469 3363 1592 3407 sunt
1622 3354 1802 3416 occisi,

216 3439 509 3498 ueeessarii
555 3453 678 3498 sunt
715 3443 1050 3499 credentibus
1080 3445 1356 3500 Gentibus.
1383 3445 1556 3513 Quare
1583 3446 1722 3501 hoc?
1745 3446 1810 3502 Ut

214 3535 552 3588 dcmonStret
599 3534 751 3588 nobis
789 3533 841 3587 iu
895 3534 1122 3589 inimicis
1163 3535 1361 3589 nostris
1391 3537 1806 3591 miscricordiam

212 3640 392 3678 suam.
439 3623 576 3677 Deus
617 3641 755 3679 meus
789 3625 1142 3679 demonstravit
1184 3627 1307 3679 mihi
1331 3627 1383 3680 in
1426 3628 1638 3682 inimicis
1665 3631 1804 3682 meis.

213 3717 271 3770 In
333 3717 496 3770 ramis
546 3716 792 3785 superbia
848 3717 1080 3787 prmeisis
1133 3717 1331 3771 inserto
1391 3720 1804 3774 misericordiam

213 3822 372 3860 Suam
411 3807 740 3861 demonstrat
781 3808 1029 3862 oleastro.
1079 3809 1214 3864 Ecce
1262 3809 1349 3863 ubi
1389 3809 1568 3877 jaceut
1595 3811 1681 3880 qui
1713 3827 1805 3864 su-

215 3897 371 3968 perbi
409 3906 580 3968 erant,
610 3913 734 3953 ecce
759 3899 846 3952 tibi
894 3901 1121 3954 insertus
1165 3914 1224 3954 es
1253 3901 1338 3968 qui
1378 3900 1593 3968 jacebas
1626 3919 1638 3954 :
1673 3911 1725 3955 et
1754 3913 1806 3955 ttt

217 3988 328 4042 noli
385 3988 693 4056 superbire,
746 4003 812 4041 ne
857 3988 1068 4056 przecidi
1108 3989 1380 4043 merearis.
1459 3989 1596 4042 Deus
1645 4006 1804 4060 meus,

216 4097 280 4133 ne
302 4080 546 4133 occideris
570 4096 673 4145 eos,
702 4079 963 4148 nequando
991 4077 1347 4133 obliviscantur
1368 4080 1491 4150 legis
1520 4090 1638 4133 tum.

290 4171 383 4224 22.
410 4169 652 4241 Disperge
671 4187 750 4223 cos
779 4171 829 4222 in
853 4171 1032 4222 virtute
1059 4180 1162 4222 tua.
1195 4169 1309 4224 Jam
1339 4170 1530 4224 factum
1559 4179 1638 4226 est
1669 4189 1683 4224 :
1714 4186 1807 4240 per

217 4280 410 4318 omnes
440 4272 621 4332 gentes
650 4262 875 4332 dispersi
907 4272 1028 4315 sunt
1077 4262 1266 4327 Judzei,
1315 4271 1476 4318 testes
1518 4262 1807 4334 iniquitatis

218 4373 332 4410 sua:
358 4365 413 4410 et
447 4356 682 4409 veritatis
724 4363 939 4408 nostra}.
979 4354 1086 4424 ipsi
1115 4354 1312 4409 habent
1338 4357 1568 4421 codices,
1597 4357 1661 4411 de
1687 4357 1806 4424 qui-

219 4447 320 4502 bus
350 4446 695 4517 prOphetatus
722 4456 800 4500 est
827 4446 1090 4512 Christus,
1141 4457 1197 4502 et
1242 4461 1338 4500 nos
1380 4457 1618 4502 tenemus
1650 4448 1805 4503 Chri-

219 4547 384 4593 stum.
420 4537 486 4591 Et
515 4538 556 4592 si
586 4537 795 4607 quando
824 4537 957 4592 forte
982 4538 1173 4607 aliquis
1205 4552 1436 4608 paganus
1463 4538 1802 4606 dubitaverit,

219 4645 342 4684 cum
372 4630 419 4685 ei
447 4629 735 4684 dixerimus
772 4629 1075 4698 prophetias
1100 4629 1167 4683 de
1194 4628 1427 4696 Christo,
1455 4646 1673 4700 quarum
1697 4633 1806 4687 evi-

218 4720 457 4776 dentiam
497 4719 858 4790 obstupescit,
885 4730 938 4773 et
985 4720 1256 4775 admirans
1301 4722 1561 4789 putaverit
1588 4737 1616 4775 a
1656 4723 1806 4778 nobis

220 4830 344 4869 esse
387 4814 745 4882 conscriptas;
777 4813 844 4867 de
873 4814 1144 4868 codicibus
1179 4813 1480 4868 Judmorutn
1522 4816 1806 4886 probamus

217 4909 342 4976 quia
377 4906 478 4958 hoc
519 4915 664 4959 tanto
704 4915 824 4959 ante
858 4907 1162 4974 prtedictum
1193 4914 1292 4960 est.
1327 4905 1513 4961 Videte
1557 4909 1810 4977 quemad-

221 4997 440 5051 modum
467 4997 536 5048 de
583 4995 808 5048 inimicis
839 4997 1033 5048 nostris
1061 4996 1194 5049 alios
1219 4993 1607 5050 cottl‘unditnus‘
1633 4998 1809 5052 inimi-

217 5087 610 5158 cos.'I)isperg_e
637 5104 720 5140 eos
762 5089 813 5140 in
853 5089 1035 5141 rirtnte
1073 5098 1158 5140 tua
1189 5103 1206 5141 :
1237 5089 1361 5143 tolle
1403 5090 1507 5144 illis
1535 5091 1803 5160 virtutem,

219 5182 350 5236 tolle
387 5181 492 5234 illis
515 5178 872 5232 fortitudinem
897 5194 1102 5233 eorum.
1131 5178 1196 5232 Et
1235 5181 1394 5234 deduc
1425 5199 1525 5246 eos,
1559 5193 1807 5252 protector

221 5290 363 5325 meus
388 5271 620 5324 Domine.
657 5269 849 5324 Delicta
893 5269 993 5322 oris
1021 5286 1212 5337 eorum,
1259 5289 1531 5326 sermonem
1561 5274 1806 5330 labiorum

221 5381 398 5417 corunt
423 5380 442 5416 :
469 5372 514 5415 et
537 5361 1024 5432 comprehendantur
1048 5362 1098 5414 in
1129 5363 1359 5429 superbia
1384 5381 1492 5417 sua.
1520 5363 1583 5418 Et
1605 5383 1666 5419 ea:
1694 5383 1805 5419 nta-

221 5456 408 5508 ledicto
438 5463 484 5508 et
514 5453 774 5507 mendacio
806 5452 1234 5504 annuntiabmttur
1259 5457 1728 5524 consummationes,
1753 5458 1803 5510 in

290 5588 304 5618 ι
346 5585 492 5654 ιε(ιαῦ
517 5585 849 5654 ραίεηαηιῃοη
873 5591 1109 5654 cognoscit
1146 5592 1306 5654 gentes
1337 5587 1572 5648 subjectus
1606 5588 1806 5654 imperio

227 5648 624 5715 Ronamo?_ouce
647 5645 839 5710 quidem
873 5645 1008 5715 erant
1039 5645 1229 5715 quando
1266 5645 1427 5699 omnes
1461 5652 1651 5715 [romani
1676 5645 1806 5715 'furti

220 5714 353 5757 sant.
380 5707 686 5759 Restituitnus
707 5716 930 5758 veterem
969 5707 1224 5760 lectionem
1251 5717 1354 5762 Mss.
1379 5713 1546 5762 Confer
1577 5707 1702 5766 hunc
1733 5716 1804 5764 lo-

221 5783 338 5820 cum
359 5771 419 5819 ad
443 5777 600 5820 Euart'.
623 5770 738 5819 Psal.
765 5769 844 5830 59,
869 5783 916 5818 ιι.
945 5770 1018 5819 15.

1345 305 1736 361 ΕΝΑΒΒΑΊΊΟ
1773 306 1842 362 ΙΝ
1881 307 2200 368 PSAIMUM
2238 314 2414 372 LVIII.

3397 335 3503 394 706

1927 422 2004 476 ira
2024 431 2483 498 consummationis,
2515 441 2560 484 et
2593 450 2694 489 non
2719 447 2882 492 erunt.
2926 439 3158 499 Obscura
3189 456 3330 515 sunt,
3355 461 3404 504 et
3439 454 3504 506 ti-

1928 528 2048 567 meo
2076 532 2140 569 nc
2170 533 2274 571 non
2301 518 2632 577 insinuentur
2658 524 2809 580 bene.
2857 529 2972 585 Jam
3012 533 3273 590 audiendo
3303 539 3500 610 fatigati

1925 606 2054 660 estis
2083 625 2097 660 :
2138 607 2311 678 itaque
2349 611 2394 664 si
2436 613 2606 678 placet
2633 616 2884 675 Charitati
2914 622 3134 691 Vestra,
3157 643 3273 698 qum
3302 606 3503 688 resanuit
3593 633 3600 641 ’

1927 694 1977 748 in
2009 698 2296 753 crastinum
2343 700 2670 760 differamus.
2700 708 2982 778 Adjuvabit
3012 694 3286 785 Dominus,
3317 730 3371 774 ut
3402 737 3500 775 voc

1924 786 2006 880 bis
2035 787 2266 880 debitum
2293 793 2688 864 persolvatnus;
2717 801 2835 869 quia
2863 801 2930 858 de
2951 804 3040 860 illo
3060 808 3226 878 magis
3249 825 3404 880 quam
3435 810 3503 868 de

1924 879 2078 933 nobis
2099 882 2476 950 promittimus.
2762 897 2780 914 ‘

2586 1017 2755 1061 εειωο
2785 1023 2841 1061 ll.

2231 1107 2308 1164 De
2327 1112 2546 1167 secunda
2571 1125 2712 1184 parte
2740 1119 2966 1187 ejusdem
2996 1120 3212 1178 Psalmi.

1992 1219 2046 1275 1.
2077 1219 2369 1279 Hesternus
2415 1240 2592 1283 sermo
2621 1239 2935 1299 protractus,
2986 1236 3276 1294 debitorem
3315 1259 3399 1298 me
3445 1245 3497 1303 in

1924 1311 2237 1369 hodiernum
2269 1318 2484 1388 reliquit
2511 1339 2523 1374 :
2561 1322 2681 1391 quia
2712 1339 2838 1394 ergo
2865 1327 3119 1384 Dominus
3159 1333 3343 1402 voluit,
3373 1339 3496 1392 red-

1922 1404 2079 1460 deudi
2107 1416 2321 1479 tempus
2342 1411 2573 1466 advenit.
2619 1414 2789 1483 Quam
2822 1434 2951 1473 vero
2988 1437 3169 1478 sumus
3198 1441 3294 1481 nos
3320 1428 3496 1486 devoti

1922 1497 2294 1562 redhibitores.
2323 1511 2428 1557 tam
2454 1505 2659 1560 debetis
2703 1524 2800 1564 vos
2843 1526 2963 1567 esse
3005 1515 3142 1570 avidi
3170 1529 3446 1575 exactores
3475 1539 3492 1576 :

1924 1586 2022 1641 hoc
2063 1600 2162 1656 est,
2196 1601 2253 1646 ut
2297 1595 2438 1664 quod
2489 1597 2578 1652 ille
2619 1598 2798 1666 donat,
2846 1611 2900 1657 et
2937 1620 3036 1659 nos
3075 1608 3342 1666 reddimus
3369 1612 3498 1683 (ille

1922 1682 2062 1735 enim
2092 1683 2362 1751 Dominus,
2394 1703 2489 1743 nos
2516 1691 2653 1744 servi
2682 1695 2906 1764 sumus),
2931 1697 3007 1750 sic
3035 1701 3325 1770 accipiatis,
3345 1682 3400 1758 ut
3427 1705 3497 1760 sit

1923 1771 2124 1829 fructus
2171 1776 2221 1832 in
2270 1778 2538 1837 auditione
2579 1792 2753 1839 vestra
2809 1787 2876 1841 de
2924 1789 3029 1842 vita
3067 1804 3262 1846 vestra.
3312 1794 3497 1851 Cultus

1921 1866 2062 1919 enim
2089 1882 2214 1937 ager
2242 1869 2469 1926 fructum
2501 1889 2606 1930 non
2635 1877 2880 1943 reddens,
2905 1890 2958 1936 et
2992 1882 3227 1952 ingratus
3251 1887 3496 1956 agricolat-

1922 1971 2017 2026 pro
2043 1957 2279 2029 frugibus
2308 1964 2486 2032 spinas
2505 1965 2755 2036 afferens,
2780 1986 2882 2025 non
2908 1971 3175 2040 horreum,
3204 1978 3295 2031 sed
3319 1979 3495 2047 ignem

1921 2052 2130 2118 quaerit,
2182 2054 2432 2110 Dominus
2471 2068 2648 2114 autem
2697 2062 2837 2118 Deus
2874 2076 3075 2134 noster,
3105 2069 3240 2125 sicut
3265 2086 3383 2126 eum
3411 2073 3494 2127 vi-

1919 2141 2058 2197 detis
2102 2145 2237 2201 hanc
2266 2156 2461 2204 terram
2491 2153 2706 2210 visitare
2747 2157 3002 2214 imbribus
3037 2162 3379 2230 solemnibus,
3422 2167 3494 2222 ita

1919 2247 2013 2287 cor
2041 2246 2278 2292 nostrum
2308 2241 2470 2296 verbo
2496 2259 2594 2298 suo
2616 2255 2861 2318 tanquam
2881 2266 3062 2321 agrum
3091 2268 3244 2308 suum
3279 2257 3498 2317 visitare

1919 2322 2192 2392 dignatur;
2225 2337 2279 2382 et
2302 2328 2368 2384 de
2389 2331 2548 2386 corde
2578 2346 2760 2390 nostro
2788 2337 2987 2394 fructus
3021 2345 3227 2411 quaerit,
3248 2347 3368 2416 quia
3394 2363 3494 2402 no-
3527 2375 3530 2382 ι

1918 2417 1990 2469 vit
2013 2428 2065 2471 et
2085 2420 2207 2487 quid
2237 2423 2305 2476 ibi
2330 2426 2573 2492 seminet,
2603 2437 2657 2483 et
2681 2441 2933 2500 quantum
2963 2435 3125 2503 pluat.
3163 2438 3228 2491 Et
3259 2441 3376 2508 quia
3404 2457 3492 2498 re-

1919 2523 2040 2563 vera
2072 2512 2200 2565 nihil
2223 2514 2336 2572 sine
2364 2516 2452 2570 illo
2481 2534 2684 2587 sumus,
2709 2523 2829 2592 quia
2857 2533 2911 2578 et
2930 2536 3209 2596 antequam
3230 2545 3491 2600 essemus,

1919 2601 2047 2682 nihil
2077 2620 2308 2673 eramus,
2341 2621 2393 2662 et
2423 2609 2658 2679 quisquis
2683 2612 2790 2682 jam
2836 2614 2994 2670 homo
3039 2627 3122 2672 est
3163 2630 3217 2674 et
3250 2622 3364 2676 sine
3401 2624 3494 2679 illo

1917 2707 2035 2747 esse
2064 2696 2305 2762 voluerit,
2356 2699 2482 2753 nihil
2527 2701 2666 2756 aliud
2699 2719 2854 2772 quam
2899 2705 3057 2760 homo
3086 2719 3329 2778 peccator
3355 2715 3492 2780 erit;

1917 2798 2202 2856 verumque
2227 2797 2308 2842 est
2333 2790 2470 2859 quod
2500 2791 2800 2856 hiedietum
2818 2806 2924 2861 est,
2946 2797 3316 2855 Fortitudinem
3329 2821 3492 2860 meam

1915 2878 1983 2929 ad
2009 2889 2053 2932 te
2079 2881 2376 2948 custodiam,
2424 2885 2670 2954 quoniam
2710 2887 2960 2959 quidquid
3015 2907 3336 2962 possumus,
3389 2898 3490 2953 nisi

1913 2968 2052 3038 apud
2082 2970 2224 3024 illum
2269 2983 2321 3026 et
2359 2975 2424 3028 ad
2456 2976 2600 3030 illum
2633 2992 2924 3045 servemus,
2973 2985 3270 3040 recedendo
3295 2989 3490 3043 amitti-

1914 3074 2030 3112 mus
2063 3078 2074 3111 :
2108 3061 2321 3130 vigilare
2349 3062 2507 3119 debet
2533 3081 2744 3136 semper
2773 3085 2925 3125 mens
2952 3082 3132 3127 nostra
3162 3090 3267 3130 non
3307 3078 3372 3131 ab
3401 3079 3490 3132 illo

1912 3152 2178 3218 recedere,
2214 3155 2305 3209 scd
2347 3167 2399 3211 et
2431 3159 2472 3212 si
2501 3155 2655 3230 longe
2696 3172 2832 3225 erat,
2865 3165 3032 3234 magis
3064 3169 3334 3239 magisque
3364 3187 3488 3240 pro-

1913 3246 2168 3316 pinquare
2206 3257 2258 3302 et
2286 3252 2572 3318 accedere;
2625 3270 2727 3307 nou
2775 3271 2960 3326 gressu
2993 3259 3206 3329 pedum,
3236 3278 3343 3320 non
3364 3265 3490 3318 sub.

1914 3340 2157 3393 vectione
2183 3341 2565 3410 vebieulormn,
2598 3361 2703 3400 non
2731 3350 3002 3406 celeritate
3026 3353 3353 3421 animalium,
3381 3373 3488 3414 non

1911 3429 2206 3486 elevatione
2237 3441 2550 3502 pennarum,
2579 3437 2672 3491 sed
2706 3441 2932 3505 puritate
2957 3441 3264 3510 affectuum,
3292 3457 3346 3500 et
3373 3463 3489 3518 pro-

1911 3521 2071 3576 bitatc
2097 3524 2111 3554 ⁸
2143 3534 2448 3580 sanctorum
2481 3531 2704 3582 tuorum.

1980 3612 2032 3664 ἓ.
2059 3611 2206 3685 [υενε.
2237 3614 2445 3688 12—14.]
2479 3617 2761 3674 Videamus
2790 3636 2916 3692 ergo
2943 3624 3068 3694 quid
3094 3635 3260 3681 restat
3295 3627 3364 3682 de
3386 3628 3486 3685 hoc

1911 3707 2134 3774 psalmo.
2175 3706 2230 3760 ln
2270 3708 2371 3763 hoc
2400 3709 2540 3764 enim
2571 3711 2962 3780 dimiseramus,
2990 3732 3109 3772 cum
3148 3720 3396 3788 cepisset
3420 3722 3491 3778 de-

1911 3797 2138 3853 iuimicis
2161 3800 2270 3854 suis
2295 3800 2436 3870 loqui
2467 3803 2647 3858 dicens
2679 3806 2786 3860 Deo
2818 3825 2830 3860 :
2865 3807 2949 3862 Ne
2987 3811 3225 3866 occideris
3260 3830 3362 3881 eos,
3401 3832 3488 3870 ne-

1910 3891 2110 3960 quando
2135 3893 2488 3948 obliviscantur
2517 3895 2640 3967 legis
2667 3907 2784 3955 tuae.
2822 3900 3073 3969 Quamvis
3109 3921 3202 3962 eos
3243 3907 3486 3967 inimicos

1909 3997 2036 4036 suos
2065 3998 2182 4038 esse
2227 3983 2438 4051 dixerit,
2480 3989 2688 4058 rogavit
2732 4000 2906 4047 tamen
2959 3995 3120 4050 Deum
3170 4014 3237 4052 ne
3276 4001 3486 4057 occide-

1911 4083 2095 4128 rentur
2119 4085 2172 4130 et
2198 4076 2638 4134 obliviscerentur
2656 4081 2825 4152 legem
2852 4084 3034 4155 ipsius.
3058 4088 3172 4144 Non
3198 4099 3372 4147 tamen
3403 4105 3484 4148 te-

1910 4181 2038 4220 nere
2060 4166 2249 4238 legem,
2282 4168 2331 4222 id
2360 4178 2442 4224 est
2485 4187 2588 4226 non
2617 4173 2852 4231 oblivisci
2880 4178 3067 4249 legem,
3091 4180 3198 4250 jam
3232 4184 3484 4251 perfectio

1910 4266 2010 4318 est,
2039 4267 2092 4311 et
2115 4260 2265 4328 quasi
2298 4263 2552 4316 securitas
2581 4263 2649 4319 de
2677 4269 2911 4335 praemio,
2938 4279 2993 4325 et
3019 4272 3155 4326 nulla
3185 4275 3507 4330 sollicitudo.

1909 4345 1977 4401 de
2003 4349 2277 4418 supplicio.
2309 4347 2443 4406 Sunt
2484 4354 2624 4408 enim
2668 4357 2754 4424 qui
2786 4366 2968 4414 tenent
2993 4362 3163 4431 legem
3203 4369 3479 4432 memoria,

1909 4448 1962 4492 et
1984 4453 2087 4494 non
2109 4441 2330 4510 implent
2357 4441 2460 4496 vita
2492 4461 2507 4498 :
2535 4445 2622 4514 qui
2653 4461 2781 4502 vero
2807 4449 3026 4520 implent
3049 4452 3177 4520 vita,
3207 4471 3312 4508 non
3355 4472 3480 4525 pos-

1909 4542 2032 4586 sunt
2067 4549 2172 4587 non
2203 4543 2384 4589 tenere
2413 4538 2687 4593 memoria.
2721 4540 2859 4610 Ergo
2892 4543 2978 4611 qui
3021 4545 3257 4600 moribus
3285 4561 3484 4615 praece-

1910 4633 1996 4693 pta
2043 4625 2132 4678 Dei
2183 4626 2323 4693 facit,
2354 4635 2406 4682 et
2434 4628 2660 4698 quodam
2701 4631 2858 4686 modo
2900 4633 3144 4699 vivendo.
3173 4653 3385 4709 semper
3426 4642 3480 4698 in

1909 4713 2069 4769 eorde
2097 4730 2194 4769 suo
2223 4732 2290 4770 ne
2317 4717 2554 4774 deleatur
2582 4721 2687 4790 agit
2713 4722 2854 4788 quod
2881 4732 3045 4792 tenet,
3073 4727 3401 4800 vivendoque
3421 4747 3481 4789 se

1910 4805 1930 4836 ³
1955 4818 2333 4862 commemorat
2358 4809 2481 4879 quid
2511 4811 2558 4864 ei
2601 4811 2654 4864 in
2675 4811 2838 4867 corde
2866 4816 3119 4885 scriptum
3163 4820 3232 4874 sit
3257 4821 3324 4878 de
3360 4824 3481 4894 lege

1911 4895 2024 4961 Dei,
2053 4897 2164 4966 ipse
2185 4897 2450 4954 fructuose
2474 4910 2618 4957 tenet
2639 4903 2804 4973 legem
2829 4905 2952 4971 Dei;
2975 4908 3085 4977 ipse
3111 4926 3216 4967 non
3237 4913 3480 4974 inimicus

1909 4985 2264 5055 deputabitur.
2294 4989 2424 5044 Nam
2457 5007 2583 5046 ecce
2625 4993 2823 5049 inimici
2866 4997 3054 5067 Judaei,
3099 5017 3231 5071 quos
3275 5005 3481 5063 videtur

1909 5077 2204 5147 signiﬁcare
2233 5080 2465 5149 psalmus
2503 5082 2622 5142 iste.
2649 5084 2814 5156 legem
2847 5087 2936 5142 Dei
2967 5099 3165 5160 tenent,
3196 5102 3251 5150 et
3273 5095 3393 5153 ideo
3413 5098 3480 5155 de

1909 5169 2014 5223 illis
2044 5170 2236 5223 dictum
2264 5180 2364 5235 est,
2397 5171 2479 5226 Ne
2506 5175 2742 5229 occideris
2769 5193 2869 5243 eos,
2894 5184 3157 5252 nequando
3183 5186 3481 5245 obliviscan-

1911 5271 1991 5314 tur
2023 5260 2146 5333 legis
2180 5273 2316 5326 ture;
2346 5273 2401 5317 ut
2429 5280 2557 5334 gens
2584 5265 2882 5324 Judteorum
2912 5287 3169 5343 maneret,
3199 5289 3254 5334 et
3279 5295 3340 5335 ea
3366 5295 3482 5335 ma-

1909 5361 2068 5406 nente
2093 5363 2361 5408 cresceret
2387 5355 2666 5411 multitudo
2693 5357 3130 5421 Christianorum.
3166 5368 3270 5423 Per
3295 5385 3480 5424 omnes

1910 5453 2094 5514 gentes
2137 5455 2352 5500 manent
2378 5460 2541 5514 certe,
2571 5459 2622 5504 et
2655 5451 2820 5508 Judtei
2860 5449 3002 5524 suni,
3045 5475 3142 5516 nec
3169 5464 3481 5520 destiterunt

1909 5550 2028 5589 esse
2065 5535 2204 5604 quod
2231 5548 2384 5591 erant
2413 5556 2427 5593 :
2475 5539 2523 5592 id
2555 5550 2653 5608 est,
2700 5557 2830 5612 gens
2873 5547 2969 5601 ista
3013 5565 3115 5603 non
3149 5550 3218 5605 ita
3243 5553 3402 5606 cessit
3428 5553 3478 5608 in

1975 5719 1989 5746 ι
2029 5720 2091 5761 Ita
2115 5725 2204 5762 sex
2225 5719 2329 5762 Mss.
2356 5712 2440 5762 Alii
2464 5727 2573 5767 cum
2591 5716 2723 5774 Edd.,
2751 5717 3094 5777 probabilitate.

1975 5777 1994 5807 ³
2026 5784 2096 5824 δια
2119 5784 2221 5824 MSS.
2250 5784 2300 5824 At
2318 5776 2450 5836 Edd.,
2472 5777 2757 5842 vivendoque
2779 5793 2962 5842 semper
2985 5791 3334 5833 commemorat.
