4022 6200
562 286 667 344 ῗοῖ

567 377 677 446 iura
710 378 1086 439 Romanorum,
1116 384 1171 431 ut
1191 375 1426 430 amiserit
1457 374 2015 432 formamimlmorutn:
2037 376 2128 430 sed

566 469 637 523 ita
664 469 870 523 subdita
901 468 1150 535 Romanis
1193 476 1292 527 est,
1324 476 1379 520 ιιι
1418 476 1572 520 etiam
1613 466 1754 535 leges
1784 482 1906 519 suas
1936 476 2126 531 teneat,

564 576 681 629 qn:e
708 560 848 629 leges
877 568 998 611 sunt
1031 558 1139 613 Dei.
1169 557 1273 612 Sed
1312 557 1431 627 quid
1462 558 1511 610 in
1542 557 1645 610 illis
1673 557 1866 611 factum
1897 556 2131 611 est?De-

562 648 755 701 cimatis
785 658 998 702 mentum
1027 659 1070 703 et
1095 650 1365 717 cyminum,
1396 658 1441 700 et
1463 649 1729 716 reliquistis
1752 664 1864 719 qua:
1900 649 2132 718 graviora

560 750 674 794 sunt
700 739 863 812 Legis,
899 741 1289 795 misericordiam
1321 751 1365 793 et
1380 740 1626 809 judicium
1650 757 1669 805 ,'
1717 740 1960 810 liquuntes
2003 740 2133 793 culi-

558 846 683 896 cem,
714 832 957 885 cometam
973 842 1135 885 autem
1148 833 1410 901 glutientes
1432 830 1642 902 (Matth.
1683 847 1835 897 χχιιι,
1862 831 1932 886 25
1951 840 1995 884 et
2014 830 2129 903 24).

560 922 671 976 lloc
694 922 774 978 eis
806 923 1058 978 Dominus
1082 923 1225 977 dicit.
1256 924 1322 977 Et
1350 936 1530 977 revera
1560 922 1628 975 ita
1650 932 1767 976 sunt
1792 939 1805 987 ;
1836 932 2015 977 tenent
2042 922 2130 977 Le-

558 1029 694 1083 gem,
739 1023 918 1068 tenent
957 1014 1275 1082 Prophetas;
1309 1014 1488 1083 legunt
1524 1014 1721 1080 omnia,
1762 1021 1977 1067 cantant
2009 1028 2126 1066 om-

558 1107 641 1159 nia
669 1123 684 1159 :
712 1106 882 1161 lucem
911 1106 1290 1175 Prophetarum
1317 1121 1418 1158 non
1448 1105 1516 1160 ibi
1540 1105 1738 1171 vident,
1761 1105 1849 1174 qui
1876 1114 1957 1159 est
1976 1104 2129 1160 Citri-

557 1207 670 1251 stus
684 1198 854 1252 Jesus.
876 1197 990 1252 Non
1019 1199 1187 1252 solum
1210 1201 1329 1253 eu‘m
1359 1212 1497 1252 nunc
1524 1214 1629 1251 non
1658 1197 1857 1264 vident,
1884 1213 2003 1252 cum
2044 1213 2128 1252 se-

557 1289 647 1343 det
677 1290 726 1342 in
754 1290 889 1345 etelo
919 1308 931 1341 :
963 1289 1054 1343 sed
1083 1304 1180 1344 nec
1206 1298 1328 1343 tunc
1365 1289 1627 1363 viderunt,
1653 1289 1863 1359 quando
1894 1290 2030 1344 inter
2060 1291 2126 1344 ιι-

557 1385 638 1440 los
661 1385 871 1439 humilis
892 1385 1210 1450 ambulabat,
1240 1393 1293 1439 et
1323 1383 1441 1438 facti
1469 1391 1589 1437 sunt
1609 1382 1684 1437 rei
1711 1382 1977 1437 fundendo
2001 1398 2125 1437 san-

556 1477 764 1547 guinem
794 1476 986 1546 ipsius;
1019 1476 1113 1531 sed
1166 1493 1269 1529 non
1314 1490 1519 1530 omnes.
1551 1475 1662 1529 Hoc
1689 1482 1743 1529 et
1792 1475 1948 1528 hodie
1976 1491 2125 1528 com-

558 1562 865 1622 mendamus
889 1564 1141 1621 Charitati
1172 1567 1387 1621 Vestrae.
1420 1566 1534 1620 Non
1562 1580 1785 1620 omnes:
1827 1567 1945 1636 quia
1977 1567 2125 1620 multi

555 1672 739 1711 eorttm
770 1658 1008 1711 conversi
1037 1657 1102 1711 ad
1126 1673 1245 1712 eum
1276 1673 1430 1727 quem
1458 1656 1786 1718 occiderunt,
1828 1667 1883 1710 et
1925 1658 1975 1709 in
2004 1672 2123 1710 cum

556 1748 843 1815 credendo,
882 1751 1088 1805 veniam
1118 1760 1171 1804 et
1212 1750 1277 1804 de
1318 1749 1485 1804 effuso
1515 1750 1678 1819 ipsius
1718 1751 1971 1819 sanguine
2016 1765 2128 1803 me-

555 1853 811 1905 ruerunt;
854 1842 1257 1913 exemplumque
1284 1842 1621 1912 praebuerunt
1649 1840 1947 1896 hominibus
1968 1857 2124 1911 quam

557 1949 662 1989 non
690 1934 916 1989 debeant
942 1932 1185 1987 difﬁdere
1207 1932 1397 1986 dimitti
1427 1931 1524 1986 sibi
1542 1932 1919 2002 qualecumque
1934 1947 2121 2000 pecca-

558 2025 904 2094 tum,quando
918 2036 969 2078 et
985 2023 1484 2078 interfectioChI-isti
1499 2023 1712 2077 dimissa
1728 2033 1806 2077 est
1822 2023 2123 2081 confitenti-

555 2116 673 2170 bus.
707 2116 830 2169 lude
848 2132 973 2185 ergo
986 2117 1182 2170 dictum
1199 2124 1300 2179 est,
1325 2116 1455 2183 Quia
1468 2114 1604 2169 Deus
1618 2125 1874 2186 susceptor
1893 2132 2032 2170 meus
2048 2133 2123 2183 es;

556 2207 691 2262 Deus
706 2225 861 2273 meus,
879 2207 1214 2261 misericordia
1229 2209 1335 2278 ejus
1352 2207 1612 2277 praeveniet
1632 2223 1709 2259 me
1726 2222 1745 2260 :
1769 2207 1870 2260 hoc
1885 2216 1986 2273 est,
2002 2215 2125 2262 ante

557 2302 733 2355 omnia
761 2301 945 2355 merita
987 2316 1103 2354 mea
1151 2301 1287 2355 bona
1328 2302 1583 2370 prtevenit
1626 2314 1712 2354 me
1762 2300 2124 2354 misericordia

553 2393 752 2463 ipsius;
781 2394 877 2447 etsi
912 2393 1040 2447 nihil
1070 2394 1118 2445 in
1150 2409 1232 2447 me
1277 2393 1397 2447 boni
1444 2393 1720 2457 invenerit,
1758 2392 1870 2462 ipse
1898 2408 1981 2445 me
2004 2391 2127 2446 facit

555 2487 770 2548 bonum,
799 2495 853 2541 et
882 2488 990 2555 ipse
1008 2485 1260 2555 justiﬁeat
1281 2502 1594 2541 conversum
1616 2527 1631 2551 ,
1658 2496 1711 2541 et
1732 2487 1846 2555 ipse
1873 2486 2124 2540 admonet

552 2586 613 2632 ιιι
663 2588 1002 2634 convertatur
1043 2593 1281 2631 aversus.
1329 2576 1462 2629 Deus
1489 2594 1660 2640 meus,
1693 2576 1864 2646 inquit
1904 2577 2117 2640 iterum,

552 2673 904 2727 demonstravit
948 2672 1071 2726 mihi
1115 2672 1166 2725 in
1219 2671 1434 2725 inimicis
1477 2671 1642 2723 meis:
1689 2669 1740 2723 id
1789 2678 1891 2733 est,
1944 2686 2117 2740 quan-

550 2774 665 2821 tum
722 2782 805 2820 me
858 2766 1079 2837 diligat,
1137 2773 1498 2834 quantumque
1564 2762 1689 2815 mihi
1751 2761 2004 2832 largiatur
2053 2761 2122 2817 de

558 2856 792 2912 bonitate
819 2872 942 2919 sua,
982 2872 1044 2911 ex
1073 2856 1466 2923 comparatione
1510 2853 1840 2906 inimicorum
1882 2868 2121 2907 meorum

551 2950 682 3007 mihi
719 2950 977 3013 ostendit;
1008 2949 1127 3019 quia
1164 2962 1282 3002 cum
1313 2950 1417 3000 sint
1458 2961 1520 3000 ex
1547 2960 1650 2998 una
1680 2960 1849 2998 massa
1878 2959 2002 2999 vasa
2030 2946 2133 3013 ine

549 3049 606 3096 et
632 3055 757 3095 vasa
783 3038 1155 3094 misericordiae
1184 3036 1354 3108 (Rom.
1388 3052 1466 3101 Ix,
1493 3037 1555 3090 2i
1573 3036 1612 3099 ),
1646 3052 1739 3105 per
1767 3050 1889 3092 vasa
1922 3036 2010 3090 ine
2038 3035 2120 3089 di-

551 3138 705 3186 scunt
730 3145 853 3184 vasa
880 3127 1255 3183 misericordiae
1282 3135 1534 3196 quantum
1566 3126 1670 3179 illis
1701 3126 1840 3179 Deus
1870 3126 2123 3196 largiatur

552 3220 695 3277 boni.
722 3220 790 3276 Et
807 3218 1018 3285 deinde,
1046 3217 1125 3273 Ne
1145 3218 1386 3273 occideris
1406 3234 1506 3279 eos,
1530 3219 1793 3285 nequando
1815 3218 2121 3271 obliviscan-

548 3325 632 3371 tur
659 3316 781 3387 legis
806 3325 904 3369 tute
923 3331 942 3368 :
963 3314 1063 3368 hoc
1087 3313 1282 3369 dictum
1308 3313 1473 3368 estde
1495 3311 1713 3367 JlldiBiS.
1742 3312 1843 3367 Sed
1870 3312 1993 3381 quid
2017 3312 2120 3366 illis

551 3408 744 3463 facies?
772 3406 1015 3477 Disperge
1043 3422 1124 3460 eos
1150 3410 1203 3459 in
1231 3405 1410 3458 virtute
1435 3413 1547 3458 tua.
1582 3404 1815 3458 Ostende
1856 3404 1959 3457 illis
1999 3404 2118 3472 quia

551 3508 604 3554 tu
632 3499 783 3554 fortis
808 3513 887 3564 es,
919 3512 1022 3552 non
1049 3496 1146 3567 ipsi
1172 3496 1260 3566 qui
1289 3496 1356 3551 de
1387 3495 1577 3549 virtute
1603 3510 1697 3549 sua
1729 3496 2116 3563 praesumendo,

547 3593 822 3647 veritatem
855 3600 996 3645 tuam
1040 3605 1143 3644 non
1184 3597 1544 3657 cognoverunt
1585 3605 1598 3639 :
1645 3602 1747 3641 non
1789 3587 1973 3656 quales
2019 3587 2118 3655 ipsi

548 3684 712 3741 fortes
731 3691 872 3750 sunt,
904 3682 970 3737 de
995 3681 1184 3752 quibus
1209 3680 1406 3734 dictum
1433 3687 1535 3744 est,
1569 3677 1837 3733 Irruerunt
1864 3695 2013 3749 super
2041 3695 2119 3732 me

548 3781 736 3848 fortes;
770 3772 863 3829 sed
902 3772 1073 3843 qualis
1100 3781 1155 3827 tu
1199 3770 1352 3825 fortis
1381 3769 1445 3823 ad
1486 3768 1864 3839 dispergendos
1904 3784 2018 3823 eos.
2052 3767 2118 3822 Et

546 3868 707 3921 deduc
730 3882 833 3931 eos,
866 3873 1111 3932 protector
1139 3879 1275 3917 meus
1306 3861 1517 3915 Domine
1547 3878 1562 3914 :
1590 3860 1638 3913 id
1666 3869 1766 3922 est,
1794 3861 1871 3913 sie
1889 3876 1978 3913 eos
2005 3859 2111 3913 dis-

547 3971 745 4027 perge,
786 3965 843 4010 ut
886 3971 990 4009 non
1026 3970 1119 4010 eos
1146 3953 1397 4019 deseras,
1445 3952 1707 4023 nequando
1764 3951 2117 4005 obliviscantur

547 4048 669 4119 legis
705 4056 835 4110 tute;
870 4048 999 4102 etin
1026 4062 1091 4102 eo
1127 4046 1241 4116 ipso
1269 4061 1354 4100 me
1380 4054 1659 4115 protegas,
1693 4054 1747 4095 ιιι
1775 4044 1841 4097 de
1881 4044 2112 4111 ipsorum

545 4139 874 4211 dispersione
916 4138 1138 4193 habeam
1179 4137 1538 4191 testimonium
1582 4120 1956 4190 misericordia:
1989 4145 2111 4187 nne.

617 4211 689 4287 ζ’).¹
712 4231 778 4285 Ει
804 4229 1042 4299 sequitur
1065 4226 1285 4283 :Delicta
1313 4230 1414 4281 oris
1435 4244 1624 4292 eorum,
1651 4243 1924 4311 sermon‘rm
1953 4226 2114 4279 labio-

542 4340 653 4379 rum
702 4337 892 4377 eorum.
946 4319 1061 4386 Quo
1105 4319 1473 4388 eonjungitur,
1500 4334 1602 4387 quo
1637 4316 1970 4371 connectitur
2016 4317 2111 4369 ista

536 4414 840 4472 sententia?
862 4412 1075 4477 Delicta,
1091 4410 1278 4480 inquit,
1303 4411 1402 4464 oris
1427 4426 1619 4473 eorum,
1650 4424 1926 4463 sermonem
1955 4407 2113 4462 labio-

536 4524 648 4561 rum
674 4522 863 4563 eorum.
893 4503 1172 4573 Sequentia
1214 4516 1316 4555 non
1345 4501 1412 4554 ita
1440 4509 1841 4566 connectuntur,
1876 4509 1933 4554 ut
1955 4501 2114 4555 doce-

537 4608 628 4652 ant
646 4612 740 4652 nos
760 4612 865 4667 quo
893 4596 1242 4663 coniungatur
1267 4591 1362 4645 ista
1381 4591 1658 4645 sententia.
1685 4591 1896 4656 Delicta,
1922 4591 2109 4660 inquit,

537 4689 639 4742 oris
664 4705 834 4742 eorum
859 4730 873 4754 ,
896 4701 1170 4742 sermonem
1209 4682 1453 4738 tabiorum
1480 4698 1650 4735 eorum
1678 4699 1695 4735 :
1717 4691 1762 4734 et
1790 4684 2110 4751 comprehen-

536 4778 720 4832 dantur
762 4780 815 4832 in
858 4778 1089 4847 superbia
1122 4792 1234 4830 sua.
1286 4771 1351 4826 Et
1380 4788 1442 4825 ea:
1468 4772 1727 4825 maledicto
1764 4781 1809 4825 et
1852 4773 2109 4826 mendacio

536 4871 962 4926 annuntiabuntur
988 4868 1455 4930 consummationes,
1471 4866 1523 4918 in
1546 4866 1625 4917 ira
1642 4866 2104 4930 consummationis,

1788 284 1844 341 S.
1888 282 2245 341 AUCUSTINI
2288 286 2582 344 EPISCOPI
3260 296 3263 299 ’
3706 301 3794 360 708

2238 392 2341 430 non
2386 377 2537 433 facile
2575 378 2845 436 videamus
2876 400 2889 436 :
2925 381 3116 438 Delicta
3163 385 3264 439 oris
3303 403 3507 456 eorum,
3534 405 3796 450 sermonem

2236 467 2481 523 (abiaram
2501 487 2691 525 eorum.
2718 472 3069 529 [iecurramus
3090 491 3217 546 ergo
3241 477 3307 532 ad
3342 480 3635 549 superiora.
3665 487 3798 552 Quo.

2237 561 2377 614 niam
2403 560 2630 627 dixerat,
2659 563 2740 617 Ne
2759 565 2998 620 occideris
3023 583 3135 633 eos,
3163 572 3427 641 nequando
3456 571 3801 630 obliviscantur

2235 652 2360 724 legis
2386 664 2506 721 tum,
2533 670 2665 725 quos
2695 664 2866 711 tamen
2897 658 3101 714 dixerat
3130 661 3646 735 inimicos;~adinuxit
3675 669 3802 725 duos

2235 743 2523 799 versiculos
2545 787 2560 812 ,
2595 746 2834 818 Disperge
2856 766 2940 803 eos
2965 751 3018 803 in
3054 751 3234 805 uirtute
3262 763 3349 806 tua
3373 797 3387 820 ,
3411 766 3459 808 et
3492 758 3653 811 deduc
3685 776 3765 813 eos
3786 801 3801 825 ,

2234 845 2480 904 protector
2494 852 2629 891 meus
2655 836 2867 892 Domine
2890 849 2978 894 :et
2997 840 3248 896 continuo
3276 843 3469 912 intulit,
3497 846 3693 903 Delicta
3711 853 3805 908 oris

2233 941 2422 992 eorum,
2450 944 2725 983 sermonem
2743 927 2988 985 [abiaram
3007 949 3199 997 eorum,
3235 935 3333 990 hoc
3363 947 3462 1002 est,
3497 939 3645 994 illum
3668 943 3807 996 occi-

2232 1010 2318 1074 de,
2351 1028 2455 1065 non
2493 1012 2656 1081 ipsos.
2691 1012 2810 1066 Non
2835 1031 2960 1084 ergo
2981 1017 3221 1073 occideris
3256 1037 3365 1083 eos,
3394 1026 3658 1091 nequando
3688 1026 3808 1080 obli-

2232 1104 2485 1165 viscantur
2509 1106 2631 1177 legis
2672 1116 2771 1160 tua:
2801 1109 2937 1178 :sed
2977 1119 3057 1163 est
3084 1112 3223 1180 quod
3263 1113 3314 1166 in
3346 1115 3448 1169 illis
3476 1118 3693 1173 occidas
3713 1162 3728 1182 ,
3761 1129 3809 1176 ut

2229 1190 2448 1262 impleas
2463 1194 2603 1265 quod
2624 1210 2777 1264 supra
2801 1196 2996 1252 dictant
3018 1209 3099 1253 est
3115 1241 3130 1266 ,
3152 1200 3270 1255 Non
3293 1205 3573 1261 miserearis
3592 1211 3809 1265 omnium

2228 1286 2314 1357 qui
2339 1297 2608 1355 operantur
2631 1288 2956 1358 iniquitatem.
2994 1290 3237 1363 Disperge
3261 1310 3386 1365 ergo
3408 1296 3554 1363 illos,
3585 1311 3633 1354 et
3655 1303 3808 1358 deduc

2229 1391 2312 1428 eos
2340 1391 2359 1428 :
2389 1376 2436 1429 id
2466 1385 2587 1443 est,
2620 1379 2724 1434 noli
2764 1379 3011 1436 deserere
3034 1423 3048 1447 ,
3072 1399 3191 1437 cum
3221 1385 3517 1457 dispergis;
3547 1394 3672 1460 quia
3713 1411 3810 1451 non

2229 1465 2521 1521 deserendo
2552 1468 2713 1524 habes
2741 1470 2863 1541 quid
2886 1472 2937 1526 in
2967 1473 3070 1529 illis
3099 1491 3241 1543 agas,
3272 1493 3390 1533 eum
3415 1480 3557 1551 ipsos
3586 1500 3697 1539 non
3734 1504 3813 1540 oe-

2229 1558 2379 1613 eidis.
2412 1560 2544 1626 Quid
2584 1577 2709 1631 ergo
2735 1564 3207 1621 occidesibelicta
3245 1571 3346 1623 oris
3383 1588 3558 1625 eorum
3582 1617 3596 1639 ,
3628 1594 3813 1632 sermo-

2230 1666 2340 1703 nem
2384 1652 2630 1705 labiorum
2654 1671 2846 1708 eorum.
2870 1656 3005 1722 Quid
3032 1658 3083 1711 in
3112 1659 3212 1712 illis
3240 1662 3497 1718 occides?
3522 1663 3808 1739 Cruci/igc,

2228 1742 2466 1813 cruciﬁge
2499 1742 2795 1811 (Joan.xtx
2816 1786 2831 1811 ,
2854 1747 2940 1816 6);
2964 1748 3105 1817 quod
3143 1750 3543 1818 clamaverunt,
3579 1773 3688 1811 non
3734 1760 3813 1830 qui

2228 1832 2609 1889 clamaverunt.
2636 1836 2712 1890 illi
2746 1838 2888 1893 enim
2918 1838 3185 1895 Christum
3216 1843 3396 1899 delere
3416 1887 3430 1910 ,
3460 1846 3776 1905 interimere
3796 1893 3811 1918 ,

2229 1921 2450 1995 perdere
2480 1928 2758 1983 voluerunt
2791 1947 2803 1982 :
2838 1941 2891 1985 tu
2933 1943 3107 1987 autem
3140 1938 3501 1993 resuscitando
3539 1939 3811 1999 Christum

2227 2032 2383 2087 quem
2417 2019 2636 2087 perdere
2680 2023 2994 2090 voluerunt,
3027 2027 3223 2081 occidis
3249 2029 3432 2083 delicta
3470 2037 3573 2086 oris
3604 2051 3777 2089 eorum
3804 2079 3818 2112 τ

2225 2124 2502 2165 sermonem
2542 2112 2789 2167 (abieram
2826 2131 3014 2169 eorum.
3043 2116 3246 2188 Quippe
3275 2136 3431 2191 quem
3481 2125 3811 2194 perdendum

2228 2200 2610 2265 clamaverunt,
2637 2206 2816 2260 vivere
2854 2221 3242 2277 expavescunt;
3272 2222 3325 2266 et
3362 2230 3522 2283 quem
3566 2218 3618 2270 in
3670 2230 3814 2275 terra

2227 2304 2676 2364 contempserunt,
2701 2298 2751 2352 in
2783 2300 2920 2354 caelo
2949 2301 3155 2357 adorari
3184 2305 3250 2359 ab
3278 2308 3526 2362 omnibus
3564 2315 3814 2379 gentibus

2225 2385 2555 2440 admirantur
2584 2406 2597 2441 ε
2625 2389 2701 2442 sic
2745 2390 3059 2446 occiduntur
3106 2393 3300 2451 delicta
3349 2398 3457 2451 oris
3505 2415 3698 2456 eorum
3723 2443 3739 2469 ,
3766 2412 3813 2458 et

2216 2493 2405 2557 .sermo
2437 2480 2693 2535 labiornm
2725 2496 2929 2536 eorum.

2297 2571 2347 2625 4.
2390 2570 2455 2624 Et
2488 2574 2972 2641 comprehendantur
3013 2576 3062 2630 in
3104 2578 3337 2647 superbia
3373 2596 3489 2633 sua.
3520 2581 3661 2651 Quid
3693 2594 3811 2652 est,

2226 2663 2710 2731 comprehendantur
2735 2665 2787 2718 in
2811 2664 3042 2734 superbia
3068 2668 3203 2721 sua?
3230 2670 3361 2736 Quia
3392 2671 3585 2727 frustra
3636 2675 3814 2729 irrue-

2225 2765 2347 2807 runt
2376 2753 2538 2809 fortes
2560 2796 2575 2823 ,
2604 2764 2657 2809 et
2686 2757 2833 2825 quasi
2861 2758 3022 2812 cessit
3048 2759 3150 2814 illis
3174 2770 3228 2814 ut
3258 2761 3455 2832 aliquid
3486 2763 3584 2818 sibi
3619 2764 3815 2822 fecisse

2225 2844 2561 2909 viderentur,
2592 2854 2641 2899 et
2680 2848 3069 2915 prmvaluerunt
3103 2850 3342 2906 Domino.
3376 2853 3671 2912 Potuerunt
3717 2859 3815 2913 hoe

2227 2936 2421 2990 minem
2464 2936 2814 3007 crucifigere,
2858 2941 3027 3011 patuit
3069 2941 3349 2999 infirmitas
3394 2949 3737 3015 przevalere,
3765 2961 3817 3007 et

2224 3031 2389 3083 virtus
2417 3030 2604 3096 occidi;
2623 3040 2675 3084 et
2699 3032 2795 3084 visi
2821 3033 2917 3086 sibi
2943 3035 3296 3106 suntaliquid,
3321 3039 3463 3093 velut
3482 3038 3673 3106 fortes,
3708 3044 3817 3099 vels

2225 3131 2279 3174 ut
2310 3132 2548 3189 potentes
2570 3162 2586 3186 ,
2631 3124 2772 3177 velut
2797 3124 3147 3195 praevalentes
3171 3170 3184 3193 ,
3209 3129 3353 3184 velut
3383 3131 3468 3186 leo
3495 3143 3724 3202 paratus
3751 3136 3818 3192 ad

2227 3211 2475 3275 pra-dam,
2507 3211 2647 3265 velut
2676 3215 2807 3267 tauri
2836 3216 3071 3285 pingues,
3104 3220 3239 3273 sicut
3261 3235 3352 3274 eos
3381 3223 3486 3275 alio
3515 3225 3636 3280 loco
3660 3244 3818 3282 coin-

2225 3312 2482 3356 memorat
2509 3321 2520 3355 :
2548 3302 2704 3357 Tauri
2726 3306 2935 3376 pingues
2958 3308 3250 3364 obsederunt
3274 3310 3535 3383 me(I’sal.
3554 3332 3672 3382 xxv,
3702 3320 3820 3388 15).

2222 3393 2355 3462 Quid
2386 3406 2559 3450 autem
2589 3397 2826 3453 fecerunt
2856 3401 2905 3453 in
2931 3399 3141 3456 Christo
3161 3403 3184 3455 ’ἶ
3202 3404 3315 3459 Non
3339 3408 3521 3472 vitam,
3545 3411 3645 3465 sed
3667 3428 3818 3468 mor-

2225 3496 2327 3539 tem
2355 3486 2678 3542 oceiderunt.
2704 3489 2972 3547 Exstineta
3015 3494 3208 3563 quippe
3235 3509 3405 3552 morte
3431 3499 3484 3553 in
3517 3504 3817 3573 moriente,

2222 3586 2274 3629 et
2312 3588 2618 3648 resurgente
2648 3590 2749 3633 vita
2792 3580 2858 3636 de
2889 3595 3063 3639 morte
3107 3586 3157 3638 in
3192 3588 3208 3617 ί
3232 3588 3440 3642 vivente
3466 3631 3484 3656 ,
3508 3596 3721 3649 etenim
3764 3605 3819 3651 et

2224 3670 2334 3740 ipse
2359 3685 2418 3726 se
2439 3673 2792 3734 resuscitavit,
2820 3676 2940 3743 quia
2971 3687 3083 3731 erat
3110 3678 3160 3731 in
3193 3680 3281 3733 illo
3301 3692 3353 3736 et
3373 3682 3514 3748 quod
3542 3688 3683 3740 ιιιιπί
3710 3703 3818 3742 non

2222 3762 2421 3831 potuit,
2451 3762 2573 3831 quid
2608 3762 2882 3817 fecerunt?
2907 3768 3038 3821 Audi
3066 3769 3456 3836 quidrfecerunt
3484 3789 3498 3825 :
3528 3776 3821 3832 solverunt

2221 3852 2493 3921 templum.
2526 3853 2660 3921 Quid
2706 3871 2832 3909 vero
2874 3857 2984 3927 ipse
3030 3858 3187 3913 fecit?
3217 3858 3418 3917 Triduo
3464 3870 3818 3922 resuscitavit

2221 3942 2348 3997 illud
2375 3943 2549 4014 (Joan.
2581 3962 2634 4005 ιι.
2670 3948 2777 4013 19).
2813 3948 2913 4002 Per
2946 3948 3045 4003 hoc
3071 3968 3196 4022 ergo
3227 3956 3400 4008 occisa
3440 3968 3573 4012 sunt
3617 3961 3817 4014 delicta

2219 4034 2327 4089 oris
2351 4049 2555 4100 eorum,
2576 4047 2629 4090 et.
2648 4052 2823 4091 sermo
2847 4039 3099 4095 labiorum
3128 4059 3332 4098 eorum.
3360 4047 3424 4099 Et
3448 4049 3580 4117 quid
3594 4055 3712 4119 jam
3743 4053 3819 4104 fa-

2217 4134 2358 4178 ctum
2380 4137 2461 4179 est
2489 4128 2538 4179 in
2567 4128 2645 4181 his
2674 4130 2760 4197 qni
2783 4133 3024 4185 conversi
3042 4134 3201 4186 sunt?
3222 4133 3285 4185 Et
3307 4140 3821 4205 comprehendantur

2216 4218 2269 4268 in
2308 4218 2538 4286 superbia
2566 4236 2675 4271 sua.
2722 4221 2923 4275 Dictum
2950 4233 3030 4277 est
3055 4226 3193 4278 enim
3235 4227 3334 4280 illis
3362 4231 3483 4297 quia
3517 4231 3612 4285 ille
3646 4248 3819 4303 quem

2216 4308 2540 4373 occiderunt,
2570 4313 2877 4365 resurrexit.
2897 4312 3244 4369 Crediderunt
3271 4333 3391 4370 eum
3415 4324 3823 4387 resurrexissc.

2216 4400 2333 4468 quia
2364 4400 2605 4454 viderunt
2637 4419 2755 4456 eum
2800 4403 2853 4457 iu
2901 4406 3036 4460 caelo
3081 4408 3340 4475 positum,
3367 4409 3630 4474 Spritnm
3683 4432 3827 4469 sam

2215 4502 2354 4544 clum
2388 4492 2510 4546 inde
2536 4494 2829 4559 misisse,et
2859 4512 2950 4550 eos
2976 4500 3061 4567 qui
3093 4500 3141 4552 in
3172 4499 3315 4554 illaut
3333 4503 3825 4562 credideruntim-

2216 4582 2439 4651 plevisse
2465 4585 2600 4654 (Act.
2632 4602 2667 4645 ι.
2701 4587 2734 4641 9
2755 4630 2769 4652 ,
2799 4598 2842 4641 et
2869 4605 2926 4654 ιι,
2956 4592 3042 4660 4);
3076 4601 3130 4646 et
3157 4594 3471 4649 invenerunt
3498 4612 3560 4653 se
3591 4610 3647 4653 et
3679 4601 3825 4658 nihil

2213 4676 2513 4744 damnasse,
2546 4688 2598 4731 et
2626 4679 2755 4733 nihil
2786 4681 2990 4735 iecisse.
3018 4683 3234 4739 Factum
3265 4702 3450 4742 eorum
3496 4691 3549 4744 in
3596 4693 3827 4749 irritum

2213 4769 2391 4834 venit;
2426 4782 2695 4840 peceatum
2723 4774 2995 4829 remansit.
3024 4761 3157 4842 Quia
3183 4794 3306 4847 ergo
3335 4778 3535 4835 factum
3566 4800 3825 4839 evacua-

2213 4870 2320 4915 tnm
2350 4871 2467 4928 est,
2496 4874 2765 4933 peccatum
2797 4878 2972 4922 autem
3004 4872 3257 4925 remansit
3302 4887 3464 4941 super
3498 4875 3833 4949 facientes;

2209 4954 2578 5023 comprehensi
2619 4967 2742 5011 sunt
2766 4957 2818 5012 in
2860 4955 3105 5029 superbia
3130 4977 3224 5016 sua
3253 5006 3268 5030 ,
3295 4965 3546 5021 viderunt
3590 4985 3656 5024 se
3712 4974 3831 5026 sub

2211 5044 2482 5116 iniquitate
2510 5062 2625 5102 sua.
2653 5047 2900 5103 Restabat
2931 5066 3058 5121 ergo
3088 5063 3145 5107 ut
3182 5054 3570 5113 confiterentur
3613 5076 3831 5130 pecca-

2208 5146 2361 5203 tum,
2391 5145 2445 5191 et
2488 5136 2578 5192 ille
2631 5138 2927 5207 ignosceret
2973 5143 3061 5212 qui
3121 5146 3459 5213 peccantibus
3509 5163 3829 5220 cesserat,

2207 5238 2259 5282 et
2303 5239 2524 5283 mortem
2561 5244 2710 5284 suam
2753 5231 2975 5288 donaret
3014 5235 3224 5290 occisus
3269 5252 3299 5290 a
3338 5241 3603 5307 mortuis,
3635 5252 3709 5297 et
3737 5246 3834 5301 vi-

2206 5320 2425 5375 viticans
2450 5330 2709 5376 nturtuos.
2739 5322 3117 5395 Comprehensi
3147 5339 3271 5384 sunt
3297 5346 3423 5401 ergo
3455 5332 3509 5387 in
3535 5338 3833 5405 superbia

2204 5425 2317 5466 Sua.

2273 5504 2326 5558 5.
2355 5501 2422 5557 Et
2442 5519 2502 5558 ea:
2529 5505 2794 5561 maledicto
2827 5516 2873 5563 et
2905 5510 3162 5565 mendacio
3188 5496 3631 5572 annuntiabuntur
3667 5538 3827 5578 con-

532 4971 581 5019 et
608 4978 708 5017 non
732 4972 892 5016 erunt.
928 4962 1037 5016 Hoc
1060 4962 1339 5016 obscurum
1361 4958 1516 5012 etiam
1550 4955 1660 5012 heri
1691 4955 1991 5011 dixeramus
2010 4999 2024 5017 .
2054 4968 2109 5014 et

534 5053 653 5110 ideo
680 5054 745 5109 ad
775 5055 1096 5109 recentiores
1125 5060 1327 5107 mentes
1354 5060 1558 5105 vestras
1587 5047 1969 5117 expositionem
1991 5049 2104 5104 dis—

531 5146 838 5203 tuleramus.
886 5142 1032 5198 Nunc
1085 5143 1290 5212 itaque,
1338 5142 1585 5211 quoniam
1627 5140 1857 5194 nondum
1905 5138 2104 5210 fatigati

529 5239 658 5294 estis
685 5234 1047 5299 in'andiendo,
1075 5235 1259 5304 erigite
1287 5234 1448 5289 corda
1472 5241 1529 5288 ut
1554 5234 1812 5303 adjuvetis
1834 5249 1917 5287 me
1936 5234 2103 5288 inten-

528 5331 694 5396 tione;
724 5344 791 5384 ne
813 5324 948 5380 forte
979 5326 1030 5379 in
1059 5325 1376 5378 obscuritate
1401 5333 1455 5378 et
1481 5322 1832 5393 perplexitate
1861 5324 2100 5394 aliquan-

528 5433 640 5478 ιιιηι
670 5436 849 5478 sermo
877 5430 1057 5477 ,ψειεν
1087 5433 1191 5470 ιιοη
1232 5415 1455 5471 sufﬁciat
1486 5415 1761 5471 intentioni
1788 5428 2015 5471 vestrae:
2047 5426 2101 5472 et

522 5516 728 5572 debetis
747 5509 941 5583 aliquid
971 5519 1025 5565 et
1047 5525 1075 5563 a
1106 5509 1256 5563 vobis
1280 5507 1489 5574 atferre,
1511 5516 1567 5561 ut
1585 5507 1722 5576 quod
1755 5522 1851 5560 nos
1877 5505 2099 5564 dicendo

524 5624 630 5664 non
674 5604 1090 5676 impleverimus,
1138 5600 1476 5671 intelligendo
1515 5599 1819 5669 suppleatis.
1843 5599 1929 5654 Sic
1969 5617 2097 5673 ergo

523 5701 688 5767 posita
737 5708 819 5754 est
865 5697 960 5752 ista
1005 5695 1259 5752 sententia
1301 5694 1352 5747 in
1385 5690 1556 5747 medio
1579 5733 1593 5756 ,
1618 5702 1673 5745 ut
1716 5708 1821 5765 quo
1846 5694 2094 5765 jungatur
2265 5707 2282 5736 ι
2318 5712 2434 5755 Tres
2457 5707 2581 5754 melii
2601 5710 2666 5757 ris
2688 5718 2812 5759 nota:
2832 5719 2954 5771 διεδ..
2975 5725 3008 5760 a
3029 5708 3223 5764 uiuente.
