4022 6200
220 355 327 412 709

218 475 572 527 sunmutiones
596 519 607 535 ,
641 476 691 529 in
722 476 798 529 ira
819 480 1260 531 consummationis
1286 518 1299 541 ,
1323 490 1368 532 et
1395 495 1492 532 non
1533 488 1698 531 erunt.
1729 476 1794 531 Et

218 566 319 619 hoc
358 567 570 622 dil'licile
619 569 960 636 intelligitur,
991 585 1096 639 quo
1119 570 1369 640 jungatur
1407 579 1454 622 ct
1491 587 1589 623 non
1625 580 1791 623 emnt.

214 657 350 725 Quid
391 676 491 713 non
518 663 703 715 erunt?
726 662 1008 715 Videamus
1032 678 1158 731 ergo
1183 662 1511 730 superiorem
1541 673 1740 717 textum
1774 681 1788 716 :

211 765 333 802 cum
351 752 726 819 eotnprehensi
750 752 940 807 fuerint
960 753 1009 806 in
1029 753 1270 821 superbia
1293 769 1407 815 sua,
1423 754 1791 807 annuntiabun-

210 849 294 893 tur
313 856 377 894 ea:
393 843 658 897 maledicto
686 855 731 898 et
752 843 1007 898 mendacio
1027 847 1495 899 consummationes.
1514 846 1643 911 Qua:
1668 855 1790 900 sunt

208 933 740 987 consummationes?
767 934 1120 991 Perfectioncs
1151 954 1163 989 :
1200 937 1555 990 consummari
1601 936 1741 991 enim
1768 977 1783 1000 ,

207 1023 398 1093 perﬁci
440 1035 542 1079 est.
589 1028 742 1081 Aliud
784 1038 865 1082 est
904 1029 1303 1093 consummari,
1330 1028 1472 1082 aliud
1522 1029 1783 1083 consumi.

205 1117 621 1170 (linisnnnnatnr
652 1121 792 1171 enim
827 1119 966 1187 quod
1005 1120 1081 1173 sic
1128 1119 1304 1172 linitur
1344 1129 1397 1172 ut
1447 1119 1783 1187 perliciatur:

202 1195 540 1260 consumitur
562 1208 702 1276 quod
730 1210 807 1262 sic
837 1210 1017 1263 linitur
1051 1219 1105 1262 ut
1133 1226 1237 1263 non
1264 1210 1350 1263 sit.
1381 1210 1635 1276 Saperbia
1678 1225 1782 1263 non

201 1298 549 1381 permittebat
574 1298 839 1353 hominem
873 1300 1072 1368 perlici;
1106 1301 1234 1355 nihil
1263 1300 1339 1355 sic
1367 1301 1584 1370 impedit
1612 1299 1769 1369 perfe-

198 1388 458 1443 Ctionem.
491 1387 732 1443 lntendat
777 1391 970 1458 quippe
1014 1390 1253 1444 Charitas
1288 1391 1468 1445 Vestra
1511 1391 1777 1460 paululum

196 1480 267 1534 ad
310 1481 358 1535 id
389 1481 529 1552 quod
568 1481 719 1547 dico;
748 1491 801 1535 et
824 1483 994 1536 videte
1036 1484 1229 1537 malum
1274 1484 1429 1537 nimis
1460 1484 1734 1537 molestum
1760 1525 1774 1549 ,

196 1573 360 1627 nimis
412 1574 727 1629 cavendum.
782 1570 946 1642 Quale
1000 1576 1194 1628 malum
1250 1574 1476 1642 putatis?
1514 1575 1777 1639 Quamdiu

192 1679 512 1733 exaggerem
551 1666 672 1735 quid
706 1666 826 1718 mali
869 1666 938 1719 sit
980 1666 1031 1718 in
1070 1664 1352 1734 superbia?
1382 1666 1628 1720 Diabolus
1655 1664 1775 1719 inde

192 1758 370 1809 solum
400 1757 694 1825 puniendus
720 1766 819 1810 est.
844 1760 994 1810 (Ierte
1015 1758 1260 1827 princrps
1279 1765 1360 1809 est
1388 1756 1621 1809 (ninnium
1654 1772 1774 1825 pec—

194 1857 436 1901 catorum
457 1890 473 1913 ,
504 1860 651 1903 certe
678 1849 927 1904 seductor
950 1860 1032 1903 est
1065 1848 1130 1902 ad
1174 1851 1493 1917 peccandum
1525 1866 1538 1902 :
1575 1866 1676 1901 non
1722 1848 1769 1902 ei

194 1939 487 2009 imputatur
510 1941 845 2003 adulterium,
880 1956 982 1994 non
1017 1941 1322 2004 vinolentia,
1344 1957 1447 1994 non
1472 1940 1764 2003 forniCatio,

192 2046 299 2107 non
329 2031 509 2099 rapina
537 2046 711 2086 rerum
739 2033 1047 2096 alienarum;
1071 2033 1181 2085 sola
1203 2032 1444 2101 superbia
1470 2031 1646 2100 lapsus
1665 2026 1777 2085 est.‘

190 2123 260 2177 Et
284 2123 535 2193 quoniam
562 2124 825 2192 superhiic
849 2138 1030 2178 comes
1049 2133 1132 2178 est
1159 2122 1443 2177 invidentia
1461 2165 1474 2186 ,
1508 2123 1619 2176 ﬁeri
1659 2138 1764 2175 non

189 2223 366 2284 potest
401 2226 456 2267 ιιι
484 2214 744 2283 superbus
772 2230 874 2268 non
900 2215 1133 2270 invideat
1164 2231 1178 2269 :
1210 2230 1273 2269 ex
1304 2215 1403 2269 hoc
1426 2214 1587 2277 vitio,
1623 2213 1765 2284 quod

186 2306 490 2374 superbiam
539 2307 835 2361 necessario
875 2307 1113 2377 sequitur
1138 2346 1153 2368 ,
1177 2306 1354 2376 lapsus
1379 2307 1536 2362 etiam
1579 2306 1763 2360 invidit

184 2399 381 2462 stanti,
408 2409 461 2453 et
501 2399 644 2453 dedit
688 2415 903 2468 operam
943 2400 1197 2456 seducere
1240 2400 1507 2454 hominem
1534 2443 1549 2467 ,
1580 2415 1647 2455 ne
1674 2402 1762 2455 illo

183 2489 453 2543 leraretur
468 2489 605 2544 unde
618 2490 704 2544 ille
714 2491 951 2559 dejectus
966 2499 1064 2545 est.
1080 2490 1147 2545 Et
1164 2491 1281 2546 ideo
1291 2492 1481 2562 satagit
1498 2507 1618 2546 vera
1635 2507 1759 2562 per-

181 2582 410 2637 Suadere
424 2581 663 2651 "peccata,
690 2584 809 2652 quia
838 2584 993 2637 talem
1015 2583 1245 2652 judicem
1274 2584 1528 2640 habemus
1554 2585 1642 2639 tibi
1666 2587 1761 2641 oh-

180 2674 342 2743 iicere
370 2673 501 2729 falsa
526 2690 631 2729 non
660 2676 843 2745 possit.
862 2673 992 2729 Nam
1010 2675 1054 2729 si
1071 2676 1208 2743 apud
1226 2675 1459 2744 jndicem
1486 2676 1754 2733 hominem

180 2755 430 2835 ageretur
453 2782 611 2822 causa
640 2778 814 2821 nostra
835 2809 851 2834 ,
879 2782 1035 2837 quem
1077 2776 1256 2837 posset
1303 2768 1485 2823 fallere
1511 2769 1757 2823 crimina-

180 2855 413 2912 tionibus
460 2856 773 2923 t‘alsis;non
816 2859 1034 2913 multum
1078 2869 1258 2928 ageret
1294 2868 1348 2913 ut
1382 2873 1753 2929 peccaremns;

178 2949 296 3018 quia
310 2949 547 3018 judicem
562 2948 819 3015 fallendo,
836 2959 892 3004 et
909 2950 1218 3005 innocentes
1239 2960 1417 3020 posset
1431 2953 1750 3020 Opprimere,

176 3052 229 3096 et
266 3042 657 3098 circumventos
706 3042 772 3098 ad
807 3058 868 3098 se
910 3043 1222 3110 traducere,
1250 3056 1304 3099 et
1345 3058 1524 3098 secum
1560 3048 1754 3100 caade-

174 3134 347 3188 mnari
379 3133 553 3191 facere
586 3152 598 3187 :
631 3150 775 3189 nunc
801 3149 927 3190 vero
950 3135 1072 3205 quia
1097 3137 1198 3190 scit
1222 3135 1636 3204 talentjudicem
1661 3154 1749 3205 qui

173 3224 282 3279 falli
317 3240 422 3279 non
452 3225 635 3294 possit,
658 3234 715 3280 et
732 3227 851 3297 quia
874 3228 973 3281 scit
998 3242 1118 3281 eum
1142 3227 1341 3296 justum
1374 3242 1628 3296 personas
1656 3243 1747 3282 ac-

172 3316 354 3386 cipere
385 3332 488 3371 non
520 3331 704 3386 posse;
734 3319 862 3372 tales
890 3318 938 3373 ei
972 3318 1082 3373 vult
1111 3334 1231 3373 reos
1262 3319 1550 3388 perducere
1573 3360 1587 3385 ,
1616 3335 1748 3389 quos

172 3423 397 3463 necesse
425 3408 491 3463 sit
522 3421 577 3463 ut
597 3410 829 3473 damnet,
852 3412 973 3479 quia
993 3411 1165 3481 justus
1185 3421 1285 3467 est.
1317 3413 1413 3467 Dat
1435 3413 1606 3482 itaque
1622 3427 1748 3481 ope-

168 3516 283 3555 ram
317 3511 377 3556 ttt
409 3516 686 3571 peccemus
713 3504 820 3557 sola
854 3503 1159 3571 invidentia,
1191 3519 1308 3574 quze
1339 3504 1624 3559 invidentia
1653 3520 1746 3559 ne-

166 3606 323 3649 cesse
370 3602 455 3648 est
495 3604 549 3648 ut
590 3595 871 3650 comitetur
897 3595 1214 3665 superbiam.
1241 3595 1353 3652 Hoc
1390 3610 1518 3665 ergo
1546 3596 1743 3650 malum

164 3684 417 3754 superbia
446 3695 525 3740 est
550 3727 565 3751 ,
590 3685 882 3753 impediens
914 3685 1310 3755 perfectionem.
1337 3685 1508 3741 Iactet
1533 3700 1659 3755 ergo
1683 3702 1744 3740 se

163 3778 393 3847 quisque
409 3776 474 3830 de
493 3776 704 3841 divitiis,
722 3778 881 3846 jactet
901 3776 965 3831 de
987 3777 1375 3846 pulchritudine
1392 3786 1444 3832 et
1457 3776 1525 3832 de
1543 3776 1743 3831 viribus

162 3867 451 3936 corporis:
492 3868 590 3922 ista
636 3877 779 3922 certe
825 3867 1003 3921 omnia
1048 3868 1288 3921 mortalia
1337 3876 1497 3931 sunt;
1534 3866 1738 3921 ridendi

160 3968 287 4013 sunt
315 3959 408 4028 qui
427 3974 487 4013 se
509 3958 577 4014 de
598 3960 905 4014 mortalibus
927 3960 1148 4028 jactant,
1178 3976 1207 4031 a
1232 3961 1421 4038 quibus
1447 3960 1602 4013 rebus
1628 3958 1740 4028 ple-

160 4066 393 4119 rumque
425 4060 514 4104 aut
550 4051 653 4106 vivi
676 4052 993 4107 deseruntur
1015 4094 1030 4117 ,
1057 4063 1148 4107 aut
1173 4053 1364 4106 mortui
1398 4068 1489 4107 eas
1517 4067 1738 4108 necesse

159 4152 245 4198 est
284 4154 342 4196 ut
366 4143 634 4198 deserant.
674 4144 803 4198 Illud
830 4152 913 4199 est
937 4144 1116 4199 vitium
1141 4145 1362 4214 capitale
1387 4185 1401 4207 ,
1433 4144 1575 4215 quod
1614 4159 1734 4199 cum

156 4236 392 4303 quisque
415 4234 550 4289 bene
577 4234 875 4305 profecerit,
907 4235 1148 4301 superbia
1177 4244 1434 4296 tentatur,
1461 4247 1517 4290 ιιι
1545 4236 1736 4307 perdat

157 4331 332 4377 totum
364 4324 505 4392 quod
532 4323 769 4393 profecit.
811 4324 1044 4394 Denique
1070 4326 1245 4378 omnia
1278 4325 1398 4380 vitia
1427 4326 1479 4380 iu
1515 4326 1733 4381 malefa-

154 4419 259 4470 ctis
291 4414 522 4467 timenda
560 4425 714 4480 sunt;
742 4414 984 4484 superbia
1033 4416 1084 4469 in
1127 4416 1411 4472 benefactis
1458 4418 1575 4488 plus
1613 4435 1732 4473 me-

153 4506 357 4560 tuenda
405 4515 503 4559 est.
537 4505 649 4559 Non
689 4506 860 4575 itaque
901 4506 1089 4560 mirum
1135 4507 1254 4577 quia
1296 4509 1372 4564 sic
1405 4519 1485 4563 est
1522 4510 1733 4567 humilis

150 4596 466 4665 Apostolus,
494 4605 548 4649 nt
574 4595 715 4650 dicat
742 4614 755 4650 :
786 4595 1000 4663 Quando
1024 4598 1274 4667 iit/inpar,
1297 4609 1415 4653 tunc
1437 4604 1577 4672 fortis
1596 4618 1725 4656 sunt.

146 4689 287 4745 Nam
318 4688 422 4743 hoc
447 4689 573 4743 vitio
603 4705 670 4744 ne
694 4691 806 4761 ipse
832 4700 1154 4768 tentaretur,
1186 4692 1339 4762 quale
1364 4693 1464 4747 sibi
1492 4695 1724 4750 medica-

143 4790 396 4837 mentum
438 4779 565 4835 dicit
603 4782 897 4851 appositum
926 4793 1106 4837 contra
1140 4793 1428 4851 tumorem,
1459 4802 1487 4838 a
1519 4790 1725 4844 medico

138 4875 231 4945 qui
263 4873 431 4927 sciret
454 4872 577 4942 quid
606 4873 848 4928 curaret?
874 4871 955 4926 Ne
982 4875 1343 4944 magnitudine,
1377 4877 1561 4946 inquit.
1593 4896 1725 4933 reve-

137 4967 400 5022 lationum
419 4965 666 5031 extollar,
694 4966 842 5020 datus
879 4975 951 5020 est
975 4967 1095 5020 mihi
1121 4969 1353 5022 stimulus
1376 4971 1541 5023 carnis
1560 4988 1682 5025 mea:
1702 5014 1717 5035 ,

138 5061 360 5129 angelus
389 5069 596 5124 satanas,
621 5058 705 5128 qui
725 5075 802 5111 me
814 5057 1110 5123 colaphizet.
1138 5058 1354 5128 Propter
1372 5062 1507 5131 quod
1524 5073 1598 5117 ter
1618 5063 1723 5117 Do.

133 5152 338 5203 crinium
361 5148 555 5218 rogavi,
582 5159 635 5201 ut
655 5148 924 5202 discederet
939 5165 970 5201 a
985 5165 1083 5212 me;
1109 5158 1158 5202 et
1181 5150 1307 5204 dixit
1326 5154 1449 5206 mihi
1470 5169 1489 5206 :
1524 5155 1719 5227 Suﬁicit

131 5244 222 5295 tibi
285 5241 454 5311 gratia
491 5256 642 5305 mea;
684 5257 801 5294 nam
836 5242 990 5296 virtus
1033 5240 1085 5295 in
1127 5243 1416 5310 inﬁrmitate
1461 5248 1718 5314 perﬁcitur

128 5337 195 5404 (ll
225 5332 358 5391 Cor.
388 5348 461 5388 xu
480 5376 495 5399 ,
520 5333 694 5404 7-I0).
726 5332 908 5388 Videte
935 5349 1052 5405 qua:
1075 5335 1181 5390 sint
1212 5339 1741 5417 consummationem

123 5426 451 5494 Apostolus,
482 5424 673 5481 doctor
698 5424 952 5494 gentium,
984 5434 1134 5494 pater
1157 5426 1387 5483 ﬁdelium
1420 5445 1512 5498 per
1543 5431 1716 5485 Evan-

119 5520 357 5588 gelium,
375 5516 577 5584 accepit
597 5514 866 5569 stimulum
894 5517 1068 5571 carnis
1092 5531 1120 5570 a
1140 5532 1245 5588 quo
1267 5519 1708 5589 colaphizaretnr.

117 5612 262 5679 Quis
313 5616 550 5662 nostrum
578 5607 681 5661 hoc
710 5606 890 5662 dicere
931 5608 1186 5674 auderet,
1219 5610 1317 5665 nisi
1345 5612 1430 5667 ille
1465 5614 1706 5669 confiteri

116 5719 236 5756 non
267 5698 645 5756 enibescerct?
665 5699 722 5753 Si
748 5697 888 5754 enim
918 5698 1205 5755 dixerimus
1228 5701 1325 5759 hoc
1353 5719 1454 5766 non
1496 5720 1704 5772 passum

117 5795 304 5850 fuisse
332 5792 549 5848 Paulum
579 5809 596 5860 ;
625 5807 746 5848 cum
795 5791 847 5847 ci
890 5792 1037 5862 quasi
1077 5790 1335 5850 honorem
1362 5796 1700 5868 .dcferimus,

1280 359 1675 418 ENARRATIO
1714 357 1779 412 IN
1819 357 2137 424 PSAIJIIUM
2179 371 2352 427 LVIII.

3367 407 3470 462 7m

1899 482 2204 580 mendacem
2247 487 2486 547 facimus.
2535 493 2638 551 Sed
2686 499 2806 566 quia
2850 519 3008 560 verax
3047 520 3128 564 est
3154 556 3168 580 ,
3201 525 3253 570 et
3284 535 3467 579 verum

1896 566 2047 635 dixit;
2072 571 2279 642 oportet
2301 592 2356 633 ut
2378 584 2657 642 credamus
2679 591 2857 647 datum
2884 597 2954 650 illi
2980 614 3100 656 esse
3120 566 3361 677 angelum

1896 670 2049 730 tuum,
2073 683 2137 767 ne
2162 673 2520 741 magnitudine
2542 683 2916 744 revelationum
2941 670 3300 758 extollerelur.
3327 707 3465 767 Ecce

1893 769 2049 868 quam
2091 759 2352 819 timendus
2390 779 2471 822 est
2515 784 2735 841 serpens
2777 784 3067 849 superbiml
3118 791 3254 857 Quid

1894 844 2194 945 factumest
2225 855 2377 909 istis?
2405 857 2459 913 In
2489 874 2710 930 peccato
2744 844 2854 924 suo
2877 844 3254 945 comprehensi

1890 937 2010 1006 quia
2056 940 2320 999 Christum
2374 952 2716 1023 occiderunt,
2743 968 2795 1013 et
2839 962 2905 1018 de
2945 934 3056 1035 ipsa
3099 934 3460 1042 magnitudine

1889 1031 2089 1131 peccati
2150 1033 2264 1100 plus
2307 1036 2564 1097 httmiliati
2611 1058 2769 1115 sunt,
2828 1062 2883 1107 et
2927 1031 3126 1128 majore
3168 1031 3463 1131 Ιῖυωίιίιξῇἑ

1885 1130 2013 1189 erigi
2030 1137 2336 1228 :ICI'IN‘I'IIIII
2364 1148 2376 1183 :
2407 1130 2505 1187 hoc
2525 1147 2625 1201 εει,
2649 1137 3139 1211 Compreltendantur
3155 1157 3205 1210 in
3228 1167 3462 1228 superbia

1884 1226 1993 1263 sua.
2024 1211 2086 1265 Et
2112 1232 2174 1270 ea:
2200 1221 2467 1277 maledicto
2496 1237 2542 1278 et
2571 1232 2828 1287 mendacio
2865 1211 3459 1311 annuntiabunturr-con-

1883 1307 2237 1413 summationes
2266 1326 2287 1364 .·
2315 1313 2361 1365 id
2389 1324 2487 1381 est,
2520 1317 2640 1373 ideo
2671 1326 2833 1393 magis
2865 1331 3220 1402 perlicientur,
3260 1346 3372 1413 quia
3404 1350 3455 1403 in

1883 1395 2164 1452 maledicto
2212 1411 2264 1455 et
2317 1407 2592 1463 mendacio
2637 1395 2954 1482 deprehensi
3006 1437 3150 1483 sunt.
3198 1395 3454 1502 Superbia

1880 1486 2086 1584 quipp-el
2103 1506 2195 1545 eos
2227 1510 2330 1549 non
2374 1502 2712 1566 permittebat
2758 1512 2934 1576 perlici
2968 1532 2981 1567 :
3012 1515 3210 1575 bucinus
3241 1486 3457 1584 abstulit

1878 1580 2175 1680 superbiam
2202 1599 2298 1653 per
2318 1601 2502 1643 eorum
2520 1598 2937 1665 \COlll'CSsitmelll;
2960 1604 3278 1680 indulgentia
3311 1580 3456 1674 dele;

1878 1668 1952 1722 vit
1982 1670 2189 1768 facinus
2219 1679 2431 1745 perﬁci
2463 1685 2855 1746 miserationem
2875 1738 2887 1759 ,
2922 1706 2975 1751 et
3000 1715 3061 1752 ex
3095 1668 3373 1763 maledicto
3399 1723 3453 1768 ct

1877 1760 2151 1870 mendacio
2183 1771 2503 1826 annuutiate
2544 1787 2666 1830 sunt
2705 1790 3189 1847 consummationcs
3212 1815 3224 1847 :
3251 1760 3448 1870 id

1873 1848 2069 1905 dictum
2088 1866 2167 1909 est
2198 1856 2416 1924 homini,
2448 1864 2628 1919 Vidisti
2659 1871 2781 1937 quid
2804 1875 2876 1925 sis
2905 1915 2918 1933 .
2946 1881 3156 1936 sensisti
3185 1848 3308 1955 quid
3332 1848 3445 1959 sis:

1873 1945 2061 2046 errasti
2073 1985 2089 2011 ,
2114 1960 2407 2006 excaecatus
2428 1968 2486 2008 es
2508 1997 2522 2021 ,
2549 1961 2776 2027 peccasti
2798 1974 2851 2017 et
2882 1967 3056 2037 lapsus
3076 1988 3154 2035 es,
3185 1945 3447 2046 agnovisti

1872 2034 2226 2133 infirmitatem
2259 2050 2398 2097 tuam
2424 2060 2438 2109 ;
2462 2049 2695 2117 supplica
2727 2034 2970 2123 medico,
3005 2066 3111 2118 noli
3146 2034 3248 2123 tibi
3282 2034 3446 2133 videri

1869 2134 2049 2178 sanus.
2075 2125 2274 2234 Ubiest
2294 2132 2571 2201 phrenesis
2595 2143 2718 2196 tua?
2742 2145 2874 2201 Ecce
2901 2153 3160 2209 medicum
3184 2125 3443 2234 occidisti,

1867 2227 2023 2319 quem
2040 2218 2329 2275 occidendo
2351 2226 2574 2293 perdere
2596 2247 2698 2285 non
2728 2238 2938 2301 potuisti
2959 2257 2972 2292 :
2996 2252 3168 2300 tamen
3191 2218 3444 2319 qliantnni

1866 2303 1930 2357 ad
1972 2314 2024 2360 te
2064 2310 2316 2376 pertinuit
2344 2354 2359 2379 ,
2390 2318 2651 2375 occidisti.
2682 2321 2766 2378 Ex
2800 2331 3062 2388 maledicto
3112 2349 3158 2391 et
3187 2303 3444 2401 ιῖιρηὶιέιᾎὲξ

1864 2400 2297 2458 annuntiabuntur
2321 2416 2789 2470 consummationes.
2822 2420 3043 2479 Fecistis
3064 2431 3203 2498 quod
3234 2435 3297 2488 ad
3328 2400 3443 2490 ma;

1866 2490 2112 2584 ledictum
2143 2498 2464 2566 pertint-bat.
2489 2520 2522 2558 ο
2546 2504 2711 2562 λυόςιξξ
2745 2528 2757 2562 :
2788 2490 3096 2573 Maledictus
3116 2524 3254 2577 enim
3282 2532 3442 2584 omnis

1974 2586 2220 2685 pendet-in
2243 2591 2377 2685 tigno
2406 2592 2580 2665 (Deut.
2608 2615 2716 2664 χχι,
2740 2600 2832 2668 25,
2855 2615 2899 2657 ει
2926 2606 3041 2662 Gal.
3069 2628 3143 2673 ιιι,
3183 2618 3289 2685 15).
3319 2583 3440 2676 Cru-

1859 2672 2107 2780 eilixistis
2132 2678 2419 2749 Christum;
2445 2695 2689 2758 tanquam
2716 2696 3053 2754 maledictum
3078 2672 3316 2780 putastis.
3333 2672 3437 2767 iAdi-

1859 2763 1927 2819 de
1983 2769 2263 2825 maledicto
2313 2778 2645 2835 mendacium
2678 2801 2691 2836 :
2724 2788 2971 2844 custodes
3021 2763 3098 2848 ad‘
3134 2803 3436 2865 sepulcrum

1861 2859 2139 2922 posuistis;
2173 2872 2229 2915 ut
2255 2867 2636 2939 mentirentur,
2668 2879 2942 2943 pecuniam
2971 2859 3431 2956 dedistis-(Matth.

1859 2962 2041 3016 xxvnt,
2078 2952 2346 3022 l2).'Eccc
2372 2956 2613 3018 Christus
2636 2972 2922 3026 resurrexit
2955 2993 2967 3028 :
2998 2977 3082 3031 ubi
3104 2991 3184 3033 est
3211 2952 3433 3040 maledi-

1858 3052 2001 3095 ctum
2033 3047 2204 3102 crncis
2230 3052 2368 3118 quod
2408 3051 2643 3112 fecistis?
2667 3061 2753 3116 ubi
2777 3072 2860 3118 est
2886 3070 3216 3126 mendacium
3256 3087 3433 3133 custm

1855 3133 1978 3188 dum
2003 3152 2138 3206 quos
2158 3146 2504 3213 corrupistis?
2588 3164 2589 3167 ‘

1924 3230 1977 3281 6.
2011 3226 2094 3282 Ea:
2112 3232 2378 3289 maledicto
2399 3246 2444 3291 et
2464 3241 2724 3297 mendacio
2753 3250 3181 3309 annuntiabuntur
3200 3274 3432 3315 causant-

1854 3318 2113 3385 mationes,
2138 3323 2189 3376 in
2204 3325 2281 3378 ira
2300 3334 2760 3398 consummationis,
2785 3348 2948 3393 etnon
2973 3356 3117 3397 erunt
3169 3350 3299 3415 Quid
3323 3365 3422 3418 est,

1849 3422 1902 3461 tu
1931 3425 2009 3464 ira
2033 3420 2471 3504 consummationis
2489 3427 2918 3484 annuntiabuntur
2937 3444 3384 3498 consummationes
3400 3448 3428 3501 .’

1851 3501 1947 3559 Est
1978 3505 2058 3562 ira
2098 3501 2585 3580 consummationis,
2630 3530 2684 3574 et
2728 3531 2807 3575 est
2851 3524 2927 3578 ira
2982 3536 3420 3601 consmnptimtis.

1847 3595 1979 3650 Nam
2035 3603 2206 3655 omnis
2236 3603 2461 3658 vindicta
2507 3608 2596 3661 Dei
2625 3610 2701 3663 ira
2751 3612 2946 3669 dicitur
2974 3634 2987 3669 :
3021 3621 3112 3674 sed
3140 3595 3424 3695 ali-quando

1845 3686 1912 3779 ad
1946 3687 2044 3744 hoc
2071 3691 2305 3747 vindicat
2336 3695 2495 3762 Deus,
2526 3709 2579 3752 ut
2613 3701 2880 3770 perﬁciat;
2910 3708 3190 3779 aliquando
3229 3686 3293 3771 ad
3318 3718 3422 3776 hoc

1847 3778 2112 3840 vindicat.
2161 3792 2217 3837 ut
2264 3785 2501 3842 damnet.
2551 3790 2827 3856 Quomodo
2877 3797 2943 3851 ad
3002 3778 3105 3856 hoc
3153 3806 3414 3878 vindicat,

1941 3874 2207 3969 perﬁciat?
2258 3876 2511 3949 Flagellat
2569 3899 2763 3937 onmem
2823 3888 2987 3955 ﬁlium
3055 3909 3201 3962 quem
3242 3874 3420 3969 recipit

1844 3962 2028 4032 (Hebr.
2058 3981 2151 4030 xu,
2175 3967 2248 4037 6).
2274 3968 2549 4033 Quomodo
2573 3973 2638 4028 ad
2666 3976 2767 4031 hoc
2790 3979 3040 4047 vindicat,
3069 3994 3124 4040 ut
3162 3962 3417 4046 damnet?

1841 4053 2060 4121 Quando
2087 4063 2320 4129 posuerit
2340 4063 2527 4133 impios
2552 4067 2618 4121 ad
2648 4068 2936 4137 sinistram,
2979 4086 3031 4130 et
3055 4078 3246 4136 dixerit
3288 4086 3366 4139 eis
3395 4105 3415 4143 :

1840 4144 1921 4243 Ite
1941 4148 1993 4201 in
2011 4150 2185 4243 ignem
2209 4163 2468 4223 wternum,
2495 4159 2581 4226 qui
2607 4173 2812 4229 paratus
2836 4175 2910 4218 est
2931 4167 3128 4223 diabolo
3145 4182 3192 4225 et
3212 4175 3413 4243 angelis

1838 4238 1947 4303 eius
1978 4239 2186 4308 (Matth.
2217 4261 2337 4310 xxv,
2368 4247 2480 4321 41).
2509 4248 2599 4304 Illa
2629 4252 2702 4305 ira
2728 4260 3144 4326 consumptionis
3174 4238 3411 4327 estfnon

1837 4336 2323 4391 consummationis.
2364 4338 2804 4397 Annuntiabuntur
2867 4358 3040 4404 autem
3087 4368 3410 4408 consumma-

1837 4423 1993 4477 tiones
2018 4426 2070 4479 in
2098 4428 2175 4480 ira
2212 4433 2693 4499 consummationis;
2721 4438 2770 4491 id
2801 4450 2900 4505 est,
2931 4443 3303 4511 prmdicabitur
3340 4449 3411 4502 ab

1834 4514 2103 4583 Apostolis
2141 4519 2259 4587 quia
2300 4522 2382 4574 ubi
2412 4523 2678 4579 abundavit
2708 4542 2982 4597 peccatum,
3029 4538 3408 4606 superabunda-

1833 4605 1902 4657 vit
1926 4609 2090 4675 gratia
2118 4607 2291 4679 (Rom.
2315 4627 2366 4675 ν,
2396 4612 2511 4685 20),
2539 4625 2592 4671 et
2621 4622 2870 4687 pertinuit
2916 4624 2981 4677 ad
3030 4626 3406 4686 humiliationis

1833 4696 2147 4752 medicinam
2189 4700 2466 4759 infirmitas
2515 4707 2761 4763 hominis.
2804 4712 2915 4767 Hoc
2965 4718 3257 4785 cogitantes
3307 4724 3429 4791 illi,

1828 4797 1882 4842 et
1925 4789 2255 4847 invenientes
2322 4805 2478 4867 atque
2529 4801 2840 4858 confitcntes
2898 4806 3198 4876 iniquitates
3254 4789 3399 4883 snas,

1830 4895 1927 4932 non
1971 4893 2132 4934 erant.
2174 4885 2310 4950 Quid
2354 4905 2453 4942 non
2482 4894 2665 4946 erunt?
2698 4893 2754 4947 In
2804 4900 3048 4964 Superbia
3077 4915 3190 4955 sua.
3229 4905 3398 4977 Supra

1825 4970 1964 5023 enim
1995 4971 2220 5040 dixerat,
2262 4977 2762 5049 Commta/tendantur
2806 4986 2857 5040 in
2900 4992 3132 5056 superbia
3167 5011 3280 5050 sua.
3306 4970 3398 5052 'Et

1824 5077 1887 5114 ea:
1914 5064 2178 5119 maledicto
2224 5078 2271 5123 et
2314 5071 2574 5126 mendacio
2610 5080 3040 5136 annuntiabuntur
3083 5102 3396 5145 consumma-

1823 5156 1978 5210 tiones
2007 5158 2058 5210 in
2083 5158 2164 5212 ira
2206 5165 2669 5228 consummationis,
2706 5180 2751 5221 et
2779 5188 2879 5226 non
2904 5187 3067 5243 erunt,
3119 5181 3297 5252 utique
3337 5187 3389 5240 in

1822 5247 2089 5315 superbia,
2114 5249 2165 5302 in
2186 5265 2287 5318 qua
2312 5253 2680 5322 comprehensi
2703 5270 2845 5315 sunt.

1893 5339 2043 5412 7.,Ει
2068 5342 2222 5395 scient
2244 5343 2364 5413 quia
2384 5344 2521 5400 Deus
2547 5348 2884 5407 dominabitur
2907 5353 3069 5412 Iacob
3093 5403 3106 5421 ,
3134 5372 3182 5416 et
3209 5364 3391 5431 ﬁniam

1821 5441 1984 5483 ιρι-ναι.
2018 5433 2154 5487 Ante
2175 5434 2315 5487 enim
2337 5435 2463 5505 justi
2491 5438 2587 5493 sibi
2619 5441 2950 5513 videbantur,
2973 5451 3114 5519 quod
3140 5470 3267 5521 gens
3286 5454 3383 5509 Ju-

1815 5522 1927 5573 da2a
1959 5520 2152 5592 Legem
2182 5539 2476 5595 acceperat,
2508 5532 2644 5607 quod
2690 5534 2778 5590 Dei
2831 5554 3085 5609 pra-cepta
3131 5520 3385 5599 servave«

1816 5622 1895 5665 rat
1923 5612 2347 5672 :demonstratur
2365 5618 2466 5675 illis
2482 5623 2600 5694 quia
2622 5640 2726 5681 non
2757 5632 3005 5697 servavit,
3023 5649 3140 5687 cum
3174 5635 3224 5689 in
3256 5637 3385 5706 ipsis

1813 5703 1905 5759 Dei
1945 5710 2221 5777 prmeeptis
2253 5710 2517 5769 Christum
2560 5731 2664 5771 non
2701 5720 2974 5787 intellexit,
3005 5726 3122 5793 quia
3170 5703 3382 5783 caeritas

1810 5813 1879 5854 ex
1920 5812 2068 5870 parte
2096 5802 2146 5858 in
2175 5801 2331 5859 Israel
2372 5803 2504 5862 facta
2555 5816 2635 5863 est
2663 5809 2783 5867 (Μ.
2835 5829 2907 5877 ix,
2936 5815 3061 5883 25).
3103 5817 3285 5874 Videat
3327 5832 3381 5876 ct
