4022 6200
614 361 712 419 τιι

615 473 714 543 ipsi
739 467 903 526 Judazi
930 463 1051 536 quia
1073 474 1179 518 non
1207 457 1403 516 debent
1426 454 1624 511 Gentes
1649 458 2011 509 contemnere,
2043 460 2178 516 quos

614 534 761 634 quasi
802 534 963 612 canes
985 562 1039 608 et
1082 558 1384 621 peccatores
1427 535 2008 615 putabant:quomodo
2035 534 2177 591 enim

617 629 810 724 pariter
846 644 1041 703 inventi
1071 640 1270 697 suntin
1299 636 1612 707 iniquitate;
1664 633 1733 686 ita
1758 629 1958 700 pariter
1986 641 2179 697 perve-

615 719 760 798 nient
785 739 849 795 ad
873 738 1118 793 salutem.
1152 731 1272 787 Non
1297 730 1457 784 solum
1484 744 1546 782 ea:
1572 724 1787 787 Iudicis,
1812 719 1980 789 inquit
2032 721 2179 788 Apo-

613 832 813 895 stolus,
844 844 1017 883 verum
1065 827 1213 879 etiam
1240 839 1302 877 ea:
1331 819 1564 875 Gentibus
1594 819 1611 887 (
1635 815 1785 883 Rom.
1818 828 1890 878 ix,
1917 810 2035 879 24).
2058 809 2182 867 ldco

552 978 565 996 ,
614 923 755 979 enim
782 919 999 991 lapidein
1028 931 1172 985 quem
1198 912 1585 983 reprobaverunt
1618 906 1946 976 ludiﬁcantes,
1992 900 2073 955 hic
2103 903 2184 969 fa-

614 1025 724 1070 ctus
759 1022 831 1068 est
862 1012 916 1066 in
943 1019 1094 1081 caput
1121 1004 1295 1076 anguli
1346 1002 1525 1074 (Psal.
1556 1015 1719 1081 cxvii,
1767 995 1839 1050 2‘2
1859 997 1877 1065 )
1901 1037 1915 1058 ,
1957 1003 2017 1048 ut
2047 991 2182 1048 duos

609 1102 853 1174 iungeret
882 1102 933 1156 in
962 1074 1021 1155 se
1050 1117 1063 1152 :
1092 1074 1311 1168 angulus
1346 1093 1488 1149 enim
1516 1074 1650 1146 duos
1681 1086 1905 1159 parietes
1946 1082 2181 1152 copulat.

617 1196 783 1255 Judazi
829 1191 1029 1250 excelsi
1057 1200 1110 1247 ct
1135 1188 1307 1259 magni
1326 1183 1424 1241 sibi
1454 1183 1804 1239 videbantur:
1851 1177 2187 1234 Gentcslan-

617 1306 773 1362 quam
800 1286 1013 1347 inﬁrmi,
1053 1294 1300 1353 tanquam
1341 1288 1666 1350 peccatores,
1697 1276 1943 1343 tanquam
1982 1269 2184 1324 daemo-

617 1400 741 1438 num
773 1380 932 1443 servi,
989 1387 1234 1446 tanquam
1264 1372 1523 1429 idolorum
1549 1368 1893 1427 adoratores;
1933 1372 1988 1417 et
2009 1370 2185 1416 tamen

619 1476 671 1530 in
702 1473 936 1541 utrisque
965 1468 1213 1538 iniquitas
1238 1472 1370 1521 erat.
1406 1457 1761 1517 Demonstrati
1787 1464 1912 1511 sunt
1939 1463 1995 1510 et
2019 1452 2188 1510 Judmi

620 1573 923 1638 peccatores
942 1579 958 1627 ;
976 1561 1097 1631 quia
1118 1576 1217 1612 non
1239 1566 1310 1611 est
1333 1556 1419 1626 qui
1428 1554 1583 1626 faciat
1603 1551 1806 1613 bonum,
1821 1564 1922 1603 non
1947 1557 2017 1602 est
2036 1561 2193 1616 usque

619 1659 687 1712 ad
705 1673 859 1713 unum
877 1654 1049 1727 (Rom.
1068 1668 1145 1717 ιιι,
1174 1649 1290 1720 12);
1314 1647 1674 1718 deposuerunt
1691 1641 1988 1713 superbiam
2001 1648 2056 1694 et
2082 1653 2190 1697 non

623 1749 923 1806 inviderunt
944 1745 1098 1803 saluti
1110 1743 1378 1807 Gentium,
1394 1740 1514 1811 quia
1530 1753 1711 1809 parem
1724 1751 1873 1791 suam
1899 1742 1956 1789 ει
1977 1734 2189 1788 illorum

622 1841 978 1898 inﬁrmitatem
1014 1842 1409 1907 cognoverunt;
1451 1831 1586 1886 etin
1624 1827 1861 1898 angulari
1906 1826 2078 1895 lapide
2097 1839 2191 1879 co-

568 1970 575 1977 -
624 1933 785 2004 pulati
819 1918 1303 1986 simul'Dominum
1348 1923 1717 1979 adoraverunt.
1772 1917 1841 1972 Et
1871 1917 2025 1972 scient
2076 1932 2195 1984 quia

627 2026 762 2081 Dens
779 2020 1115 2078 dominabitur
1159 2017 1338 2083 Jocob,
1366 2025 1411 2069 et
1455 2014 1631 2083 ﬁniunt
1657 2021 1819 2068 terra.
1853 2010 1968 2065 Non
1991 2018 2192 2064 tantum

623 2117 927 2173 indecorum
951 2112 1322 2175 dominabitur,
1351 2108 1445 2165 sed
1487 2116 1541 2162 et
1591 2106 1771 2160 [inium
1816 2112 2016 2160 terrae:
2054 2101 2195 2171 quod

626 2227 729 2265 non
757 2209 973 2271 scirent,
1010 2207 1055 2261 si
1076 2204 1249 2259 adlmc
1294 2204 1345 2257 in
1368 2199 1614 2271 superbia
1657 2214 1751 2254 sua
1779 2206 1993 2259 essent;
2025 2195 2077 2249 iu
2107 2211 2197 2250 su-

627 2302 807 2373 perbia
827 2310 1002 2357 autem
1034 2313 1128 2354 sua
1154 2304 1353 2358 essent,
1376 2294 1420 2349 si
1446 2292 1618 2348 adhuc
1640 2291 1742 2345 sibi
1776 2288 1904 2360 justi
1950 2287 2196 2342 videren-

628 2404 715 2450 tur
738 2413 752 2451 :
775 2403 833 2449 ut
857 2403 1033 2448 autem
1056 2390 1156 2446 sibi
1180 2388 1307 2458 justi
1336 2402 1440 2442 non
1487 2384 1831 2448 viderentur,
1874 2374 2199 2436 annuntians

629 2497 748 2542 sunt
782 2485 887 2541 illis
916 2500 979 2538 ex
1024 2481 1306 2537 maledicto
1330 2487 1384 2535 et
1411 2477 1691 2534 mendacio
1716 2475 2199 2531 consummationes

629 2582 683 2635 in
708 2580 782 2634 ira
804 2575 1280 2634 consummationis
1304 2589 1318 2638 ;
1346 2572 1466 2642 quia
1496 2568 1868 2639 comprehensi
1904 2565 2115 2621 fuerunt
2144 2565 2200 2619 in

627 2674 871 2744 superbia
921 2686 1036 2735 sua,
1086 2684 1153 2723 ex
1189 2663 1469 2722 maledicto
1497 2662 1636 2733 quod
1680 2661 1936 2725 fecerunt,
1988 2654 2202 2727 quando

630 2766 895 2823 Christum
916 2761 1248 2818 occiderunt.
1279 2758 1417 2813 Ecce
1440 2754 1566 2825 quid
1594 2752 1716 2807 fecit
1747 2752 2003 2807 Dominus
2023 2755 2203 2803 noster

631 2859 787 2914 .lesus
810 2855 1071 2911 Christus.
1101 2851 1338 2906 Mortuus
1366 2856 1451 2902 est
1486 2846 1623 2900 inter
1651 2856 1839 2898 manus
1862 2839 2163 2895 Judarorum
2184 2877 2200 2903 ,

631 2957 688 3005 et
714 2946 938 3003 redemit
959 2940 1345 3013 multitudinem
1363 2935 1612 2992 Gentium
1643 2952 1655 2988 :
1683 2934 1780 2986 hac
1806 2932 1951 2986 lusus
1975 2937 2058 2984 est
2081 2942 2206 2982 san-

633 3040 770 3112 guis,
825 3038 925 3094 bac
970 3032 1201 3104 proluit;
1233 3029 1327 3084 sed
1370 3026 1647 3082 conversis
1682 3023 1926 3078 omnibus
1972 3020 2205 3092 proluit;

632 3111 751 3205 quia
779 3139 832 3185 et
872 3128 946 3181 illi
984 3138 1140 3196 quem
1188 3120 1498 3177 occiderunt
1543 3125 1893 3186 agnoverunt,
1921 3122 1976 3169 et
2018 3112 2085 3168 ab
2114 3111 2208 3166 illo

634 3202 803 3291 ipsius
840 3212 1221 3272 intcrl'ectionis
1248 3219 1302 3267 et
1328 3207 1510 3263 delicti
1552 3206 1632 3261 sui
1661 3204 1837 3275 magni
1862 3202 2070 3258 veniam
2096 3216 2208 3258 me-

633 3319 876 3369 ruerunt.
1302 3343 1307 3347 .
2008 3288 2021 3297 ‘

707 3404 761 3461 8.
792 3400 953 3475 [vers.
983 3395 1103 3468 15.]
1134 3394 1271 3463 Quid
1295 3406 1423 3462 ergo
1470 3388 1616 3447 etde
1640 3387 1801 3457 ipsis?
1830 3385 1979 3475 Quod
2005 3400 2162 3456 supra
2191 3402 2206 3440 :

636 3474 992 3551 Convertentur
1014 3486 1080 3541 ad
1100 3498 1354 3555 uesperam
1373 3496 1392 3536 :
1414 3480 1467 3536 id
1494 3488 1577 3537 est
1601 3476 1703 3534 etsi
1723 3491 1866 3541 sero,
1899 3474 1950 3531 id
1987 3484 2068 3531 est
2091 3480 2214 3546 post

639 3580 1066 3642 interfectionem
1088 3575 1292 3632 Domini
1317 3572 1486 3629 nostri
1513 3572 1639 3627 .lesu
1666 3568 1883 3627 Christi.
1916 3566 2214 3623 Converten-

641 3690 723 3736 tur
746 3677 813 3732 ad
849 3687 1139 3744 vesperam;
1164 3677 1211 3724 et
1239 3668 1424 3739 [autem
1462 3664 1714 3736 patientur
1740 3671 1794 3715 ut
1828 3676 1997 3715 canes.
2023 3659 2127 3717 Sed
2158 3668 2214 3714 ut

640 3786 824 3835 canes,
858 3780 962 3821 non
992 3771 1048 3818 ut
1072 3775 1232 3823 oves,
1260 3766 1351 3817 aut
1378 3755 1528 3813 vituli
1559 3771 1573 3806 :
1600 3762 1655 3809 ut
1693 3767 1863 3817 canes,
1911 3760 1971 3811 ut
1993 3748 2212 3816 Gentes,

643 3872 703 3919 ut
749 3865 1091 3931 peccatores;
1127 3852 1248 3923 quia
1289 3857 1345 3907 et
1393 3846 1491 3918 ipsi
1535 3852 1896 3915 cognoverunt
1941 3851 2217 3912 peccatum

646 3966 798 4009 suum
824 3949 914 4021 qui
937 3946 1035 4003 sibi
1067 3943 1196 4015 justi
1221 3939 1555 3996 videbantur.
1586 3937 1663 3993 De
1689 3935 1881 4006 quibus
1907 3933 2105 3992 dictum
2133 3941 2219 3989 est

649 4044 702 4099 in
732 4042 837 4099 alio
855 4039 1078 4109 psalmo,
1112 4033 1295 4089 Postea
1319 4027 1714 4085 acceleraverunt
1741 4042 1758 4079 :
1784 4024 1887 4081 hoc
1915 4023 2111 4079 dictum
2137 4032 2221 4081 est

649 4133 754 4198 hic,
783 4130 863 4185 Ad
898 4141 1173 4197 uesyieram.
1198 4123 1330 4178 Nam
1356 4121 1428 4175 ibi
1470 4120 1545 4174 sic
1567 4126 1687 4174 est:
1722 4116 1772 4173 Μ
1781 4116 2072 4186 ultiplicata:
2102 4122 2221 4174 sunt

646 4222 964 4293 inﬁrmitates
982 4231 1190 4281 eorum;
1212 4222 1381 4286 postea
1395 4210 1792 4269 acceleraverunt
1811 4204 1978 4276 (Psal.
2012 4221 2106 4270 xv,
2137 4204 2216 4274 4).

650 4314 804 4374 Unde
828 4308 1226 4366 acceleraverunt
1248 4312 1416 4373 postea
1436 4302 1460 4356 .9
1479 4300 1609 4368 Quia
1631 4298 1979 4367 multiplicata:
2003 4304 2119 4355 sunt
2141 4296 2220 4348 in-

649 4407 911 4478 ﬁrmitates
938 4414 1108 4459 eorum
1134 4413 1154 4451 :
1198 4409 1318 4451 nam
1344 4394 1388 4448 si
1414 4392 1512 4447 sibi
1538 4391 1711 4445 adhuc
1745 4388 1858 4445 sani
1899 4386 2216 4450 viderentur,

650 4474 923 4567 nunquam
980 4488 1356 4553 accelerareot.
1398 4482 1550 4551 Quod
1589 4474 1716 4550 ergo
1758 4480 1829 4542 ibi
1869 4479 2067 4535 dictum
2117 4488 2220 4544 est,

655 4587 1010 4660 Haltiplicatte
1036 4589 1151 4636 sunt
1180 4576 1493 4660 inﬁrmitates
1536 4587 1747 4637 eorum;
1785 4571 1886 4633 hoc
1910 4572 2106 4631 dictum
2144 4579 2225 4630 est

654 4681 761 4749 hic,
793 4652 1287 4748 Comprehendantur
1310 4652 1362 4721 in
1381 4664 1614 4736 superbia
1640 4678 1754 4729 sua,
1777 4673 1823 4719 et
1851 4678 1914 4718 ea:
1960 4661 2225 4721 ntaledicto

657 4780 705 4825 et
730 4768 989 4825 mendacio
1008 4760 1437 4819 annuutiabuntur
1460 4755 1906 4813 consummationes
1925 4754 1978 4807 in
2001 4754 2079 4808 ira
2102 4769 2224 4807 con-

658 4852 1024 4911 summationis.
1076 4849 1145 4903 Et
1187 4843 1326 4919 quod
1366 4841 1436 4898 ibi
1475 4840 1672 4899 dictum
1728 4847 1810 4897 est
1835 4879 1851 4907 ,
1907 4836 2094 4892 Postea
2143 4853 2229 4891 ac-

660 4947 1035 5007 celeraverunt;
1089 4940 1191 4996 hoc
1237 4937 1431 4995 dictum
1468 4940 1554 4989 est
1583 4931 1687 4996 hic,
1722 4928 1785 4985 Et
1816 4947 1916 4984 non
1967 4938 2144 4992 erunt,
2174 4928 2225 4981 in

661 5035 907 5107 superbia
932 5048 1046 5088 sua.
1078 5031 1147 5087 Et
1183 5033 1338 5086 scient
1366 5029 1485 5103 quia
1513 5023 1649 5083 Deus
1675 5020 2011 5083 dominabitur
2046 5018 2227 5085 Iacob,

662 5138 709 5187 et
735 5127 913 5198 ﬁnium
950 5135 1096 5179 terra:
1126 5131 1220 5177 :et
1247 5127 1592 5176 convertentur
1615 5114 1682 5173 ad
1714 5128 1988 5185 vesperam.
2026 5111 2230 5167 Bonum

661 5229 745 5276 est
763 5230 890 5289 ergo
906 5212 1176 5291 humiliari
1206 5220 1567 5282 peccatorcm;
1597 5217 1653 5264 et
1679 5221 1836 5263 nemo
1855 5213 1937 5261 est
1964 5202 2234 5261 insanabi-

665 5315 768 5372 lior
792 5326 859 5367 eo
886 5309 973 5380 qui
996 5306 1099 5365 sibi
1120 5320 1280 5361 sanus
1307 5305 1531 5359 videtur.
1575 5300 1643 5355 Et
1691 5298 2023 5354 circumibunt
2062 5297 2235 5372 civita-

666 5418 785 5464 tem.
809 5404 925 5462 Jam
953 5410 1007 5457 et
1028 5401 1276 5454 hesterno
1303 5395 1388 5449 dic
1408 5393 1748 5463 exposuimus
1763 5392 2050 5459 civitatem,
2077 5386 2129 5443 id
2155 5396 2238 5442 est

670 5492 1079 5557 circumstantia:
1108 5486 1394 5548 civitatem,
1418 5497 1603 5538 omnes
1624 5491 1828 5552 gentes.

740 5589 797 5646 9.
829 5585 981 5661 [rem
1011 5576 1140 5651 16.]
1170 5575 1532 5649 Dispergentur
1558 5582 1612 5625 ut
1650 5573 1839 5625 edant:
1866 5569 1916 5624 id
1946 5577 2048 5634 est,
2073 5578 2133 5623 ut
2156 5568 2239 5622 lu-

670 5691 886 5738 crentur
923 5677 1075 5741 alios,
1122 5681 1179 5727 ut
1226 5669 1277 5723 in
1302 5680 1496 5737 corpus
1522 5679 1673 5719 suum
1704 5662 2079 5718 translorment
2119 5676 2241 5717 crc-

674 5778 877 5829 dentes.
916 5769 974 5826 Si
1002 5776 1164 5821 autem
1204 5777 1305 5815 non
1344 5756 1694 5823 satiabuntur,
1740 5763 1787 5811 et
1840 5754 2237 5808 murnturabunt.

1840 335 1897 391 S.
1940 330 2301 391 AUGUSTINI
2344 330 2643 387 EPISCDPI

3690 334 3777 392 7L“.

2288 445 2419 511 Quia
2438 457 2492 502 et
2518 446 2762 517 superius
2791 460 3027 500 murnmr
3055 457 3234 498 eorum
3263 436 3474 508 dixerat,
3494 442 3740 499 dicentium
3767 466 3780 501 :

2288 537 2538 605 Quoniam
2564 538 2676 608 quis,
2699 537 2926 590 audivit?
2952 535 3017 590 Et
3038 547 3110 595 tu.
3145 535 3349 588 Domine
3370 577 3383 597 ,
3429 536 3598 604 inquit,
3620 537 3782 590 deride-

2286 630 2359 687 bis
2383 647 2487 693 eos,
2542 630 2776 686 dicentes
2829 647 2842 683 :
2891 631 3016 694 Quis
3056 629 3291 683 audiuit?
3335 629 3524 694 Quare?
3562 628 3676 697 Quia
3711 646 3784 698 pro

2287 719 2443 773 nihilo
2474 720 2670 775 habebis
2690 736 2858 774 omnes
2885 730 3072 789 gentes.
3102 719 3192 774 Sic
3233 728 3284 773 et
3312 718 3393 772 hic
3417 736 3429 772 :
3454 717 3509 773 Si
3535 729 3679 772 autem
3704 737 3785 774 non

2284 811 2620 877 satiabuntur,
2650 820 2695 864 ct
2721 810 3118 865 nsurmurabunt.

2359 903 2445 958 10.
2492 900 2642 974 [vers.
2675 903 2761 967 i7,
2815 899 2944 974 18.]
2974 901 3327 959 Coricludatur
3356 901 3609 956 ‘Psalmus.
3641 901 3789 956 Videte

2286 996 2533 1066 angulum
2563 996 2934 1062 exsultantem,
2979 995 3088 1066 jam
3133 995 3200 1050 de
3247 1004 3460 1067 utroque
3499 995 3673 1062 pariete
3695 1010 3793 1064 gau-

2288 1088 2500 1143 dentem
2550 1087 2782 1159 (Ephes.
2843 1088 2939 1157 ιι).
2999 1086 3381 1154 Superbiebant
3415 1083 3608 1149 Judmi;
3651 1084 3793 1138 lnuui-

2290 1181 2397 1234 liati
2422 1190 2545 1234 sunt
2576 1197 2589 1232 :
2617 1179 2969 1249 desperabaut
2992 1178 3225 1242 Gentes;
3253 1185 3437 1231 erecta
3460 1184 3593 1231 sunt.
3616 1174 3794 1230 Veniant

2288 1269 2355 1324 ad
2380 1270 2663 1343 angulum;
2690 1269 2759 1323 ibi
2785 1269 3123 1330 conveniant,
3156 1266 3226 1323 ibi
3255 1275 3579 1328 concurrant,
3603 1265 3666 1319 ibi
3683 1265 3790 1332 pacis

2290 1360 2526 1417 osculum
2555 1361 2823 1415 inveniant
2855 1377 2867 1412 :
2894 1359 2962 1414 de
2985 1358 3197 1415 diverso
3217 1356 3443 1416 veniant.
3473 1355 3623 1412 sedin
3646 1355 3795 1411 adver-

2290 1465 2405 1504 sum
2438 1466 2541 1505 non
2572 1449 2822 1515 veniant;
2852 1448 2924 1509 illi
2951 1449 3019 1505 de
3045 1448 3449 1505 circumcisione
3472 1489 3486 1511 ,
3516 1448 3595 1503 isti
3614 1446 3673 1503 de
3697 1463 3796 1518 prmo

2293 1543 2456 1610 putio.
2490 1542 2668 1614 Longe
2696 1550 2850 1597 erant
2893 1543 3150 1611 parietes;
3178 1540 3273 1596 sed
3301 1551 3569 1611 antequam
3593 1538 3651 1595 ad
3670 1556 3799 1610 angu-

2295 1636 2399 1690 lum
2429 1637 2670 1691 vvnirent
2700 1652 2713 1688 :
2762 1636 2813 1689 in
2855 1634 3052 1706 angulo
3105 1644 3279 1690 autem
3312 1643 3519 1691 teneant
3543 1649 3597 1690 se
3616 1675 3629 1696 ι
3656 1643 3702 1689 ει
3722 1644 3800 1687 tota

2289 1726 2399 1796 jam
2421 1725 2656 1783 Ecclesia
2685 1741 2750 1780 ex
2777 1734 2999 1794 utroque
3023 1726 3244 1795 pariete,
3277 1725 3401 1795 quid
3429 1724 3595 1781 dicat?
3623 1724 3714 1793 E90
3734 1741 3803 1777 as-

2294 1830 2392 1874 tem
2451 1820 2663 1873 cantabo
2709 1822 2982 1893 potentiam
3032 1829 3208 1883 tuam,
3239 1829 3285 1871 et
3316 1818 3563 1872 essu/tabo
3590 1833 3713 1871 mane
3734 1818 3805 1869 nii-

2294 1912 2566 1968 sericordia
2594 1920 2699 1965 tua.
2749 1909 2901 1965 Mane
2948 1909 3225 1964 transactis
3273 1906 3649 1971 tentationibus,
3688 1921 3807 1962 mane

2297 2020 2417 2059 cum
2447 2019 2551 2058 nox
2579 2002 2733 2071 Imjus
2756 2002 2933 2057 Stuculi
2968 2001 3237 2057 transierit
3258 2042 3272 2060 .
3309 2015 3462 2054 mane
3508 1998 3696 2069 quando
3722 1998 3805 2066 jam

2299 2095 2564 2150 latronum
2611 2096 2829 2149 insidias
2857 2104 2913 2149 et
2951 2092 3143 2151 diaboli
3194 2101 3248 2147 et
3296 2091 3591 2161 angelorum
3615 2089 3808 2159 ejusnoa

2300 2189 2717 2260 expavescimus,
2758 2204 2916 2244 mane
2962 2186 3173 2258 quando
3194 2187 3307 2256 jam
3340 2202 3443 2242 non
3486 2185 3549 2240 ad
3593 2184 3808 2239 incertum

2302 2280 2592 2351 pmphetim
2619 2280 2950 2339 ambulamus
2970 2320 2986 2344 ,
3028 2278 3121 2334 sed
3152 2278 3326 2348 ipsum
3368 2278 3459 2337 Dei
3491 2275 3693 2331 Verbum
3725 2282 3809 2328 tan-

2301 2389 2461 2444 quam
2489 2372 2654 2431 solem
2683 2371 3121 2441 contemplamur.
3149 2369 3495 2439 Etexsultabo
3511 2383 3645 2421 mane
3664 2363 3811 2418 miscri-

2300 2468 2474 2521 cordia
2489 2477 2596 2520 tua.
2627 2464 2813 2520 Merito
2837 2465 2888 2517 in
2913 2464 3018 2517 alio
3048 2463 3251 2532 psalmo
3280 2458 3653 2517 diciturzdlane
3675 2455 3806 2511 astabo

2303 2559 2422 2624 tibi,
2453 2567 2501 2613 et
2529 2555 2900 2627 contmplabor
2949 2553 3136 2622 (Psal.
3168 2569 3225 2619 v,
3250 2554 3350 2625 5).
3401 2553 3577 2608 Merito
3624 2559 3672 2605 et
3693 2548 3814 2618 ipsius

2306 2648 2515 2705 Domini
2558 2648 2879 2704 resurrectio
2902 2644 3134 2705 diluculo
3163 2644 3282 2709 fuit,
3325 2655 3382 2699 ut
3409 2643 3690 2712 impleretur
3710 2637 3816 2710 quod

2306 2740 2501 2797 dictum
2548 2748 2630 2794 est
2658 2738 2711 2793 in
2746 2738 2851 2791 alio
2880 2736 3120 2807 psalmo:
3162 2733 3382 2806 Vespere
3408 2732 3713 2793 demorabitur
3749 2729 3817 2799 ﬂe-

2306 2841 2406 2898 tus,
2426 2840 2474 2887 et
2493 2832 2547 2886 in
2576 2831 2821 2887 matutino
2861 2828 3129 2890 exsultatio
3158 2827 3336 2901 (Psal.
3369 2844 3511 2891 xxix,
3532 2825 3597 2897 6)
3652 2822 3719 2879 Ad
3745 2835 3814 2875 ve-

2306 2939 2518 2996 speram
2542 2923 2735 2995 quippe
2761 2921 3004 2991 discipuli
3030 2930 3299 2981 mortuum
3343 2920 3643 2989 planxerunt
3679 2912 3821 2969 Domi-

2309 3031 2434 3071 num
2464 3022 2699 3071 nostrum
2722 3012 2902 3077 Jesum
2931 3012 3232 3079 Christum;
3262 3009 3494 3069 diluculo
3512 3010 3572 3062 ad
3599 3016 3822 3074 resurgen.

2312 3120 2416 3166 tem
2467 3107 2883 3164 exsultaverunt.
2912 3104 3192 3161 Exsultabo
3216 3120 3370 3161 mane
3415 3100 3726 3158 misericordia
3742 3108 3824 3151 tuo.

2403 3204 2489 3259 11.
2522 3202 2651 3268 Quia
2673 3204 2835 3273 factus
2859 3217 2910 3254 es
2934 3208 3192 3270 susceptor
3206 3214 3377 3263 nteus,
3404 3206 3450 3251 et
3466 3196 3691 3267 refugium
3702 3204 3825 3242 inane

2312 3291 2365 3344 in
2394 3289 2477 3343 die
2521 3284 2856 3342 tribulationis
2908 3299 3047 3337 mere.
3092 3283 3318 3355 Adjutor
3352 3297 3491 3335 meus
3532 3279 3611 3333 tibi
3637 3274 3825 3349 psallam,

2313 3383 2431 3455 quia
2454 3392 2505 3435 tu
2528 3380 2665 3435 Deus
2681 3389 2939 3448 susceptor
2954 3393 3088 3432 meus
3104 3392 3175 3431 es.
3207 3374 3350 3443 Quid
3374 3390 3538 3439 cram,
3567 3371 3658 3427 nisi
3675 3367 3827 3422 subre«

2315 3475 2495 3530 uires?
2518 3473 2685 3542 Quam
2706 3471 3018 3541 desperatus
3035 3483 3202 3533 eram,
3232 3468 3340 3523 nisi
3366 3464 3615 3521 curares?
3655 3460 3735 3519 Ubi
3765 3457 3829 3526 ja-

2316 3566 2525 3629 cebam,
2558 3564 2657 3619 nisi
2684 3560 3008 3619 advenires?
3034 3559 3191 3615 Certe
3234 3559 3441 3630 ingenti
3480 3557 3681 3621 vulnere
3719 3548 3829 3621 peri-

2318 3660 2558 3726 clitabar,
2588 3657 2681 3714 sed
2710 3655 2836 3712 illud
2885 3655 3074 3711 vulnus
3118 3666 3299 3708 meum
3342 3650 3600 3708 medicum
3636 3644 3829 3712 omnipo-

2321 3763 2519 3810 tentem
2544 3750 2864 3822 requirebat.
2903 3745 3262 3817 Omnipotenti
3294 3745 3503 3823 medico
3528 3742 3648 3798 nihil
3687 3746 3752 3795 est
3775 3735 3831 3788 in-

2319 3845 2590 3908 sanabile;
2618 3857 2722 3898 non
2748 3839 3014 3896 renuntiat
3037 3837 3103 3895 ad
3132 3836 3367 3906 aliquem
3401 3839 3417 3868 ¹
3443 3853 3457 3890 :
3485 3848 3613 3905 opus
3633 3839 3705 3887 est
3725 3834 3771 3882 ut
3789 3834 3831 3877 tu

2320 3936 2494 3997 curari
2534 3935 2686 4000 velis,
2716 3946 2853 4003 opus
2893 3940 2978 3995 est
3003 3938 3060 3987 ut
3108 3944 3301 3985 manus
3343 3929 3460 4000 ejus
3488 3942 3591 3983 non
3636 3919 3831 3990 refugus.

2321 4029 2428 4086 Sed
2449 4027 2552 4083 etsi
2583 4025 2719 4083 nolis
2752 4022 2945 4088 curari,
2969 4021 3162 4084 vulnus
3190 4030 3342 4075 tuum
3369 4020 3612 4079 admonet
3637 4024 3691 4071 ut
3720 4022 3835 4066 cure-

2322 4120 2397 4177 ris
2422 4138 2436 4175 :
2457 4126 2513 4175 et
2536 4130 2779 4173 aversum
2803 4120 3039 4178 revocat,
3061 4121 3116 4167 et
3136 4111 3485 4181 refugientem
3510 4100 3837 4180 quodammodo

2323 4211 2388 4267 ad
2417 4225 2477 4267 se
2499 4208 2678 4272 redire
2700 4204 2991 4275 compellit,
3020 4211 3075 4259 et
3094 4204 3334 4261 attrahit.
3366 4204 3425 4258 In
3445 4200 3679 4257 omnibus
3697 4192 3838 4263 implet

2324 4299 2466 4372 quod
2493 4298 2691 4355 dictum
2716 4304 2798 4352 est
2824 4313 2838 4355 ς
2868 4293 3218 4355 Misericordia
3247 4294 3362 4364 ejus
3384 4292 3644 4365 praemia
3666 4303 3746 4343 ore.
3766 4281 3841 4337 Co-

2323 4393 2486 4465 gitate
2509 4388 2651 4462 quod
2678 4388 2876 4451 dictum
2896 4394 2999 4451 est,
3028 4385 3293 4457 ρνωυειιὶει
3321 4402 3421 4440 me.
3444 4384 3500 4440 Si
3527 4378 3707 4452 aliquid
3729 4384 3838 4465 luunt

2326 4461 2556 4556 primum
2578 4479 2821 4547 attulisti,
2850 4486 2906 4534 et
2931 4493 2999 4534 ex
3039 4485 3130 4535 tuo
3164 4476 3347 4547 aliquo
3395 4475 3539 4531 bono
3586 4472 3735 4544 primo
3774 4461 3842 4519 Dei

2327 4572 2748 4633 misericordiam
2762 4569 3028 4647 meruisti,
3052 4585 3156 4639 non
3183 4577 3235 4625 te
3252 4566 3540 4641 ’praavenit.
3563 4559 3759 4634 Quando
3776 4570 3842 4610 au-

2330 4675 2437 4724 tem
2466 4665 2554 4722 vel
2592 4663 2843 4735 intelligis
2884 4661 3007 4734 quia
3036 4670 3337 4732 praeventus
3365 4676 3451 4728 es,
3507 4661 3606 4717 nisi
3642 4651 3845 4719 intelligas

2328 4760 2470 4832 quod
2485 4758 2560 4814 ait
2578 4756 2865 4829 Apostolus
2888 4773 2902 4809 :
2935 4755 3072 4823 Quid
3113 4754 3245 4811 enim
3274 4755 3450 4821 babes,
3485 4752 3617 4822 quod
3640 4766 3726 4805 non
3748 4756 3846 4799 acre

2332 4852 2449 4923 pistt'
2469 4850 2497 4906 ?-
2517 4848 2578 4907 Si
2606 4858 2769 4905 autem
2791 4846 3045 4917 accepisti,
3071 4846 3192 4917 quid
3215 4846 3455 4917 gloriaris
3481 4844 3622 4917 quasi
3637 4857 3723 4896 non
3741 4848 3848 4890 occe-

2333 4946 2466 5016 peris
2499 4942 2556 5016 (l
2587 4941 2703 4999 Cor.
2732 4956 2783 4996 Iv
2802 4981 2819 5007 ,
2846 4940 2877 4993 7
2901 4940 2958 5013 )?
2988 4939 3099 4995 Hoc
3118 4950 3235 5006 est,
3263 4938 3613 4997 Misericordia
3633 4937 3730 5008 ejus
3749 4941 3849 5001 ρνο·

2333 5038 2492 5093 ueniet
2526 5051 2623 5092 me.
2657 5032 2893 5104 Denique
2915 5031 3196 5091 attendens
3213 5032 3395 5090 omnia
3414 5032 3548 5089 bona
3563 5030 3852 5101 quacumque

2338 5127 2536 5185 habere
2577 5137 2891 5197 possumus,
2919 5123 3031 5178 sive
3061 5121 3115 5180 in
3154 5130 3362 5188 natura,
3403 5123 3515 5178 sive
3544 5122 3595 5177 iu
3637 5116 3852 5173 iustum.

2339 5217 2454 5275 sive
2501 5217 2555 5281 in
2582 5217 2694 5287 ipsa
2720 5213 3121 5275 conversatione
3144 5214 3165 5248 ¹
3192 5255 3209 5281 ,
3238 5213 3293 5269 iu
3320 5213 3448 5282 ﬁde,
3476 5213 3528 5268 in
3553 5225 3661 5281 spe,
3690 5209 3734 5262 in
3757 5201 3856 5256 cha-

2339 5310 2527 5375 ritate,
2556 5308 2609 5366 in
2637 5306 2792 5367 bonis
2818 5306 3089 5372 moribus,
3120 5306 3172 5362 in
3194 5305 3420 5376 justitia,
3456 5307 3510 5365 in
3563 5304 3734 5365 timore
3767 5289 3854 5353 Dei.

2344 5406 2508 5459 totum
2537 5415 2641 5457 rion
2657 5413 2775 5455 esse
2794 5398 2894 5460 nisi
2922 5414 2986 5457 ex
3015 5398 3154 5459 illius
3172 5396 3342 5462 donis,
3369 5396 3440 5453 ita
3458 5391 3732 5457 conclusit:
3756 5383 3856 5439 Da“

2343 5510 2483 5551 meus
2507 5490 2852 5549 misericordia
2874 5506 3004 5547 mea.
3052 5489 3165 5546 Non
3212 5489 3412 5549 invenit
3467 5486 3699 5558 impletus
3741 5474 3853 5533 bouis

2346 5584 2461 5650 Dei,
2497 5582 2622 5654 quid
2650 5581 2942 5653 appellaret
2976 5580 3140 5639 Deum
3166 5595 3336 5643 suum,
3367 5579 3466 5633 nisi
3496 5568 3853 5633 misericordia!

2413 5720 2431 5786 ξ
2465 5716 2597 5775 Fin,
2619 5712 2856 5786 renuntiat
2875 5714 3038 5768 alicui.
3063 5722 3118 5769 At
3135 5723 3260 5777 Mss,
3275 5714 3339 5767 ad
3360 5712 3585 5777 aliquem.

2413 5781 2433 5811 ³
2466 5787 2588 5841 3153.,
2613 5781 2927 5830 conversione.

3498 5898 3554 5912 .P‘
