4022 6200
334 305 438 361 715

329 446 499 485 suam.
529 429 573 486 Ο
598 445 790 486 nomen
810 471 824 494 ,
856 431 955 485 sub
981 446 1086 500 quo
1129 428 1328 484 nemini
1355 419 1754 498 ide-sperandum
1781 434 1898 486 est!
1931 460 1933 468 ι

330 521 466 576 Deus
495 539 658 588 meus,
686 523 874 590 inquit.
899 524 1240 579 misericordia
1267 538 1396 576 mea.
1429 522 1561 590 Quid
1589 533 1690 588 cst,
1721 525 1909 579 miseri-

327 613 500 665 cordia
538 628 647 666 mea
670 611 697 664 ?
747 611 802 666 Si
833 612 998 678 dicas,
1030 613 1184 667 Salus
1209 627 1348 676 mea,
1406 612 1640 682 intelligo
1668 615 1788 683 quia
1816 614 1908 669 dat

325 702 585 768 salutem;
634 703 676 756 si
723 701 889 764 dicas,
922 702 1200 773 Refugium
1247 717 1448 768 meum,
1501 703 1736 774 intelligo
1783 707 1904 774 quia

324 793 562 862 confugis
590 793 656 845 ad
685 808 837 855 eum;
868 794 912 848 si
950 794 1116 860 dicas,
1155 795 1432 849 Fortitudo
1473 812 1610 858 mea,
1665 796 1902 868 intelligo

320 883 444 950 quia
467 882 556 936 dat
572 883 664 936 tibi
695 882 1090 940 fortitudinem:
1115 885 1464 941 Misericordia
1486 903 1614 952 mea,
1634 887 1758 957 quid
1782 892 1900 942 est?

320 970 513 1026 Totum
561 972 816 1043 quidquid
855 990 994 1039 sum,
1021 975 1086 1031 de
1113 977 1474 1032 misericordia
1519 986 1604 1031 tua
1649 988 1752 1033 est.
1797 979 1901 1034 Sed

322 1065 589 1132 promerui
619 1072 693 1129 te,
717 1065 1010 1122 invocanda
1067 1068 1152 1122 te!
1181 1067 1469 1132 Utessem,
1499 1069 1624 1140 quid
1679 1069 1775 1126 feci
1797 1071 1820 1124 ?
1846 1082 1904 1127 ut

320 1170 492 1210 essem
525 1157 610 1226 qui
636 1165 686 1211 te
714 1157 1036 1224 invocarem,
1061 1159 1186 1228 quid
1208 1161 1290 1230 egi
1311 1159 1335 1213 ἲ
1355 1160 1410 1216 Si
1432 1163 1573 1216 enim
1595 1162 1676 1232 egi
1703 1164 1902 1234 aliqttid

320 1256 378 1302 ut
395 1241 600 1314 essem,
611 1249 720 1318 jam
746 1264 892 1304 eram
908 1261 1190 1320 antequam
1213 1266 1406 1307 essem.
1430 1253 1595 1308 Porro
1613 1255 1655 1308 si
1684 1255 1904 1309 omnino

321 1341 448 1394 nihil
478 1357 621 1396 eram
644 1353 926 1415 antequam
957 1360 1129 1401 essem
1157 1388 1173 1412 ,
1200 1346 1329 1401 nihil
1358 1355 1409 1402 te
1434 1350 1699 1417 promerui
1730 1357 1786 1403 ut
1811 1364 1898 1403 es-

319 1446 452 1486 sent.
486 1433 678 1489 Fecisti
707 1443 763 1488 ut
787 1451 981 1502 essent,
1012 1446 1084 1491 et'
1103 1453 1207 1491 non
1238 1447 1289 1492 tu
1336 1436 1504 1494 fecisti
1533 1448 1587 1493 ut
1616 1439 1786 1495 bonus
1815 1455 1901 1494 cs-

317 1523 477 1576 sem?
502 1523 698 1578 Dedisti
727 1525 855 1579 mihi
887 1534 946 1580 ut
985 1527 1108 1591 sim,
1140 1537 1194 1582 et
1226 1529 1395 1598 potuit
1436 1530 1565 1583 mihi
1593 1530 1728 1584 alius
1771 1530 1899 1584 dare

317 1626 374 1667 ut
398 1614 566 1669 bonus
593 1616 731 1669 sim?
754 1618 808 1672 Si
839 1625 893 1672 tu
926 1616 1053 1670 mihi
1075 1617 1267 1674 dedisti
1295 1629 1353 1674 ut.
1380 1620 1500 1684 sint,
1535 1631 1588 1675 et
1613 1620 1748 1674 alius
1769 1620 1897 1674 mihi

316 1705 462 1760 dedit
483 1716 542 1761 ut
562 1707 730 1761 bonus
755 1709 894 1770 sim;
938 1706 1128 1764 inelior
1155 1718 1238 1765 est
1267 1710 1356 1765 ille
1392 1711 1480 1780 qui
1518 1711 1646 1765 mihi
1671 1711 1816 1766 dedit
1843 1719 1902 1764 ttt

315 1796 490 1851 bonus
535 1797 655 1861 sim,
687 1813 846 1868 quam
896 1799 984 1854 ille
1022 1800 1114 1869 qui
1160 1800 1294 1858 mihi
1321 1800 1468 1856 dedit
1494 1811 1549 1854 ut
1574 1801 1697 1856 sim.
1729 1803 1899 1855 Porro

315 1889 436 1957 quia
482 1898 532 1943 te
559 1905 715 1968 nemo
755 1890 961 1955 melior,
1003 1906 1161 1947 nemo
1201 1901 1253 1947 te
1309 1893 1592 1962 potentior,
1638 1909 1794 1948 nemo
1847 1903 1898 1948 te

316 1980 368 2032 iu
413 1979 775 2036 misericordia
835 1983 1063 2052 largior;
1121 1999 1151 2037 a
1187 1999 1292 2054 quo
1342 1985 1520 2054 accepi
1577 1996 1634 2040 ut
1682 2001 1893 2051 essem,

312 2072 382 2123 ab
409 2070 499 2125 illo
517 2074 698 2144 accepi
726 2082 784 2129 ut
804 2075 971 2130 bonus
986 2091 1183 2131 essem.
1215 2076 1350 2131 Deus
1387 2095 1523 2132 meus
1549 2079 1898 2134 misericordia

311 2181 424 2218 mea
430 2203 446 2217 ο

766 2311 847 2372 ΙΝ
891 2312 1270 2376 PSALMUM
1314 2315 1457 2377 LIX

891 2431 1308 2488 ENARRATIO.

771 2528 942 2602 sentio
979 2563 1046 2601 AD
1085 2563 1322 2603 eoruwu
1379 2547 1475 2621 (α).

389 2659 442 2713 1.
473 2657 624 2728 [vers.
658 2660 710 2724 1,
737 2655 831 2730 2.]
881 2657 1089 2714 Titulus
1139 2660 1327 2730 psalmi
1377 2659 1533 2730 hujus
1565 2661 1893 2732 aliquantum

314 2751 556 2820 prolixus
573 2759 687 2815 est;
711 2748 803 2805 sed
831 2764 934 2804 non
956 2763 1052 2806 nos
1078 2758 1294 2816 terreat,
1313 2751 1434 2821 quia
1459 2750 1699 2806 Psalmus
1715 2751 1896 2806 brevis

312 2851 417 2896 est.
435 2841 707 2911 Tanquam
724 2856 851 2912 ergo
869 2841 1250 2912 aliquantulum
1271 2841 1609 2910 prolixiorem
1629 2841 1894 2897 Psalmum

312 2937 660 3003 audierimus,
687 2937 765 2992 sic
782 2937 1146 2992 intendamus:
1169 2936 1417 3006 quoniam
1441 2935 1492 2990 in
1507 2935 1720 2990 nomine
1735 2934 1893 2991 Chri-

313 3029 382 3083 sti
410 3030 620 3084 nutritis
634 3037 689 3084 et
710 3029 1003 3085 nutriendis
1030 3029 1295 3099 loquimur
1319 3029 1370 3082 in
1393 3027 1629 3082 Ecclesia
1657 3027 1773 3094 Dei,
1795 3043 1894 3084 nec

313 3121 505 3176 alienis
530 3136 558 3175 a
599 3132 791 3191 sapore
836 3121 1053 3175 istarum
1101 3120 1422 3174 Litterarum
1451 3135 1478 3172 a
1505 3119 1700 3190 quibus
1741 3135 1896 3175 mun-

315 3212 416 3266 dus
446 3211 650 3267 alienus
671 3219 772 3274 est,
809 3225 913 3264 non
944 3210 1094 3281 quasi
1133 3209 1284 3264 rudia
1331 3210 1482 3266 vobis
1538 3210 1638 3270 ista
1679 3225 1894 3280 semper

314 3319 436 3358 esse
463 3303 678 3358 debent.
709 3301 764 3358 Si
790 3303 932 3357 enim
965 3317 1025 3357 ea
1065 3317 1182 3372 quae
1211 3302 1503 3372 srepissime
1524 3302 1744 3357 audistis
1770 3319 1892 3359 cum

310 3397 644 3466 jucunditate
672 3397 722 3451 in
752 3376 845 3452 ore
869 3396 1202 3467 cogitationis
1244 3398 1552 3452 ruminastis
1579 3439 1595 3464 ,
1628 3413 1727 3452 nec
1756 3397 1892 3452 obli-

311 3491 470 3544 vione
510 3497 756 3560 tanquam
799 3490 851 3543 in
882 3498 1066 3544 ventre
1105 3489 1406 3560 sepelistis';
1437 3489 1625 3544 eadem
1669 3490 1780 3560 ipsa
1808 3503 1894 3543 re-

311 3580 552 3636 cordatio
575 3589 773 3646 vestra,
796 3590 850 3635 et
879 3579 1131 3635 memoria
1155 3581 1378 3635 multum
1408 3594 1506 3634 nos
1530 3581 1723 3650 poterit
1742 3579 1892 3649 adju-

313 3689 458 3740 vare,
487 3687 555 3730 ne
595 3673 818 3728 multum
848 3673 1126 3744 loquamur
1153 3671 1218 3726 ad
1248 3672 1524 3728 enodauda
1563 3671 1713 3741 quasi
1743 3670 1890 3725 rudi-

310 3767 409 3821 bus
438 3780 499 3820 ea
530 3781 647 3837 quae
683 3765 792 3836 jam
819 3779 914 3819 vos
941 3768 1099 3819 nosse
1139 3764 1400 3818 novimus.
1441 3763 1596 3818 Certe
1626 3761 1752 3815 illud
1779 3777 1890 3815 nte-

253 3849 256 3851 ’
311 3857 560 3912 minimus
585 3871 727 3926 smpe
761 3870 856 3909 vos
881 3855 1093 3908 audisse
1130 3853 1268 3923 quod
1309 3852 1537 3907 dicimus
1570 3869 1582 3905 :
1611 3852 1699 3904 vix
1732 3860 1814 3905 est
1836 3859 1892 3904 ut

311 3949 362 4003 in
387 3949 605 4004 Psalmis
627 3948 863 4002 invenias
887 3960 1064 4009 voces,
1089 3945 1187 3999 nisi
1206 3944 1402 3999 Christi
1426 3954 1480 3999 et
1507 3943 1776 4007 Ecclesiae,
1799 3952 1890 3997 aut

309 4038 503 4094 Christi
532 4047 731 4092 tantum
750 4080 764 4102 ,
797 4047 886 4092 aut
914 4037 1166 4091 Ecclesiae
1197 4044 1420 4101 tantum,
1448 4033 1587 4104 quod
1619 4035 1798 4103 utique
1823 4050 1890 4089 ex

312 4139 460 4198 parte
480 4137 533 4184 et
560 4143 660 4183 nos
689 4142 891 4182 sumus.
926 4127 1002 4180 Ac
1023 4141 1116 4196 per
1136 4124 1237 4202 hoc
1259 4124 1470 4195 quando
1496 4139 1654 4179 voces
1680 4134 1888 4178 nostras

310 4221 663 4291 agnoscimus,
696 4221 810 4274 sine
836 4219 1027 4274 atl'ectn
1053 4232 1338 4288 agnoscere
1366 4231 1470 4272 non
1503 4231 1812 4286 possumus:
1834 4226 1889 4271 et

310 4319 456 4364 tanto
494 4310 661 4380 magis
696 4309 1052 4374 delectamur,
1080 4308 1289 4378 quando
1327 4307 1559 4363 indidem
1588 4309 1604 4340 ι
1635 4322 1732 4361 nos
1769 4322 1888 4362 esse

307 4403 586 4457 sentimus.
622 4401 790 4455 David
819 4417 912 4455 rex
946 4416 1080 4454 unus
1111 4399 1270 4454 homo
1297 4399 1427 4465 fuit,
1469 4400 1564 4454 sed
1591 4414 1694 4453 non
1725 4415 1886 4454 unum

307 4495 577 4550 hominem
619 4493 860 4564 ﬁguravit
889 4511 903 4549 :
930 4493 1142 4564 quando
1182 4493 1380 4547 scilicet
1421 4493 1661 4562 ﬁguravit
1700 4493 1887 4547 Eccle—

306 4591 438 4645 siam
467 4605 529 4644 ex
559 4589 736 4643 multis
765 4597 1116 4652 constantem,
1147 4586 1431 4641 distentam
1467 4601 1632 4655 usque
1657 4585 1722 4638 ad
1755 4585 1887 4642 lines

309 4677 496 4745 terras;
529 4680 740 4751 quando
766 4691 941 4735 autem
965 4696 1130 4734 unum
1161 4678 1427 4732 hominem
1451 4677 1712 4747 ﬁguravit,
1739 4679 1886 4732 illum

309 4774 551 4842 figuravit
593 4773 680 4842 qui
729 4781 813 4827 est
856 4772 1116 4826 mediator
1163 4770 1254 4824 Dei
1301 4767 1354 4823 ei.
1383 4769 1678 4832 hominum,
1727 4769 1886 4824 homo

304 4865 549 4919 Christus
577 4863 732 4918 Jesus
763 4863 804 4932 (1
835 4863 963 4916 Tim.
989 4878 1046 4923 ιι,
1074 4863 1153 4929 5).
1191 4861 1242 4914 1η
1272 4860 1370 4913 hoc
1397 4875 1523 4929 ergo
1547 4861 1771 4930 psalmo,
1800 4861 1886 4914 vel

305 4958 480 5025 potius
500 4955 553 5008 in
574 4955 729 5024 hujus
759 4954 946 5024 psalmi
981 4953 1148 5015 titulo,
1181 4952 1425 5005 dicuntur
1447 4951 1686 5020 quzctlatn
1720 4953 1888 5005 victo-

305 5051 442 5103 riosa
471 5048 655 5113 David,
688 5048 827 5118 quod
855 5045 1060 5100 fortiter
1085 5044 1268 5099 fecerit
1297 5043 1610 5099 debellando
1629 5045 1883 5115 quosdam

304 5143 565 5202 inimicos,
596 5151 649 5194 et
691 5155 784 5194 eos
839 5139 1143 5194 tributariOs
1191 5136 1462 5201 faciendo;
1508 5137 1719 5206 quando
1765 5143 1884 5206 po'st

301 5244 527 5287 mortem
559 5233 732 5287 Saulis
755 5231 1105 5302 persecutoris
1133 5231 1233 5293 sui,
1264 5245 1483 5299 regnum
1510 5230 1649 5284 illius
1675 5232 1883 5300 accepit

301 5325 638 5379 manifestum
673 5325 723 5377 in
753 5323 933 5377 Israel.
971 5323 1100 5376 Nam
1140 5332 1513 5391 et'anteqnam
1560 5323 1885 5391 persecutio-

302 5432 422 5477 nem
452 5424 742 5485 pateretur,
777 5421 869 5466 rex
896 5424 1039 5479 erat,
1067 5412 1300 5467 sed'Deo
1331 5422 1530 5466 tantum
1564 5423 1719 5468 notus
1745 5423 1879 5468 erat.

301 5507 490 5562 Postea
518 5521 646 5575 ergo
667 5505 774 5574 jam
805 5503 1084 5559 manifesto
1113 5519 1277 5574 regno
1297 5546 1310 5568 ,
1340 5514 1393 5559 et
1421 5505 1694 5559 evidenter
1720 5517 1882 5576 atque

307 5601 376 5668 __'
416 5600 488 5647 sic
509 5597 692 5661 aliquot
712 5602 819 5644 Mss.
857 5595 1052 5654 Quidam
1076 5607 1212 5654 vero,
1255 5591 1306 5643 in
1343 5592 1533 5646 iisdem.
1570 5602 1627 5644 Al.
1660 5595 1793 5657 Edd.,
1830 5591 1882 5645 in

480 5719 722 5830 Aliqtﬁnw
757 5727 864 5782 post
895 5718 1251 5769 Enarrationem
1273 5718 1538 5783 superiOris
1559 5717 1726 5770 νειιωί
1749 5719 1880 5768 habi-

319 5795 392 5831 ως.
419 5797 481 5831 CX
509 5795 556 5830 η.
649 5816 660 5828 .

319 5795 392 5844 us,
419 5797 481 5832 ex
509 5795 556 5830 η.
586 5795 660 5830 11.

563 5869 831 5931 PATROL.
866 5867 1160 5932 XXXVI.

1463 306 1859 367 ENARRATIO
1899 313 1963 368 IN
2002 313 2325 373 PSALMUM
2365 315 2498 373 LIX.

3493 329 3597 386 7H

2019 434 2314 489 eminenter
2351 445 2569 504 accepto
2606 436 2891 493 debellavit
2932 454 3024 494 eos
3063 440 3149 510 qui
3197 443 3246 496 in
3296 442 3394 499 hoc
3444 448 3592 500 titulo

2016 538 2536 592 commemorantur;
2569 540 2618 584 et
2657 540 2868 587 notatus
2889 533 2902 563 ¹
2926 543 3009 588 est
3047 533 3236 588 l‘salmi
3263 536 3443 592 titulus
3473 539 3541 593 ita
3574 557 3587 595 ;

2015 617 2082 672 In
2111 620 2279 688 ﬁnem,
2319 637 2410 690 pro
2435 622 2511 675 Itis
2535 626 2620 691 qui
2648 625 3044 679 immolabantur
3072 628 3120 680 in
3154 629 3292 686 tituli.
3308 631 3592 701 inscriptio-

2014 728 2124 764 nem
2149 712 2248 780 ipsi
2267 711 2432 766 David
2464 716 2515 767 in
2545 716 2842 784 doctrinam,
2871 735 2982 772 cum
3016 722 3268 774 succendit
3300 723 3586 793 Mesopota-

2013 805 2163 857 miam
2186 804 2373 874 Syriw,
2403 815 2448 859 et
2473 806 2679 876 Syriam
2709 807 2884 876 Sobal,
2913 820 2960 864 et
2976 814 3211 865 convertit
3229 812 3381 878 Joab,
3404 826 3450 869 et
3475 834 3612 885 per»

2010 897 2164 950 cussit
2190 897 2374 961 Edom,
2406 900 2458 951 in
2505 900 2633 954 valle
2669 901 3252 959 Salinarmndaodecim
3276 909 3456 964 millia.
3486 911 3586 966 Le-

2009 988 2182 1058 gimus
2207 988 2318 1044 hzec
2345 1008 2395 1044 tn
2427 991 2574 1046 libris
2603 993 2923 1064 Regnorum,
2957 997 3085 1051 istos
3112 1013 3298 1056 omnes
3325 1018 3460 1071 quos
3489 1020 3588 1058 no-

2007 1080 2256 1145 minavit,
2301 1081 2591 1137 debellatos
2620 1099 2739 1140 esse
2769 1102 2798 1139 a
2829 1087 3028 1153 David,
3073 1090 3122 1143 id
3165 1101 3246 1145 est
3288 1092 3588 1164 Mesopota-

2008 1171 2166 1225 miam
2187 1172 2374 1242 Syrias,
2402 1185 2455 1228 et
2485 1175 2690 1246 Syriam
2717 1177 2878 1233 Sobal
2897 1221 2910 1241 ,
2941 1180 3074 1236 Joab
3097 1223 3109 1245 ,
3145 1183 3311 1238 Edom
3345 1187 3422 1253 (ll
3457 1188 3584 1260 Reg.

2005 1275 2096 1315 vui
2115 1261 2153 1330 ).
2183 1262 2340 1316 Facta
2368 1277 2490 1319 sunt
2513 1267 2631 1329 ista,
2659 1273 2715 1321 et
2731 1270 3174 1340 quemadmodum
3203 1273 3336 1329 facta
3367 1288 3490 1342 sunt
3516 1279 3587 1334 ita

2005 1351 2076 1404 ibi
2103 1354 2398 1438 conscripta
2437 1366 2580 1422 sunt,
2612 1360 2679 1412 ita
2709 1359 2952 1429 leguntur
2985 1381 2997 1416 :
3028 1363 3164 1433 legat
3189 1367 3279 1436 qui
3310 1370 3440 1422 vult.
3480 1354 3586 1424 vi-

2004 1451 2300 1498 rumtamen
2331 1447 2468 1502 sicut
2496 1449 2627 1504 solet
2656 1451 2996 1520 propheticus
3024 1457 3240 1524 spiritus
3266 1460 3317 1515 in
3348 1461 3592 1517 Psalmo--

2004 1547 2122 1586 rum
2152 1534 2316 1590 titulis
2340 1539 2590 1594 recedere
2628 1542 3008 1612 aliquantulum
3037 1548 3103 1602 ab
3129 1553 3471 1618 expression'e
3499 1570 3585 1610 re-

2003 1639 2123 1678 rum
2149 1637 2438 1695 gestarum,
2467 1639 2522 1684 et
2544 1631 2740 1701 aliquid
2776 1634 2954 1690 dicere
2979 1639 3116 1706 quod
3148 1638 3199 1694 in
3228 1642 3446 1699 historia
3477 1661 3583 1701 non

2003 1714 2302 1783 invenitur,
2342 1728 2396 1774 et
2424 1720 2544 1776 hinc
2571 1724 2744 1792 potius
2772 1725 3078 1791 admonere,
3111 1746 3214 1786 non
3247 1743 3463 1803 propter
3487 1751 3583 1791 co-

2000 1810 2336 1879 gnoscendas
2380 1828 2466 1868 res
2491 1824 2666 1884 gestas
2696 1831 2814 1873 esse
2846 1818 3145 1889 lmjnsmodi
3187 1825 3365 1882 titulos
3394 1828 3585 1884 inseri-

2003 1907 2154 1967 ptos,
2186 1900 2280 1955 sed
2319 1915 2535 1972 pr0pter
2563 1907 2732 1962 futura
2769 1911 3147 1981 prmliguranda
3176 1933 3190 1980 ;
3218 1918 3356 1972 sicut
3381 1919 3583 1976 dictum

2002 1997 2086 2042 est
2112 1991 2252 2060 quod
2287 2007 2466 2047 coram
2500 1995 2810 2053 Abimelceh
2841 2005 3061 2056 mutavit
3084 2006 3286 2062 vultum
3316 2024 3501 2077 suum,
3528 2022 3584 2068 et

2001 2077 2199 2136 dimisit
2223 2096 2341 2136 eum
2362 2123 2376 2148 ,
2409 2092 2463 2138 et
2487 2085 2616 2140 abiit
2644 2089 2661 2156 (
2687 2087 2832 2143 Psal.
2877 2107 3064 2158 xxxut,
3099 2096 3120 2148 1
3155 2093 3210 2166 ),
3237 2112 3356 2152 cum
3386 2100 3585 2158 indicet

2002 2173 2260 2242 scriptura
2293 2175 2591 2247 Regnorum
2625 2179 2726 2236 hoc
2753 2197 2872 2237 eum
2901 2200 3006 2238 non
3040 2185 3231 2244 fecisse
3251 2205 3430 2247 coram
3461 2194 3586 2250 Abi-

2002 2265 2228 2357 tnelech,
2257 2267 2350 2322 sed
2380 2285 2558 2335 coram
2586 2272 2747 2328 Achis
2783 2290 2909 2347 rege
2940 2277 2984 2347 (l
3013 2279 3141 2352 Reg.
3177 2297 3304 2348 nt,
3337 2285 3427 2357 15)
3463 2302 3477 2340 :
3509 2287 3584 2344 ita

2001 2363 2056 2409 et
2084 2355 2135 2409 in
2176 2355 2276 2411 hoc
2318 2359 2469 2414 titulo
2515 2363 2812 2420 invenimus
2842 2369 3040 2439 aliquid
3062 2413 3077 2438 ,
3109 2388 3214 2442 quo
3240 2355 3585 2435 commouea-

2003 2463 2122 2502 mur
2157 2450 2221 2504 ad
2251 2452 2469 2522 aliquid.
2498 2454 2736 2528 Namque
2771 2461 2824 2514 in
2861 2462 2948 2516 illa
2988 2467 3292 2524 narratione
3319 2470 3580 2529 bellorum

2001 2538 2323 2611 lortiumquc
2354 2543 2605 2602 factorum
2637 2550 2778 2621 regis
2817 2552 2976 2609 David
2998 2598 3014 2620 ,
3045 2556 3132 2612 ubi
3157 2558 3209 2613 lti
3236 2577 3422 2619 omnes
3450 2581 3584 2635 quos

1999 2634 2532 2690 commemoravimus
2551 2679 2567 2704 ,
2602 2639 2852 2720 debellati
2881 2653 3036 2712 sunt,
3064 2663 3184 2702 eum
3215 2651 3412 2720 aliquid
3455 2634 3583 2711 suc-

1999 2722 2242 2778 cendisse
2281 2741 2384 2780 non
2425 2717 2668 2798 legimus.
2703 2731 2799 2786 llic
2829 2744 3006 2791 autem
3053 2741 3281 2796 maxime
3307 2717 3412 2799 hoc
3448 2748 3583 2814 posi-

2003 2820 2113 2867 tum
2138 2822 2251 2877 est,
2293 2817 2434 2885 quod
2475 2819 2546 2873 ibi
2589 2836 2694 2876 non
2723 2832 2808 2878 est
2847 2827 3124 2897 scriptum,
3155 2833 3275 2900 quia
3306 2837 3583 2894 succendit

1999 2901 2431 2974 Mesopotamiam
2460 2909 2647 2982 Syrite,
2683 2921 2739 2968 et
2762 2914 2968 2986 Syriam
2987 2918 3169 2976 Sobal.
3199 2923 3314 2978 1am
3340 2941 3470 2997 ergo
3495 2929 3580 2984 in-

1999 2996 2256 3063 cipiamus
2287 3000 2578 3056 secundum
2624 3019 2802 3060 rerum
2844 3005 3138 3066 futurarum
3167 2996 3579 3084 signiﬁeatiOnes

1999 3085 2098 3140 ista
2117 3087 2400 3158 discutere,
2426 3101 2479 3147 et
2497 3095 2810 3164 opacitatem
2835 3099 3141 3158 umbrarum
3163 3106 3214 3159 in
3238 3106 3410 3178 lucem
3433 3112 3580 3168 verbi

1997 3192 2185 3233 1³81⁸0οἔ1
2191 3196 2248 3235 re
2255 3222 2269 3235 .

1991 3321 1994 3324 .
2066 3269 2120 3323 2.
2154 3270 2217 3325 In
2240 3273 2412 3342 ﬁnem,
2440 3261 2565 3346 quid
2595 3279 2664 3333 sit
2692 3280 2857 3336 nostis
2887 3300 2900 3336 :
2933 3281 3080 3340 Finis
3109 3289 3241 3344 enim
3265 3289 3412 3363 Legis
3431 3292 3580 3349 Citri-

1995 3371 2102 3422 slns
2129 3373 2202 3417 est
2231 3362 2405 3435 (Rom.
2447 3384 2500 3433 x,
2529 3369 2605 3440 4).
2635 3371 2741 3426 Eos
2769 3373 2856 3442 qui
2884 3373 3229 3434 immutantur
3258 3362 3445 3437 nostis.
3476 3385 3578 3452 Qui

1996 3457 2160 3522 enim,
2186 3458 2284 3513 nisi
2313 3461 2401 3529 qui
2432 3476 2462 3515 a
2492 3464 2796 3520 veteri‘vita
2827 3465 2878 3520 in
2909 3482 3100 3524 novam
3129 3476 3439 3530 transeunt?
3463 3478 3572 3532 Ab-

1997 3546 2064 3600 sit
2089 3549 2229 3602 enim
2256 3559 2314 3603 ut
2347 3550 2434 3605 hic
2458 3553 2719 3622 culpanda
2753 3555 3052 3613 immutatio
3081 3561 3427 3632 intelligatur.
3457 3567 3575 3624 Non

1995 3639 2261 3705 quomodo
2288 3640 2596 3697 immutatus
2623 3653 2708 3698 est
2736 3644 2904 3700 Adam
2935 3662 2963 3700 a
2985 3648 3188 3718 justitia
3217 3653 3282 3705 ad
3323 3654 3579 3724 iniquita-

1997 3737 2103 3782 tem
2123 3770 2138 3793 ,
2171 3739 2219 3784 et
2248 3746 2276 3784 a
2307 3731 2510 3786 deliciis
2535 3733 2599 3788 ad
2637 3735 2902 3800 laborem;
2945 3739 3039 3792 sed
3068 3743 3336 3810 quomodo
3365 3755 3576 3802 mutan-

1996 3827 2082 3872 tur
2110 3819 2202 3884 illi,
2235 3821 2424 3889 quibus
2447 3822 2645 3878 dictum
2672 3835 2754 3880 est
2781 3842 2794 3878 :
2830 3826 3027 3884 Fuistis
3053 3832 3182 3886 enim
3203 3835 3477 3906 aliquando
3500 3849 3576 3894 te-

1995 3911 2177 3974 nebra',
2210 3929 2342 3965 nunc
2369 3923 2537 3968 autem
2573 3917 2666 3971 lua:
2696 3919 2750 3971 in
2775 3917 2994 3974 Domino
3029 3921 3244 3993 (Ep/tes.
3273 3930 3432 3997 v,.8).
3466 3931 3574 3986 litt-

1995 4013 2267 4058 tuutantur
2287 4017 2464 4061 autem
2492 4008 2574 4061 isti
2596 4009 2648 4062 in
2667 4010 2799 4064 tituli
2815 4011 3211 4082 inscriptionem.
3237 4017 3415 4090 Nostis
3439 4023 3573 4079 tituli

1996 4094 2412 4166 inscriptionem.
2444 4099 2649 4157 Titulus
2687 4102 2877 4158 infixus
2919 4116 3001 4161 est
3031 4122 3193 4177 super
3219 4125 3430 4169 crucem
3466 4115 3574 4168 Do-

1996 4189 2122 4241 miui
2162 4191 2412 4260 scriptus,
2446 4191 2546 4246 Hic
2583 4203 2656 4246 est
2681 4211 2772 4248 rea:
2803 4194 3104 4252 Jndteorum
3132 4198 3354 4273 (Matth.
3390 4221 3532 4260 xxvu
3555 4248 3570 4269 ,

1993 4280 2091 4352 57)
2117 4299 2130 4334 :
2165 4291 2433 4338 mutantur
2451 4284 2501 4338 in
2523 4285 2676 4353 hujus
2703 4287 2834 4341 titttli
2864 4289 3259 4359 inscriptionem
3286 4295 3375 4364 qui
3401 4297 3451 4350 in
3483 4314 3571 4352 re-

1991 4389 2151 4443 gnum
2182 4375 2374 4429 Christi
2405 4386 2724 4431 transeuuta
2755 4394 2920 4450 regno
2943 4380 3157 4436 diaboli.
3191 4383 3332 4439 Bene
3358 4396 3572 4442 mutan-

1994 4473 2094 4519 tur"
2125 4467 2174 4521 iu
2224 4465 2382 4536 hujus
2419 4469 2553 4522 tituli
2595 4470 3014 4540 inscriptionem.
3062 4474 3329 4531 Mutantur
3354 4487 3570 4544 autem,

1993 4559 2129 4613 sicut
2155 4561 2501 4629 sequiturhin
2528 4562 2829 4617 doctrinam.
2861 4565 2992 4620 Cum
3021 4566 3160 4620 enim
3187 4567 3436 4633 dixisset,
3468 4571 3572 4626 Pro

1993 4651 2071 4703 his
2097 4653 2612 4722 quiinnnutabnntur
2642 4656 2691 4710 in
2722 4657 2855 4710 tituli
2888 4657 3296 4728 inscriptionem;
3332 4661 3567 4728 addidit,

1991 4744 2089 4812 ipsi
2125 4744 2291 4798 David
2315 4746 2366 4799 in
2396 4747 2677 4801 doctrinam
2718 4765 2738 4802 :
2779 4749 2827 4802 id
2859 4759 2974 4814 est,
3006 4760 3274 4807 mutantur
3301 4769 3408 4810 non
3435 4757 3569 4822 sibi,

1992 4834 2084 4888 sed
2113 4835 2206 4903 ipsi
2237 4837 2396 4890 David
2416 4880 2430 4902 ,
2457 4848 2511 4891 et
2535 4847 2808 4893 mutantur
2848 4841 2898 4892 in
2929 4840 3242 4897 doctrinam.
3285 4845 3400 4901 Non
3427 4849 3570 4903 enim

1993 4928 2060 4980 ita
2092 4945 2181 4982 rex
2205 4930 2468 4995 Christus,
2492 4932 2639 5000 quasi
2671 4932 2866 4986 szeculo
2895 4921 3240 5004 regnaturus;
3269 4954 3389 5007 eum
3416 4954 3577 5008 aper-

1937 5046 1944 5053 -
1992 5026 2042 5072 te
2065 5018 2256 5074 dixerit
2283 5039 2295 5074 :
2324 5021 2555 5092 Regnum
2579 5039 2742 5075 meum
2769 5035 2958 5078 nonest
2983 5026 3045 5078 de
3062 5027 3158 5086 Ιιοσ
3179 5031 3366 5084 mando
3387 5031 3568 5100 (Joan.

1990 5129 2136 5175 xvut,
2165 5114 2233 5167 56
2257 5113 2296 5183 ).
2345 5114 2483 5183 Ergo
2514 5115 2564 5167 in
2606 5115 2754 5184 ejus’
2793 5115 3085 5171 doctrinam
3127 5127 3492 5185 transeamus,
3522 5122 3567 5175 si

1989 5207 2231 5262 volumus
2255 5207 2305 5260 in
2332 5208 2775 5276 conscriptionem
2811 5211 2942 5264 tituli
2971 5207 3305 5279 commutari,
3334 5231 3439 5269 non
3465 5231 3567 5268 no-

1987 5298 2103 5360 bis,
2141 5297 2234 5352 sed
2266 5298 2366 5365 ipsi
2400 5299 2594 5362 David;
2625 5310 2682 5354 ut
2720 5301 2809 5370 qui
2835 5301 3057 5368 vivunt,
3085 5303 3193 5372 jam
3219 5321 3323 5358 nou
3354 5305 3451 5358 sibi
3485 5307 3575 5358 vi-

1988 5401 2146 5451 vant,
2175 5389 2268 5443 sed
2313 5389 2359 5443 ei
2396 5388 2484 5458 qui
2517 5406 2610 5458 pro
2653 5391 2777 5459 ipsis
2805 5404 3046 5447 mortuus
3070 5403 3152 5448 est
3192 5405 3246 5448 et
3274 5395 3575 5450 resurrexit

1992 5481 2070 5552 (11
2095 5480 2214 5537 Cor.
2244 5497 2298 5548 v,
2330 5482 2454 5552 15).
2486 5481 2707 5550 Quando
2742 5499 2870 5554 ergo
2897 5500 2994 5538 nos
3020 5493 3250 5539 mutaret
3278 5484 3522 5540 Christus
3552 5527 3567 5547 ,

1987 5575 2084 5629 nisi
2109 5575 2319 5631 fecisset
2341 5575 2481 5645 quod
2511 5574 2644 5628 dixit
2673 5593 2686 5629 :
2717 5574 2894 5648 Ignem
2917 5577 3026 5630 veni
3044 5577 3236 5629 mittere
3251 5575 3304 5628 in
3321 5575 3585 5632 mandunt-

2050 5715 2066 5782 ξ
2100 5714 2173 5782 sic
2196 5713 2370 5773 Regius
2389 5710 2580 5782 Itis._Alii_
2603 5693 2713 5782 eum
2737 5688 3029 5782 Edd.,nattts
3047 5721 3134 5782 est.
3189 5776 3200 5782 _
3236 5770 3248 5782 _

2049 5777 2070 5807 ³
2093 5777 2166 5826 sic
2194 5772 2296 5824 uss.
2326 5782 2376 5824 At
2394 5775 2527 5837 ξω,
2563 5775 2613 5825 in
2634 5775 2738 5836 ejus
2775 5774 2982 5838 gratiam
3016 5781 3062 5822 et
3092 5772 3376 5824 doctrinam.

2821 5857 3310 5939 {i’ingt-trois.)
