4022 6200
458 315 579 369 τῖιέἱ

474 433 630 487 (Luc.
661 446 755 491 xu.
776 429 864 498 49)
881 427 906 479 'l
932 427 984 479 Si
1008 421 1395 490 ergothristns
1418 420 1564 475 venit
1581 419 1789 474 mittere
1810 419 1862 473 in
1885 432 2045 471 mun—

474 527 603 577 dum
647 523 853 592 ignem,
908 518 1093 586 utique
1137 513 1424 568 salubriter
1452 523 1608 582 atque
1654 510 1893 569 utiliter;
1942 522 2047 562 non

480 614 745 687 quomodo
782 611 1043 665 missurus
1070 618 1154 661 est
1182 605 1433 661 mundum
1466 605 1518 659 in
1556 603 1753 673 ignem.
1781 600 1883 655 Sed
1915 614 2048 668 quo-

480 706 638 764 modo
662 706 827 777 ignem
851 702 905 755 in
934 698 1215 753 amntium?
1239 696 1496 765 Quoniam
1528 709 1658 765 ergo
1696 692 1842 746 venit
1875 693 2075 761 iguenr

481 799 689 852 mittere
741 794 795 849 in
846 791 1126 857 mundum,
1173 801 1476 860 quaeramus
1506 785 1616 857 jam
1655 783 1780 855 quid
1827 783 1897 837 sit
1942 780 2052 836 Me-

481 887 777 960 sopotamia
820 900 938 956 quae
984 897 1238 938 succensa
1281 889 1396 942 est,
1429 877 1556 949 quid
1587 876 1658 931 sit
1695 875 1846 947 Syria
1874 872 2079 930 Sobal..

487 981 951 1052 lntcrpretationes
994 990 1122 1046 ergo
1150 974 1422 1030 nominum
1464 971 1850 1038 interrogemus
1866 978 2062 1021 sacrm-

466 1079 608 1129 alum
657 1074 925 1128 hebrmum
970 1069 1236 1139 eloquium
1262 1109 1277 1135 ,
1322 1080 1428 1136 quo
1477 1063 1705 1134 primum
1747 1062 1862 1115 haec
1910 1059 2059 1114 Scri-

487 1178 636 1237 ptura
688 1168 861 1220 locuta
914 1170 1015 1216 est.
1075 1156 1507 1227 Mesopotamiam
1565 1153 1749 1207 dicunt
1797 1151 2059 1220 interpre-

488 1261 586 1313 tari
637 1258 905 1312 Elevatam
953 1252 1306 1309 vocationem.
1355 1247 1470 1302 Jam
1509 1254 1653 1300 totus
1698 1241 1923 1298 mundus
1956 1256 2064 1294 tvo-

488 1351 696 1405 catione
737 1349 972 1402 elevatus
1015 1353 1116 1398 est.
1161 1340 1319 1413 Syria
1359 1339 1737 1407 interpretatur
1784 1331 2060 1388 Sublimis.

484 1443 593 1499 Sed
623 1443 711 1497 illa
747 1454 865 1509 qua:
907 1446 1022 1492 erat
1050 1434 1313 1499 sublimis,
1342 1433 1559 1486 incensa
1587 1437 1739 1484 estet
1758 1425 2066 1480 humiliata:

489 1545 542 1587 ι·ι
570 1529 1011 1603 quemadmodum
1057 1525 1327 1581 lnuuiliata
1364 1531 1448 1578 est
1483 1536 1601 1592 qua:
1627 1519 1795 1574 fuerat
1817 1518 2066 1578 exaltata,

404 1650 409 1651 ί
490 1628 567 1678 sic
613 1623 876 1677 cxaltctur
899 1634 1018 1689 qua:
1049 1620 1215 1672 fuerat
1243 1615 1534 1669 ltumil-iata.
1557 1610 1722 1668 Sobal
1748 1611 2067 1677 interpreta—

478 1724 578 1767 tur
606 1712 747 1767 Vana
767 1719 1019 1765 vetustas.
1048 1707 1258 1764 Gratias
1280 1703 1496 1760 Christo
1523 1702 1612 1772 qui
1639 1715 1755 1755 eam
1775 1698 2066 1754 succendit.

489 1803 711 1869 Quando
748 1810 924 1856 vetem
960 1798 1180 1868 virgulta
1209 1796 1635 1855 succenduntur,
1663 1794 1828 1847 vireta
1883 1804 2071 1870 succo-.-

492 1898 615 1950 dunt
639 1910 655 1960 ;
679 1904 732 1948 et
754 1893 983 1947 alacrius
1010 1900 1065 1944 et
1094 1890 1308 1945 uberius
1350 1895 1405 1943 et
1431 1885 1652 1941 viridius
1680 1900 1814 1938 nova
1842 1896 2072 1937 nascun-

492 2000 598 2053 tur,
624 2002 745 2043 eum
787 1986 1014 2057 eaiguis
1040 1985 1091 2039 in
1116 1986 1443 2037 vetustorum
1472 1978 1821 2033 succensione
1846 1991 2073 2045 [mrces-

478 2081 641 2134 serit.
708 2077 823 2133 Non
892 2090 1023 2146 ergo
1068 2075 1318 2130 timeatur
1372 2072 1507 2143 ignis
1565 2069 1800 2131 Christi;
1858 2067 2071 2132 fenum,

466 2169 772 2223 .ronsumlt.
802 2166 989 2223 Omnis
1030 2167 1171 2221 enim
1216 2177 1343 2218 caro
1370 2160 1569 2224 fenmn,
1600 2158 2075 2216 etomnisclaritas

493 2260 725 2315 hominis
747 2260 881 2314 sicut
926 2256 1023 2312 llos
1052 2256 1156 2312 l‘eni
1189 2254 1339 2327 (Ιωὶ.
1388 2268 1478 2320 xL,
1508 2254 1588 2324 6).
1627 2251 1912 2309 Succendit
1947 2266 2076 2322 ergo

494 2354 591 2406 ista
622 2351 710 2405 illo
758 2351 899 2420 igne.
928 2347 995 2402 Et
1022 2349 1262 2401 convertit
1307 2344 1461 2400 Joab.
1501 2344 1636 2401 Joab
1668 2345 2077 2413 tintcrpretatur

474 2443 764 2501 inimicus.
792 2440 1095 2495 Conversus
1133 2445 1218 2493 est
1247 2436 1525 2492 inimicus:
1556 2434 1696 2506 quod
1717 2435 1800 2489 vis
1814 2434 2073 2504 intelligo.

454 2534 547 2588 ἰςί
571 2546 860 2588 conversus
884 2531 935 2585 in
965 2528 1164 2598 iugata,
1184 2527 1431 2582 diabolus
1449 2538 1564 2593 est;
1605 2527 1650 2581 si
1686 2529 1976 2582 conversus
2009 2524 2078 2580 ad

406 2700 421 2707 I
493 2627 673 2692 iidem,
704 2623 1025 2685 christianos
1056 2626 1162 2677 θα.
1190 2619 1471 2688 Quomodo
1498 2619 1548 2672 in
1575 2616 1789 2689 fugam?
1818 2607 1892 2673 De
1915 2615 2078 2672 corde

412 2740 421 2748 ί
494 2717 772 2774 christiani
805 2733 821 2772 :
862 2715 1108 2786 Princeps
1139 2714 1292 2783 hujus
1310 2710 1509 2776 mundi,
1536 2710 1725 2781 inquit,
1742 2724 1877 2764 nunc
1897 2708 2078 2763 missus

472 2819 564 2863 λιιι
590 2806 931 2880 foraonan.
962 2820 1055 2871 sn,
1081 2802 1195 2875 3i).
1218 2802 1520 2875 Conversus
1561 2808 1738 2856 autem
1788 2798 1855 2855 ad
1896 2798 2079 2852 Domi-

495 2915 626 2953 num
667 2897 1009 2961 christianos,
1063 2908 1229 2964 quare
1269 2894 1519 2954 inimicus
1559 2889 1893 2947 conversus?
1942 2888 2077 2958 Quia

478 2990 675 3045 ttidells
718 2989 907 3052 factus,
953 2987 1041 3057 qui
1072 2985 1243 3040 inerat
1276 2984 1542 3040 inimicus.
1575 2980 1830 3037 Percussit
1881 2979 2073 3035 Edoni.

498 3081 875 3150 interpretatur
896 3077 1064 3132 Edam
1086 3075 1376 3131 Terrenus.
1408 3073 1599 3129 Debuit
1620 3072 1822 3143 percuti
1840 3079 2082 3126 terrenus

480 3175 616 3228 iste.
646 3169 841 3241 thuid
866 3170 1011 3225 enim
1039 3168 1242 3223 viveret
1266 3174 1532 3233 terrenus,
1559 3165 1651 3234 qui
1670 3162 1906 3220 ctelestis
1924 3161 2084 3217 debet

483 3263 712 3320 -νίνειεῖ
732 3258 1011 3317 interiecta
1030 3266 1113 3315 est
1126 3254 1260 3329 ergo
1275 3256 1382 3312 vita
1405 3264 1614 3312 terrena
1632 3271 1648 3321 ;
1668 3256 1809 3310 vivat
1826 3252 2080 3309 cmlestis.

487 3358 648 3413 Sicut
676 3356 819 3410 enim
846 3352 1172 3425 portavimus
1215 3349 1502 3421 imaginem
1545 3346 1765 3413 terreni,
1809 3352 2084 3416 portemus

494 3459 557 3506 et
580 3449 861 3521 imaginem
879 3439 997 3516 eius
1022 3445 1111 3515 qui
1130 3444 1201 3499 do
1226 3442 1368 3499 caelo
1394 3448 1479 3496 est
1498 3439 1541 3512 (l
1560 3438 1682 3496 Cor.
1704 3454 1797 3506 xv,
1822 3436 2084 3509 49).Vide

500 3542 651 3596 illum
701 3535 928 3594 interﬁci
960 3531 1317 3604 :,Mortiﬂcate
1342 3529 1566 3586 membra
1612 3537 1778 3585 vestra
1813 3542 1926 3599 quas
1968 3535 2085 3582 sunt

492 3648 654 3703 super
681 3639 868 3685 terram
892 3624 1210 3699 (Colacem,
1232 3622 1316 3694 5).
1346 3622 1478 3677 Cum
1513 3631 1692 3677 autem
1735 3620 2088 3690 percussisset

496 3726 695 3789 Edoni,
727 3719 990 3793 percussit
1014 3716 1282 3772 duodecim
1308 3712 1474 3769 millia
1508 3713 1564 3767 in
1594 3711 1726 3767 valle
1768 3710 2085 3767 Satinarum.

508 3817 792 3872 Duodecim
819 3812 983 3869 millia
1014 3810 1279 3882 perlectus
1308 3815 1395 3864 est
1422 3819 1696 3871 numerus,
1735 3804 1821 3859 cui
1855 3801 2088 3874 perfecto

495 3921 731 3962 numero
780 3905 942 3960 etiam
999 3899 1363 3956 duodenarius
1407 3895 1786 3967 Apostolorum
1837 3906 2089 3948 numerus

507 4000 794 4067 damnatur
821 4012 835 4048 :
861 4007 968 4049 non
1012 3992 1159 4048 enim
1198 3991 1392 4046 frustra
1423 4029 1439 4055 ,
1489 3987 1593 4043 nisi
1640 3988 1766 4058 quia
1795 4000 1893 4056 per
1919 3993 2088 4040 totum

498 4090 763 4148 mundum
788 4084 1104 4143 mittendum
1124 4092 1243 4140 erat
1264 4081 1505 4137 verbum.
1529 4079 1763 4135 Verbum
1790 4088 1965 4134 autem
1994 4078 2090 4133 Det

499 4183 647 4255 quod
689 4189 775 4237 est
823 4172 1099 4240 Christus,
1145 4173 1198 4228 in
1244 4171 1502 4237 nubibus,
1543 4168 1647 4226 hoc
1682 4179 1766 4225 est
1806 4169 1858 4223 in
1894 4167 2089 4238 pracdi—

506 4270 779 4331 eatorﬂtus
816 4267 1079 4325 veritatis.
1106 4263 1331 4320 Mundus
1378 4268 1555 4317 autem
1594 4270 1821 4332 quatuor
1856 4258 2092 4330 partibus

507 4362 978 4429 constat.Quatuor
991 4356 1106 4427 ejus
1122 4366 1304 4425 partes
1314 4353 1605 4408 notissima!
1618 4361 1744 4406 sunt
1758 4350 2024 4414 omnibus,
2036 4360 2093 4406 et

507 4473 651 4528 sirpe
668 4457 719 4511 in
735 4447 1341 4523 Scripturismemoratae
1358 4461 1372 4497 :
1389 4443 1689 4519 qute‘etiam
1707 4448 1932 4512 quatuor
1951 4439 2092 4495 renti

513 4553 667 4606 dieue
694 4554 820 4603 sunt
841 4543 1055 4618 (Eucti.
1085 4552 1295 4603 xxxv",
1325 4533 1405 4608 9),
1432 4533 1631 4599 oriens,
1655 4532 1922 4598 occidens,
1944 4532 2094 4601 aqui-

514 4645 567 4696 lo
578 4649 630 4695 et
654 4636 921 4693 meridies.
946 4632 1024 4688 Ad
1045 4643 1234 4686 omnes
1259 4627 1390 4682 istas
1416 4633 1643 4696 quatuor
1669 4633 1849 4694 partes
1873 4624 2093 4678 missum

514 4741 598 4785 est
624 4730 864 4795 verbum,
892 4724 1028 4781 utin
1060 4720 1323 4777 Trinitate
1369 4730 1557 4772 omnes
1585 4723 1923 4770 vocarentur.
1956 4713 2094 4773 Duo-

513 4821 790 4878 denarium
820 4831 1101 4875 numerum
1128 4824 1210 4870 ter
1233 4809 1484 4883 quaterni
1513 4808 1732 4863 iaciunt.
1757 4806 1945 4861 Merito
1968 4822 2095 4877 ergo

513 4914 791 4971 duodecim
810 4911 972 4967 millia
1001 4921 1213 4965 terrena
1234 4917 1485 4976 percussa
1510 4908 1664 4966 sunt;
1694 4907 1835 4955 totus
1867 4897 2095 4954 mundus

516 5020 799 5080 percussus
811 5012 894 5059 est
909 5021 921 5057 :
935 5002 1003 5058 de
1029 5012 1140 5057 toto
1153 5000 1294 5056 enim
1324 4994 1524 5053 mundo
1538 4994 1704 5051 electa
1724 5003 1810 5049 est
1833 4992 2090 5057 Ecclesia,

517 5098 831 5155 mortiﬁcata
860 5108 889 5145 a
919 5103 1127 5147 terrena
1150 5091 1275 5145 vita.
1306 5088 1502 5157 Quare,
1527 5087 1583 5143 in
1615 5085 1747 5141 valle
1774 5084 2099 5140 Summum?

520 5192 686 5247 Vallis
725 5185 996 5243 humilitas
1042 5192 1126 5237 est
1168 5202 1182 5236 :
1226 5182 1410 5236 salinas
1469 5192 1715 5249 saporem
1773 5160 2095 5247 signiﬁcant.

523 5283 665 5341 Il'ulti
694 5279 836 5336 enim
867 5273 1240 5336 humiliantur,
1281 5270 1378 5327 sed
1407 5285 1540 5324 vane
1580 5268 1840 5325 et'iatue:
1871 5268 1926 5321 in
1964 5281 2097 5341 vana

521 5383 783 5432 vetustate
805 5365 1170 5424 humiliantur.
1194 5363 1398 5417 Patitur
1421 5363 1541 5430 quis
1578 5360 1971 5415 tribulationem
2003 5336 2099 5430 pr'o

523 5468 769 5543 pecunia,
795 5462 994 5535 patitur
1021 5455 1416 5512 tribulationem
1445 5467 1542 5521 pro
1569 5451 1773 5507 honore
1798 5453 2097 5522 temporali,

486 5594 489 5599 ι
525 5542 723 5635 patitur
751 5553 1142 5613 tribulationem
1171 5562 1268 5616 pro
1292 5542 1588 5600 commodis
1613 5545 1733 5599 vitro
1759 5543 1948 5613 hujus;
1979 5560 2100 5615 pus-

526 5649 681 5710 sortis
706 5652 803 5708 est
828 5643 1242 5704 tribulationem,
1283 5646 1337 5694 et
1366 5634 1758 5691 humiliandus:
1783 5650 1946 5705 quare
1996 5654 2101 5693 non

530 5754 745 5816 propter
789 5741 954 5822 Deum
978 5734 1002 5793 ἳ
1027 5747 1189 5806 quare
1217 5744 1323 5788 non
1353 5736 1570 5801 propter
1594 5725 1903 5785 Christum?
1938 5744 2102 5800 quare

1704 302 1775 357 *S.
1818 299 2177 357 AUGUSTINI
2216 302 2512 361 EPISCOPI

3584 322 3672 374 ’ἴιὸ

2160 433 2263 473 non
2294 432 2507 491 propter
2521 438 2763 495 saporem
2785 426 2910 483 salis
2924 428 2950 482 ?
2971 430 3051 484 An
3071 428 3242 483 nescis
3258 429 3345 486 tibi
3362 446 3471 488 esse
3485 433 3674 501 dictum,

2168 510 2270 565 i'os
2304 516 2420 567 estis
2453 517 2532 569 sal
2576 527 2756 583 terra;
2796 528 2870 577 ct.
2915 521 2976 576 Si
3010 523 3088 576 sul
3133 521 3419 590 infamatum
3448 526 3596 596 fuerit,
3622 544 3678 579 ao

2161 604 2374 658 nihilum
2402 606 2581 660 ualebit
2608 609 2770 677 aliud,
2798 611 2895 664 nisi
2936 624 2992 665 ut
3016 618 3157 681 [oras
3183 614 3461 682 proficiatur
3496 615 3680 679 (Matth.

2161 708 2216 759 v,
2250 694 2378 767 i5)?
2426 686 2635 755 Bonnm‘
2670 710 2753 755 est
2789 715 2917 770 ergo
2961 702 3230 772 sapienter
3269 703 3530 759 humiliari.
3571 707 3686 761 Ecce

2163 795 2305 841 nunc
2333 802 2508 843 nonne
2539 788 2882 846 humiliantur
2911 793 3192 848 haeretici?
3217 793 3396 850 Nonne
3424 796 3555 866 leges
3574 812 3689 852 con-

2165 884 2245 930 tra
2273 877 2392 932 illos
2412 878 2551 933 datae
2577 887 2700 935 sunt
2725 882 2884 937 etiam
2927 882 2994 937 ab
3022 881 3341 947 bomiaiints,
3363 897 3531 941 contra
3575 903 3691 956 quos

2165 966 2356 1021 divina:
2377 976 2617 1038 regnant,
2637 986 2757 1040 qua:
2774 972 2890 1027 illos
2904 986 3029 1030 ante
3043 974 3201 1029 etiam
3218 975 3698 1033 condemnaverant?

2168 1056 2307 1112 Ecce
2332 1057 2695 1129 humiliantur,
2720 1076 2846 1119 ecce
2871 1062 3132 1134 fugantur,
3161 1081 3286 1122 ecce
3316 1071 3698 1137 persecutionem

2169 1147 2459 1217 patiuntur,
2487 1149 2582 1206 sed
2611 1151 2730 1208 sine
2756 1141 2983 1224 sapore;
3014 1171 3111 1227 pro
3133 1156 3384 1223 (utilitate,
3408 1171 3496 1228 pro
3523 1160 3698 1214 vanita~

2170 1248 2243 1294 te.
2264 1239 2380 1296 Jam
2406 1244 2548 1299 enim
2585 1242 2665 1299 sai
2697 1243 3007 1301 infamatum
3035 1256 3119 1303 est
3149 1267 3161 1301 :
3195 1249 3313 1305 ideo
3336 1251 3607 1321 projectum
3633 1264 3704 1308 est

2171 1331 2335 1399 foras,
2364 1345 2421 1388 ut
2447 1337 2790 1393 conculcetur
2807 1338 2877 1393 ab
2921 1338 3247 1396 hominibus.
3290 1342 3708 1399 Audivimustitu-

2160 1424 2283 1480 dum
2317 1426 2506 1483 Psalmi
2532 1446 2546 1492 ;
2575 1429 2852 1487 audiamus
2872 1432 3032 1486 etiam
3060 1433 3219 1488 verba
3247 1434 3456 1489 Psalmi.

2244 1519 2298 1573 5.
2323 1516 2473 1590 [rem
2499 1518 2580 1593 5.]
2613 1519 2748 1575 Deus
2789 1522 3019 1591 πριιιιδιὲ
3057 1538 3168 1588 nos,
3216 1533 3264 1578 et
3300 1524 3574 1579 destruxisti
3615 1540 3709 1579 nos.

2172 1607 2441 1679 Numquid
2472 1609 2559 1665 ille
2584 1610 2747 1666 David
2767 1612 3019 1683 loquitur,
3051 1614 3139 1684 qui
3172 1614 3448 1684 percussit,
3485 1615 3566 1684 qui
3604 1628 3710 1668 suc-

2160 1699 2374 1764 iceudit,
2404 1701 2496 1771 qui
2525 1701 2840 1769 debellavit;
2868 1713 2922 1758 et
2947 1720 3051 1759 non
3076 1705 3146 1759 illi
3175 1705 3366 1775 quibus
3393 1707 3499 1762 haec
3517 1704 3645 1771 fecit,
3668 1715 3715 1758 nt

2176 1800 2579 1860 percuterentur
2600 1803 2656 1847 et
2680 1793 3062 1863 repellerentur
3088 1796 3175 1865 qui
3205 1797 3327 1851 mali
3357 1808 3520 1859 erant,
3546 1806 3591 1850 et
3615 1812 3717 1850 ntr-

2177 1896 2269 1938 sus
2292 1884 2684 1940 viviﬁcarcntur
2710 1895 2766 1941 et
2799 1886 3033 1942 redirent
3076 1900 3130 1943 ut
3159 1889 3285 1944 boni
3334 1889 3539 1944 essent?
3578 1888 3714 1943 istam

2177 1976 2389 2046 quidem
2415 1987 2642 2042 stragem
2673 1976 2797 2032 fecit
2824 1979 2985 2034 David
3016 1980 3104 2035 ille
3130 1994 3289 2036 manu
3322 1981 3468 2036 furtis
3506 1980 3716 2036 Christus

2180 2077 2384 2134 noster,
2414 2069 2572 2140 cujus
2593 2070 2815 2141 tiguram
2842 2074 3062 2142 gerebat
3104 2075 3192 2130 illo
3219 2074 3415 2141 homo;
3463 2073 3579 2129 fecit
3613 2074 3714 2138 iatn,

2179 2161 2329 2216 dedit
2374 2161 2513 2218 hanc
2549 2173 2777 2235 stragem
2826 2166 3004 2235 gladio
3046 2183 3143 2222 suo
3182 2178 3234 2224 ct
3288 2170 3409 2240 igne
3455 2184 3548 2224 suo
3578 2187 3589 2221 :
3616 2183 3717 2222 natu

2181 2264 2463 2324 utrumque
2490 2255 2666 2310 attulit
2710 2254 2761 2310 in
2806 2254 2945 2312 hunc
2992 2256 3266 2314 tnundum.
3314 2258 3400 2326 Et,
3448 2256 3723 2331 lgnentreni

2180 2345 2376 2399 mittere
2403 2345 2455 2399 in
2476 2346 2717 2400 mundum
2748 2346 2896 2417 (Luc.
2926 2364 3021 2412 xu,
3049 2350 3164 2421 49),
3191 2350 3360 2406 habes
3384 2351 3434 2405 in
3455 2348 3724 2419 Evangelia;

2177 2447 2253 2501 et,
2274 2435 2510 2491 Gladium
2522 2438 2631 2491 veni
2644 2438 2836 2492 mittere
2848 2438 2899 2492 in
2917 2448 3097 2494 terram
3116 2439 3192 2512 (Μ
3197 2443 3372 2494 attlt.x
3384 2442 3511 2507 ,5l),
3529 2439 3673 2493 habes
3684 2439 3726 2491 in

2168 2525 2484 2596 iEvangelio.
2494 2526 2677 2582 Attulit
2691 2528 2864 2597 ignem
2882 2529 3022 2584 unde
3037 2530 3450 2586 succcnderetur
3464 2528 3729 2597 Mesopota-

2180 2618 2286 2675 mia
2296 2618 2482 2690 Syriae,
2499 2627 2554 2674 et
2567 2618 2719 2691 Syria
2735 2618 2915 2685 Sobal;
2930 2621 3103 2676 attulit
3118 2620 3359 2692 gladium
3378 2621 3513 2676 unde
3528 2629 3731 2690 percute-

2180 2720 2329 2766 retur
2343 2709 2534 2766 Edom.
2552 2710 2666 2771 Jam
2691 2727 2817 2781 ergo
2840 2712 2937 2766 ista
2960 2721 3162 2783 strages
3183 2712 3328 2768 facta
3344 2722 3423 2769 est
3444 2719 3642 2783 promer
3652 2723 3729 2763 eos

2181 2802 2272 2872 qui
2302 2802 2647 2858 immutantur
2693 2802 2746 2856 in
2780 2802 2917 2857 tituli
2964 2802 3375 2871 inscriptionem
3410 2802 3509 2875 ipsi
3567 2799 3723 2855 David.

2183 2896 2478 2952 Audiamus
2514 2911 2641 2967 ergo
2682 2910 2866 2951 eorum
2909 2911 3093 2951 vocem
3140 2914 3154 2949 :
3198 2896 3491 2952 salubriter
3526 2890 3732 2965 percussi

2182 2996 2328 3052 sunt,
2354 2986 2515 3043 erecti
2547 2986 2852 3055 loquantur.
2887 2986 3075 3041 Dicant
3099 3001 3229 3056 ergo
3258 2987 3450 3042 mutati
3484 2985 3533 3040 in
3552 2982 3732 3047 melius,

2184 3079 2372 3133 mutati
2401 3078 2455 3133 in
2480 3077 2616 3132 tituli
2648 3077 3071 3149 inscriptionem,
3102 3078 3372 3134 immutati
3397 3079 3448 3133 in
3473 3074 3737 3133 doctrinam

2185 3168 2289 3240 ipsi
2313 3168 2477 3223 David
2499 3184 2525 3243 ;‘
2546 3169 2726 3223 dicant
2749 3187 2762 3222 :
2789 3169 2924 3224 Deus
2970 3171 3196 3241 repulisti
3235 3188 3357 3236 nos,
3411 3180 3457 3225 et
3483 3163 3738 3223 destruiin

2184 3278 2279 3316 nos
2306 3278 2325 3316 ε
2349 3262 2510 3316 iratus
2536 3278 2609 3329 es,
2640 3273 2687 3316 et
2726 3262 2960 3316 misertus
3001 3279 3052 3317 es
3079 3263 3254 3317 nostri.
3286 3260 3599 3318 Destruxisti
3636 3271 3739 3322 nos,

2186 3360 2249 3408 ut
2282 3351 2576 3408 ardilicares
2607 3353 3080 3419 nos;destruxisti
3125 3369 3224 3409 nos
3270 3355 3414 3409 male
3462 3336 3738 3412 aediﬁcatus,

2186 3442 2494 3499 destruxisti
2522 3458 2711 3499 vanam
2737 3456 3074 3504 vetustatem.
3106 3455 3162 3499 ut
3187 3444 3566 3517 sit_:cdiﬁcatio
3589 3442 3636 3497 in
3659 3454 3743 3494 no-

2186 3551 2311 3590 vum
2338 3534 2631 3601 hominem,
2660 3534 2944 3591 aediﬁcatio
2976 3551 3224 3591 mansura
3252 3522 3310 3592 in
3333 3546 3609 3601 rotet-num.
3650 3531 3743 3587 lle-

2188 3628 2461 3683 ritoiratus
2478 3643 2551 3694 es,
2571 3637 2617 3683 et
2634 3629 2865 3682 misertus
2887 3643 2940 3683 es
2962 3629 3137 3682 nostri.
3159 3627 3277 3684 Non
3299 3625 3642 3691 miserereris,
3662 3620 3747 3675 nisi

2190 3719 2519 3775 irascereris.
2550 3720 2864 3775 Destruxisti
2892 3734 2988 3775 nos
3010 3722 3061 3774 in
3088 3720 3164 3775 ira
3190 3729 3280 3775 tua
3303 3739 3319 3788 ;
3344 3714 3439 3776 sed
3470 3721 3542 3774 ira
3583 3727 3662 3772 tua
3705 3714 3746 3767 in

2191 3821 2509 3868 vetustatem
2550 3821 2785 3868 nostram
2838 3812 2970 3879 fuit,
3012 3822 3069 3868 ut
3107 3812 3480 3870 destrueretur
3521 3817 3748 3866 vetustas.

2190 3901 2297 3958 Sed
2327 3903 2575 3959 misertus
2598 3918 2656 3957 es
2678 3902 2844 3958 nostri
2868 3914 3083 3974 propter
3105 3903 3422 3968 novitatem,
3446 3908 3657 3974 propter
3675 3910 3753 3952 eos

2194 3995 2282 4064 qui
2308 3995 2651 4050 immutantur
2671 3996 2724 4049 in
2756 3994 2890 4053 tituli
2912 3994 3354 4065 inscriptionem:
3389 3997 3514 4067 quia
3540 4002 3593 4049 et
3614 3993 3655 4047 si
3676 4004 3752 4044 ex-

2195 4087 2359 4142 terior
2387 4086 2547 4141 homo
2572 4094 2753 4142 noster
2779 4087 3158 4156 corrumpitur,
3183 4087 3277 4143 sed
3307 4088 3535 4144 interior
3560 4096 3757 4142 renova-

2156 4250 2159 4253 λ
2196 4186 2282 4233 tur
2305 4177 2372 4233 de
2396 4178 2483 4234 die
2510 4179 2560 4233 in
2591 4178 2730 4232 diem
2753 4175 2952 4249 (lICor.
2986 4192 3057 4243 tv,
3090 4177 3206 4249 lli).

2266 4269 2321 4325 ι.
2352 4268 2503 4342 [νενε.
2528 4267 2607 4342 4.]
2634 4266 2952 4324 Commovisti
2980 4280 3164 4324 terram
3182 4310 3199 4334 ,
3225 4279 3274 4325 et
3303 4270 3617 4327 conturbasti
3648 4280 3759 4321 eam.

2196 4361 2472 4431 Quomodo
2498 4360 2807 4416 conturbata
2836 4370 2919 4416 est
2945 4362 3124 4416 terra?
3162 4360 3506 4417 Conscientia
3546 4365 3762 4430 peccato.

2172 4506 2175 4509 λ
2199 4470 2338 4509 rum.
2363 4454 2478 4520 Quo
2504 4451 2678 4508 imus?
2707 4467 2812 4522 quo
2835 4450 3087 4523 fugimus,
3116 4453 3333 4523 quando
3364 4454 3454 4509 ille
3484 4451 3682 4523 gladius
3703 4449 3767 4501 vi-

2197 4545 2380 4600 bratus
2420 4553 2505 4599 est
2545 4561 2558 4598 :
2597 4543 2743 4615 Agite
2783 4543 3158 4612 paenitentiam;
3197 4542 3623 4615 appropinquavit
3651 4538 3765 4593 enim

2198 4652 2409 4706 regnum
2429 4634 2667 4689 calorum
2701 4632 2908 4704 (Matth.
2932 4650 3011 4701 tu,
3032 4633 3088 4705 2)
3108 4635 3131 4688 ?
3154 4632 3487 4691 Commoviin
3513 4647 3706 4693 terram,
3730 4637 3768 4682 et

2198 4725 2505 4780 conturbasti
2533 4741 2665 4778 eam.
2693 4725 2838 4780 Sana
2863 4724 3180 4780 contritiones
3206 4726 3319 4797 ejus
3338 4768 3354 4791 ,
3387 4726 3628 4799 quoniam
3653 4729 3769 4774 mota

2199 4826 2294 4871 est.
2336 4814 2453 4870 Non
2491 4814 2649 4885 digna
2688 4822 2772 4870 est.
2803 4813 3013 4880 sanari,
3042 4814 3085 4869 si
3116 4825 3260 4869 mota
3290 4832 3403 4871 non
3433 4825 3518 4872 est
3545 4833 3559 4869 :
3586 4811 3674 4868 sed
3702 4811 3771 4863 lo-

2201 4909 2397 4977 queris,
2428 4907 2705 4978 prtcdicas,
2731 4906 2952 4961 minaris
2974 4906 3044 4962 de
3062 4907 3193 4972 Deo,
3219 4917 3512 4964 venturum
3534 4898 3772 4978 iudicium

2203 5014 2312 5055 non
2339 5008 2513 5061 taces,
2542 5007 2859 5069 praeceptum
2889 4999 2981 5054 Dei
3010 5015 3197 5055 mones
3216 5041 3233 5068 ,
3271 5000 3343 5055 ab
3387 4999 3474 5057 his
3501 5001 3659 5056 rebus
3682 5011 3775 5051 non

2202 5091 2466 5162 quiescis;
2493 5099 2545 5145 et
2571 5090 2658 5160 qui
2686 5089 2866 5156 audit,
2896 5090 2939 5145 si
2969 5106 3072 5144 non
3100 5091 3283 5158 timet,
3313 5090 3362 5146 si
3393 5107 3504 5147 non
3535 5098 3774 5160 movetur,

2204 5198 2313 5238 non
2340 5192 2422 5239 est
2445 5181 2635 5253 dignus
2658 5183 2855 5237 sanari.
2881 5182 3042 5237 Audit
3064 5183 3233 5251 alius;
3262 5193 3536 5250 movetur,
3559 5177 3778 5251 stimula-

2166 5336 2173 5343 _
2204 5281 2311 5339 tur,
2341 5284 2523 5345 pectus
2551 5271 2744 5338 tundit,
2775 5272 3034 5343 lacrymas
3062 5272 3266 5329 fundit:
3294 5273 3448 5328 Sana
3476 5271 3780 5328 contritiones

2172 5439 2177 5445 Ι
2202 5365 2335 5434 ejus,
2361 5362 2598 5434 quoniam
2620 5371 2755 5415 mota
2783 5370 2875 5415 est.

2278 5455 2330 5509 5.
2359 5451 2508 5526 [υενε.
2532 5451 2610 5523 5.]
2641 5451 2766 5507 Post
2796 5454 2942 5520 haec,
2969 5467 3221 5523 percusso
3248 5462 3468 5509 terreno
3486 5495 3503 5520 ,
3544 5461 3782 5508 succensa

2207 5557 2489 5611 vetustate,
2513 5555 2714 5600 mutato
2742 5544 2956 5601 homine
2984 5547 3035 5602 in
3060 5548 3267 5614 melius,
3296 5544 3440 5601 facta
3469 5547 3588 5600 lucc
3613 5544 3687 5599 eis
3706 5538 3786 5611 qui

2209 5641 2440 5696 tenebrae
2483 5639 2722 5702 fuerunt,
2768 5639 3005 5709 sequitur
3040 5638 3179 5711 quod
3221 5638 3342 5694 alibi
3386 5641 3651 5709 scriptum
3677 5645 3785 5689 est:

2211 5729 2337 5799 Fili,
2368 5731 2605 5787 accedens
2631 5731 2695 5785 ad
2722 5731 3004 5787 servitutem
3034 5730 3147 5803 Dei,
3176 5742 3252 5789 sta
3278 5731 3330 5786 in
3344 5731 3557 5802 justitiu
3583 5738 3628 5783 et
3652 5728 3786 5780 tima-
