4022 6200
400 397 500 453 717

395 532 482 583 re,
523 526 569 571 et
617 535 851 589 prarpara
889 524 1107 578 animam
1154 535 1287 581 tuam
1329 528 1396 581 ad
1432 530 1752 584 tentationem
1782 530 1964 603 (Eccli.

394 621 429 661 ιι
448 646 464 673 ,
497 608 571 678 i).
597 608 751 664 Prior
779 612 928 668 labor
954 625 1009 669 ut
1032 616 1311 686 displiceas
1341 619 1455 686 tibi,
1483 630 1540 675 ut
1565 632 1773 690 peccata
1805 638 1974 693 expu-

392 710 524 767 gnes
547 699 587 765 ⁸,
618 710 676 754 ιιι
700 704 920 759 muteris
947 705 998 759 in
1026 707 1215 762 melius
1242 726 1256 761 :
1286 711 1548 767 secundus
1575 713 1723 768 labor
1743 756 1756 779 ,
1786 729 1882 783 pro
1906 729 1973 770 eo

395 788 533 857 quod
578 802 812 848 mutatus
854 810 945 861 es,
988 796 1128 853 ferre
1172 799 1534 857 tribulationes
1571 812 1625 858 et
1655 805 1972 860 tentationes

392 881 549 953 hujus
573 886 770 951 sreculi,
794 897 848 942 et
870 888 1007 945 inter
1031 890 1145 945 illas
1166 906 1506 961 perseverare
1527 910 1693 965 usque
1713 897 1762 951 in
1786 898 1966 952 ﬁnem.

390 972 466 1026 De
488 972 569 1027 his
590 989 718 1044 ergo
743 991 860 1031 cum
888 979 1212 1049 loqueretur,
1236 981 1333 1036 has
1358 984 1680 1053 signiﬁcans,
1703 986 1826 1056 quid
1846 988 1973 1043 sub-

382 1063 594 1133 jungit?
624 1064 894 1121 Ostendisti
920 1070 1052 1139 plebi
1075 1080 1174 1125 tua:
1192 1071 1322 1125 dura
1344 1089 1365 1126 .'
1380 1073 1489 1142 jam
1512 1074 1649 1144 plebi
1672 1087 1794 1143 ture,
1818 1076 1971 1132 facta:

388 1155 681 1211 tributaria:
724 1167 843 1227 post
886 1161 1157 1216 victoriam
1195 1162 1379 1218 David.
1416 1163 1687 1220 Ostendisti
1717 1168 1848 1237 plebi
1872 1178 1971 1222 tua:

386 1248 534 1299 dura.
568 1247 623 1302 in
651 1250 878 1318 quibus?
905 1251 959 1306 In
992 1258 1445 1322 persecutionibus
1470 1273 1600 1330 quas
1631 1261 1842 1330 pertulit
1868 1261 1969 1317 Ec-

384 1336 544 1394 clesia
563 1339 778 1407 Christi,
798 1343 1008 1412 quando
1032 1354 1205 1402 tantus
1227 1340 1514 1420 martyrum
1538 1329 1754 1422 sanguis
1773 1351 1969 1409 eﬁ'usus

384 1440 484 1483 est.
533 1428 807 1484 Ostendisti
840 1433 972 1500 plebi
1000 1443 1102 1490 tua:
1128 1436 1255 1490 dura
1282 1454 1300 1491 :
1327 1442 1511 1508 potasti
1537 1456 1627 1495 nos
1654 1442 1764 1495 vino
1788 1443 1967 1496 stimu-

382 1517 606 1573 tationis.
629 1520 764 1587 Quid
776 1532 876 1587 est,
895 1524 1249 1581 stimulationis
1266 1529 1291 1582 ?
1308 1527 1422 1582 Non
1437 1531 1833 1601 peremptionis.
1850 1531 1964 1585 Non

383 1611 524 1665 enim
568 1622 684 1666 erat
716 1616 1011 1685 peremptiu
1049 1617 1312 1686 perdens,
1345 1620 1439 1675 sed
1480 1622 1740 1677 medicina
1782 1638 1963 1677 urens.

383 1698 581 1755 Potasti
605 1718 695 1756 nos
720 1704 832 1758 vino
858 1706 1232 1762 stimulationis.

451 1793 505 1848 6.
538 1792 688 1866 [εει-ε.
716 1794 793 1868 6.]
824 1796 997 1863 Quare
1017 1798 1158 1855 hoc?
1183 1798 1378 1855 Dedisti
1399 1804 1721 1856 metuentibus
1742 1812 1788 1858 te
1807 1806 1965 1875 signi-

380 1883 660 1951 ﬁcationem
678 1926 693 1952 ,
723 1895 777 1939 ut
805 1887 1003 1958 fugiant
1031 1905 1063 1941 a
1091 1890 1221 1960 facie
1248 1908 1416 1946 arcus.
1448 1892 1549 1947 Per
1576 1893 1961 1963 tribulationes,

380 1974 571 2044 inquit,
600 1977 939 2047 temporales,
967 1979 1275 2050 signiﬁcasti
1302 1982 1404 2037 tuis
1434 1982 1613 2055 fugere
1637 1984 1704 2039 ab
1725 1986 1799 2040 ira
1828 1987 1963 2058 ignis

376 2064 706 2133 sempiterni.
748 2067 883 2122 Dicit
910 2069 1053 2124 enim
1081 2072 1350 2141 apostolus
1377 2072 1568 2129 Petrus
1598 2092 1611 2128 :
1645 2074 1862 2147 Tempus
1891 2088 1963 2131 est

374 2164 428 2207 ut
442 2156 697 2225 judicium
716 2158 924 2229 incipiat
947 2177 979 2213 a
999 2160 1149 2215 domo
1170 2162 1283 2216 Dei.
1308 2162 1374 2218 Et
1394 2164 1682 2221 exhortans
1703 2176 1961 2238 martyres

374 2244 440 2298 ad
472 2246 840 2314 tolerantiam,
867 2265 990 2305 cum
1020 2252 1231 2307 szeviret
1265 2253 1522 2322 mundus,
1554 2270 1676 2310 cum
1702 2266 1904 2325 strages
1929 2273 1960 2313 a

377 2338 801 2403 persecutoribus
822 2339 1029 2407 ﬁerent,
1052 2357 1171 2397 cum
1193 2342 1347 2414 longe
1368 2343 1577 2415 lateque
1598 2346 1810 2417 sanguis
1832 2348 1962 2403 ﬁde-

374 2423 500 2479 lium
531 2427 857 2490 funderetur.
884 2445 1004 2485 cum
1028 2432 1077 2485 in
1098 2433 1321 2499 catenis,
1353 2434 1403 2487 in
1426 2436 1747 2501 carceribus,
1773 2438 1823 2491 in
1849 2448 1959 2493 tor-

373 2518 600 2584 mentis,
634 2519 798 2573 multa
839 2520 971 2575 dura
999 2520 1284 2577 Christiani
1314 2533 1652 2593 paterentur;
1698 2543 1766 2582 ne
1793 2527 1844 2582 in
1878 2528 1958 2584 his

371 2624 498 2679 ergo
526 2609 671 2664 duris
701 2610 991 2667 deﬁcerent
1010 2655 1025 2680 ,
1054 2629 1146 2669 eos
1174 2614 1458 2685 alloquitur
1482 2616 1670 2671 Petrus
1697 2635 1709 2671 :
1743 2616 1959 2688 Tempus

370 2712 440 2755 est
468 2713 520 2755 ut
539 2703 795 2773 judicium
818 2705 1024 2775 incipiat
1046 2721 1078 2758 a
1104 2706 1253 2759 domo
1280 2705 1411 2770 Dei;
1440 2715 1484 2761 et
1509 2708 1553 2761 si
1579 2708 1777 2763 initium
1803 2726 1834 2762 a
1861 2727 1956 2764 no-

371 2794 464 2859 bis,
495 2794 658 2863 qualis
684 2795 800 2863 ﬁnis
830 2796 921 2849 erit
947 2802 1017 2849 eis
1045 2797 1132 2867 qui
1159 2813 1259 2850 non
1283 2798 1491 2851 credunt
1522 2798 1613 2853 Dei
1643 2796 1959 2872 Evangelia?

370 2892 416 2936 et
441 2884 484 2936 si
500 2885 674 2954 justus
703 2885 786 2938 vix
812 2887 982 2939 salvus
1008 2888 1122 2953 erit,
1156 2898 1385 2957 peccator
1413 2899 1460 2942 et
1487 2890 1672 2960 impius
1696 2892 1781 2945 ubi
1806 2910 1955 2962 pare-

368 2976 489 3029 bunt
537 2975 587 3048 (l
620 2975 758 3031 Petr.
794 2994 875 3045 iv,
906 2978 1002 3045 17,
1034 2979 1159 3051 l8)?
1188 2979 1324 3048 Quid
1364 2996 1496 3053 ergo
1526 2982 1759 3038 futurum
1790 2996 1871 3041 est
1900 2985 1954 3042 in

362 3066 600 3137 judicio?
625 3067 793 3122 Arcus
820 3078 899 3123 est
930 3079 1211 3138 extentus;
1248 3070 1419 3128 adhuc
1454 3074 1505 3127 in
1544 3075 1955 3134 comminatione

364 3167 479 3221 est,
511 3158 743 3213 noiidum
776 3160 827 3213 in
860 3162 1285 3229 przesentatione.
1331 3164 1398 3218 Et
1438 3165 1614 3221 videte
1651 3167 1777 3236 quid
1804 3167 1873 3222 sit
1898 3168 1953 3224 in

364 3265 510 3304 arcu.
539 3250 725 3306 Nonne
755 3255 942 3322 sagitta
983 3253 1035 3307 in
1076 3254 1250 3323 priora
1295 3256 1548 3311 mittenda
1589 3260 1708 3313 est?
1746 3258 1952 3317 Nervus

366 3348 539 3395 tamen
580 3351 725 3395 retro
757 3342 987 3399 tenditur
1016 3343 1067 3397 in
1098 3351 1420 3401 contrarium
1448 3364 1550 3417 qua
1581 3346 1665 3402 illa
1694 3350 1950 3407 mittenda

362 3443 477 3499 est;
508 3442 562 3488 et
587 3445 783 3503 quanto
808 3436 926 3505 plus
954 3436 1073 3490 ierit
1094 3438 1208 3506 ejus
1232 3442 1471 3495 extensio
1494 3452 1804 3509 retrorsum,
1832 3455 1949 3500 tan-

364 3533 418 3579 to
448 3525 651 3594 majore
694 3526 889 3597 impetu
930 3528 1018 3583 illa
1044 3532 1208 3585 currit
1237 3531 1285 3585 in
1317 3535 1511 3601 priora.
1541 3536 1675 3600 Quid
1702 3539 1947 3608 estquod

362 3618 515 3673 dixi?
542 3620 750 3687 Quanto
777 3622 945 3693 magis
969 3622 1209 3678 diliertur
1237 3625 1529 3694 judicium,
1558 3638 1704 3683 tanto
1746 3633 1949 3698 majore

361 3711 561 3781 impetu
589 3722 863 3767 venturum
892 3724 994 3768 est.
1029 3708 1167 3785 Ergo
1196 3726 1249 3770 et
1275 3716 1341 3771 de
1368 3720 1749 3786 temporalibus
1780 3722 1950 3776 tribu-

358 3804 643 3859 lationibus
668 3807 863 3876 gratias
890 3806 999 3861 Deo
1028 3822 1245 3877 agamus
1264 3849 1279 3875 ,
1310 3807 1431 3877 quia
1473 3810 1618 3864 dedit
1658 3811 1796 3880 plebi
1835 3828 1947 3868 sua:

357 3895 796 3965 signiﬁcationem
817 3939 830 3963 ,
860 3907 910 3949 ut
941 3898 1135 3968 fugiant
1162 3915 1192 3951 α
1219 3900 1347 3967 [acie
1373 3917 1520 3954 arcus
1549 3917 1566 3954 :
1592 3911 1647 3955 ut
1672 3904 1943 3958 exercitati

358 3989 545 4043 ﬁdeles
572 3991 685 4057 ejus
714 3992 763 4043 in
794 3990 1218 4047 tribulationibus
1246 3995 1641 4063 temporalibus,
1674 3996 1816 4067 digni
1838 4000 1944 4054 sint

357 4080 583 4135 evadere
602 4081 995 4135 damnationem
1019 4082 1153 4152 ignis
1180 4085 1385 4150 :eterni,
1413 4100 1530 4155 qua“:
1560 4087 1836 4142 inventura
1861 4099 1944 4145 est

354 4187 543 4225 omnes
568 4172 655 4242 qui
687 4174 782 4227 ista
816 4190 917 4226 non
946 4174 1187 4229 credunt.
1217 4173 1413 4231 Dedisti
1438 4179 1766 4234 metuentibus
1797 4189 1842 4234 te
1865 4181 1937 4235 si-

352 4262 745 4332 gniﬁcationem,
779 4272 830 4315 ut
856 4264 1056 4334 fugiant
1081 4282 1112 4318 a
1138 4267 1266 4336 facie
1289 4283 1455 4321 arcus.

427 4355 479 4407 7.
514 4351 661 4426 [vers.
693 4353 769 4425 7.]
805 4354 871 4409 Ut
899 4366 1141 4409 eruantur
1182 4356 1350 4412 dilecti
1385 4359 1478 4413 tui.
1513 4359 1722 4416 Salvum
1749 4379 1826 4416 me
1848 4363 1933 4432 [ac

353 4444 558 4496 dextera
584 4454 690 4510 tua,
721 4455 769 4497 et
792 4446 972 4499 exaudi
1000 4464 1095 4499 me.
1132 4446 1358 4503 Dextera
1388 4458 1471 4504 tua
1490 4492 1504 4516 ,
1540 4452 1761 4508 Domine
1781 4495 1796 4520 ,
1828 4455 1937 4509 sal-

349 4552 474 4589 vum
502 4552 586 4590 me
612 4536 692 4590 lac
717 4554 729 4590 :
758 4537 824 4590 ita
850 4539 1053 4592 salvum
1078 4556 1161 4594 me
1185 4540 1285 4606 lac,
1312 4550 1368 4596 ut
1391 4543 1456 4596 ad
1482 4543 1753 4600 dexteram
1776 4558 1933 4603 stem.

351 4627 567 4679 Salvam
594 4644 671 4679 me
696 4632 777 4698 fac
807 4627 1009 4681 rlvxtcru
1040 4640 1126 4681 tua
1159 4646 1176 4683 :
1206 4648 1308 4684 non
1338 4633 1556 4687 salutem
1590 4639 1935 4705 temporalem

342 4728 508 4788 'petu;
541 4720 606 4773 de
636 4719 733 4773 hac
766 4721 853 4772 ﬁat
881 4722 1121 4774 voluntas
1151 4731 1256 4774 tua.
1288 4724 1367 4776 Ad
1393 4734 1601 4794 tempus
1630 4727 1752 4796 quid
1782 4728 1934 4783 nobis

349 4812 551 4880 prosit,
583 4812 792 4881 penitus
835 4814 1172 4883 ignoramus;
1214 4816 1337 4884 quid
1382 4816 1523 4870 enim
1561 4834 1773 4875 oremus
1800 4822 1935 4876 sicut

344 4912 575 4970 oportet,
610 4904 876 4957 nescimus
905 4903 1079 4975 (Item.
1107 4921 1219 4971 vni,
1248 4904 1337 4976 26)
1371 4924 1383 4958 ε
1412 4906 1504 4961 sed
1534 4908 1727 4963 salvum
1754 4928 1832 4964 me
1851 4917 1933 4982 [ac

342 4996 551 5047 dextera
582 5004 667 5047 tua
688 5037 701 5061 ,
730 5004 788 5048 ut
822 4996 919 5049 etsi
963 4997 1014 5048 in
1048 5005 1285 5064 tempore
1316 4997 1416 5050 isto
1443 4999 1806 5057 tribulationis
1833 5003 1929 5057 ali-

343 5100 479 5153 quas
514 5086 709 5153 patiar,
748 5094 1011 5139 trausncta
1058 5095 1212 5140 nocte
1254 5087 1488 5141 omnium
1534 5089 1929 5148 tribulationum

341 5176 707 5249 ad’dexteram
740 5178 977 5230 inveniar
1021 5177 1161 5230 inter
1188 5191 1350 5238 oves,
1401 5194 1504 5231 non
1548 5179 1613 5232 ad
1659 5181 1928 5237 sinistram

344 5270 483 5319 inter
511 5266 710 5320 hmdus.
740 5268 946 5320 Salvum
974 5284 1050 5320 me
1076 5267 1159 5337 [ac
1185 5267 1389 5320 dextera
1417 5278 1521 5329 tua,
1546 5281 1592 5323 et
1620 5273 1805 5325 exaudi
1830 5291 1924 5329 me.

340 5360 473 5424 Quia
510 5358 619 5427 jam
658 5357 781 5411 illud
817 5369 937 5427 peto
966 5360 1107 5428 quod
1137 5359 1264 5412 dare
1299 5361 1412 5426 vis;
1458 5377 1559 5415 non
1592 5363 1763 5416 verbis
1793 5366 1926 5419 deli-

339 5461 551 5505 ctnrum
585 5468 819 5505 meorum
848 5454 1018 5506 clamo
1046 5468 1138 5522 per
1163 5452 1324 5515 diem,
1356 5464 1411 5505 ut
1440 5471 1542 5508 non
1569 5455 1840 5522 exaudias,
1871 5469 1927 5511 et

341 5555 497 5598 nocte
518 5546 561 5611 ²,
593 5555 645 5597 ιιι
674 5560 776 5596 nun
804 5544 1074 5608 cxaudias,
1107 5553 1159 5597 et
1189 5561 1291 5597 mm
1319 5544 1383 5597 ad
1412 5544 1763 5615 insipientiam
1795 5549 1923 5603 mihi

408 5744 421 5771 ι
446 5744 519 5791 sic
543 5748 647 5813 λιπες.
678 5748 726 5813 at
752 5741 885 5813 ιῖειει..
912 5752 1168 5813 expurges.
1304 5800 1334 5813 μ
1426 5812 1431 5813 ν
1570 5800 1585 5813 ι
1873 5804 1882 5813 ,

405 5807 424 5833 ¹
452 5812 497 5851 tu
525 5805 631 5851 t-Zdtl.
658 5806 795 5852 det-st
825 5804 916 5864 hic,
944 5800 990 5851 ut
1028 5800 1119 5851 nun
1151 5800 1388 5851 eraitdias
1417 5812 1435 5851 .'
1459 5800 1585 5864 quod
1608 5801 1849 5862 repetitur
1872 5804 1920 5852 in

343 5872 446 5913 MSS.

1525 416 1917 473 ENARRATIO
1956 418 2019 473 IN
2060 420 2378 479 PSALMUM
2416 425 2549 482 LlX.

3559 450 3658 501 718

2087 531 2255 623 (Ρεαι.
2283 551 2391 603 xxi,
2422 536 2477 603 2,
2510 538 2563 609 5)
2588 557 2601 604 ;
2630 542 2721 597 sed
2748 542 2925 616 utique
2954 545 3019 602 ad
3042 553 3538 623 commonitionem,
3567 570 3661 614 ad-

2080 622 2254 679 dendo
2280 642 2525 697 saporem
2556 630 2623 686 de
2650 634 2786 690 valle
2815 637 3125 706 salinarum,
3153 652 3209 696 ut
3237 642 3287 697 in
3321 646 3657 722 tribulatione

2081 716 2316 770 noverim
2358 719 2484 785 quid
2530 733 2705 790 petam
2736 742 2749 778 :
2780 736 2903 795 peto
2944 740 3120 785 autem
3161 734 3322 789 vitam
3367 716 3654 811 teternam;
3720 763 3726 769 ·

2079 817 2206 874 ergo
2232 807 2418 864 exaudi
2447 826 2564 878 me,
2598 815 2716 884 quia
2745 816 3013 874 dexteram
3049 830 3187 878 tuam
3219 835 3360 895 peto.
3398 807 3659 904 lntelligat

2077 914 2205 969 ergo
2248 900 2490 959 Charitas
2541 920 2715 965 vestra
2758 928 2969 969 omnem
3021 916 3229 974 lidclem
3272 921 3553 981 habentem
3573 900 3654 982 ⁷ἰιι

2077 990 2239 1046 corde
2277 994 2499 1050 verbum
2531 997 2656 1066 Dei,
2699 1018 2820 1057 cum
2862 1006 3050 1063 timore
3094 1010 3365 1076 timentem
3398 1015 3657 1085 judicium

2076 1081 2346 1153 futurum,
2379 1089 2647 1145 viventem
2695 1096 3067 1167 probabiliter,
3100 1119 3166 1159 ne
3194 1104 3260 1160 de
3289 1107 3380 1162 illo
3399 1081 3649 1180 blasphe-

2076 1181 2251 1228 metur
2285 1192 2479 1233 nomen
2518 1191 2756 1238 sanctum
2787 1186 2993 1244 Domini
3020 1192 3162 1262 ejus,
3194 1197 3655 1272 multadeprecnri

2075 1267 2366 1321 secundum
2393 1273 2665 1339 sarculum,
2694 1284 2748 1330 et
2775 1294 2877 1333 non
2902 1284 3173 1351 exaudiri;
3204 1288 3268 1342 ad
3298 1267 3653 1349 vitam-autem

2074 1366 2328 1413 anernam
2359 1376 2569 1432 semper
2594 1369 2849 1424 exaudiri.
2888 1373 3015 1439 Quis
3055 1379 3195 1433 enim
3234 1383 3511 1439 sanitatem
3544 1402 3651 1442 non

2074 1458 2251 1517 petat,
2280 1466 2399 1505 cum
2430 1461 2688 1524 aegrotat?
2720 1460 2784 1514 Et
2820 1473 2992 1519 tamen
3026 1466 3159 1523 forte
3196 1470 3367 1528 adhuc
3395 1488 3652 1544 aegrotare

2072 1540 2120 1593 ei
2149 1542 2274 1598 utile
2312 1554 2412 1599 est.
2448 1546 2627 1629 Potest
2662 1550 2774 1606 ﬁeri
2805 1564 2862 1607 ut
2888 1554 3011 1613 hinc
3040 1575 3144 1615 non
3174 1540 3472 1623 exaudiaris
3500 1587 3512 1621 :
3544 1586 3647 1625 non

2073 1642 2250 1688 tamen
2280 1638 2547 1706 exaudiris
2575 1642 2640 1696 ad
2667 1645 3011 1716 voluntatem,
3042 1662 3099 1706 ut
3125 1656 3422 1714 exaudiaris
3447 1661 3512 1716 ad
3544 1666 3648 1718 uti—

2071 1722 2290 1779 litatem.
2333 1727 2403 1781 At
2445 1744 2572 1785 vero
2613 1747 2733 1788 cum
2778 1736 2904 1793 illud
2948 1742 3112 1808 petis,
3159 1754 3216 1799 ut
3250 1746 3338 1803 det
3365 1751 3458 1807 tibi
3485 1753 3646 1808 vitam

2070 1823 2323 1871 mlernam
2351 1818 2508 1887 Deus,
2538 1833 2594 1876 ut
2617 1823 2704 1879 det
2735 1827 2825 1881 tibi
2854 1844 3075 1900 regnum
3099 1837 3356 1893 caelorum
3385 1841 3552 1910 Deus,
3588 1856 3646 1899 ut

2068 1903 2159 1959 det
2188 1907 2280 1961 tibi
2306 1908 2374 1963 ad
2399 1910 2670 1970 dexteram
2696 1917 2811 1973 Filii
2838 1923 2919 1976 sui
2948 1934 3112 1996 Stare,
3129 1944 3249 1985 cum
3277 1937 3480 1991 venerit
3500 1903 3647 2007 judi‘

2068 2010 2191 2052 care
2218 2009 2445 2068 terram;
2474 2019 2694 2064 securus
2721 2020 2869 2079 esto;
2898 2018 3144 2088 accipies,
3173 2021 3219 2078 si
3245 2026 3405 2082 modo
3430 2045 3534 2084 non
3556 2047 3645 2086 ac-

2067 2088 2200 2158 cipis
2229 2107 2242 2144 :
2275 2107 2381 2147 non
2406 2096 2547 2151 enim
2572 2098 2682 2167 jam
2710 2104 2854 2159 venit
2884 2113 3091 2178 tempus
3116 2121 3173 2166 ut
3194 2117 3441 2187 accipias.
3465 2121 3643 2177 Exau-

2067 2178 2218 2245 diris,
2235 2192 2306 2237 .et
2335 2187 2510 2241 nescis
2539 2206 2552 2243 :
2581 2192 2720 2261 quod
2746 2195 2884 2262 petis
2910 2198 3102 2269 agitur,
3133 2205 3233 2258 etsi
3261 2178 3434 2263 neseis
3459 2210 3511 2264 in
3539 2227 3644 2281 quo

2063 2271 2257 2341 agitur.
2286 2274 2344 2329 In
2376 2278 2553 2336 radice
2594 2298 2679 2338 res
2716 2295 2799 2341 est
2817 2328 2833 2355 ,
2860 2292 3096 2350 nondum
3126 2296 3180 2351 in
3209 2297 3400 2357 fructu.
3428 2271 3643 2360 Saluum

2065 2379 2145 2418 me
2169 2369 2252 2434 [ac
2277 2367 2480 2423 dextera
2507 2382 2613 2439 tua,
2642 2384 2687 2429 et
2710 2380 2896 2434 exaudi
2921 2400 3018 2438 me.

2134 2457 2187 2513 8.
2220 2455 2368 2530 [vers.
2395 2461 2473 2534 8.]
2500 2462 2636 2520 Deus
2662 2468 2859 2526 locutus
2884 2484 2958 2528 est
2984 2476 3037 2531 in
3064 2490 3238 2535 sancto
3265 2500 3375 2539 suo.
3410 2485 3546 2554 Quid
3575 2491 3643 2543 ti-

2062 2562 2178 2603 mes
2219 2565 2288 2606 ne
2328 2566 2435 2608 non
2480 2555 2569 2610 ﬁat
2611 2561 2753 2628 quod
2781 2562 2920 2620 Deus
2954 2566 3159 2624 locutus
3186 2574 3306 2628 est?
3334 2576 3391 2632 Si
3419 2578 3643 2637 haberes

2062 2639 2291 2709 aliquem
2321 2660 2534 2713 gravem
2564 2651 2791 2707 amicum
2821 2664 2875 2710 et
2909 2660 3237 2731 sapientem,
3268 2672 3534 2737 quomodo
3562 2674 3643 2729 di—

2060 2734 2252 2788 ceres?
2282 2734 2372 2790 llle
2397 2737 2605 2795 locutus
2632 2751 2715 2797 est
2742 2743 2888 2811 haec,
2917 2747 3008 2805 ﬁat
3032 2768 3253 2812 necesse
3280 2734 3363 2815 est
3397 2764 3534 2832 quod
3564 2766 3643 2819 lo-

2059 2832 2215 2880 cutus
2242 2838 2325 2883 est
2353 2845 2369 2883 :
2395 2829 2475 2884 vir
2499 2834 2676 2902 gravis
2706 2844 2787 2892 est
2805 2880 2821 2905 ,
2850 2840 3197 2903 non'lcvitate
3225 2829 3540 2920 utitur,—non
3566 2859 3641 2915 fa-

2059 2915 2161 2970 cile
2186 2916 2253 2972 de
2276 2923 2539 2978 sententia
2565 2925 2881 2996 dimovetur,
2910 2936 3049 3003 quod
3076 2941 3319 3007 promisit
3349 2915 3508 3012 ﬁxum
3535 2963 3636 3006 est.

2060 3005 2163 3060 Sed
2212 3018 2383 3065 tamen
2425 3012 2586 3069 homo
2623 3029 2738 3084 est,
2768 3022 2859 3091 qui
2888 3005 3173 3096 aliquando
3216 3036 3355 3103 quod
3398 3006 3641 3108 promisit

2057 3097 2233 3155 facere
2269 3102 2409 3169 vult,
2438 3115 2493 3160 et
2531 3122 2635 3162 non
2667 3120 2860 3179 potest.
2906 3115 2982 3172 De
3021 3119 3131 3175 Deo
3159 3097 3264 3179 non
3294 3097 3542 3200 estquod
3580 3097 3637 3192 tu

2059 3191 2280 3247 timeas:
2309 3196 2429 3263 quia
2456 3212 2610 3253 verax
2633 3212 2734 3269 est,
2757 3215 2998 3275 constat;
3026 3212 3146 3282 quia
3172 3191 3508 3288 omnipotens
3533 3235 3635 3291 est,

2055 3293 2293 3350 constat;
2326 3286 2507 3345 fallere
2533 3299 2584 3346 te
2605 3309 2707 3347 non
2729 3306 2924 3368 potest,
2953 3300 3115 3361 habet
3135 3308 3276 3366 unde
3301 3286 3475 3370 faciat.
3499 3286 3635 3385 Quid

2054 3388 2182 3445 ergo
2227 3377 2382 3434 times
2422 3397 2491 3437 ne
2531 3383 2852 3454 decipiaris?
2878 3392 3025 3463 Opus
3049 3407 3132 3453 est
3159 3409 3213 3454 ut
3243 3412 3295 3455 tu
3328 3413 3378 3460 te
3403 3377 3637 3466 non-vde-

2053 3466 2238 3534 eipias,
2268 3479 2323 3524 et
2349 3487 2655 3539 perseveres
2683 3494 2847 3550 usque
2873 3484 2927 3537 in
2954 3485 3133 3556 ﬁnem,
3162 3507 3283 3548 cum
3309 3496 3529 3556 daturus
3551 3472 3635 3560 est

2053 3558 2192 3625 quod
2220 3564 2479 3629 promisit.
2507 3565 2646 3623 Deus
2673 3570 2871 3627 locutus
2903 3587 2976 3631 est
3012 3579 3065 3633 in
3089 3596 3263 3638 sancto
3289 3605 3401 3643 suo.
3442 3592 3498 3646 ln
3527 3558 3634 3665 quo

2051 3659 2225 3704 sancto
2249 3669 2340 3706 suo
2361 3654 2387 3707 ?
2416 3655 2549 3711 Deus
2574 3669 2678 3713 erat
2704 3663 2758 3715 in
2783 3662 3001 3733 Christo,
3033 3675 3275 3729 mundum
3304 3654 3632 3743 reconcilians

2051 3742 2143 3836 sibi
2172 3742 2379 3836 (ll‘Cor.
2409 3762 2464 3811 v,
2493 3748 2605 3818 19).
2635 3750 2689 3805 1η
2721 3767 2907 3813 sancto
2937 3760 3057 3828 illo,
3088 3763 3155 3820 de
3194 3785 3299 3836 quo
3326 3774 3452 3831 alibi
3480 3742 3631 3835 audi;

2050 3832 2147 3886 stis
2175 3849 2188 3884 :
2219 3833 2356 3889 Deus
2379 3836 2431 3891 in
2455 3851 2629 3895 sancto
2666 3843 2746 3897 via
2787 3856 2875 3901 tua
2913 3849 3082 3920 (Psal.
3113 3832 3270 3913 LXX."
3291 3901 3306 3927 ,
3337 3865 3449 3937 14).
3490 3832 3630 3925 De—us

2050 3922 2244 3978 locutus
2270 3937 2343 3980 est
2370 3929 2423 3981 in
2451 3942 2625 3987 sancto
2653 3952 2766 3989 suo.
2810 3937 3044 3996 Laztabor
3062 3986 3077 4013 ,
3116 3957 3161 4002 et
3198 3922 3423 4009 diuidam
3453 3922 3627 4014 Sic/ii:-

2048 4028 2200 4066 mam.
2233 4016 2363 4084 Quia
2390 4019 2529 4075 Deus
2559 4022 2662 4078 hoc
2696 4026 2902 4085 locutus
2936 4043 3053 4099 est,
3082 4038 3172 4093 ﬁet
3203 4059 3218 4094 :
3252 4059 3350 4098 vox
3376 4047 3627 4107 Ecclesia:

2046 4115 2148 4172 est,
2170 4106 2309 4164 Deus
2333 4110 2526 4169 locutus
2547 4127 2617 4170 est
2638 4118 2691 4172 in
2711 4132 2883 4177 sancto
2902 4142 3011 4181 suo.
3035 4129 3150 4185 Non
3176 4136 3336 4192 verba
3357 4139 3485 4195 dicit
3507 4160 3626 4214 qtue

1962 4252 1969 4259 _
2047 4196 2186 4254 Deus
2232 4200 2439 4258 locutus
2480 4215 2593 4273 est;
2641 4210 2735 4266 sed
2778 4216 3027 4283 quoniam
3073 4220 3209 4277 Deus
3248 4227 3444 4284 locutus
3472 4196 3543 4286 esi
3572 4236 3625 4290 in

2042 4301 2217 4344 sancto
2245 4309 2337 4346 suo
2356 4333 2371 4360 ,
2403 4310 2505 4351 nec
2531 4297 2644 4354 ﬁeri
2675 4302 2872 4373 aliquid
2902 4318 3112 4378 potest,
3145 4314 3245 4369 nisi
3275 4320 3625 4386 quemadmo-

2043 4378 2168 4435 dum
2202 4382 2406 4439 locutus
2445 4396 2529 4442 est
2556 4389 2726 4458 Deus,
2758 4409 3147 4468 consequenter
3188 4404 3289 4461 ista
3331 4411 3618 4473 eveniunt:

2042 4470 2294 4540 Laztabor,
2318 4485 2363 4530 et
2390 4478 2611 4535 dividam
2632 4484 2934 4553 Sic/timum,
2956 4502 3004 4545 et
3029 4496 3305 4551 convallem
3329 4470 3623 4559 tabernam;-

2042 4563 2204 4618 lorum
2245 4568 2493 4625 dimetiar.
2531 4572 2762 4631 Siehima
2806 4579 3023 4637 llumeri
3059 4585 3486 4657 interpretantur.
3520 4596 3621 4653 Se-

2040 4657 2271 4713 cundum
2299 4660 2570 4719 historiam
2594 4683 2742 4733 vero,
2765 4670 2926 4728 Jacob
2947 4675 3159 4731 rediens
3182 4694 3211 4732 a
3232 4680 3411 4739 Lahan
3430 4701 3622 4746 socero

2038 4763 2136 4803 suo
2173 4765 2291 4806 cum
2331 4756 2575 4813 omnibus
2615 4761 2759 4827 suis,
2801 4764 3076 4821 abscondit
3115 4768 3251 4827 idola
3295 4774 3347 4830 in
3385 4776 3616 4847 Siehima

2038 4856 2155 4934 qua:
2186 4842 2413 4901 habebat
2441 4848 2508 4903 de
2533 4848 2713 4921 Syria,
2748 4854 2831 4907 ubi
2864 4854 2951 4909 diu
2982 4863 3367 4934 peregrinatus,
3402 4842 3615 4928 tandem

2034 4932 2321 5003 aliquando
2348 4938 2469 4993 inde
2494 4941 2736 4995 veniebat
2768 4943 2917 5013 (Gen.
2948 4964 3116 5017 xxxv,
3144 4953 3223 5022 4).
3254 4932 3613 5017 'l'abernaeula

2035 5035 2209 5081 autem
2243 5029 2365 5084 fecit
2394 5031 2461 5084 ibi
2493 5042 2710 5101 prOpter
2740 5052 2867 5091 oves
2896 5054 3017 5094 suas
3051 5053 3106 5096 et
3133 5058 3371 5104 armenta
3390 5091 3407 5118 ,
3436 5062 3491 5107 et
3518 5070 3614 5123 ap-

2034 5116 2250 5186 pellavit
2280 5118 2453 5173 locum
2486 5121 2633 5176 illum
2668 5123 3009 5183 Tubcrttacula
3038 5132 3146 5203 (Id.
3179 5152 3372 5206 χχχιιι,
3393 5116 3514 5214 717).
3550 5116 3614 5198 lit

2035 5209 2150 5263 haec
2175 5210 2404 5266 dividam
2425 5254 2440 5278 ,
2473 5214 2641 5283 inquit
2664 5216 2922 5274 Ecclesia.
2951 5222 3085 5291 Quid
3118 5236 3199 5281 est
3226 5228 3354 5296 hoc,
3389 5209 3611 5287 dividam

2034 5300 2359 5357 Sic/timum?
2385 5306 2438 5360 Si
2469 5308 2532 5360 ad
2561 5307 2836 5366 historiam
2866 5315 2949 5369 ubi
2976 5317 3282 5376 abscondita
3307 5336 3431 5379 sunt
3470 5328 3607 5383 idola

2032 5396 2309 5457 referatur,
2342 5397 2537 5453 Gentes
2566 5402 2840 5473 signiﬁcat.
2874 5407 3059 5464 Divido
3087 5411 3302 5467 Gentes.
3337 5416 3471 5484 Quid
3503 5432 3604 5483 est,

2029 5483 2245 5539 divido?
2270 5486 2384 5541 Non
2410 5491 2550 5543 enim
2579 5496 2813 5548 onmiuin
2843 5507 2923 5552 est
2950 5500 3079 5555 ﬁdes
3106 5502 3179 5572 (ll
3207 5483 3383 5560 Thess.
3416 5524 3494 5572 ιιι,
3523 5510 3602 5581 2).

2027 5578 2163 5647 Quid
2194 5588 2269 5634 est
2300 5581 2515 5638 divido?
2555 5585 2658 5639 Alii
2688 5589 2934 5652 eredeut,
2964 5593 3051 5647 alii
3085 5609 3185 5649 n0n
3217 5598 3435 5653 credent
3464 5619 3477 5654 :
3508 5578 3600 5658 sed

2029 5680 2205 5724 tamen
2243 5687 2344 5725 non
2383 5672 2602 5729 timeant
2641 5678 2727 5745 qui
2766 5680 3020 5746 credunt,
3051 5684 3186 5738 inter
3222 5686 3340 5741 illos
3376 5692 3467 5759 qui
3495 5708 3599 5747 non

2025 5765 2267 5819 credunt.
2301 5766 2458 5819 Divisi
2490 5776 2615 5822 sunt
2640 5770 2778 5823 enim
2807 5787 2943 5825 nunc
2973 5772 3110 5837 ﬁde;
3145 5788 3324 5843 postea
3361 5781 3601 5839 dividen-

2033 5864 2115 5911 tur
2148 5858 2195 5911 in
2222 5856 2419 5926 judicio
2439 5898 2452 5925 ,
2485 5873 2613 5915 oves
2644 5860 2706 5914 ad
2738 5861 3035 5931 dexteram,
3067 5863 3202 5926 ha-di
3230 5871 3294 5925 ad
3330 5874 3595 5932 sinistram
