4022 6200
402 301 522 356 Ἳ-ιτδ

398 416 628 484 {Man/2.
657 430 780 485 xxv,
804 416 915 481 53).
945 413 1081 469 Ecce
1106 412 1404 468 invenimus
1422 409 1865 482 quemadmodum
1887 410 1991 465 Ec-

394 511 577 564 -‘t'it‘Sla
615 508 812 561 dividat
844 504 1153 561 Siehimatn.
1184 503 1464 572 Quomodo
1491 503 1679 558 dividit
1698 504 1987 569 ‘humeros,

420 586 708 656 sectandum
739 600 971 655 nominis
995 596 1521 669 interpretationem?
1553 594 1993 652 Dividuntur'hu-

414 694 548 749 tacti
570 734 583 757 ,
616 702 669 746 ιιι
697 691 830 765 alios
866 700 1086 761 gravent
1120 698 1339 760 peccata
1366 702 1491 755 sua,
1521 686 1609 742 alii
1648 687 1837 742 tollant
1875 701 1993 741 sar-

414 788 584 836 vittam
626 781 845 837 Cltristi.‘
875 781 1137 836 llumeros
1183 780 1326 836 enim
1371 778 1486 850 pios
1529 776 1827 849 qmcrebat,
1869 780 2031 831 emn'

412 874 614 928 iiii-cret
640 872 873 944 {Iugum
911 872 1043 926 enim
1078 888 1245 926 meum
1278 871 1395 926 lene
1428 879 1534 932 est,
1570 878 1619 923 et
1654 869 1855 923 sarcina
1883 884 1993 921 mea

412 966 531 1018 huis
560 973 631 1019 est
663 963 769 1032 (Id.
800 979 883 1026 χι.
912 962 1024 1035 '50).
1054 963 1171 1017 Alia
1198 963 1406 1017 sarcina
1434 959 1626 1030 prentit
1657 966 1712 1013 ct
1736 964 1993 1029 aggravet

414 1065 501 1120 te;
535 1056 728 1111 Christi
775 1065 950 1111 autem
998 1055 1203 1109 sarcina
1233 1052 1473 1107 sublevat
1501 1061 1553 1106 te
1590 1068 1604 1107 :
1642 1050 1743 1105 alia
1784 1051 1988 1106 sarcina

396 1149 617 1218 pondus
643 1131 836 1214 habet;
863 1147 1060 1204 Christi
1088 1145 1297 1202 sarcina
1329 1157 1530 1214 pennas
1560 1141 1735 1199 habet.
1776 1141 1906 1197 Nam
1934 1148 1985 1197 et

394 1242 492 1295 Lavi
541 1239 586 1296 si
633 1254 835 1310 pennas
878 1237 1162 1303 detrahas,
1212 1235 1362 1306 quasi
1407 1249 1542 1290 onus
1584 1233 1760 1299 tollis;
1793 1242 1848 1288 et
1884 1248 1990 1303 quo

328 1316 345 1323 ”
411 1332 578 1403 magis
620 1345 756 1389 onus
796 1328 1088 1393 abstulisti,
1121 1340 1188 1381 eo
1213 1325 1380 1397 magis
1409 1325 1461 1379 in
1492 1332 1631 1380 terra
1666 1322 1985 1379 remanebit.

406 1422 577 1488 Quam
607 1426 901 1476 exonerare
925 1417 1171 1485 voluisti,
1198 1415 1342 1488 jacet
1368 1432 1382 1470 :
1412 1429 1517 1470 non
1549 1414 1725 1479 volat,
1750 1413 1872 1484 quia
1901 1422 1989 1469 tu-

406 1515 513 1568 listi
554 1528 724 1577 onus;
770 1512 951 1567 redeat
993 1526 1163 1573 onus.
1198 1518 1254 1565 et
1280 1508 1443 1563 volat.
1484 1506 1626 1562 Talis
1668 1514 1752 1562 est
1789 1503 1987 1562 Christi

405 1607 632 1659 sarcina.
667 1604 884 1659 Portent'
914 1602 1058 1658 illam
1086 1600 1366 1663 homines;
1398 1614 1503 1653 non
1534 1598 1642 1654 sint
1668 1596 1798 1667 pigri
1832 1615 1845 1650 :
1878 1610 1984 1652 non

403 1695 742 1749 attenduntur
763 1695 835 1748 illi
859 1693 946 1764 qui
969 1706 1085 1748 eam
1110 1690 1255 1747 ferre
1278 1689 1501 1751 nolunt;
1526 1689 1700 1744 ierant
1725 1687 1869 1743 illam
1894 1689 1985 1761 qui

404 1786 617 1848 volunt,
649 1794 703 1839 et
747 1783 1013 1838 invenient
1047 1796 1209 1852 quam
1256 1779 1326 1835 sit
1371 1779 1536 1844 levis,
1580 1793 1738 1849 quam
1783 1774 2001 1847 suavis,‘

400 1891 558 1945 quam
580 1873 832 1945 jucunda,
859 1887 1017 1945 quam
1040 1871 1252 1942 rapiens
1278 1871 1331 1925 in
1356 1868 1548 1925 omium
1578 1877 1633 1923 et
1657 1882 1688 1922 a
1712 1876 1854 1924 terra
1879 1870 1984 1924 eri-

402 1938 554 2036 j-icns
576 1938 617 2020 ί.
644 1938 892 2020 Dividam
912 1938 1192 2020 Sicliimam
1210 2005 1225 2031 ,
1254 1971 1300 2017 el
1324 1961 1599 2016 convallem
1627 1960 1980 2017 tabernaculo-

401 2074 513 2110 rum
540 2056 793 2110 dimetiar.
816 2054 981 2110 Forte
1009 2062 1228 2124 propter
1254 2067 1383 2108 oves
1408 2050 1594 2112 Iacob.
1623 2051 1879 2105 convallis
1903 2059 1981 2106 ta-

400 2149 805 2203 hrrnnculorttm
836 2145 1148 2217 intelligitur
1171 2159 1305 2214 gens
1326 2142 1652 2211 Judazorum,
1683 2152 1739 2198 et
1765 2143 1877 2213 ipsa
1901 2142 1983 2198 di-

398 2242 592 2295 viditnr
630 2258 644 2293 :
682 2255 807 2294 nam
824 2238 1157 2293 transierunt
1183 2235 1307 2292 inde
1334 2235 1424 2308 qui
1450 2232 1823 2301 crediderant;
1852 2233 1980 2290 foris

373 2322 410 2384 ἰ
425 2331 583 2399 υΙὶ.ιιιί
613 2337 1006 2387 remanserunt.

465 2433 518 2475 ιι.
549 2424 699 2497 [υρνε.
723 2421 802 2496 9.]
829 2420 976 2477 Meus
994 2430 1069 2476 est
1087 2418 1308 2476 Galaad.
1330 2417 1552 2474 Nomina
1576 2427 1700 2474 sunt
1719 2418 1817 2474 ista
1841 2417 1975 2475 lecta

394 2521 446 2572 in
472 2518 683 2573 l.7tteris
702 2518 821 2573 Dei.
841 2515 1049 2572 ’Galaad
1077 2514 1238 2570 habet
1266 2511 1720 2584 interpretationis
1747 2526 1857 2568 sua:
1879 2513 1976 2568 voi-

392 2633 410 2659 r
425 2629 509 2665 em
531 2621 583 2665 ct
603 2610 774 2681 magni
797 2608 1113 2664 sacramenti
1140 2625 1153 2662 :
1176 2606 1555 2677 interpretatur
1573 2603 1721 2661 enim
1736 2605 1975 2662 Acervus

395 2704 715 2763 ιυςιῑηιοηϋ.⁸
725 2702 965 2771 Quantus
986 2712 1210 2756 acervus
1231 2697 1518 2755 testimonii
1542 2696 1595 2752 in
1617 2695 1973 2767 martyribus?

394 2797 540 2850 ﬁlim
568 2806 638 2850 cst
665 2794 910 2851 Gulaad'.’
939 2807 1090 2849 meus
1127 2800 1211 2847 est
1253 2805 1477 2847 acervus
1514 2788 1836 2857 testimonii,
1863 2788 1969 2845 mei

390 2901 511 2941 sum
540 2889 796 2959 Martyres
821 2883 954 2941 veri.
987 2884 1280 2939 Moriamur
1304 2883 1391 2937 alii
1413 2884 1434 2915 ¹
1462 2896 1558 2953 pro
1582 2888 1790 2937 vetusta
1814 2883 1970 2938 vani-

386 2989 496 3033 tati:
542 2993 637 3032 sua
686 2978 801 3031 sine
845 2975 987 3040 sale;
1020 2972 1273 3043 numquid
1312 2972 1582 3043 pertinent
1616 2972 1683 3026 ad
1717 2987 1966 3027 acervum

389 3068 715 3122 testimonii?
743 3066 876 3134 Quia
913 3073 968 3119 et
1004 3065 1048 3119 si
1086 3061 1357 3118 tradidero
1386 3075 1582 3131 corpus
1607 3076 1783 3118 meum
1810 3062 1881 3116 ita
1911 3071 1969 3118 ttt

387 3155 978 3217 arth-am.charitatem
1017 3159 1195 3206 autent
1241 3165 1346 3205 non
1386 3148 1645 3218 habeam,
1676 3149 1808 3206 nihil
1835 3151 1967 3207 mihi

387 3244 607 3317 prodest
632 3246 677 3318 (Ι
701 3246 820 3301 Cor.
846 3259 962 3311 xm,
989 3242 1070 3316 5).
1096 3242 1232 3299 Cum
1257 3250 1433 3297 autem
1458 3240 1686 3312 quodam
1710 3240 1830 3297 loco
1848 3256 1966 3298 rno-

387 3328 537 3397 nri-et
567 3338 821 3394 Dominus
855 3336 924 3392 de
958 3349 1089 3407 pace
1122 3331 1399 3390 retinenda
1419 3373 1435 3397 ,
1464 3332 1723 3403 praemisit
1755 3333 1962 3390 salem:

386 3430 840 3503 llabete,‘inquit,
870 3430 925 3483 in
958 3429 1097 3483 vobis
1128 3428 1318 3492 salem,
1350 3435 1395 3480 et
1434 3441 1608 3496 pacem
1637 3425 1812 3481 habete
1835 3426 1966 3480 inter

385 3545 470 3583 ros
499 3526 687 3599 (Marc.
711 3540 796 3591 ts,
823 3522 936 3595 49).
980 3521 1150 3591 Ergo,
1186 3518 1333 3574 Mens
1362 3528 1433 3573 est
1458 3516 1657 3573 Calaad
1692 3534 1710 3573 :
1744 3517 1838 3573 sed
1859 3518 1966 3574 Ga-

385 3620 525 3687 laad,
554 3619 606 3674 id
635 3624 719 3674 est
738 3630 960 3672 acervus
986 3612 1296 3679 testimonii,
1322 3612 1376 3667 in
1405 3626 1592 3683 magna
1624 3611 1964 3673 tribulatione

383 3714 658 3769 evidenter
687 3710 856 3766 factus
884 3716 985 3762 est.
1016 3704 1170 3761 Tunc
1202 3703 1555 3775 ignominiosa
1584 3703 1822 3760 Ecclesia
1850 3712 1967 3761 erat

385 3807 440 3860 in
469 3800 770 3860 hominibus
788 3842 803 3868 ,
832 3809 955 3855 tunc
981 3795 1324 3867 opprobrium
1353 3795 1429 3850 illi
1463 3793 1637 3849 viduae
1664 3794 1967 3865 objectaba-

388 3875 502 3960 tur,
530 3897 649 3965 quia
678 3889 879 3948 Christi
898 3902 901 3911 '
922 3896 1066 3953 erat,
1109 3887 1231 3957 quia
1261 3887 1469 3956 signum
1502 3886 1677 3941 crucis
1710 3886 1760 3940 in
1790 3885 1966 3953 fronte

387 3986 680 4057 portabat:
723 3982 961 4038 nondum
1004 3989 1120 4036 erat
1164 3979 1369 4042 honor;
1412 3979 1614 4035 crimen
1657 3987 1773 4035 erat
1816 3986 1963 4034 tunc.

383 4078 611 4149 Quando
634 4090 761 4146 ergo
787 4089 892 4128 non
921 4073 1113 4137 honor.
1141 4070 1235 4128 sed
1261 4070 1462 4127 crimen
1484 4078 1619 4135 erat,
1649 4079 1774 4126 tunc
1800 4071 1968 4127 factus

386 4184 470 4228 est
490 4183 717 4226 acervus
745 4164 1069 4229 testimonii;
1098 4170 1153 4218 et
1182 4178 1278 4234 per
1304 4176 1553 4217 acervum
1576 4162 1862 4217 testimonii
1888 4161 1968 4217 di-

389 4264 548 4321 latata
590 4270 674 4318 est
709 4256 945 4316 charitas
973 4254 1205 4320 Christi;
1242 4262 1297 4309 et
1324 4268 1422 4325 per
1446 4251 1812 4309 dilatationem
1837 4250 1966 4309 cha-

385 4358 556 4414 ritatis
571 4350 767 4411 Christi
788 4354 1059 4419 occnpatac
1082 4354 1204 4401 sunt
1218 4354 1421 4416 gentes.
1444 4344 1714 4417 Sequitur,
1740 4345 1810 4400 Et
1828 4361 1968 4401 meus
1998 4339 2009 4349 ’

386 4446 753 4502 ρειέἳιωιάεδεε
781 4457 801 4496 :
828 4439 969 4512 qttod
1005 4438 1383 4508 interpretatur
1409 4436 1635 4493 Oblitus.
1664 4437 1796 4494 Huic
1822 4441 1965 4495 enim

387 4539 589 4590 dictum
614 4544 727 4590 erat
751 4551 764 4588 :
794 4531 1152 4601 Confusionem
1173 4529 1225 4582 in
1257 4537 1552 4599 perpetuum
1572 4530 1894 4596 oblivisceris,
1922 4542 1969 4585 et

387 4629 676 4698 ignominia:
701 4625 956 4680 uiduitatis
979 4632 1080 4676 tute
1103 4637 1203 4675 non
1230 4620 1330 4676 eris
1357 4636 1546 4673 memor
1574 4619 1725 4693 (lsai.
1754 4638 1857 4687 LIV,
1886 4624 1966 4694 4).

388 4723 524 4777 Erat
558 4733 686 4789 ergo
715 4717 957 4773 coiifusio
983 4711 1234 4772 Ecclesia:
1272 4711 1580 4781 aliquando,
1616 4727 1774 4783 quam
1811 4714 1970 4769 modo

391 4816 552 4869 oblita
590 4820 674 4869 est
701 4829 714 4866 :
741 4808 1067 4867 confusionis
1097 4807 1238 4862 enim
1280 4815 1335 4861 et
1375 4805 1674 4876 ignominiae
1704 4805 1970 4862 viduitatis

395 4920 505 4959 sua:
531 4903 639 4972 jam
668 4917 771 4955 non
798 4910 882 4955 est
909 4914 1135 4955 memor.
1160 4896 1387 4967 Quando
1419 4896 1561 4952 enim
1587 4896 1829 4966 quaedam
1856 4909 1971 4952 erat

394 4992 638 5049 confusio
680 4989 820 5044 inter
868 4990 1147 5055 homines,
1198 5003 1420 5045 acervus
1462 4987 1754 5042 testimonii
1804 4989 1972 5045 factus

396 5097 531 5140 erat.
571 5079 730 5136 Modo
762 5080 872 5148 jam
901 5096 1057 5134 nemo
1084 5080 1167 5136 vel
1195 5080 1436 5135 meminit
1460 5081 1599 5135 illius
1622 5080 1968 5150 confusionis,

396 5174 610 5250 quando
635 5171 926 5244 ignominia
952 5179 1067 5224 erat
1095 5186 1216 5227 esse
1250 5171 1632 5234 chrisnanum;
1663 5173 1772 5243 jam
1814 5190 1972 5230 nemo

401 5266 674 5330 meminit,
701 5265 810 5335 jam
841 5276 1028 5318 omnes
1054 5263 1203 5317 obliti
1246 5274 1366 5319 sunt
1386 5306 1399 5329 ,
1441 5264 1550 5334 jam
1579 5282 1718 5321 meus
1754 5278 1827 5323 est
1852 5268 1971 5324 Μα-

396 5378 587 5418 nasses.
613 5359 678 5414 Et
698 5356 941 5429 Eplmem
965 5352 1207 5423 fortitudo
1230 5356 1409 5428 capitis
1431 5356 1545 5410 mei.
1569 5356 1820 5425 Ephrmm
1838 5360 1975 5414 “Fru-

401 5450 651 5505 ctilicatio
678 5446 1077 5513 interpretatur.
1105 5439 1219 5494 Mea
1239 5479 1255 5504 ,
1284 5440 1485 5511 inquit,
1528 5438 1861 5498 fruetilicatio
1880 5487 1894 5511 ,
1922 5457 1975 5500 ct

463 5628 479 5655 ι
504 5615 683 5672 muan.
708 5617 852 5677 liber,
874 5627 1080 5681 erigens.

466 5687 485 5715 ι
510 5685 641 5741 add,
666 5674 929 5732 moriantur
947 5674 1083 5727 inoli.
1101 5680 1225 5741 uss.
1266 5687 1404 5735 vero,
1429 5674 1516 5727 alii
1556 5689 1573 5729 :
1606 5678 1687 5729 alii
1713 5681 1976 5732 Donatista-

399 5759 505 5794 rum
522 5737 939 5808 pseiidomartjres
961 5739 1111 5791 notari
1142 5737 1383 5789 videntur.

1642 298 1697 352 s.
1739 296 2101 354 AUGUSTINI
2140 297 2441 355 EPISCOPI
2510 253 2518 257 ’

3536 308 3625 363 79.0

2098 410 2211 465 hrcc
2241 409 2576 467 frnctilicatio
2597 411 2850 467 fortitudo
2872 419 2953 467 est
2974 411 3162 483 capitis
3185 413 3303 468 mei.
3329 414 3484 485 Caput
3501 424 3626 475 enim

2097 517 2274 557 meum
2314 502 2560 558 Christus
2599 512 2701 558 est.
2752 502 2821 557 Et
2866 503 3007 559 unde
3048 503 3371 562 fructiﬁcatio
3399 507 3629 576 lortitudo

2096 596 2251 675 ejus?
2278 596 2412 664 Quia
2441 596 2542 650 nisi
2572 611 2796 668 granmn
2827 597 3043 655 caderet
3070 597 3123 652 in
3150 606 3360 665 terram,
3389 614 3486 655 non
3506 603 3630 657 mul-

2098 686 2441 756 tiplicarctur,
2470 688 2643 743 solum
2670 680 2992 744 remaneret.
3017 686 3223 743 Cecidit
3245 703 3367 759 ergo
3390 689 3439 744 in
3459 700 3631 748 terram

2095 776 2336 833 Christus
2362 777 2414 833 in
2444 778 2708 849 passione,
2733 787 2790 835 et
2808 764 2998 835 secuta
3021 788 3105 835 est
3137 778 3460 836 frttctilicatio
3485 782 3532 837 in
3557 800 3635 838 re-

2094 870 2443 926 surrectione.
2489 868 2557 924 Et
2598 869 2841 939 Epltrrem
2880 871 3122 941 fortitudo
3167 872 3344 939 capitis
3376 875 3484 927 mei.
3514 874 3636 930 Pen-

2093 959 2252 1015 dehat
2276 969 2330 1014 et
2353 962 2793 1016 contemnebatnr
2818 978 2832 1016 :
2858 975 3080 1031 granum
3107 971 3224 1017 erat
3251 962 3406 1026 intus,
3437 963 3640 1020 habebat

2092 1050 2236 1106 vires
2265 1052 2507 1107 trahendi
2536 1062 2656 1123 post
2673 1068 2735 1109 se
2752 1053 2929 1109 omnia
2958 1052 3137 1123 (Joan.
3160 1069 3253 1122 xu,
3274 1056 3363 1122 24,
3386 1056 3493 1128 52).
3512 1055 3640 1123 Quo-

2094 1142 2255 1197 modo
2280 1144 2332 1197 in
2359 1159 2527 1214 grano
2567 1145 2772 1199 numeri
2813 1144 3075 1200 seminum
3118 1146 3316 1214 latent;
3360 1148 3643 1218 abjectunt’

2092 1235 2275 1290 nescio
2300 1235 2424 1305 quid
2450 1246 2672 1307 apparet
2695 1236 2862 1290 oculis
2882 1277 2897 1301 ,
2927 1236 3021 1292 sed
3048 1237 3131 1291 vis
3168 1247 3480 1293 convertens
3514 1239 3562 1293 in
3593 1255 3645 1295 se

2092 1324 2367 1381 materiam
2394 1335 2448 1382 et
2472 1327 2745 1396 proferens
2774 1326 2998 1382 fructum
3023 1327 3332 1384 abscondita
3364 1339 3446 1384 est
3467 1348 3482 1384 :
3506 1331 3577 1386 sic
3599 1332 3647 1386 in
3742 1391 3751 1396 ,

2088 1416 2285 1473 Christi
2312 1433 2470 1474 cruce
2495 1419 2805 1475 abscondita
2838 1429 2955 1475 erat
2981 1420 3185 1485 virtus;
3210 1422 3495 1491 apparebat
3517 1422 3649 1477 inlir-

2087 1511 2266 1566 mltas.
2294 1510 2342 1567 Ο
2369 1527 2617 1584 magnum
2637 1514 2906 1584 granum!
2934 1513 3092 1570 Certe
3126 1513 3369 1570 inﬁmus
3406 1524 3487 1570 est
3529 1531 3650 1586 pen-

2086 1598 2243 1667 dens,
2271 1612 2419 1657 certe
2443 1613 2568 1658 ante
2594 1603 2738 1658 illum
2765 1610 2927 1674 caput
2958 1603 3108 1674 plebs
3134 1604 3223 1661 illa
3248 1606 3495 1676 agitavit,
3518 1616 3651 1660 certe

2084 1691 2368 1749 dixerant:
2392 1695 2454 1750 Si
2480 1694 2643 1750 Filius
2667 1694 2761 1750 Dei
2783 1706 2876 1759 est,
2905 1697 3171 1752 descendat
3196 1697 3260 1751 de
3283 1714 3429 1752 cruce
3453 1698 3650 1770 (Matth.

2086 1798 2264 1850 xxvn,
2296 1785 2407 1856 40).
2436 1785 2575 1841 Audi
2614 1784 2976 1842 fortitudinem
3019 1786 3180 1858 ejus:
3225 1787 3376 1854 Quod
3411 1790 3652 1858 inﬁrmum
3681 1811 3685 1813 λ

2085 1885 2155 1930 est
2181 1875 2310 1939 Dei,
2350 1876 2532 1948 fortius
2564 1887 2638 1931 est
2672 1876 2959 1931 hominibus
2994 1876 3054 1951 (ι
3078 1876 3196 1932 Cor.
3221 1894 3271 1944 ι,
3308 1877 3440 1950 25).
3480 1879 3654 1934 Merito

2085 1973 2229 2020 tanta
2256 1965 2591 2022 fructilicatio
2617 1954 2906 2023 consecuta
2935 1977 3017 2023 est
3055 1983 3070 2023 :
3104 1967 3221 2023 hzcc
3250 1983 3371 2024 mea
3398 1976 3511 2036 est,
3537 1967 3664 2027 dicit.

2084 2054 2342 2113 Ecclesia.
3490 2046 3493 2049 ’

2153 2147 2239 2203 10.
2274 2146 2422 2221 [θεῖε.
2452 2144 2564 2223 10.]
2592 2148 2732 2204 ‘Juda
2752 2166 2844 2205 rex
2870 2166 3008 2205 meus
3029 2167 3048 2205 :
3076 2149 3231 2207 Moab
3250 2139 3365 2207 olla
3390 2153 3497 2223 spei
3522 2168 3654 2208 mere.

2079 2239 2221 2295 ludo
2261 2258 2352 2297 rea:
2392 2259 2530 2297 meus
2569 2259 2588 2296 :
2626 2244 2746 2314 quis
2766 2241 2941 2298 Juda?
2964 2243 3065 2314 Qui
3094 2244 3163 2299 de
3191 2246 3337 2302 tribu
3364 2245 3518 2301 Iuda.
3540 2246 3659 2312 Quis

2080 2330 2214 2388 Juda
2236 2373 2252 2397 ,
2299 2333 2399 2387 nisi
2429 2334 2514 2388 cui
2544 2333 2683 2390 dixit
2720 2335 2834 2405 ipse
2861 2334 3026 2392 Jacob
3058 2354 3070 2390 :
3101 2334 3247 2390 Juda
3270 2378 3288 2404 ,
3324 2346 3372 2391 te
3399 2337 3663 2391 laudabunt

2080 2424 2261 2494 fratres
2287 2423 2359 2477 tui
2388 2423 2538 2494 (Gen.
2567 2440 2691 2479 xux
2715 2448 2731 2492 ,
2763 2425 2861 2497 8)?
2886 2424 3028 2480 Iuda
3064 2442 3157 2482 rea:
3179 2444 3348 2482 mens.
3375 2427 3510 2495 Quid
3546 2440 3662 2497 ergo
3698 2484 3701 2487 η

2080 2514 2292 2570 timeam
2314 2557 2328 2579 ,
2359 2515 2569 2585 quando
2604 2516 2630 2572 Ι
2640 2516 2739 2571 uda
2765 2532 2858 2572 rex
2887 2531 3039 2572 mens
3062 2517 3192 2573 dicit
3234 2535 3259 2571 :
3303 2518 3484 2573 Nolite
3505 2520 3667 2573 timere

2074 2622 2162 2661 eos
2211 2607 2296 2677 qui
2334 2605 2567 2661 occidunt
2604 2623 2788 2678 corpus
2831 2606 3040 2680 (Matth.
3089 2623 3158 2675 ι,
3205 2609 3353 2680 28)?
3392 2608 3532 2663 Iuda
3582 2622 3665 2661 rea:

2075 2714 2217 2752 meus
2236 2712 2256 2751 :
2286 2695 2440 2753 Moab
2459 2697 2563 2752 olla
2582 2698 2690 2770 spei
2707 2714 2849 2753 mete.
2879 2698 3053 2768 Quare
3067 2740 3083 2766 ,
3115 2700 3219 2754 olla
3239 2701 3273 2755 .’
3292 2700 3427 2768 Quia
3460 2700 3667 2754 tribula-

2076 2786 2171 2843 tio.
2198 2788 2394 2855 Quare,
2421 2787 2528 2857 spei
2556 2788 2721 2843 ηιεωῖ
2744 2788 2875 2857 Quia
2904 2789 3178 2860 praecessit
3203 2789 3350 2846 Juda
3377 2807 3471 2847 rex
3500 2805 3660 2846 meus.

2072 2880 2186 2951 Qua
2213 2881 2354 2937 enim
2385 2881 2677 2953 praecessit,
2703 2890 2757 2936 tu
2785 2884 2935 2951 sequi
2957 2882 3084 2953 quid
3119 2883 3286 2939 times
3305 2884 3369 2939 ’ἲ
3393 2884 3505 2953 Qua
3530 2898 3667 2953 ιιιοςυ-

2071 2972 2273 3029 cessit?
2290 2972 2393 3027 Per
2414 2972 2788 3028 tribulationes
2808 3014 2822 3037 ,
2855 2988 2952 3043 per
2989 2975 3273 3044 angustias
3295 3016 3310 3040 ,
3343 2991 3441 3045 per
3480 2990 3666 3044 oppro-

2069 3062 2207 3121 bria.
2235 3062 2393 3135 Septa
2421 3071 2537 3119 erat
2561 3064 2667 3130 'via,
2696 3062 2790 3119 sed
2818 3072 3099 3134 antequam
3127 3068 3393 3121 transiret
3420 3085 3433 3120 :
3457 3075 3666 3136 postea-

2068 3169 2227 3226 quam
2256 3154 2494 3219 lransiit,
2519 3169 2774 3225 sequere;
2800 3154 2907 3225 jam
2941 3164 3084 3225 patet
3108 3157 3188 3210 via
3242 3158 3394 3213 illius
3425 3157 3661 3212 transitu.

2069 3244 2361 3317 Singularis
2411 3262 2503 3318 ego
2549 3264 2702 3313 sum,
2748 3247 2956 3318 inquit,
2983 3249 3074 3302 sed
3113 3265 3384 3321 quousque
3422 3260 3669 3304 transeant

2068 3334 2242 3408 (Psal.
2271 3351 2408 3405 exc,
2436 3337 2528 3408 10)
2559 3355 2572 3390 :
2599 3337 2867 3408 singulare
2896 3354 3117 3409 granum
3137 3381 3153 3406 ,
3185 3343 3289 3397 sed
3320 3342 3667 3413 quoadusque

2068 3436 2334 3495 transeat;
2365 3445 2485 3485 cum
2513 3430 2820 3499 transierit,
2850 3442 3103 3502 sequetur
3131 3432 3507 3492 fructificatio.
3534 3435 3670 3489 Juda

2067 3536 2160 3575 rea:
2191 3520 2350 3576 ineas.
2395 3520 2534 3592 Ergo
2562 3521 2681 3592 quia
2724 3520 2868 3577 Iuda
2894 3540 2985 3578 rea;
3020 3541 3159 3579 meus
3186 3542 3205 3581 :
3244 3526 3413 3583 Moab
3441 3528 3548 3583 olla
3569 3526 3672 3598 spei

2068 3627 2211 3666 mete.
2256 3610 2409 3667 Moab
2453 3611 2763 3683 intelligitur
2792 3615 2844 3668 in
2884 3613 3168 3672 Gentibus.
3213 3617 3360 3673 Nata
3406 3628 3494 3675 est
3530 3619 3670 3674 enim

2068 3701 2169 3757 ista
2189 3715 2317 3772 gens
2332 3701 2399 3756 de
2417 3710 2655 3772 peccato,
2683 3713 2806 3757 nata
2836 3712 2918 3759 est
2944 3704 3041 3759 ista
3068 3721 3199 3776 gens
3224 3707 3301 3764 de
3326 3710 3551 3765 ﬁliabus
3579 3709 3673 3764 Lat

2068 3808 2187 3864 quae
2212 3808 2331 3848 cum
2359 3801 2510 3863 patre
2539 3793 2800 3849 inebriato
2823 3796 3249 3865 eonenbuerunt,
3285 3800 3436 3854 male
3466 3809 3673 3854 utentes

2071 3892 2221 3955 patre
2248 3880 2398 3955 (Gen.
2424 3899 2536 3946 xu,
2565 3881 2770 3954 51-58).
2796 3883 2985 3940 Melius
3006 3895 3122 3940 erat
3159 3894 3218 3940 ut
3244 3890 3476 3944 steriles
3505 3906 3677 3944 rema-

2072 3985 2295 4042 nerent,
2344 3991 2502 4048 quam
2548 3976 2625 4033 sic
2670 3987 2868 4033 matres
2916 3980 3125 4034 fierent.
3177 3980 3318 4038 Erat
3347 3989 3536 4039 autem
3591 3983 3672 4037 illa

2073 4067 2238 4139 ﬁgura
2265 4067 2507 4137 quaedam
2537 4082 2723 4123 eorum
2753 4068 2843 4139 qui
2874 4070 3012 4126 male
3040 4079 3263 4127 utuntur
3310 4075 3460 4145 lege.
3509 4075 3682 4130 Nolite

2072 4157 2214 4212 enim
2243 4158 2518 4213 attendere
2554 4158 2675 4229 quia
2705 4158 2791 4213 lex
2822 4160 2873 4212 in
2904 4158 3063 4214 latina
3093 4160 3273 4232 lingua
3304 4162 3560 4219 feminini
3588 4179 3680 4235 ge-

2072 4248 2216 4304 neris
2238 4257 2353 4313 est;
2382 4248 2433 4302 in
2472 4263 2642 4319 grteca
2670 4250 2947 4305 masculini
2977 4258 3057 4306 est
3089 4270 3103 4306 :
3133 4253 3229 4308 sed
3259 4254 3392 4311 sive
3418 4256 3490 4310 sit
3531 4255 3684 4311 femi-

2071 4339 2184 4395 nini
2209 4337 2421 4410 generis
2461 4338 2517 4393 in
2547 4338 2812 4410 loquendo
2835 4383 2849 4408 ,
2882 4342 2995 4397 sive
3025 4343 3349 4411 masculini,
3395 4364 3509 4401 non
3554 4362 3687 4415 pra:-

2072 4432 2257 4487 scribit
2296 4432 2502 4487 veritati
2545 4432 2759 4487 locutio.
2787 4433 2900 4490 Lex
2944 4436 3085 4490 enim
3111 4439 3287 4508 magis
3320 4442 3688 4496 masculinam

2073 4524 2181 4577 vim
2210 4522 2388 4590 habet,
2411 4524 2532 4595 quia
2558 4525 2716 4596 regit,
2741 4542 2845 4579 non
2873 4528 3088 4598 regitur.
3118 4527 3295 4584 Porro
3325 4541 3522 4586 autem
3554 4546 3689 4601 apo-

2075 4617 2243 4673 stolus
2279 4617 2475 4672 Paulus
2515 4619 2639 4687 quid
2682 4618 2793 4673 ait?
2834 4618 2979 4674 Bona
3015 4631 3087 4674 est
3115 4621 3197 4676 lea:
3220 4664 3235 4685 .
3267 4625 3319 4679 si
3359 4626 3485 4696 quis
3514 4642 3578 4680 ea
3615 4625 3691 4679 le-

2074 4708 2247 4779 gitime
2285 4719 2455 4761 utatur
2503 4706 2559 4779 (Ι
2598 4707 2732 4762 Tim.
2773 4724 2820 4773 ι,
2863 4709 2948 4779 8).
3003 4709 3110 4765 Illae
3159 4722 3349 4767 autem
3412 4715 3548 4769 filia:
3594 4714 3692 4768 Lot

2077 4815 2182 4854 non
2231 4797 2466 4868 legitime
2509 4813 2617 4853 usae
2653 4783 2785 4853 'sunt
2810 4808 2981 4868 patre.
3030 4800 3321 4870 Quomodo
3370 4783 3569 4862 autem
3600 4822 3695 4860 na-

2077 4900 2295 4947 scuntur
2322 4906 2485 4961 Opera
2505 4892 2647 4946 bona
2671 4932 2686 4959 ,
2730 4906 2849 4948 cum
2881 4893 3107 4963 quisque
3135 4894 3267 4964 lege-
3291 4896 3449 4953 hene
3478 4899 3691 4953 utitur:

2078 4986 2157 5041 sic
2197 4994 2484 5040 nascuntur
2508 5000 2668 5055 opera
2716 4986 2849 5040 mala
2875 5026 2891 5053 ,
2942 5002 3062 5041 cum
3094 4988 3206 5058 lege
3242 4991 3500 5061 quisque
3552 4992 3697 5048 male

2081 5078 2263 5133 utitur.
2292 5077 2522 5133 Proinde
2549 5077 2686 5133 male
2711 5079 2814 5133 illm
2842 5086 3050 5133 utentes
3076 5093 3223 5149 pa're
3242 5122 3257 5140 .
3298 5082 3413 5136 hoc
3434 5093 3526 5139 est
3556 5085 3697 5138 male

2079 5178 2288 5225 utentes
2313 5168 2451 5239 lege,
2479 5177 2865 5239 generaverunt
2899 5168 3191 5235 bloahitas;
3222 5186 3324 5239 per
3354 5188 3502 5243 quos
3529 5173 3699 5244 signi-

2081 5260 2306 5316 ficantur
2335 5275 2498 5330 opera
2542 5259 2699 5314 tnala.
2731 5260 2861 5315 Inde
2902 5260 3168 5315 tribulatio
3210 5261 3534 5329 Ecclesiae,
3572 5265 3699 5318 inde

2079 5354 2181 5408 olla
2230 5351 2509 5407 ebulliens.
2552 5352 2627 5406 De
2669 5351 2770 5406 hac
2814 5351 2916 5406 olla
2948 5352 3172 5422 quodam
3205 5353 3333 5407 loco
3383 5356 3701 5426 prophetia:

2081 5445 2275 5500 dicitur
2306 5461 2317 5496 :
2351 5441 2469 5495 Olla
2506 5459 2742 5497 succensa
2779 5442 2841 5496 ab
2887 5443 3121 5513 aquilone
3164 5441 3397 5514 (Jercm.
3455 5462 3472 5501 ι
3506 5487 3525 5511 ,
3582 5449 3700 5514 15).

2148 5558 2162 5589 ι
2201 5555 2310 5605 Edd.
2332 5588 2345 5612 ,
2396 5554 2629 5604 semimari
2675 5554 2917 5606 latentium
2933 5592 2948 5614 ,
2999 5557 3049 5607 in
3097 5562 3227 5607 terra
3260 5554 3482 5616 jactum
3535 5554 3703 5609 nescio

1985 5620 2023 5673 ’ξ
2082 5618 2215 5680 quid.
2246 5628 2339 5680 etc.
2368 5617 2682 5666 t-‘ntendantur
2698 5619 2756 5667 ad
2777 5619 2958 5680 aliquot
2982 5627 3083 5667 uss.

2148 5683 2167 5710 ²
2191 5682 2261 5747 sic
2285 5678 2469 5747 aliquot
2492 5686 2594 5747 Mss.
2623 5687 2675 5729 At
2713 5680 2843 5730 Edd.:
2863 5678 2988 5742 ἰρι-ἑο
3010 5680 3134 5732 enim
3158 5682 3433 5744 pra'cessil
3468 5689 3543 5742 te,
3563 5682 3711 5732 debes

2017 5730 2043 5745 "
2084 5742 2231 5803 sequi.
2258 5730 2381 5802 Quid
2392 5739 2529 5809 limes
2548 5738 2573 5790 Ρ
2661 5760 2666 5764 η
