4022 6200
386 364 483 420 72!

385 482 539 540 Unde
567 482 666 538 nisi
696 497 724 536 a
759 483 996 552 partibus
1018 481 1210 538 diaboli
1243 480 1331 552 qui
1361 479 1497 534 dixit
1529 497 1540 532 :
1579 477 1776 533 Ponant
1800 479 1965 534 sedent

384 593 548 632 meant
575 576 642 630 ad
661 576 942 644 aquilonem
972 574 1123 644 (lsai.
1153 589 1265 639 xiv,
1295 571 1820 650 15)?.Tribulationes
1841 586 1968 640 ergo

385 671 633 726 maximat
675 684 782 725 non
809 669 1051 724 oriuntur
1086 667 1367 723 adversum
1398 666 1688 721 Ecclesiam
1713 706 1728 730 ,
1771 663 1870 718 nisi
1900 662 1968 717 ab

386 764 466 818 eis
492 763 582 834 qui
611 764 725 833 lege
767 764 904 818 male
933 769 1167 816 utuntur.
1198 761 1332 830 Quid
1360 761 1534 829 ergo?
1564 758 1842 814 Defectura
1886 764 1968 810 est

388 855 514 910 hinc
552 853 821 918 Ecclesia,
855 863 911 910 et
947 862 1160 924 propter
1180 853 1336 907 ollam
1357 894 1372 918 ,
1412 851 1462 906 id
1489 859 1570 906 est
1594 848 1966 905 abundantiam

385 945 784 1012 scandalorum,
817 961 921 999 non
949 945 1048 999 erit
1081 951 1480 1014 perseveratum
1503 957 1672 1011 usque
1699 941 1751 995 in
1783 940 1968 994 linem?

385 1038 576 1093 Nonne
604 1037 737 1093 Juda
758 1053 853 1092 rex
881 1037 1018 1093 illius
1044 1037 1284 1108 praedixit
1310 1035 1413 1090 hoc
1437 1035 1524 1090 ei?
1552 1033 1740 1089 Nonne
1759 1033 1834 1088 ait
1854 1032 1928 1087 illi
1952 1050 1964 1086 :

389 1130 642 1195 Quoniam
681 1129 950 1184 abundabit
977 1129 1214 1199 iniquitas
1233 1171 1247 1195 ,
1277 1128 1560 1198 refrigescet
1585 1126 1803 1180 charitas
1831 1123 1967 1178 mul-

387 1235 554 1278 torum
588 1223 798 1295 (Matth.
828 1239 987 1289 xxiv,
1024 1222 1112 1297 1?.)
1135 1224 1157 1278 ?
1197 1222 1312 1278 Olla
1340 1223 1594 1277 bullientc
1620 1221 1850 1276 charitas
1878 1236 1967 1275 re-

387 1315 640 1386 irigescit.
671 1315 846 1383 Quare
876 1329 981 1369 non
1012 1317 1186 1385 potius
1205 1355 1219 1379 ,
1251 1328 1284 1368 ο
1320 1313 1550 1368 charitas
1574 1355 1588 1379 ,
1618 1321 1672 1368 et
1700 1323 1755 1366 tu
1783 1319 1968 1366 contra

385 1407 547 1462 ollam
574 1406 861 1461 fervescis?
892 1407 972 1459 An
994 1405 1208 1475 ignoras
1237 1404 1330 1460 tibi
1356 1419 1474 1460 esse
1499 1403 1699 1459 dictum
1720 1444 1736 1468 ,
1758 1418 1877 1458 cum
1899 1402 1968 1458 de

388 1499 476 1553 illa
519 1497 843 1554 abundantia
888 1497 1258 1553 scandalorum
1306 1513 1398 1552 rex
1457 1507 1575 1552 tuus
1603 1497 1908 1568 loqueretur
1949 1513 1963 1551 :

389 1589 494 1657 Qui
516 1589 894 1661 perseveraverit
922 1606 1077 1660 usque
1100 1590 1152 1643 in
1179 1589 1353 1658 ﬁnem,
1385 1587 1466 1643 hic
1489 1589 1658 1643 salvus
1680 1588 1770 1642 erit
1789 1588 1815 1640 ἲ
1839 1587 1969 1643 Per-

386 1696 568 1736 severa
587 1697 714 1751 ergo
735 1696 903 1750 usque
931 1681 983 1735 in
1011 1680 1168 1735 ﬁnem
1185 1691 1368 1734 contra
1385 1679 1543 1734 ollam
1570 1679 1964 1734 scandalorum.

385 1771 550 1826 Ardet
575 1772 678 1826 olla
701 1771 1014 1841 iniquitatis,
1034 1770 1130 1826 sed
1153 1770 1323 1841 major
1339 1769 1648 1826 estilamma
1671 1769 1966 1825 charitatis.

384 1863 501 1918 Noli
546 1863 720 1930 vinci;
776 1878 1056 1934 persevera
1105 1877 1272 1934 usque
1318 1863 1374 1917 in
1422 1862 1602 1917 ﬁnem.
1633 1861 1768 1930 Quid
1813 1861 1967 1917 times

384 1954 641 2010 Moabitas
661 1997 675 2021 ,
707 1971 866 2026 opera
894 1955 1033 2009 mala
1069 1969 1255 2010 eorum
1280 1953 1368 2024 qui
1399 1954 1516 2024 lege
1547 1953 1685 2008 male
1710 1953 1966 2007 utuntur?

385 2047 520 2112 Quid
551 2047 692 2101 enim
713 2089 726 2111 ,
751 2047 883 2102 .luda
917 2064 1008 2102 rex
1038 2055 1157 2102 tuus
1182 2045 1270 2116 qui
1301 2045 1602 2116 prtecessit,
1634 2060 1809 2099 nonne
1833 2045 1967 2102 tales

383 2138 641 2208 pertulit?
671 2137 853 2193 Nescis
877 2137 1092 2194 Judteos
1132 2137 1270 2192 male
1299 2136 1492 2191 utendo
1514 2135 1629 2206 lege
1649 2179 1664 2202 ,
1694 2135 1965 2191 Christum

383 2229 685 2284 occidisse?
725 2229 865 2300 Ergo
893 2244 1048 2300 spera
1089 2230 1106 2261 ¹
1131 2271 1146 2293 ,
1180 2238 1234 2283 et
1261 2243 1362 2299 qua
1402 2229 1672 2297 praecessit
1712 2244 1804 2284 rex
1846 2237 1966 2283 tuus

379 2335 626 2390 sequere.
663 2320 756 2375 Dic
774 2362 788 2385 ,
819 2319 959 2374 Juda
987 2337 1076 2375 rex
1101 2337 1258 2375 nteus.
1291 2319 1354 2374 Et
1382 2335 1444 2374 ex
1476 2334 1542 2374 eo
1565 2320 1684 2389 quia
1712 2319 1853 2374 Juda
1878 2337 1968 2374 rex

383 2430 558 2478 meus,
603 2413 756 2467 Moab
783 2413 908 2484 quid
953 2414 1121 2468 lactus
1166 2412 1289 2468 est?
1336 2411 1456 2474 Olla
1495 2412 1604 2480 spei
1651 2428 1808 2482 meat,
1859 2427 1964 2468 non

381 2503 801 2572 consumptionis
850 2518 1002 2557 mea}.
1049 2502 1181 2557 Vide
1230 2503 1281 2556 in
1332 2501 1762 2557 tribulationibus
1803 2502 1963 2557 ollam

379 2592 495 2661 spei
521 2608 536 2656 ;
580 2592 700 2646 audi
731 2593 1040 2662 Apostolum
1071 2611 1084 2646 :
1116 2593 1220 2648 Sed
1246 2601 1293 2647 et
1331 2593 1610 2665 gloriamur
1633 2635 1647 2659 ,
1676 2593 1881 2664 inquit,
1912 2595 1966 2648 in

382 2684 803 2738 tribulationibus.
827 2683 941 2740 Olla
959 2693 1042 2740 est
1056 2684 1188 2754 jam;
1209 2685 1300 2740 sed
1325 2685 1446 2739 vide
1468 2685 1647 2748 istum,
1666 2687 1711 2740 si
1736 2685 1967 2755 explicat

381 2779 541 2831 ollam
567 2779 700 2848 spei.
728 2778 953 2834 Scientes
973 2781 1091 2849 quia
1113 2779 1370 2835 tribulatio
1391 2782 1684 2851 patientiam
1705 2791 1962 2851 aperatur,

381 2873 621 2940 patientia
647 2882 814 2927 autem
845 2871 1230 2942 probationem,
1271 2873 1500 2943 probatio
1524 2889 1683 2943 spem.
1712 2873 1766 2928 Si
1799 2872 1965 2928 tribu-

381 2963 510 3018 latio
563 2963 906 3032 patientiam,
967 2964 1218 3034 patientia
1266 2964 1632 3034 probationem
1661 3005 1676 3028 ,
1726 2964 1965 3035 probatio

377 3071 561 3124 spent,
591 3055 694 3108 olla
724 3065 806 3110 est
831 3064 1006 3110 autem
1041 3055 1308 3111 tribulatio
1334 3071 1452 3126 qua:
1490 3064 1742 3128 operatur
1773 3071 1961 3125 spem;

380 3145 572 3199 merito
596 3144 747 3199 Moab
775 3146 878 3199 olla
900 3147 1006 3215 spei
1034 3162 1177 3199 mete.
1203 3145 1335 3215 Spes
1363 3155 1528 3200 autem
1551 3163 1650 3199 non
1677 3147 1961 3217 confundit.

379 3234 448 3288 Et
475 3234 641 3304 quid?
662 3236 858 3291 Ferves
880 3245 1063 3312 contra
1084 3237 1286 3307 ollam?
1307 3237 1381 3291 lta
1404 3237 1576 3307 plane,
1603 3239 1720 3316 quia
1743 3238 1966 3292 charitas

381 3324 476 3379 Dei
503 3325 692 3392 di/I‘usa
720 3335 790 3380 est
834 3327 887 3380 in
915 3327 1151 3381 cordibus
1180 3329 1364 3382 nostris
1387 3369 1401 3392 ,
1447 3345 1536 3399 per
1565 3327 1814 3398 Spiritum
1851 3345 1966 3384 sau-

378 3429 511 3473 ctum
541 3420 628 3490 qui
655 3420 803 3474 datus
829 3431 899 3475 est
928 3421 1070 3474 nobis
1100 3419 1276 3492 (Rom.
1314 3437 1366 3485 v,
1396 3418 1544 3490 5-5).

451 3511 539 3566 11.
601 3509 670 3566 In
712 3510 998 3566 Idumwam
1039 3515 1303 3568 extendam
1343 3513 1734 3568 calceamentum
1776 3531 1964 3568 meum.

378 3603 615 3660 Ecclesia
642 3603 874 3674 loquitur
896 3622 910 3658 :
935 3605 1250 3660 Perveniam
1278 3622 1433 3677 usque
1450 3606 1504 3658 in
1531 3603 1831 3660 Idumwam.
1856 3606 1967 3662 Sa:-

377 3697 525 3751 viant
550 3697 918 3752 tribulationes
938 3739 952 3763 ,
981 3697 1168 3753 bulliat
1203 3697 1467 3753 scandalis
1496 3697 1724 3752 mundus
1743 3739 1758 3763 ,
1790 3707 1964 3752 exten-

377 3789 500 3842 dam
541 3789 930 3843 calceamentum
976 3806 1141 3844 meum
1168 3805 1324 3860 usque
1359 3789 1413 3843 in
1442 3789 1760 3851 Iduntazam;
1801 3803 1967 3858 usque

375 3879 445 3932 ad
477 3894 572 3934 eos
615 3879 758 3947 ipsos
801 3880 892 3950 qui
945 3887 1212 3934 terrenam
1257 3880 1416 3934 vitam
1462 3879 1661 3949 degunt
1693 3879 1965 3949 (quoniam

383 3969 616 4023 ldutna-a
635 3971 1014 4040 interpretatur
1039 3969 1297 4040 Terrena)
1320 3987 1334 4034 ;
1363 3985 1529 4039 usque
1544 3970 1608 4024 ad
1632 3970 1794 4039 ipsos,
1814 3987 1969 4040 usque

379 4061 434 4114 in
465 4058 749 4115 Idumwant
773 4059 1034 4114 extendant
1065 4061 1457 4114 calceamentum
1486 4077 1672 4115 meum.
1701 4059 1863 4129 Cujus
1889 4060 1967 4115 rei

379 4151 796 4205 calceamentnm
822 4191 837 4214 ,
873 4149 972 4205 nisi
1018 4149 1336 4221 Evangelii?
1377 4150 1542 4215 Quam
1567 4151 1778 4219 speciosi
1818 4149 1967 4220 pedes

381 4261 552 4299 eorum
573 4244 658 4313 qui
684 4244 985 4297 annuntiant
1013 4258 1186 4314 pacem
1207 4285 1222 4311 ,
1257 4243 1342 4315 qui
1369 4244 1672 4298 amtuutiaut
1691 4242 1819 4297 bona
1843 4242 1901 4315 (1
1909 4242 1964 4297 d.

381 4354 438 4404 κ,
461 4337 547 4406 15)
566 4337 579 4390 !
599 4346 671 4403 et,
693 4335 912 4390 Calceati
930 4336 1078 4402 pedes
1101 4335 1153 4388 in
1169 4335 1587 4406 prwparationem
1602 4333 1864 4407 Evangelii
1884 4350 1969 4404 pa-

379 4432 454 4484 cis
479 4428 691 4500 (Ep/tes.
709 4443 784 4493 vr,
808 4426 916 4496 15).
940 4425 1188 4491 Prorsus,
1213 4426 1462 4496 quoniam
1487 4426 1742 4480 tribulatio
1769 4427 1966 4498 patien-

382 4523 507 4574 tiant
546 4512 804 4588 operatur,
837 4517 1081 4589 patientia
1108 4527 1275 4571 autent
1318 4518 1694 4585 probationent.
1742 4517 1967 4587 probatio

378 4628 544 4680 spem,
567 4610 670 4663 ulla
697 4625 800 4662 non
824 4623 908 4662 me
927 4619 1205 4663 consumet
1228 4625 1240 4660 :
1260 4606 1492 4662 Charitas
1513 4609 1644 4661 eniut
1663 4607 1759 4662 Dei
1779 4607 1969 4676 di/fusa

383 4716 458 4758 est
485 4705 537 4756 in
564 4701 798 4756 cordibus
824 4701 1028 4764 nostris,
1059 4718 1147 4771 per
1174 4701 1424 4770 Spiritum
1447 4710 1674 4756 sanctum
1699 4702 1785 4770 qui
1822 4701 1968 4755 datus

381 4806 456 4850 est
481 4786 640 4848 nobis.
672 4793 785 4848 Non
817 4793 1123 4848 deficiamus
1155 4793 1494 4862 Evangelium
1525 4791 1832 4861 prmdicare,
1863 4809 1965 4847 non

381 4888 697 4942 deﬁciamus
722 4886 1004 4940 Dominum
1031 4884 1364 4938 annuntiare.
1399 4881 1569 4952 Usque
1605 4883 1656 4935 in
1687 4881 1969 4936 Idumwam

373 4978 653 5033 extendant
673 4977 1067 5031 calceamentunt
1094 4991 1277 5028 meum.
1302 4974 1488 5029 Nonne
1517 4974 1756 5028 serviunt
1789 4985 1841 5029 et
1870 4974 1968 5043 ipsi

381 5069 618 5125 terreni?
654 5069 765 5124 Etsi
794 5067 1172 5138 cupiditatibus
1201 5066 1428 5121 terrenis
1463 5066 1782 5134 obligantur,
1809 5065 1966 5120 Chri-

380 5172 524 5217 stum
559 5172 735 5216 tamen
776 5161 1021 5215 adorant.
1055 5159 1221 5214 Hodie
1249 5158 1490 5212 videmus
1511 5199 1526 5222 ,
1556 5156 1746 5212 fratres
1769 5199 1783 5223 ,
1811 5174 1967 5228 quam

383 5253 540 5308 multi
571 5252 766 5306 terreni
797 5250 1135 5305 committunt
1163 5264 1259 5318 pro
1285 5249 1431 5303 lucro
1461 5247 1692 5313 fraudes,
1719 5263 1815 5317 pro
1841 5249 1972 5303 frau~

381 5341 543 5396 dibus
589 5344 859 5414 periuria;
894 5350 1109 5411 propter
1136 5342 1353 5395 timores
1376 5382 1391 5403 ,
1432 5341 1730 5409 sortilegos,
1763 5340 1971 5405 mathe-

382 5437 616 5496 maticos
657 5434 943 5490 consulunt
971 5450 982 5485 :
1014 5447 1201 5487 omnes
1244 5432 1326 5487 isti
1371 5432 1583 5487 Idumaei
1606 5473 1620 5497 ,
1655 5432 1889 5498 terreni;
1921 5441 1975 5486 et

387 5541 569 5584 tamen
596 5541 785 5580 omnes
817 5525 902 5579 isti
931 5523 1152 5587 adorant
1178 5524 1466 5588 Christum,
1497 5526 1596 5579 sub
1617 5525 1974 5579 calceamento

388 5622 557 5691 ipsius
581 5630 745 5681 sunt;
773 5618 882 5689 jam
923 5633 1091 5688 usque
1121 5618 1170 5671 in
1201 5618 1482 5672 ldntnmam
1513 5617 1750 5674 extendit
1774 5617 1976 5672 calcea-

392 5725 630 5770 tnentum
660 5727 834 5769 suum.
857 5709 986 5764 Mihi
1027 5707 1287 5780 Allapltyli
1312 5712 1494 5768 subditi
1524 5720 1664 5766 sunt.
1694 5709 1973 5779 Allopltyti.

465 5834 480 5862 '
515 5838 584 5880 Sic
603 5839 707 5880 Mss.
740 5839 790 5880 .tt
813 5835 949 5891 eam,
974 5839 1197 5892 propera.

1488 361 1883 419 ENARRATIO
1923 360 1986 416 IN
2030 361 2346 421 PSALMUSI
2389 367 2523 423 LIX.

3553 382 3678 435 72?

2073 479 2161 547 qui
2211 483 2369 535 sunt?
2411 482 2773 552 Alienigenm,
2831 475 2934 538 non
2998 486 3319 554 pertinentes
3375 488 3439 542 ad
3489 505 3656 561 genus

2073 584 2273 624 meum.
2305 570 2507 625 Subditi
2534 584 2671 640 sunt,
2705 575 2826 643 quia
2854 577 3002 629 multi
3030 576 3254 630 adorant
3282 578 3572 636 Christum.
3603 594 3658 633 et
3747 607 3749 609 -

2076 678 2182 715 non
2214 671 2340 717 sunt
2367 669 2632 735 regnaturi
2668 682 2789 721 cum
2816 667 3049 724 Christo.
3083 669 3213 723 Milti
3258 671 3520 744 Allophyli
3541 677 3659 727 sub-

2074 754 2166 806 diti
2190 766 2328 808 sunt.

2147 845 2231 900 12.
2251 846 2402 919 (vers.
2436 847 2548 920 11.]
2581 849 2702 916 Quis
2730 851 2939 905 deducet
2963 869 3042 906 me
3068 854 3126 906 in
3157 853 3406 907 civitatem
3433 855 3655 907 circum-

2073 939 2310 992 stantiaz?
2328 938 2456 1007 Qua:
2480 949 2562 994 est
2583 942 2767 996 civitas
2787 944 3220 999 circumstantim?
3241 945 3297 1001 Si
3314 946 3650 1014 meministis,

2068 1027 2179 1096 jam
2224 1044 2340 1083 eam
2373 1033 2790 1086 commemoravi
2832 1034 2884 1088 in
2929 1036 3034 1089 alio
3072 1037 3296 1104 psalmo,
3328 1037 3418 1092 ubi
3456 1039 3655 1092 dictum

2072 1127 2155 1174 est
2179 1136 2191 1172 :
2226 1117 2294 1173 Et
2321 1121 2654 1176 circumibunt
2678 1124 2924 1178 civitatem
2946 1123 3039 1196 (τι).
3069 1125 3488 1183 Circumstantite
3514 1129 3654 1183 enim

2072 1209 2258 1264 civitas
2283 1252 2299 1278 ,
2346 1211 2603 1266 Gentium
2631 1213 2972 1270 circumfusio
3013 1225 3124 1284 est;
3163 1233 3280 1287 quae
3317 1212 3656 1274 circutnt'nsie

2072 1301 2321 1358 Gentium
2350 1304 2401 1357 in
2434 1305 2610 1359 medio
2636 1306 2865 1361 habebat
2905 1324 3062 1363 unam
3085 1321 3293 1380 gentem
3325 1312 3650 1376 .ludmorutn,

2071 1393 2336 1449 colentem
2365 1411 2526 1450 unum
2558 1397 2722 1452 Deum
2752 1415 2765 1450 :
2796 1409 2987 1455 caetera
3028 1401 3367 1458 circumfusio
3404 1405 3656 1460 Gentium

2071 1483 2227 1540 idolis
2264 1487 2616 1556 supplicabat,
2645 1487 2976 1545 daemonibus
3015 1493 3300 1548 serviebat.
3333 1495 3399 1548 Et
3434 1499 3655 1567 mystice

2073 1587 2257 1633 vocata
2278 1588 2360 1634 est
2378 1579 2567 1634 civitas
2587 1580 3028 1649 circumstantiae;
3051 1585 3171 1653 quia
3195 1586 3421 1654 undique
3441 1602 3499 1640 se
3521 1586 3655 1641 Gen-

2071 1666 2152 1726 tes
2178 1670 2651 1738 circumfuderant,
2695 1681 2751 1726 et
2779 1673 2826 1726 ei
2864 1674 3328 1730 circumsteterant
3363 1693 3480 1745 qum
3507 1677 3651 1731 cole’-
3704 1657 3707 1660 I

2071 1761 2162 1817 bat
2190 1777 2353 1816 unum
2379 1762 2567 1817 Deum.
2601 1763 2727 1830 Quis
2753 1764 2962 1819 deducet
2990 1782 3068 1820 me
3094 1767 3146 1819 in
3171 1767 3413 1820 civitatem
3439 1769 3654 1820 circum-

2069 1855 2293 1910 stantiaz?
2308 1854 2458 1922 Quis,
2476 1856 2578 1911 nisi
2607 1856 2774 1912 Deus?
2792 1857 2902 1912 lloc
2925 1859 3035 1912 vult
3063 1859 3258 1925 dicere,
3283 1859 3548 1928 quomodo
3568 1861 3654 1914 dc-
3697 1897 3705 1903 ο

2069 1946 2228 2004 decet
2254 1945 2491 2018 perillas
2515 1947 2707 2013 nubes,
2727 1948 2794 2002 de
2813 1949 3004 2018 quibus
3027 1950 3225 2005 dictum
3256 1959 3366 2006 est:
3398 1949 3504 2005 Vat:
3523 1955 3653 2004 loni-

2071 2038 2171 2091 trui
2195 2039 2268 2092 tui
2287 2039 2341 2093 in
2362 2049 2474 2092 rota
2502 2038 2673 2111 (Psal.
2706 2055 2880 2103 Lxxvt,
2921 2040 3033 2113 19).
3066 2042 3198 2096 Rota
3232 2043 3342 2110 ipsa
3368 2051 3449 2096 est
3468 2045 3651 2096 Civitas

2069 2129 2504 2194 circumstantiae,
2538 2145 2657 2200 qua:
2687 2130 2824 2185 dicta
2857 2140 2938 2186 est
2960 2142 3099 2196 rota,
3129 2132 3181 2186 id
3209 2141 3290 2186 est
3315 2132 3461 2186 orbis
3488 2142 3649 2186 terra-

2069 2236 2208 2276 rum.
2241 2220 2368 2288 Quis
2392 2222 2602 2276 deducet
2623 2239 2704 2277 me
2724 2223 2777 2276 in
2801 2223 3045 2276 civitatem
3074 2223 3499 2277 circumstantiar?
3527 2224 3654 2287 Quis

2071 2313 2277 2367 deducet
2298 2330 2378 2369 me
2393 2330 2550 2385 usque
2569 2316 2622 2368 in
2644 2313 2928 2370 Idumwam
2947 2316 2972 2369 ?
2993 2315 3045 2370 id
3066 2324 3165 2382 est,
3191 2324 3246 2370 ut
3263 2331 3478 2386 regnem
3493 2318 3650 2371 etimt

2071 2407 2368 2471 terrenis‘,
2403 2417 2460 2460 ut
2501 2423 2587 2463 me
2631 2418 2954 2463 venerentur
3001 2410 3160 2464 etiam
3189 2411 3278 2480 qui
3321 2409 3388 2465 de
3417 2426 3503 2466 me
3547 2429 3661 2464 tum

2069 2509 2212 2566 sunt,
2243 2503 2331 2571 qui
2353 2502 2419 2556 de
2443 2518 2528 2558 me
2557 2504 2749 2565 nolunt
2772 2502 3052 2573 prolicere.

2142 2593 2228 2648 15.
2261 2593 2412 2665 [vers
2441 2591 2553 2666 12.]
2584 2594 2710 2660 Quis
2737 2595 2947 2648 deducet
2967 2611 3044 2649 nte
3071 2611 3228 2664 usque
3255 2595 3305 2648 in
3332 2593 3654 2648 Idumarant?

2071 2682 2258 2738 Nonne
2287 2695 2370 2748 tu,
2417 2684 2555 2740 Deus
2575 2726 2591 2751 ,
2625 2687 2711 2757 qui
2741 2685 2971 2755 repulisti
2999 2689 3129 2740 nos?
3149 2698 3195 2740 et
3224 2705 3322 2741 non
3351 2689 3616 2758 egredieris
3635 2732 3648 2750 ,

2070 2775 2225 2842 Deus,
2266 2777 2320 2830 in
2348 2777 2609 2833 virtutibus
2646 2780 2851 2833 nostris.
2884 2779 3070 2835 Nonne
3103 2789 3156 2834 tu
3185 2794 3281 2833 nos
3309 2780 3648 2848 deducesuui

2069 2881 2168 2922 nos
2194 2868 2462 2938 repulisti?
2479 2869 2584 2924 Sed
2605 2886 2770 2939 quare
2792 2871 3034 2942 repulisu
3057 2873 3188 2927 nos?
3205 2872 3334 2939 Quia
3363 2874 3652 2927 destruxiin

2068 2976 2179 3016 nos.
2211 2961 2389 3030 Quare
2413 2961 2721 3017 dcstruxisti
2753 2963 2890 3018 nos?
2918 2963 3050 3029 Quia
3077 2965 3236 3018 iratus
3257 2982 3328 3029 es,
3356 2975 3402 3019 et
3421 2966 3654 3018 misertus

2068 3068 2121 3108 es
2143 3053 2323 3108 nostri.
2347 3051 2425 3107 Tu
2452 3069 2581 3122 ergo
2600 3054 2834 3110 dcduces
2853 3056 2942 3125 qui
2968 3055 3228 3123 repulisti,
3259 3056 3349 3126 qui
3377 3071 3482 3111 non
3503 3071 3660 3126 egre-

2068 3143 2232 3199 dieris
2262 3144 2400 3200 Deus
2441 3145 2492 3198 in
2537 3145 2827 3201 virtutibus
2869 3146 3087 3212 nostris,
3122 3154 3175 3200 tu
3222 3146 3472 3203 deduces.
3514 3148 3657 3215 Quid-

2066 3244 2171 3303 est,
2202 3252 2302 3290 non
2327 3236 2596 3307 egredieris
2631 3238 2682 3291 in
2705 3237 2970 3292 virtutibus
3005 3239 3230 3293 nostris?
3252 3239 3542 3295 vaiturus
3571 3252 3657 3293 est

2068 3328 2319 3395 mundus,
2347 3329 2756 3385 coneulcaturns
2787 3341 2865 3386 est
2901 3346 2998 3386 nos
3025 3331 3256 3386 mundus
3278 3375 3292 3398 ,
3336 3333 3540 3387 futurus
3569 3345 3649 3386 est

2069 3434 2291 3475 acervus
2336 3421 2627 3476 testimonii
2657 3421 2826 3477 efTuso
2855 3431 3146 3492 martyrum
3191 3425 3461 3492 sanguine,
3495 3432 3546 3476 et
3572 3424 3650 3476 til-

2069 3511 2203 3566 cturi
2253 3522 2379 3567 sunt
2426 3513 2620 3582 Pagani
2670 3514 2953 3567 smvientes
2992 3531 3006 3567 :
3041 3511 3137 3566 Ubi
3184 3522 3254 3565 est
3284 3511 3436 3567 'Deus
3475 3529 3649 3566 eorum

2073 3601 2242 3672 (Psal.
2267 3618 2483 3667 Lxxvm,
2513 3603 2645 3674 10)?
2668 3603 2816 3658 Tunc
2845 3619 2946 3656 non
2967 3603 3254 3672 egredieris,
3282 3601 3440 3664 Deus,
3471 3604 3523 3654 in
3551 3604 3650 3656 rir-

2070 3697 2257 3762 tutibus
2282 3697 2466 3751 nostris
2488 3714 2506 3751 :
2529 3712 2634 3751 non
2661 3703 2845 3750 contra
2885 3710 2978 3749 eos
3001 3695 3310 3764 apparebis;
3341 3711 3444 3748 non
3473 3703 3652 3748 osten-

2069 3786 2164 3842 des
2210 3787 2502 3857 potentiam
2535 3797 2698 3851 tuatn,
2732 3785 2944 3858 qualem
2989 3786 3268 3840 ostendisti
3298 3785 3350 3838 in
3380 3784 3562 3847 David,
3598 3787 3650 3838 in

2068 3878 2270 3950 Moyse,
2300 3879 2351 3932 in
2380 3878 2505 3933 Jcsu
2535 3878 2696 3943 Nave,
2725 3877 2940 3949 quando
2965 3893 3149 3934 eorum
3180 3877 3485 3932 fortitudini
3505 3877 3650 3934 Gen-

2070 3982 2151 4026 tes
2176 3980 2471 4038 cesserunt,
2500 3980 2555 4027 et
2592 3982 2770 4041 strage
2811 3971 2969 4035 facta,
3000 3971 3296 4041 magnaque
3334 3970 3538 4025 reddita
3563 3987 3652 4024 va-

2069 4065 2269 4128 stitate,
2314 4063 2366 4117 in
2407 4073 2602 4118 terram
2629 4078 2786 4133 quam
2828 4061 3137 4132 promisisti,
3169 4062 3377 4132 plebem
3406 4071 3546 4116 tuam
3575 4064 3653 4116 in-

2069 4157 2292 4213 duxisti.
2322 4156 2436 4212 lloc
2461 4165 2584 4212 tunc
2612 4171 2715 4210 non
2745 4155 2941 4220 facies;
2968 4171 3070 4208 non
3099 4155 3385 4227 egredieris,
3421 4153 3574 4218 Deus,
3601 4155 3653 4206 in

2070 4250 2336 4306 virtutibus
2358 4250 2563 4315 nostris,
2589 4248 2684 4303 scd
2725 4249 2865 4304 intus
2904 4246 3231 4317 operabcris.
3261 4245 3396 4314 Quid
3422 4255 3524 4308 est,
3553 4262 3653 4298 non

2071 4343 2382 4415 egredieris?
2419 4339 2875 4409 Nonapparehis.
2906 4339 3069 4393 Certe
3108 4339 3247 4393 enim
3272 4336 3484 4406 quando
3511 4345 3654 4389 eate-

2071 4435 2180 4489 nati
2229 4441 2492 4504 martyres
2533 4429 3130 4500 ducebanttn',qnando
3158 4427 3558 4481 includebantnr
3600 4427 3652 4480 in

2029 4527 2325 4590 'carcere,
2365 4523 2578 4595 quando
2623 4523 2851 4578 ludibrio
2909 4519 3134 4574 habendi
3183 4517 3610 4589 producebantur

2070 4619 2284 4690 quando
2318 4617 2500 4673 bestiis
2525 4617 2934 4686 subrigebantur
2953 4612 3201 4682 ’quando
3227 4611 3648 4680 percutiebantn'.

2072 4711 2235 4774 ferro,
2257 4709 2467 4780 quando
2489 4709 2608 4779 igne
2636 4707 3028 4770 cremabantur,
3047 4717 3224 4757 nonne
3241 4702 3650 4756 contemneban-

2073 4813 2158 4858 tur
2181 4811 2429 4873 tanquam
2452 4801 2928 4869 deserti,annam
2947 4797 3061 4851 sine
3085 4796 3359 4865 adiutore?
3378 4795 3656 4863 Quomodo

2075 4894 2219 4958 Deus
2245 4894 2570 4965 operabatur
2590 4890 2765 4945 intus?
2785 4886 3054 4958 quomodo
3082 4887 3222 4940 intus
3243 4885 3616 4941 consolabatur
3632 4888 3655 4940 ’ξ

2072 4986 2339 5057 quomodo
2358 4985 2436 5050 eis
2463 4983 2668 5037 dulcem
2695 4979 2920 5035 faciebat
2941 4993 3090 5048 spem
3111 4978 3231 5031 vitm
3248 4979 3499 5032 sclerum?
3520 4991 3654 5045 quo-

2074 5075 2234 5130 modo
2257 5090 2359 5128 non
2383 5073 2663 5128 deserebat
2681 5071 2841 5125 corda
2865 5084 3072 5136 eorum,
3098 5069 3187 5124 ubi
3210 5068 3367 5122 homo
3389 5067 3656 5124 habitabat

2076 5163 2126 5222 in
2141 5161 2371 5224 silentio.
2388 5164 2523 5218 bene
2539 5165 2582 5216 si
2604 5163 2795 5228 bonus,
2818 5161 2953 5215 male
2970 5161 3012 5215 si
3028 5157 3504 5228 malus?.\‘mnquid
3529 5173 3655 5224 ergo

2075 5258 2195 5328 quia
2219 5271 2320 5309 non
2344 5253 2712 5324 egrediebatur
2731 5253 2781 5306 in
2802 5251 3080 5306 virtutibus
3099 5249 3430 5314 corum,idco
3445 5247 3658 5301 desere-

2077 5349 2192 5405 bat?
2213 5347 2398 5401 Nonne
2419 5346 2586 5415 magis
2607 5360 2711 5399 non
2731 5342 3054 5414 egrediendo
3072 5343 3122 5398 in
3146 5342 3430 5397 virtutibus
3447 5354 3653 5397 eorum,

2079 5441 2602 5498 deduxitEcclesiam
2626 5453 2792 5510 usque
2812 5436 2877 5492 ad
2909 5435 3214 5500 ldummam,
3238 5432 3454 5488 deduxit
3477 5427 3665 5484 Ecclus

2147 5644 2162 5671 ι
2187 5639 2518 5702 ,ιιιὶίιιιοι-Μελς.ἲ
2540 5637 2590 5687 id
2615 5641 2754 5699 ett,m
2774 5648 2973 5702 regnum
3011 5632 3155 5702 etiam
3194 5639 3456 5702 terrenum,

2146 5703 2166 5732 ³
2191 5696 2286 5756 Er.,'
2307 5696 2688 5761 subjiciebautur.
2723 5696 2852 5755 Iovi,
2877 5697 3230 5758 subtgebautur.
3260 5699 3312 5742 Al-
3347 5699 3473 5752 Mss,
3500 5696 3661 5748 sum.

2085 5762 2332 5830 gebuutur.
2445 5823 2453 5830 _
2596 5819 2607 5830 ε
2972 5818 2984 5830 .
3037 5829 3056 5830 η
3111 5816 3163 5830 Ν

2152 5826 2225 5886 (ιι)
2259 5832 2423 5886 Supra,
2445 5823 2490 5870 in
2509 5819 2627 5871 t‘sal.
2649 5835 2775 5880 wn,
2799 5831 2944 5869 serat.
2970 5818 3010 5877 l,
3033 5829 3080 5864 ιι.
3109 5817 3168 5865 15
