  <div class='ocr_page' id='page_1' title='image "/cluster/home/n/w/nwhite01/storage/ocr_20150623/36/hvd.32044096580584/369.png"; bbox 0 0 4022 6200; ppageno 0'>
   <div class='ocr_carea' id='block_1_1' title="bbox 440 267 540 319">
    <p class='ocr_par' dir='ltr' id='par_1_1' title="bbox 440 267 540 319">
     <span class='ocr_line' id='line_1_1' title="bbox 440 267 540 319; baseline 0.01 -1"><span class='ocrx_word' id='word_1_1' title='bbox 440 267 540 319; x_wconf 75' lang='lat'><strong>7-2:.</strong></span> 
     </span>
    </p>
   </div>
   <div class='ocr_carea' id='block_1_2' title="bbox 439 373 2008 450">
    <p class='ocr_par' dir='ltr' id='par_1_2' title="bbox 439 373 2008 450">
     <span class='ocr_line' id='line_1_2' title="bbox 439 373 2008 450; baseline -0.003 -16"><span class='ocrx_word' id='word_1_2' title='bbox 439 381 568 434; x_wconf 87' lang='lat' dir='ltr'><strong>siam</strong></span> <span class='ocrx_word' id='word_1_3' title='bbox 589 394 754 450; x_wconf 90' lang='lat' dir='ltr'><strong>usque</strong></span> <span class='ocrx_word' id='word_1_4' title='bbox 775 380 824 433; x_wconf 92' lang='lat' dir='ltr'><strong>in</strong></span> <span class='ocrx_word' id='word_1_5' title='bbox 843 376 1105 432; x_wconf 83' lang='lat' dir='ltr'><strong>civitatem</strong></span> <span class='ocrx_word' id='word_1_6' title='bbox 1125 373 1571 429; x_wconf 75' lang='lat' dir='ltr'><strong>circumstantiae?</strong></span> <span class='ocrx_word' id='word_1_7' title='bbox 1585 373 1638 428; x_wconf 87' lang='lat' dir='ltr'><strong>Si</strong></span> <span class='ocrx_word' id='word_1_8' title='bbox 1655 375 1795 430; x_wconf 89' lang='lat' dir='ltr'><strong>enim</strong></span> <span class='ocrx_word' id='word_1_9' title='bbox 1814 374 2008 430; x_wconf 85' lang='lat' dir='ltr'><strong>bellare</strong></span> 
     </span>
    </p>
   </div>
   <div class='ocr_carea' id='block_1_3' title="bbox 441 463 2008 534">
    <p class='ocr_par' dir='ltr' id='par_1_3' title="bbox 441 463 2008 534">
     <span class='ocr_line' id='line_1_3' title="bbox 441 463 2008 534; baseline -0.002 -14"><span class='ocrx_word' id='word_1_10' title='bbox 441 470 599 524; x_wconf 77' lang='lat' dir='ltr'><strong>vellet</strong></span> <span class='ocrx_word' id='word_1_11' title='bbox 627 467 861 523; x_wconf 81' lang='lat' dir='ltr'><strong>Ecclesia</strong></span> <span class='ocrx_word' id='word_1_12' title='bbox 890 474 943 520; x_wconf 88' lang='lat' dir='ltr'><strong>et</strong></span> <span class='ocrx_word' id='word_1_13' title='bbox 983 463 1158 534; x_wconf 82' lang='lat' dir='ltr'><strong>gladio</strong></span> <span class='ocrx_word' id='word_1_14' title='bbox 1186 463 1281 530; x_wconf 91' lang='lat' dir='ltr'><strong>uti,</strong></span> <span class='ocrx_word' id='word_1_15' title='bbox 1307 463 1577 518; x_wconf 78' lang='lat' dir='ltr'><strong>videretur</strong></span> <span class='ocrx_word' id='word_1_16' title='bbox 1604 479 1699 534; x_wconf 91' lang='lat' dir='ltr'><strong>pro</strong></span> <span class='ocrx_word' id='word_1_17' title='bbox 1724 464 1828 518; x_wconf 88' lang='lat' dir='ltr'><strong>vita</strong></span> <span class='ocrx_word' id='word_1_18' title='bbox 1871 480 2008 534; x_wconf 67' lang='lat' dir='ltr'><strong>prce-</strong></span> 
     </span>
    </p>
   </div>
   <div class='ocr_carea' id='block_1_4' title="bbox 440 555 2010 630">
    <p class='ocr_par' dir='ltr' id='par_1_4' title="bbox 440 555 2010 630">
     <span class='ocr_line' id='line_1_4' title="bbox 440 555 2010 630; baseline -0.004 -15"><span class='ocrx_word' id='word_1_19' title='bbox 440 560 582 615; x_wconf 89' lang='lat' dir='ltr'><strong>senti</strong></span> <span class='ocrx_word' id='word_1_20' title='bbox 625 571 858 630; x_wconf 84' lang='lat' dir='ltr'><strong>pugnare</strong></span> <span class='ocrx_word' id='word_1_21' title='bbox 901 574 913 608; x_wconf 94' lang='lat'><strong>:</strong></span> <span class='ocrx_word' id='word_1_22' title='bbox 957 556 1076 625; x_wconf 85' lang='lat' dir='ltr'><strong>quia</strong></span> <span class='ocrx_word' id='word_1_23' title='bbox 1119 569 1248 608; x_wconf 83' lang='lat' dir='ltr'><strong>vero</strong></span> <span class='ocrx_word' id='word_1_24' title='bbox 1286 555 1657 611; x_wconf 89' lang='lat' dir='ltr'><strong>contemnebat</strong></span> <span class='ocrx_word' id='word_1_25' title='bbox 1681 555 1838 609; x_wconf 86' lang='lat' dir='ltr'><strong>vitam</strong></span> <span class='ocrx_word' id='word_1_26' title='bbox 1869 570 2010 624; x_wconf 66' lang='lat' dir='ltr'><strong>prte-</strong></span> 
     </span>
    </p>
   </div>
   <div class='ocr_carea' id='block_1_5' title="bbox 439 647 2010 717">
    <p class='ocr_par' dir='ltr' id='par_1_5' title="bbox 439 647 2010 717">
     <span class='ocr_line' id='line_1_5' title="bbox 439 647 2010 717; baseline -0.002 -13"><span class='ocrx_word' id='word_1_27' title='bbox 439 661 644 705; x_wconf 85' lang='lat' dir='ltr'><strong>sentem</strong></span> <span class='ocrx_word' id='word_1_28' title='bbox 669 691 686 717; x_wconf 94' lang='lat'><strong>,</strong></span> <span class='ocrx_word' id='word_1_29' title='bbox 716 647 835 704; x_wconf 77' lang='lat' dir='ltr'><strong>ideo</strong></span> <span class='ocrx_word' id='word_1_30' title='bbox 880 647 1052 703; x_wconf 81' lang='lat' dir='ltr'><strong>factus</strong></span> <span class='ocrx_word' id='word_1_31' title='bbox 1081 655 1164 702; x_wconf 88' lang='lat' dir='ltr'><strong>est</strong></span> <span class='ocrx_word' id='word_1_32' title='bbox 1205 661 1424 702; x_wconf 79' lang='lat' dir='ltr'><strong>acervus</strong></span> <span class='ocrx_word' id='word_1_33' title='bbox 1470 647 1756 702; x_wconf 89' lang='lat' dir='ltr'><strong>testimonii</strong></span> <span class='ocrx_word' id='word_1_34' title='bbox 1796 647 1863 702; x_wconf 83' lang='lat' dir='ltr'><strong>de</strong></span> <span class='ocrx_word' id='word_1_35' title='bbox 1906 649 2010 701; x_wconf 90' lang='lat' dir='ltr'><strong>vita</strong></span> 
     </span>
    </p>
   </div>
   <div class='ocr_carea' id='block_1_6' title="bbox 440 743 1856 797">
    <p class='ocr_par' dir='ltr' id='par_1_6' title="bbox 440 743 1856 797">
     <span class='ocr_line' id='line_1_6' title="bbox 440 743 1856 797; baseline -0.011 -1"><span class='ocrx_word' id='word_1_36' title='bbox 440 743 633 797; x_wconf 74' lang='lat' dir='ltr'><strong>futura.</strong></span> <span class='ocrx_word' id='word_1_37' title='bbox 1853 747 1856 750; x_wconf 61' lang='grc'><strong>’</strong></span> 
     </span>
    </p>
   </div>
   <div class='ocr_carea' id='block_1_7' title="bbox 508 823 2012 904">
    <p class='ocr_par' dir='ltr' id='par_1_7' title="bbox 508 823 2012 904">
     <span class='ocr_line' id='line_1_7' title="bbox 508 823 2012 904; baseline -0.002 -19"><span class='ocrx_word' id='word_1_38' title='bbox 508 832 595 885; x_wconf 65' lang='lat' dir='ltr'><strong>li.</strong></span> <span class='ocrx_word' id='word_1_39' title='bbox 628 823 777 904; x_wconf 75' lang='grc' dir='ltr'><strong>[ύεη.</strong></span> <span class='ocrx_word' id='word_1_40' title='bbox 807 828 917 902; x_wconf 72' lang='lat'><strong>13.]</strong></span> <span class='ocrx_word' id='word_1_41' title='bbox 940 830 1017 885; x_wconf 90' lang='lat' dir='ltr'><strong>Tu</strong></span> <span class='ocrx_word' id='word_1_42' title='bbox 1040 847 1187 902; x_wconf 82' lang='lat' dir='ltr'><strong>ergo,</strong></span> <span class='ocrx_word' id='word_1_43' title='bbox 1217 832 1378 896; x_wconf 90' lang='lat' dir='ltr'><strong>Deus,</strong></span> <span class='ocrx_word' id='word_1_44' title='bbox 1405 829 1494 899; x_wconf 86' lang='lat' dir='ltr'><strong>qui</strong></span> <span class='ocrx_word' id='word_1_45' title='bbox 1521 844 1623 883; x_wconf 92' lang='lat' dir='ltr'><strong>non</strong></span> <span class='ocrx_word' id='word_1_46' title='bbox 1645 827 1931 898; x_wconf 85' lang='lat' dir='ltr'><strong>egredieris</strong></span> <span class='ocrx_word' id='word_1_47' title='bbox 1957 828 2012 882; x_wconf 86' lang='lat' dir='ltr'><strong>in</strong></span> 
     </span>
    </p>
   </div>
   <div class='ocr_carea' id='block_1_8' title="bbox 437 919 2011 987">
    <p class='ocr_par' dir='ltr' id='par_1_8' title="bbox 437 919 2011 987">
     <span class='ocr_line' id='line_1_8' title="bbox 437 919 2011 987; baseline -0.001 -13"><span class='ocrx_word' id='word_1_48' title='bbox 437 923 718 978; x_wconf 73' lang='lat' dir='ltr'><strong>virtutibus</strong></span> <span class='ocrx_word' id='word_1_49' title='bbox 738 923 952 987; x_wconf 89' lang='lat' dir='ltr'><strong>nostris,</strong></span> <span class='ocrx_word' id='word_1_50' title='bbox 975 920 1056 975; x_wconf 88' lang='lat' dir='ltr'><strong>Da</strong></span> <span class='ocrx_word' id='word_1_51' title='bbox 1082 923 1220 976; x_wconf 87' lang='lat' dir='ltr'><strong>nobis</strong></span> <span class='ocrx_word' id='word_1_52' title='bbox 1241 923 1488 976; x_wconf 72' lang='lat' dir='ltr'><strong>auxilium</strong></span> <span class='ocrx_word' id='word_1_53' title='bbox 1512 921 1573 973; x_wconf 89' lang='lat' dir='ltr'><strong>de</strong></span> <span class='ocrx_word' id='word_1_54' title='bbox 1592 919 1944 984; x_wconf 87' lang='lat' dir='ltr'><strong>tribulatione;</strong></span> <span class='ocrx_word' id='word_1_55' title='bbox 1964 928 2011 973; x_wconf 88' lang='lat' dir='ltr'><strong>et</strong></span> 
     </span>
    </p>
   </div>
   <div class='ocr_carea' id='block_1_9' title="bbox 438 1010 2008 1083">
    <p class='ocr_par' dir='ltr' id='par_1_9' title="bbox 438 1010 2008 1083">
     <span class='ocr_line' id='line_1_9' title="bbox 438 1010 2008 1083; baseline -0.002 -16"><span class='ocrx_word' id='word_1_56' title='bbox 438 1031 566 1068; x_wconf 72' lang='lat' dir='ltr'><strong>uana</strong></span> <span class='ocrx_word' id='word_1_57' title='bbox 586 1014 726 1068; x_wconf 87' lang='lat' dir='ltr'><strong>satus</strong></span> <span class='ocrx_word' id='word_1_58' title='bbox 748 1014 982 1068; x_wconf 83' lang='lat' dir='ltr'><strong>hominis.</strong></span> <span class='ocrx_word' id='word_1_59' title='bbox 1011 1015 1146 1068; x_wconf 83' lang='lat' dir='ltr'><strong>Eant</strong></span> <span class='ocrx_word' id='word_1_60' title='bbox 1172 1029 1309 1068; x_wconf 89' lang='lat' dir='ltr'><strong>nunc</strong></span> <span class='ocrx_word' id='word_1_61' title='bbox 1333 1015 1420 1083; x_wconf 88' lang='lat' dir='ltr'><strong>qui</strong></span> <span class='ocrx_word' id='word_1_62' title='bbox 1441 1013 1603 1066; x_wconf 89' lang='lat' dir='ltr'><strong>salem</strong></span> <span class='ocrx_word' id='word_1_63' title='bbox 1629 1013 1643 1042; x_wconf 86' lang='grc'>¹</span> <span class='ocrx_word' id='word_1_64' title='bbox 1669 1026 1772 1066; x_wconf 91' lang='lat' dir='ltr'><strong>non</strong></span> <span class='ocrx_word' id='word_1_65' title='bbox 1794 1010 2008 1077; x_wconf 83' lang='lat' dir='ltr'><strong>habent,</strong></span> 
     </span>
    </p>
   </div>
   <div class='ocr_carea' id='block_1_10' title="bbox 439 1105 2010 1176">
    <p class='ocr_par' dir='ltr' id='par_1_10' title="bbox 439 1105 2010 1176">
     <span class='ocr_line' id='line_1_10' title="bbox 439 1105 2010 1176; baseline 0.001 -20"><span class='ocrx_word' id='word_1_66' title='bbox 439 1117 493 1160; x_wconf 76' lang='lat' dir='ltr'><strong>et</strong></span> <span class='ocrx_word' id='word_1_67' title='bbox 513 1115 696 1176; x_wconf 82' lang='lat' dir='ltr'><strong>aptent</strong></span> <span class='ocrx_word' id='word_1_68' title='bbox 717 1106 940 1160; x_wconf 82' lang='lat' dir='ltr'><strong>salutem</strong></span> <span class='ocrx_word' id='word_1_69' title='bbox 976 1105 1321 1175; x_wconf 88' lang='lat' dir='ltr'><strong>temporalem</strong></span> <span class='ocrx_word' id='word_1_70' title='bbox 1353 1105 1480 1167; x_wconf 90' lang='lat' dir='ltr'><strong>suis,</strong></span> <span class='ocrx_word' id='word_1_71' title='bbox 1511 1119 1628 1173; x_wconf 86' lang='lat' dir='ltr'><strong>quae</strong></span> <span class='ocrx_word' id='word_1_72' title='bbox 1655 1113 1736 1158; x_wconf 88' lang='lat' dir='ltr'><strong>est</strong></span> <span class='ocrx_word' id='word_1_73' title='bbox 1760 1117 1890 1156; x_wconf 87' lang='lat' dir='ltr'><strong>vana</strong></span> <span class='ocrx_word' id='word_1_74' title='bbox 1921 1118 2010 1157; x_wconf 84' lang='lat' dir='ltr'><strong>ve-</strong></span> 
     </span>
    </p>
   </div>
   <div class='ocr_carea' id='block_1_11' title="bbox 440 1193 2010 1263">
    <p class='ocr_par' dir='ltr' id='par_1_11' title="bbox 440 1193 2010 1263">
     <span class='ocr_line' id='line_1_11' title="bbox 440 1193 2010 1263; baseline -0.001 -13"><span class='ocrx_word' id='word_1_75' title='bbox 440 1208 625 1251; x_wconf 90' lang='lat' dir='ltr'><strong>tustas.</strong></span> <span class='ocrx_word' id='word_1_76' title='bbox 662 1197 741 1250; x_wconf 92' lang='lat' dir='ltr'><strong>Da</strong></span> <span class='ocrx_word' id='word_1_77' title='bbox 786 1197 926 1250; x_wconf 86' lang='lat' dir='ltr'><strong>nobis</strong></span> <span class='ocrx_word' id='word_1_78' title='bbox 967 1198 1212 1250; x_wconf 73' lang='lat' dir='ltr'><strong>auxilium</strong></span> <span class='ocrx_word' id='word_1_79' title='bbox 1242 1215 1254 1250; x_wconf 85' lang='lat'><strong>:</strong></span> <span class='ocrx_word' id='word_1_80' title='bbox 1284 1196 1405 1250; x_wconf 87' lang='lat' dir='ltr'><strong>inde</strong></span> <span class='ocrx_word' id='word_1_81' title='bbox 1451 1195 1516 1248; x_wconf 87' lang='lat' dir='ltr'><strong>da</strong></span> <span class='ocrx_word' id='word_1_82' title='bbox 1561 1194 1700 1249; x_wconf 87' lang='lat' dir='ltr'><strong>unde</strong></span> <span class='ocrx_word' id='word_1_83' title='bbox 1742 1193 2010 1263; x_wconf 85' lang='lat' dir='ltr'><strong>putabaris</strong></span> 
     </span>
    </p>
   </div>
   <div class='ocr_carea' id='block_1_12' title="bbox 441 1286 2011 1355">
    <p class='ocr_par' dir='ltr' id='par_1_12' title="bbox 441 1286 2011 1355">
     <span class='ocr_line' id='line_1_12' title="bbox 441 1286 2011 1355; baseline -0.003 -12"><span class='ocrx_word' id='word_1_84' title='bbox 441 1290 708 1355; x_wconf 88' lang='lat' dir='ltr'><strong>deserere,</strong></span> <span class='ocrx_word' id='word_1_85' title='bbox 739 1290 860 1345; x_wconf 87' lang='lat' dir='ltr'><strong>inde</strong></span> <span class='ocrx_word' id='word_1_86' title='bbox 890 1290 1130 1344; x_wconf 86' lang='lat' dir='ltr'><strong>subveni.</strong></span> <span class='ocrx_word' id='word_1_87' title='bbox 1159 1287 1237 1341; x_wconf 88' lang='lat' dir='ltr'><strong>Da</strong></span> <span class='ocrx_word' id='word_1_88' title='bbox 1266 1288 1407 1342; x_wconf 86' lang='lat' dir='ltr'><strong>nobis</strong></span> <span class='ocrx_word' id='word_1_89' title='bbox 1446 1288 1691 1342; x_wconf 80' lang='lat' dir='ltr'><strong>auxilium</strong></span> <span class='ocrx_word' id='word_1_90' title='bbox 1719 1287 1782 1341; x_wconf 85' lang='lat' dir='ltr'><strong>de</strong></span> <span class='ocrx_word' id='word_1_91' title='bbox 1803 1286 2011 1340; x_wconf 86' lang='lat' dir='ltr'><strong>tribula-</strong></span> 
     </span>
    </p>
   </div>
   <div class='ocr_carea' id='block_1_13' title="bbox 444 1381 1257 1445">
    <p class='ocr_par' dir='ltr' id='par_1_13' title="bbox 444 1381 1257 1445">
     <span class='ocr_line' id='line_1_13' title="bbox 444 1381 1257 1445; baseline -0.002 -11"><span class='ocrx_word' id='word_1_92' title='bbox 444 1383 611 1445; x_wconf 89' lang='lat' dir='ltr'><strong>tione;</strong></span> <span class='ocrx_word' id='word_1_93' title='bbox 638 1391 682 1435; x_wconf 84' lang='lat' dir='ltr'><strong>et</strong></span> <span class='ocrx_word' id='word_1_94' title='bbox 708 1397 837 1434; x_wconf 85' lang='lat' dir='ltr'><strong>vana</strong></span> <span class='ocrx_word' id='word_1_95' title='bbox 857 1382 996 1434; x_wconf 85' lang='lat' dir='ltr'><strong>satus</strong></span> <span class='ocrx_word' id='word_1_96' title='bbox 1023 1381 1257 1433; x_wconf 79' lang='lat' dir='ltr'><strong>hominis.</strong></span> 
     </span>
    </p>
   </div>
   <div class='ocr_carea' id='block_1_14' title="bbox 512 1469 2011 1544">
    <p class='ocr_par' dir='ltr' id='par_1_14' title="bbox 512 1469 2011 1544">
     <span class='ocr_line' id='line_1_14' title="bbox 512 1469 2011 1544; baseline -0.002 -19"><span class='ocrx_word' id='word_1_97' title='bbox 512 1472 598 1526; x_wconf 73' lang='grc'><strong>15.</strong></span> <span class='ocrx_word' id='word_1_98' title='bbox 624 1470 775 1544; x_wconf 65' lang='lat' dir='ltr'><strong>[rem</strong></span> <span class='ocrx_word' id='word_1_99' title='bbox 814 1469 924 1542; x_wconf 68' lang='lat'><strong>14.]</strong></span> <span class='ocrx_word' id='word_1_100' title='bbox 953 1470 1014 1523; x_wconf 90' lang='lat' dir='ltr'><strong>In</strong></span> <span class='ocrx_word' id='word_1_101' title='bbox 1049 1471 1154 1524; x_wconf 86' lang='lat' dir='ltr'><strong>Deo</strong></span> <span class='ocrx_word' id='word_1_102' title='bbox 1194 1472 1432 1541; x_wconf 75' lang='lat' dir='ltr'><strong>faciemus</strong></span> <span class='ocrx_word' id='word_1_103' title='bbox 1459 1471 1705 1532; x_wconf 85' lang='lat' dir='ltr'><strong>virtutem,</strong></span> <span class='ocrx_word' id='word_1_104' title='bbox 1738 1478 1784 1523; x_wconf 88' lang='lat' dir='ltr'><strong>et</strong></span> <span class='ocrx_word' id='word_1_105' title='bbox 1811 1469 1916 1540; x_wconf 81' lang='lat' dir='ltr'><strong>ipse</strong></span> <span class='ocrx_word' id='word_1_106' title='bbox 1943 1469 2011 1522; x_wconf 90' lang='lat' dir='ltr'><strong>ad</strong></span> 
     </span>
    </p>
   </div>
   <div class='ocr_carea' id='block_1_15' title="bbox 446 1559 2010 1618">
    <p class='ocr_par' dir='ltr' id='par_1_15' title="bbox 446 1559 2010 1618">
     <span class='ocr_line' id='line_1_15' title="bbox 446 1559 2010 1618; baseline -0.001 -4"><span class='ocrx_word' id='word_1_107' title='bbox 446 1565 659 1618; x_wconf 81' lang='lat' dir='ltr'><strong>nihilum</strong></span> <span class='ocrx_word' id='word_1_108' title='bbox 685 1563 892 1616; x_wconf 83' lang='lat' dir='ltr'><strong>deducet</strong></span> <span class='ocrx_word' id='word_1_109' title='bbox 917 1563 1142 1616; x_wconf 87' lang='lat' dir='ltr'><strong>inimicos</strong></span> <span class='ocrx_word' id='word_1_110' title='bbox 1181 1573 1375 1616; x_wconf 85' lang='lat' dir='ltr'><strong>nostros</strong></span> <span class='ocrx_word' id='word_1_111' title='bbox 1403 1564 1444 1613; x_wconf 76' lang='grc'><strong>³.</strong></span> <span class='ocrx_word' id='word_1_112' title='bbox 1473 1561 1586 1615; x_wconf 87' lang='lat' dir='ltr'><strong>Non</strong></span> <span class='ocrx_word' id='word_1_113' title='bbox 1626 1560 1877 1614; x_wconf 80' lang='lat' dir='ltr'><strong>faciemus</strong></span> <span class='ocrx_word' id='word_1_114' title='bbox 1904 1559 2010 1613; x_wconf 89' lang='lat' dir='ltr'><strong>vir-</strong></span> 
     </span>
    </p>
   </div>
   <div class='ocr_carea' id='block_1_16' title="bbox 447 1649 2008 1724">
    <p class='ocr_par' dir='ltr' id='par_1_16' title="bbox 447 1649 2008 1724">
     <span class='ocr_line' id='line_1_16' title="bbox 447 1649 2008 1724; baseline -0.002 -19"><span class='ocrx_word' id='word_1_115' title='bbox 447 1663 610 1708; x_wconf 90' lang='lat' dir='ltr'><strong>tutem</strong></span> <span class='ocrx_word' id='word_1_116' title='bbox 639 1653 689 1707; x_wconf 92' lang='lat' dir='ltr'><strong>in</strong></span> <span class='ocrx_word' id='word_1_117' title='bbox 713 1653 905 1724; x_wconf 85' lang='lat' dir='ltr'><strong>gladio,</strong></span> <span class='ocrx_word' id='word_1_118' title='bbox 939 1669 1042 1706; x_wconf 91' lang='lat' dir='ltr'><strong>non</strong></span> <span class='ocrx_word' id='word_1_119' title='bbox 1069 1653 1118 1706; x_wconf 92' lang='lat' dir='ltr'><strong>in</strong></span> <span class='ocrx_word' id='word_1_120' title='bbox 1148 1653 1318 1722; x_wconf 88' lang='lat' dir='ltr'><strong>equis,</strong></span> <span class='ocrx_word' id='word_1_121' title='bbox 1358 1668 1462 1706; x_wconf 92' lang='lat' dir='ltr'><strong>non</strong></span> <span class='ocrx_word' id='word_1_122' title='bbox 1490 1652 1541 1705; x_wconf 91' lang='lat' dir='ltr'><strong>in</strong></span> <span class='ocrx_word' id='word_1_123' title='bbox 1582 1651 1780 1716; x_wconf 89' lang='lat' dir='ltr'><strong>loricis,</strong></span> <span class='ocrx_word' id='word_1_124' title='bbox 1824 1664 1928 1704; x_wconf 92' lang='lat' dir='ltr'><strong>non</strong></span> <span class='ocrx_word' id='word_1_125' title='bbox 1956 1649 2008 1703; x_wconf 93' lang='lat' dir='ltr'><strong>in</strong></span> 
     </span>
    </p>
   </div>
   <div class='ocr_carea' id='block_1_17' title="bbox 447 1737 2008 1812">
    <p class='ocr_par' dir='ltr' id='par_1_17' title="bbox 447 1737 2008 1812">
     <span class='ocr_line' id='line_1_17' title="bbox 447 1737 2008 1812; baseline -0.002 -18"><span class='ocrx_word' id='word_1_126' title='bbox 447 1744 630 1807; x_wconf 84' lang='lat' dir='ltr'><strong>scutis,</strong></span> <span class='ocrx_word' id='word_1_127' title='bbox 680 1758 782 1796; x_wconf 90' lang='lat' dir='ltr'><strong>non</strong></span> <span class='ocrx_word' id='word_1_128' title='bbox 828 1742 879 1796; x_wconf 91' lang='lat' dir='ltr'><strong>in</strong></span> <span class='ocrx_word' id='word_1_129' title='bbox 928 1751 1201 1812; x_wconf 75' lang='lat' dir='ltr'><strong>potentatu</strong></span> <span class='ocrx_word' id='word_1_130' title='bbox 1245 1742 1542 1804; x_wconf 77' lang='lat' dir='ltr'><strong>exercitus;</strong></span> <span class='ocrx_word' id='word_1_131' title='bbox 1572 1755 1676 1794; x_wconf 92' lang='lat' dir='ltr'><strong>non</strong></span> <span class='ocrx_word' id='word_1_132' title='bbox 1719 1739 1869 1793; x_wconf 87' lang='lat' dir='ltr'><strong>foris.</strong></span> <span class='ocrx_word' id='word_1_133' title='bbox 1900 1737 2008 1792; x_wconf 85' lang='lat' dir='ltr'><strong>Sed</strong></span> 
     </span>
    </p>
   </div>
   <div class='ocr_carea' id='block_1_18' title="bbox 442 1827 2010 1900">
    <p class='ocr_par' dir='ltr' id='par_1_18' title="bbox 442 1827 2010 1900">
     <span class='ocr_line' id='line_1_18' title="bbox 442 1827 2010 1900; baseline -0.004 -14"><span class='ocrx_word' id='word_1_134' title='bbox 442 1833 566 1886; x_wconf 72' lang='lat' dir='ltr'><strong>ubi?</strong></span> <span class='ocrx_word' id='word_1_135' title='bbox 593 1832 757 1900; x_wconf 82' lang='lat' dir='ltr'><strong>Intus,</strong></span> <span class='ocrx_word' id='word_1_136' title='bbox 788 1832 876 1886; x_wconf 90' lang='lat' dir='ltr'><strong>ubi</strong></span> <span class='ocrx_word' id='word_1_137' title='bbox 907 1833 1147 1886; x_wconf 84' lang='lat' dir='ltr'><strong>latemus.</strong></span> <span class='ocrx_word' id='word_1_138' title='bbox 1185 1831 1280 1887; x_wconf 87' lang='lat' dir='ltr'><strong>Ubi</strong></span> <span class='ocrx_word' id='word_1_139' title='bbox 1308 1830 1493 1885; x_wconf 89' lang='lat' dir='ltr'><strong>intus?</strong></span> <span class='ocrx_word' id='word_1_140' title='bbox 1518 1828 1583 1882; x_wconf 82' lang='lat' dir='ltr'><strong>In</strong></span> <span class='ocrx_word' id='word_1_141' title='bbox 1621 1829 1729 1881; x_wconf 88' lang='lat' dir='ltr'><strong>Deo</strong></span> <span class='ocrx_word' id='word_1_142' title='bbox 1768 1827 2010 1898; x_wconf 72' lang='lat' dir='ltr'><strong>faciemus</strong></span> 
     </span>
    </p>
   </div>
   <div class='ocr_carea' id='block_1_19' title="bbox 440 1908 2008 1992">
    <p class='ocr_par' dir='ltr' id='par_1_19' title="bbox 440 1908 2008 1992">
     <span class='ocr_line' id='line_1_19' title="bbox 440 1908 2008 1992; baseline -0.003 -15"><span class='ocrx_word' id='word_1_143' title='bbox 440 1926 669 1978; x_wconf 66' lang='lat' dir='ltr'><strong>virtutem</strong></span> <span class='ocrx_word' id='word_1_144' title='bbox 695 1939 714 1976; x_wconf 91' lang='lat'><strong><em>:</em></strong></span> <span class='ocrx_word' id='word_1_145' title='bbox 738 1933 791 1977; x_wconf 90' lang='lat' dir='ltr'><strong>et</strong></span> <span class='ocrx_word' id='word_1_146' title='bbox 829 1925 976 1992; x_wconf 89' lang='lat' dir='ltr'><strong>quasi</strong></span> <span class='ocrx_word' id='word_1_147' title='bbox 1019 1922 1230 1992; x_wconf 88' lang='lat' dir='ltr'><strong>abjecti,</strong></span> <span class='ocrx_word' id='word_1_148' title='bbox 1261 1931 1315 1976; x_wconf 91' lang='lat' dir='ltr'><strong>et</strong></span> <span class='ocrx_word' id='word_1_149' title='bbox 1339 1921 1485 1991; x_wconf 90' lang='lat' dir='ltr'><strong>quasi</strong></span> <span class='ocrx_word' id='word_1_150' title='bbox 1514 1908 2008 1988; x_wconf 43' lang='lat' dir='ltr'><strong>conculcatifquasi</strong></span> 
     </span>
    </p>
   </div>
   <div class='ocr_carea' id='block_1_20' title="bbox 441 2009 2009 2082">
    <p class='ocr_par' dir='ltr' id='par_1_20' title="bbox 441 2009 2009 2082">
     <span class='ocr_line' id='line_1_20' title="bbox 441 2009 2009 2082; baseline -0.004 -13"><span class='ocrx_word' id='word_1_151' title='bbox 441 2016 636 2069; x_wconf 84' lang='lat' dir='ltr'><strong>nullius</strong></span> <span class='ocrx_word' id='word_1_152' title='bbox 664 2015 916 2069; x_wconf 88' lang='lat' dir='ltr'><strong>momenti</strong></span> <span class='ocrx_word' id='word_1_153' title='bbox 944 2014 1184 2068; x_wconf 87' lang='lat' dir='ltr'><strong>homines</strong></span> <span class='ocrx_word' id='word_1_154' title='bbox 1207 2014 1426 2079; x_wconf 86' lang='lat' dir='ltr'><strong>erimus,</strong></span> <span class='ocrx_word' id='word_1_155' title='bbox 1454 2011 1548 2067; x_wconf 91' lang='lat' dir='ltr'><strong>sed</strong></span> <span class='ocrx_word' id='word_1_156' title='bbox 1572 2012 1680 2082; x_wconf 85' lang='lat' dir='ltr'><strong>ipse</strong></span> <span class='ocrx_word' id='word_1_157' title='bbox 1705 2011 1772 2064; x_wconf 88' lang='lat' dir='ltr'><strong>ad</strong></span> <span class='ocrx_word' id='word_1_158' title='bbox 1795 2009 2009 2063; x_wconf 75' lang='lat' dir='ltr'><strong>nihilum</strong></span> 
     </span>
    </p>
   </div>
   <div class='ocr_carea' id='block_1_21' title="bbox 441 2102 2010 2173">
    <p class='ocr_par' dir='ltr' id='par_1_21' title="bbox 441 2102 2010 2173">
     <span class='ocr_line' id='line_1_21' title="bbox 441 2102 2010 2173; baseline -0.002 -14"><span class='ocrx_word' id='word_1_159' title='bbox 441 2109 650 2160; x_wconf 82' lang='lat' dir='ltr'><strong>deducet</strong></span> <span class='ocrx_word' id='word_1_160' title='bbox 691 2107 920 2159; x_wconf 88' lang='lat' dir='ltr'><strong>inimicos</strong></span> <span class='ocrx_word' id='word_1_161' title='bbox 951 2115 1166 2159; x_wconf 78' lang='lat' dir='ltr'><strong>nostros.</strong></span> <span class='ocrx_word' id='word_1_162' title='bbox 1215 2105 1449 2173; x_wconf 86' lang='lat' dir='ltr'><strong>Denique</strong></span> <span class='ocrx_word' id='word_1_163' title='bbox 1477 2103 1669 2157; x_wconf 80' lang='lat' dir='ltr'><strong>factum</strong></span> <span class='ocrx_word' id='word_1_164' title='bbox 1709 2103 1914 2158; x_wconf 85' lang='lat' dir='ltr'><strong>esthoc</strong></span> <span class='ocrx_word' id='word_1_165' title='bbox 1941 2102 2010 2156; x_wconf 88' lang='lat' dir='ltr'><strong>de</strong></span> 
     </span>
    </p>
   </div>
   <div class='ocr_carea' id='block_1_22' title="bbox 443 2191 2004 2266">
    <p class='ocr_par' dir='ltr' id='par_1_22' title="bbox 443 2191 2004 2266">
     <span class='ocr_line' id='line_1_22' title="bbox 443 2191 2004 2266; baseline -0.001 -16"><span class='ocrx_word' id='word_1_166' title='bbox 443 2197 666 2252; x_wconf 86' lang='lat' dir='ltr'><strong>inimicis</strong></span> <span class='ocrx_word' id='word_1_167' title='bbox 687 2197 901 2251; x_wconf 86' lang='lat' dir='ltr'><strong>nostris.</strong></span> <span class='ocrx_word' id='word_1_168' title='bbox 930 2195 1234 2252; x_wconf 85' lang='lat' dir='ltr'><strong>Conculcati</strong></span> <span class='ocrx_word' id='word_1_169' title='bbox 1261 2204 1385 2250; x_wconf 91' lang='lat' dir='ltr'><strong>sunt</strong></span> <span class='ocrx_word' id='word_1_170' title='bbox 1407 2204 1705 2266; x_wconf 82' lang='lat' dir='ltr'><strong>martyres:</strong></span> <span class='ocrx_word' id='word_1_171' title='bbox 1736 2191 2004 2263; x_wconf 88' lang='lat' dir='ltr'><strong>patiendo,</strong></span> 
     </span>
    </p>
   </div>
   <div class='ocr_carea' id='block_1_23' title="bbox 441 2281 2010 2356">
    <p class='ocr_par' dir='ltr' id='par_1_23' title="bbox 441 2281 2010 2356">
     <span class='ocr_line' id='line_1_23' title="bbox 441 2281 2010 2356; baseline -0.003 -15"><span class='ocrx_word' id='word_1_172' title='bbox 441 2286 756 2356; x_wconf 83' lang='lat' dir='ltr'><strong>perferendo</strong></span> <span class='ocrx_word' id='word_1_173' title='bbox 780 2328 796 2353; x_wconf 93' lang='lat'><strong>,</strong></span> <span class='ocrx_word' id='word_1_174' title='bbox 828 2300 995 2356; x_wconf 89' lang='lat' dir='ltr'><strong>usque</strong></span> <span class='ocrx_word' id='word_1_175' title='bbox 1021 2285 1074 2339; x_wconf 90' lang='lat' dir='ltr'><strong>in</strong></span> <span class='ocrx_word' id='word_1_176' title='bbox 1110 2285 1266 2339; x_wconf 86' lang='lat' dir='ltr'><strong>linem</strong></span> <span class='ocrx_word' id='word_1_177' title='bbox 1293 2283 1698 2354; x_wconf 88' lang='lat' dir='ltr'><strong>perseverando,</strong></span> <span class='ocrx_word' id='word_1_178' title='bbox 1727 2283 1779 2337; x_wconf 92' lang='lat' dir='ltr'><strong>in</strong></span> <span class='ocrx_word' id='word_1_179' title='bbox 1807 2283 1916 2338; x_wconf 90' lang='lat' dir='ltr'><strong>Deo</strong></span> <span class='ocrx_word' id='word_1_180' title='bbox 1937 2281 2010 2337; x_wconf 80' lang='lat' dir='ltr'><strong>fe-</strong></span> 
     </span>
    </p>
   </div>
   <div class='ocr_carea' id='block_1_24' title="bbox 439 2373 2009 2447">
    <p class='ocr_par' dir='ltr' id='par_1_24' title="bbox 439 2373 2009 2447">
     <span class='ocr_line' id='line_1_24' title="bbox 439 2373 2009 2447; baseline -0.004 -15"><span class='ocrx_word' id='word_1_181' title='bbox 439 2388 628 2434; x_wconf 85' lang='lat' dir='ltr'><strong>cerunt</strong></span> <span class='ocrx_word' id='word_1_182' title='bbox 654 2379 923 2432; x_wconf 86' lang='lat' dir='ltr'><strong>virtutem.</strong></span> <span class='ocrx_word' id='word_1_183' title='bbox 965 2377 1116 2432; x_wconf 83' lang='lat' dir='ltr'><strong>Fecit</strong></span> <span class='ocrx_word' id='word_1_184' title='bbox 1137 2387 1191 2430; x_wconf 90' lang='lat' dir='ltr'><strong>et</strong></span> <span class='ocrx_word' id='word_1_185' title='bbox 1220 2377 1333 2447; x_wconf 90' lang='lat' dir='ltr'><strong>ipse</strong></span> <span class='ocrx_word' id='word_1_186' title='bbox 1357 2375 1498 2444; x_wconf 91' lang='lat' dir='ltr'><strong>quod</strong></span> <span class='ocrx_word' id='word_1_187' title='bbox 1535 2375 1810 2444; x_wconf 88' lang='lat' dir='ltr'><strong>sequitur:</strong></span> <span class='ocrx_word' id='word_1_188' title='bbox 1835 2374 1900 2427; x_wconf 88' lang='lat' dir='ltr'><strong>ad</strong></span> <span class='ocrx_word' id='word_1_189' title='bbox 1929 2373 2009 2427; x_wconf 90' lang='lat' dir='ltr'><strong>ni-</strong></span> 
     </span>
    </p>
   </div>
   <div class='ocr_carea' id='block_1_25' title="bbox 442 2465 2008 2539">
    <p class='ocr_par' dir='ltr' id='par_1_25' title="bbox 442 2465 2008 2539">
     <span class='ocr_line' id='line_1_25' title="bbox 442 2465 2008 2539; baseline -0.003 -15"><span class='ocrx_word' id='word_1_190' title='bbox 442 2474 606 2528; x_wconf 86' lang='lat' dir='ltr'><strong>hilum</strong></span> <span class='ocrx_word' id='word_1_191' title='bbox 626 2472 846 2528; x_wconf 79' lang='lat' dir='ltr'><strong>deduxit</strong></span> <span class='ocrx_word' id='word_1_192' title='bbox 871 2471 1114 2526; x_wconf 86' lang='lat' dir='ltr'><strong>inimicos</strong></span> <span class='ocrx_word' id='word_1_193' title='bbox 1138 2484 1344 2525; x_wconf 90' lang='lat' dir='ltr'><strong>eorum.</strong></span> <span class='ocrx_word' id='word_1_194' title='bbox 1364 2467 1468 2539; x_wconf 80' lang='lat' dir='ltr'><strong>Ubi</strong></span> <span class='ocrx_word' id='word_1_195' title='bbox 1485 2476 1606 2521; x_wconf 92' lang='lat' dir='ltr'><strong>sunt</strong></span> <span class='ocrx_word' id='word_1_196' title='bbox 1632 2465 1790 2520; x_wconf 92' lang='lat' dir='ltr'><strong>modo</strong></span> <span class='ocrx_word' id='word_1_197' title='bbox 1810 2466 2008 2520; x_wconf 92' lang='lat' dir='ltr'><strong>inimici</strong></span> 
     </span>
    </p>
   </div>
   <div class='ocr_carea' id='block_1_26' title="bbox 437 2555 2006 2635">
    <p class='ocr_par' dir='ltr' id='par_1_26' title="bbox 437 2555 2006 2635">
     <span class='ocr_line' id='line_1_26' title="bbox 437 2555 2006 2635; baseline -0.005 -19"><span class='ocrx_word' id='word_1_198' title='bbox 437 2574 747 2635; x_wconf 82' lang='lat' dir='ltr'><strong>martyrum,</strong></span> <span class='ocrx_word' id='word_1_199' title='bbox 781 2562 882 2617; x_wconf 93' lang='lat' dir='ltr'><strong>nisi</strong></span> <span class='ocrx_word' id='word_1_200' title='bbox 911 2561 1045 2617; x_wconf 82' lang='lat' dir='ltr'><strong>forte</strong></span> <span class='ocrx_word' id='word_1_201' title='bbox 1073 2561 1193 2630; x_wconf 87' lang='lat' dir='ltr'><strong>quia</strong></span> <span class='ocrx_word' id='word_1_202' title='bbox 1224 2559 1385 2614; x_wconf 91' lang='lat' dir='ltr'><strong>modo</strong></span> <span class='ocrx_word' id='word_1_203' title='bbox 1411 2573 1505 2612; x_wconf 88' lang='lat' dir='ltr'><strong>eos</strong></span> <span class='ocrx_word' id='word_1_204' title='bbox 1526 2556 1723 2612; x_wconf 84' lang='lat' dir='ltr'><strong>ebriosi</strong></span> <span class='ocrx_word' id='word_1_205' title='bbox 1751 2555 2006 2611; x_wconf 78' lang='lat' dir='ltr'><strong>calicibus</strong></span> 
     </span>
    </p>
   </div>
   <div class='ocr_carea' id='block_1_27' title="bbox 437 2647 2007 2723">
    <p class='ocr_par' dir='ltr' id='par_1_27' title="bbox 437 2647 2007 2723">
     <span class='ocr_line' id='line_1_27' title="bbox 437 2647 2007 2723; baseline -0.004 -17"><span class='ocrx_word' id='word_1_206' title='bbox 437 2662 829 2722; x_wconf 87' lang='lat' dir='ltr'><strong>persequuntur</strong></span> <span class='ocrx_word' id='word_1_207' title='bbox 846 2693 864 2721; x_wconf 87' lang='lat'><strong>,</strong></span> <span class='ocrx_word' id='word_1_208' title='bbox 911 2666 1046 2723; x_wconf 87' lang='lat' dir='ltr'><strong>quos</strong></span> <span class='ocrx_word' id='word_1_209' title='bbox 1073 2661 1198 2705; x_wconf 91' lang='lat' dir='ltr'><strong>tunc</strong></span> <span class='ocrx_word' id='word_1_210' title='bbox 1224 2649 1414 2704; x_wconf 58' lang='lat' dir='ltr'><strong>furiosi»</strong></span> <span class='ocrx_word' id='word_1_211' title='bbox 1436 2647 1697 2718; x_wconf 86' lang='lat' dir='ltr'><strong>lapidibus</strong></span> <span class='ocrx_word' id='word_1_212' title='bbox 1723 2660 2007 2717; x_wconf 85' lang='lat' dir='ltr'><strong>perseque-</strong></span> 
     </span>
    </p>
   </div>
   <div class='ocr_carea' id='block_1_28' title="bbox 431 2743 663 2799">
    <p class='ocr_par' dir='ltr' id='par_1_28' title="bbox 431 2743 663 2799">
     <span class='ocr_line' id='line_1_28' title="bbox 431 2743 663 2799; baseline -0.004 -2"><span class='ocrx_word' id='word_1_213' title='bbox 431 2743 622 2799; x_wconf 86' lang='lat' dir='ltr'><strong>bantur</strong></span> <span class='ocrx_word' id='word_1_214' title='bbox 637 2745 663 2796; x_wconf 83' lang='lat'><strong>?</strong></span> 
     </span>
    </p>
   </div>
   <div class='ocr_carea' id='block_1_29' title="bbox 871 2987 1525 3050">
    <p class='ocr_par' dir='ltr' id='par_1_29' title="bbox 871 2987 1525 3050">
     <span class='ocr_line' id='line_1_29' title="bbox 871 2987 1525 3050; baseline -0.005 0"><span class='ocrx_word' id='word_1_215' title='bbox 871 2990 952 3050; x_wconf 83' lang='lat' dir='ltr'><strong>IN</strong></span> <span class='ocrx_word' id='word_1_216' title='bbox 993 2987 1370 3049; x_wconf 83' lang='lat' dir='ltr'><strong>PSALMUM</strong></span> <span class='ocrx_word' id='word_1_217' title='bbox 1410 2987 1525 3048; x_wconf 82' lang='lat' dir='ltr'><strong>LX</strong></span> 
     </span>
    </p>
   </div>
   <div class='ocr_carea' id='block_1_30' title="bbox 1006 3105 1420 3162">
    <p class='ocr_par' dir='ltr' id='par_1_30' title="bbox 1006 3105 1420 3162">
     <span class='ocr_line' id='line_1_30' title="bbox 1006 3105 1420 3162; baseline 0.002 -1"><span class='ocrx_word' id='word_1_218' title='bbox 1006 3105 1420 3162; x_wconf 77' lang='lat' dir='ltr'><strong>ENARRATIO.</strong></span> 
     </span>
    </p>
   </div>
   <div class='ocr_carea' id='block_1_31' title="bbox 920 3233 1482 3276">
    <p class='ocr_par' dir='ltr' id='par_1_31' title="bbox 920 3233 1482 3276">
     <span class='ocr_line' id='line_1_31' title="bbox 920 3233 1482 3276; baseline -0.005 -1"><span class='ocrx_word' id='word_1_219' title='bbox 920 3235 1092 3276; x_wconf 70' lang='grc' dir='ltr'><strong>δεκωο</strong></span> <span class='ocrx_word' id='word_1_220' title='bbox 1136 3235 1204 3274; x_wconf 77' lang='grc' dir='ltr'><strong>ΔΙ)</strong></span> <span class='ocrx_word' id='word_1_221' title='bbox 1258 3233 1482 3274; x_wconf 72' lang='grc' dir='ltr'><strong>Ριειιεκ.</strong></span> 
     </span>
    </p>
   </div>
   <div class='ocr_carea' id='block_1_32' title="bbox 500 3327 2002 3408">
    <p class='ocr_par' dir='ltr' id='par_1_32' title="bbox 500 3327 2002 3408">
     <span class='ocr_line' id='line_1_32' title="bbox 500 3327 2002 3408; baseline -0.004 -18"><span class='ocrx_word' id='word_1_222' title='bbox 500 3339 548 3390; x_wconf 84' lang='lat' dir='ltr'><strong>l.</strong></span> <span class='ocrx_word' id='word_1_223' title='bbox 582 3335 742 3408; x_wconf 75' lang='grc' dir='ltr'><strong>[υεη.</strong></span> <span class='ocrx_word' id='word_1_224' title='bbox 777 3333 848 3407; x_wconf 80' lang='grc'><strong>1.]</strong></span> <span class='ocrx_word' id='word_1_225' title='bbox 891 3329 1342 3388; x_wconf 76' lang='lat' dir='ltr'><strong>Considerandum</strong></span> <span class='ocrx_word' id='word_1_226' title='bbox 1372 3344 1493 3385; x_wconf 90' lang='lat' dir='ltr'><strong>cum</strong></span> <span class='ocrx_word' id='word_1_227' title='bbox 1516 3328 1705 3386; x_wconf 78' lang='lat' dir='ltr'><strong>Vestra</strong></span> <span class='ocrx_word' id='word_1_228' title='bbox 1732 3327 2002 3384; x_wconf 81' lang='lat' dir='ltr'><strong>Charitate</strong></span> 
     </span>
    </p>
   </div>
   <div class='ocr_carea' id='block_1_33' title="bbox 427 3419 2003 3499">
    <p class='ocr_par' dir='ltr' id='par_1_33' title="bbox 427 3419 2003 3499">
     <span class='ocr_line' id='line_1_33' title="bbox 427 3419 2003 3499; baseline -0.005 -18"><span class='ocrx_word' id='word_1_229' title='bbox 427 3430 684 3499; x_wconf 82' lang='lat' dir='ltr'><strong>psalmum</strong></span> <span class='ocrx_word' id='word_1_230' title='bbox 708 3429 865 3482; x_wconf 70' lang='lat' dir='ltr'><strong>iStum</strong></span> <span class='ocrx_word' id='word_1_231' title='bbox 892 3424 1242 3494; x_wconf 85' lang='lat' dir='ltr'><strong>suscepimus.</strong></span> <span class='ocrx_word' id='word_1_232' title='bbox 1275 3421 1460 3478; x_wconf 84' lang='lat' dir='ltr'><strong>Brevis</strong></span> <span class='ocrx_word' id='word_1_233' title='bbox 1484 3428 1600 3486; x_wconf 89' lang='lat' dir='ltr'><strong>est;</strong></span> <span class='ocrx_word' id='word_1_234' title='bbox 1626 3419 1796 3476; x_wconf 83' lang='lat' dir='ltr'><strong>aderit</strong></span> <span class='ocrx_word' id='word_1_235' title='bbox 1823 3420 2003 3475; x_wconf 85' lang='lat' dir='ltr'><strong>Domi-</strong></span> 
     </span>
    </p>
   </div>
   <div class='ocr_carea' id='block_1_34' title="bbox 426 3513 1999 3586">
    <p class='ocr_par' dir='ltr' id='par_1_34' title="bbox 426 3513 1999 3586">
     <span class='ocr_line' id='line_1_34' title="bbox 426 3513 1999 3586; baseline -0.005 -11"><span class='ocrx_word' id='word_1_236' title='bbox 426 3538 526 3576; x_wconf 86' lang='lat' dir='ltr'><strong>nus</strong></span> <span class='ocrx_word' id='word_1_237' title='bbox 547 3530 604 3575; x_wconf 92' lang='lat' dir='ltr'><strong>ut</strong></span> <span class='ocrx_word' id='word_1_238' title='bbox 621 3519 944 3576; x_wconf 81' lang='lat' dir='ltr'><strong>suﬁieienter</strong></span> <span class='ocrx_word' id='word_1_239' title='bbox 969 3533 1034 3573; x_wconf 84' lang='lat' dir='ltr'><strong>ex</strong></span> <span class='ocrx_word' id='word_1_240' title='bbox 1054 3532 1140 3582; x_wconf 89' lang='lat' dir='ltr'><strong>eo,</strong></span> <span class='ocrx_word' id='word_1_241' title='bbox 1171 3526 1225 3572; x_wconf 92' lang='lat' dir='ltr'><strong>et</strong></span> <span class='ocrx_word' id='word_1_242' title='bbox 1244 3515 1478 3571; x_wconf 79' lang='lat' dir='ltr'><strong>breviter</strong></span> <span class='ocrx_word' id='word_1_243' title='bbox 1496 3513 1796 3586; x_wconf 83' lang='lat' dir='ltr'><strong>loquamur.</strong></span> <span class='ocrx_word' id='word_1_244' title='bbox 1823 3514 1999 3582; x_wconf 84' lang='lat' dir='ltr'><strong>Quan-</strong></span> 
     </span>
    </p>
   </div>
   <div class='ocr_carea' id='block_1_35' title="bbox 426 3607 2000 3682">
    <p class='ocr_par' dir='ltr' id='par_1_35' title="bbox 426 3607 2000 3682">
     <span class='ocr_line' id='line_1_35' title="bbox 426 3607 2000 3682; baseline -0.004 -14"><span class='ocrx_word' id='word_1_245' title='bbox 426 3625 534 3670; x_wconf 85' lang='lat' dir='ltr'><strong>tum</strong></span> <span class='ocrx_word' id='word_1_246' title='bbox 561 3611 822 3680; x_wconf 74' lang='lat' dir='ltr'><strong>adiuverit</strong></span> <span class='ocrx_word' id='word_1_247' title='bbox 846 3611 960 3682; x_wconf 80' lang='lat' dir='ltr'><strong>ipse</strong></span> <span class='ocrx_word' id='word_1_248' title='bbox 987 3609 1078 3681; x_wconf 89' lang='lat' dir='ltr'><strong>qui</strong></span> <span class='ocrx_word' id='word_1_249' title='bbox 1108 3623 1206 3664; x_wconf 85' lang='lat' dir='ltr'><strong>nos</strong></span> <span class='ocrx_word' id='word_1_250' title='bbox 1227 3607 1382 3679; x_wconf 89' lang='lat' dir='ltr'><strong>jubet</strong></span> <span class='ocrx_word' id='word_1_251' title='bbox 1408 3607 1572 3678; x_wconf 91' lang='lat' dir='ltr'><strong>loqui,</strong></span> <span class='ocrx_word' id='word_1_252' title='bbox 1597 3607 1674 3662; x_wconf 89' lang='lat' dir='ltr'><strong>sic</strong></span> <span class='ocrx_word' id='word_1_253' title='bbox 1698 3621 1792 3662; x_wconf 89' lang='lat' dir='ltr'><strong>ero</strong></span> <span class='ocrx_word' id='word_1_254' title='bbox 1818 3608 2000 3663; x_wconf 87' lang='lat' dir='ltr'><strong>volen-</strong></span> 
     </span>
    </p>
   </div>
   <div class='ocr_carea' id='block_1_36' title="bbox 427 3698 1999 3769">
    <p class='ocr_par' dir='ltr' id='par_1_36' title="bbox 427 3698 1999 3769">
     <span class='ocr_line' id='line_1_36' title="bbox 427 3698 1999 3769; baseline -0.001 -13"><span class='ocrx_word' id='word_1_255' title='bbox 427 3705 568 3760; x_wconf 87' lang='lat' dir='ltr'><strong>tibus</strong></span> <span class='ocrx_word' id='word_1_256' title='bbox 588 3703 875 3767; x_wconf 85' lang='lat' dir='ltr'><strong>olﬁciosus,</strong></span> <span class='ocrx_word' id='word_1_257' title='bbox 907 3710 965 3756; x_wconf 92' lang='lat' dir='ltr'><strong>ut</strong></span> <span class='ocrx_word' id='word_1_258' title='bbox 995 3716 1098 3756; x_wconf 89' lang='lat' dir='ltr'><strong>non</strong></span> <span class='ocrx_word' id='word_1_259' title='bbox 1126 3700 1226 3754; x_wconf 91' lang='lat' dir='ltr'><strong>sim</strong></span> <span class='ocrx_word' id='word_1_260' title='bbox 1251 3699 1416 3753; x_wconf 86' lang='lat' dir='ltr'><strong>tardis</strong></span> <span class='ocrx_word' id='word_1_261' title='bbox 1443 3699 1724 3766; x_wconf 87' lang='lat' dir='ltr'><strong>molestus,</strong></span> <span class='ocrx_word' id='word_1_262' title='bbox 1749 3712 1848 3754; x_wconf 88' lang='lat' dir='ltr'><strong>nec</strong></span> <span class='ocrx_word' id='word_1_263' title='bbox 1872 3698 1999 3769; x_wconf 87' lang='lat' dir='ltr'><strong>pau-</strong></span> 
     </span>
    </p>
   </div>
   <div class='ocr_carea' id='block_1_37' title="bbox 426 3791 1994 3864">
    <p class='ocr_par' dir='ltr' id='par_1_37' title="bbox 426 3791 1994 3864">
     <span class='ocr_line' id='line_1_37' title="bbox 426 3791 1994 3864; baseline -0.002 -15"><span class='ocrx_word' id='word_1_264' title='bbox 426 3797 504 3850; x_wconf 80' lang='lat' dir='ltr'><strong>cis</strong></span> <span class='ocrx_word' id='word_1_265' title='bbox 527 3797 744 3860; x_wconf 78' lang='lat' dir='ltr'><strong>multus,</strong></span> <span class='ocrx_word' id='word_1_266' title='bbox 776 3811 876 3851; x_wconf 87' lang='lat' dir='ltr'><strong>nec</strong></span> <span class='ocrx_word' id='word_1_267' title='bbox 899 3794 1169 3864; x_wconf 88' lang='lat' dir='ltr'><strong>occupatis</strong></span> <span class='ocrx_word' id='word_1_268' title='bbox 1195 3806 1473 3848; x_wconf 87' lang='lat' dir='ltr'><strong>onerosus.</strong></span> <span class='ocrx_word' id='word_1_269' title='bbox 1515 3791 1724 3847; x_wconf 87' lang='lat' dir='ltr'><strong>Titulus</strong></span> <span class='ocrx_word' id='word_1_270' title='bbox 1753 3792 1866 3862; x_wconf 90' lang='lat' dir='ltr'><strong>ejus</strong></span> <span class='ocrx_word' id='word_1_271' title='bbox 1890 3807 1994 3846; x_wconf 91' lang='lat' dir='ltr'><strong>non</strong></span> 
     </span>
    </p>
   </div>
   <div class='ocr_carea' id='block_1_38' title="bbox 421 3884 2076 3956">
    <p class='ocr_par' dir='ltr' id='par_1_38' title="bbox 421 3884 2076 3956">
     <span class='ocr_line' id='line_1_38' title="bbox 421 3884 2076 3956; baseline -0.004 -14"><span class='ocrx_word' id='word_1_272' title='bbox 421 3906 520 3943; x_wconf 90' lang='lat' dir='ltr'><strong>nos</strong></span> <span class='ocrx_word' id='word_1_273' title='bbox 549 3898 711 3944; x_wconf 81' lang='lat' dir='ltr'><strong>tenet.</strong></span> <span class='ocrx_word' id='word_1_274' title='bbox 745 3889 839 3944; x_wconf 84' lang='lat' dir='ltr'><strong>Est</strong></span> <span class='ocrx_word' id='word_1_275' title='bbox 863 3889 1024 3952; x_wconf 89' lang='lat' dir='ltr'><strong>enim,</strong></span> <span class='ocrx_word' id='word_1_276' title='bbox 1055 3886 1122 3940; x_wconf 80' lang='lat' dir='ltr'><strong>In</strong></span> <span class='ocrx_word' id='word_1_277' title='bbox 1163 3886 1335 3955; x_wconf 82' lang='lat' dir='ltr'><strong>ﬁnem,</strong></span> <span class='ocrx_word' id='word_1_278' title='bbox 1365 3885 1417 3939; x_wconf 90' lang='lat' dir='ltr'><strong>in</strong></span> <span class='ocrx_word' id='word_1_279' title='bbox 1440 3885 1657 3956; x_wconf 76' lang='lat' dir='ltr'><strong>hymnis,</strong></span> <span class='ocrx_word' id='word_1_280' title='bbox 1687 3885 1785 3955; x_wconf 84' lang='lat' dir='ltr'><strong>ipsi</strong></span> <span class='ocrx_word' id='word_1_281' title='bbox 1811 3884 1992 3948; x_wconf 75' lang='lat' dir='ltr'><strong>David.</strong></span> <span class='ocrx_word' id='word_1_282' title='bbox 2072 3919 2076 3924; x_wconf 64' lang='grc' dir='ltr'><em>ι</em></span> 
     </span>
    </p>
   </div>
   <div class='ocr_carea' id='block_1_39' title="bbox 421 3959 1993 4050">
    <p class='ocr_par' dir='ltr' id='par_1_39' title="bbox 421 3959 1993 4050">
     <span class='ocr_line' id='line_1_39' title="bbox 421 3959 1993 4050; baseline -0.003 -16"><span class='ocrx_word' id='word_1_283' title='bbox 421 3980 487 4034; x_wconf 81' lang='lat' dir='ltr'><strong>In</strong></span> <span class='ocrx_word' id='word_1_284' title='bbox 527 3981 725 4050; x_wconf 70' lang='lat' dir='ltr'><strong>hymnis</strong></span> <span class='ocrx_word' id='word_1_285' title='bbox 750 4021 766 4045; x_wconf 89' lang='lat'><strong>,</strong></span> <span class='ocrx_word' id='word_1_286' title='bbox 805 3979 986 4048; x_wconf 85' lang='lat' dir='ltr'><strong>utique</strong></span> <span class='ocrx_word' id='word_1_287' title='bbox 1031 3979 1082 4032; x_wconf 92' lang='lat' dir='ltr'><strong>in</strong></span> <span class='ocrx_word' id='word_1_288' title='bbox 1125 3977 1390 4032; x_wconf 86' lang='lat' dir='ltr'><strong>laudibus.</strong></span> <span class='ocrx_word' id='word_1_289' title='bbox 1421 3974 1488 4030; x_wconf 86' lang='lat' dir='ltr'><strong>In</strong></span> <span class='ocrx_word' id='word_1_290' title='bbox 1531 3976 1701 4045; x_wconf 79' lang='lat' dir='ltr'><strong>ﬁnem,</strong></span> <span class='ocrx_word' id='word_1_291' title='bbox 1731 3959 1914 4046; x_wconf 86' lang='lat' dir='ltr'><strong>utique</strong></span> <span class='ocrx_word' id='word_1_292' title='bbox 1941 3977 1993 4030; x_wconf 91' lang='lat' dir='ltr'><strong>in</strong></span> 
     </span>
    </p>
   </div>
   <div class='ocr_carea' id='block_1_40' title="bbox 417 4067 1994 4141">
    <p class='ocr_par' dir='ltr' id='par_1_40' title="bbox 417 4067 1994 4141">
     <span class='ocr_line' id='line_1_40' title="bbox 417 4067 1994 4141; baseline -0.003 -14"><span class='ocrx_word' id='word_1_293' title='bbox 417 4075 708 4130; x_wconf 84' lang='lat' dir='ltr'><strong>Christum.</strong></span> <span class='ocrx_word' id='word_1_294' title='bbox 738 4072 883 4126; x_wconf 82' lang='lat' dir='ltr'><strong>Finis</strong></span> <span class='ocrx_word' id='word_1_295' title='bbox 921 4073 1052 4125; x_wconf 84' lang='lat' dir='ltr'><strong>enim</strong></span> <span class='ocrx_word' id='word_1_296' title='bbox 1089 4071 1237 4141; x_wconf 87' lang='lat' dir='ltr'><strong>Legis</strong></span> <span class='ocrx_word' id='word_1_297' title='bbox 1259 4067 1490 4125; x_wconf 70' lang='lat' dir='ltr'><strong>Christus</strong></span> <span class='ocrx_word' id='word_1_298' title='bbox 1523 4076 1625 4131; x_wconf 85' lang='lat' dir='ltr'><strong>est,</strong></span> <span class='ocrx_word' id='word_1_299' title='bbox 1654 4069 1722 4121; x_wconf 88' lang='lat' dir='ltr'><strong>ad</strong></span> <span class='ocrx_word' id='word_1_300' title='bbox 1734 4069 1994 4137; x_wconf 77' lang='lat' dir='ltr'><strong>justitiam</strong></span> 
     </span>
    </p>
   </div>
   <div class='ocr_carea' id='block_1_41' title="bbox 417 4158 1989 4234">
    <p class='ocr_par' dir='ltr' id='par_1_41' title="bbox 417 4158 1989 4234">
     <span class='ocr_line' id='line_1_41' title="bbox 417 4158 1989 4234; baseline -0.006 -13"><span class='ocrx_word' id='word_1_301' title='bbox 417 4168 554 4222; x_wconf 88' lang='lat' dir='ltr'><strong>omni</strong></span> <span class='ocrx_word' id='word_1_302' title='bbox 594 4164 812 4220; x_wconf 85' lang='lat' dir='ltr'><strong>credenti</strong></span> <span class='ocrx_word' id='word_1_303' title='bbox 850 4161 1024 4234; x_wconf 81' lang='lat' dir='ltr'><strong>(Rom.</strong></span> <span class='ocrx_word' id='word_1_304' title='bbox 1057 4177 1116 4226; x_wconf 69' lang='grc' dir='ltr'>χ,</span> <span class='ocrx_word' id='word_1_305' title='bbox 1157 4161 1238 4230; x_wconf 69' lang='grc' dir='ltr'><strong>Δ).</strong></span> <span class='ocrx_word' id='word_1_306' title='bbox 1264 4159 1328 4214; x_wconf 83' lang='lat' dir='ltr'><strong>Et</strong></span> <span class='ocrx_word' id='word_1_307' title='bbox 1349 4159 1448 4228; x_wconf 82' lang='lat' dir='ltr'><strong>ipsi</strong></span> <span class='ocrx_word' id='word_1_308' title='bbox 1475 4158 1674 4228; x_wconf 58' lang='lat' dir='ltr'><strong>David,_</strong></span> <span class='ocrx_word' id='word_1_309' title='bbox 1699 4175 1802 4213; x_wconf 87' lang='lat' dir='ltr'><strong>non</strong></span> <span class='ocrx_word' id='word_1_310' title='bbox 1830 4158 1989 4212; x_wconf 89' lang='lat' dir='ltr'><strong>alium</strong></span> 
     </span>
    </p>
   </div>
   <div class='ocr_carea' id='block_1_42' title="bbox 415 4249 1991 4328">
    <p class='ocr_par' dir='ltr' id='par_1_42' title="bbox 415 4249 1991 4328">
     <span class='ocr_line' id='line_1_42' title="bbox 415 4249 1991 4328; baseline -0.005 -16"><span class='ocrx_word' id='word_1_311' title='bbox 415 4273 572 4328; x_wconf 89' lang='lat' dir='ltr'><strong>quam</strong></span> <span class='ocrx_word' id='word_1_312' title='bbox 600 4257 774 4326; x_wconf 91' lang='lat' dir='ltr'><strong>ipsum</strong></span> <span class='ocrx_word' id='word_1_313' title='bbox 815 4253 1055 4322; x_wconf 88' lang='lat' dir='ltr'><strong>accipere</strong></span> <span class='ocrx_word' id='word_1_314' title='bbox 1079 4250 1358 4316; x_wconf 89' lang='lat' dir='ltr'><strong>debemus,</strong></span> <span class='ocrx_word' id='word_1_315' title='bbox 1387 4249 1481 4320; x_wconf 85' lang='lat' dir='ltr'><strong>qui</strong></span> <span class='ocrx_word' id='word_1_316' title='bbox 1517 4249 1663 4302; x_wconf 88' lang='lat' dir='ltr'><strong>venit</strong></span> <span class='ocrx_word' id='word_1_317' title='bbox 1691 4264 1755 4303; x_wconf 79' lang='lat' dir='ltr'><strong>ex</strong></span> <span class='ocrx_word' id='word_1_318' title='bbox 1787 4250 1991 4304; x_wconf 87' lang='lat' dir='ltr'><strong>semine</strong></span> 
     </span>
    </p>
   </div>
   <div class='ocr_carea' id='block_1_43' title="bbox 417 4341 1960 4414">
    <p class='ocr_par' dir='ltr' id='par_1_43' title="bbox 417 4341 1960 4414">
     <span class='ocr_line' id='line_1_43' title="bbox 417 4341 1960 4414; baseline -0.006 -8"><span class='ocrx_word' id='word_1_319' title='bbox 417 4351 607 4414; x_wconf 86' lang='lat' dir='ltr'><strong>David,</strong></span> <span class='ocrx_word' id='word_1_320' title='bbox 634 4361 690 4405; x_wconf 93' lang='lat' dir='ltr'><strong>ut</strong></span> <span class='ocrx_word' id='word_1_321' title='bbox 714 4358 856 4404; x_wconf 65' lang='lat' dir='ltr'><strong>esset</strong></span> <span class='ocrx_word' id='word_1_322' title='bbox 882 4346 1042 4400; x_wconf 90' lang='lat' dir='ltr'><strong>homo</strong></span> <span class='ocrx_word' id='word_1_323' title='bbox 1065 4345 1206 4398; x_wconf 86' lang='lat' dir='ltr'><strong>inter</strong></span> <span class='ocrx_word' id='word_1_324' title='bbox 1231 4343 1500 4409; x_wconf 89' lang='lat' dir='ltr'><strong>homines,</strong></span> <span class='ocrx_word' id='word_1_325' title='bbox 1529 4351 1582 4396; x_wconf 91' lang='lat' dir='ltr'><strong>et</strong></span> <span class='ocrx_word' id='word_1_326' title='bbox 1619 4341 1852 4411; x_wconf 71' lang='lat' dir='ltr'><strong>tequales</strong></span> <span class='ocrx_word' id='word_1_327' title='bbox 1878 4343 1960 4397; x_wconf 83' lang='lat' dir='ltr'><strong>An</strong></span> 
     </span>
    </p>
   </div>
   <div class='ocr_carea' id='block_1_44' title="bbox 415 4433 1986 4511">
    <p class='ocr_par' dir='ltr' id='par_1_44' title="bbox 415 4433 1986 4511">
     <span class='ocr_line' id='line_1_44' title="bbox 415 4433 1986 4511; baseline -0.007 -13"><span class='ocrx_word' id='word_1_328' title='bbox 415 4443 546 4511; x_wconf 75' lang='lat' dir='ltr'><strong>gelis</strong></span> <span class='ocrx_word' id='word_1_329' title='bbox 585 4443 780 4497; x_wconf 81' lang='lat' dir='ltr'><strong>faceret</strong></span> <span class='ocrx_word' id='word_1_330' title='bbox 820 4434 1083 4494; x_wconf 65' lang='lat' dir='ltr'><strong>homines.</strong></span> <span class='ocrx_word' id='word_1_331' title='bbox 1110 4435 1310 4490; x_wconf 79' lang='lat' dir='ltr'><strong>Vocem</strong></span> <span class='ocrx_word' id='word_1_332' title='bbox 1335 4444 1513 4488; x_wconf 87' lang='lat' dir='ltr'><strong>autem</strong></span> <span class='ocrx_word' id='word_1_333' title='bbox 1541 4433 1594 4488; x_wconf 91' lang='lat' dir='ltr'><strong>in</strong></span> <span class='ocrx_word' id='word_1_334' title='bbox 1632 4433 1735 4488; x_wconf 87' lang='lat' dir='ltr'><strong>isto</strong></span> <span class='ocrx_word' id='word_1_335' title='bbox 1763 4433 1986 4503; x_wconf 83' lang='lat' dir='ltr'><strong>psalmo,</strong></span> 
     </span>
    </p>
   </div>
   <div class='ocr_carea' id='block_1_45' title="bbox 418 4523 1988 4599">
    <p class='ocr_par' dir='ltr' id='par_1_45' title="bbox 418 4523 1988 4599">
     <span class='ocr_line' id='line_1_45' title="bbox 418 4523 1988 4599; baseline -0.005 -13"><span class='ocrx_word' id='word_1_336' title='bbox 418 4534 461 4586; x_wconf 89' lang='lat' dir='ltr'><strong>si</strong></span> <span class='ocrx_word' id='word_1_337' title='bbox 506 4534 556 4586; x_wconf 91' lang='lat' dir='ltr'><strong>in</strong></span> <span class='ocrx_word' id='word_1_338' title='bbox 587 4531 844 4588; x_wconf 85' lang='lat' dir='ltr'><strong>membris</strong></span> <span class='ocrx_word' id='word_1_339' title='bbox 886 4529 1003 4599; x_wconf 85' lang='lat' dir='ltr'><strong>ejus</strong></span> <span class='ocrx_word' id='word_1_340' title='bbox 1030 4535 1084 4582; x_wconf 92' lang='lat' dir='ltr'><strong>et</strong></span> <span class='ocrx_word' id='word_1_341' title='bbox 1113 4527 1164 4581; x_wconf 93' lang='lat' dir='ltr'><strong>in</strong></span> <span class='ocrx_word' id='word_1_342' title='bbox 1213 4538 1438 4593; x_wconf 86' lang='lat' dir='ltr'><strong>corpore</strong></span> <span class='ocrx_word' id='word_1_343' title='bbox 1479 4538 1698 4589; x_wconf 90' lang='lat' dir='ltr'><strong>sumus,</strong></span> <span class='ocrx_word' id='word_1_344' title='bbox 1739 4524 1875 4577; x_wconf 87' lang='lat' dir='ltr'><strong>sicut</strong></span> <span class='ocrx_word' id='word_1_345' title='bbox 1899 4523 1988 4578; x_wconf 88' lang='lat' dir='ltr'><strong>illo</strong></span> 
     </span>
    </p>
   </div>
   <div class='ocr_carea' id='block_1_46' title="bbox 413 4613 1988 4694">
    <p class='ocr_par' dir='ltr' id='par_1_46' title="bbox 413 4613 1988 4694">
     <span class='ocr_line' id='line_1_46' title="bbox 413 4613 1988 4694; baseline -0.006 -17"><span class='ocrx_word' id='word_1_346' title='bbox 413 4627 730 4682; x_wconf 76' lang='lat' dir='ltr'><strong>exhortante</strong></span> <span class='ocrx_word' id='word_1_347' title='bbox 766 4635 1090 4694; x_wconf 59' lang='lat' dir='ltr'><strong>praesumere</strong></span> <span class='ocrx_word' id='word_1_348' title='bbox 1131 4617 1392 4673; x_wconf 85' lang='lat' dir='ltr'><strong>audemus</strong></span> <span class='ocrx_word' id='word_1_349' title='bbox 1417 4656 1430 4679; x_wconf 92' lang='lat'><strong>,</strong></span> <span class='ocrx_word' id='word_1_350' title='bbox 1459 4623 1694 4670; x_wconf 88' lang='lat' dir='ltr'><strong>nostram</strong></span> <span class='ocrx_word' id='word_1_351' title='bbox 1734 4613 1988 4669; x_wconf 87' lang='lat' dir='ltr'><strong>debemus</strong></span> 
     </span>
    </p>
   </div>
   <div class='ocr_carea' id='block_1_47' title="bbox 413 4705 1984 4781">
    <p class='ocr_par' dir='ltr' id='par_1_47' title="bbox 413 4705 1984 4781">
     <span class='ocr_line' id='line_1_47' title="bbox 413 4705 1984 4781; baseline -0.003 -16"><span class='ocrx_word' id='word_1_352' title='bbox 413 4730 719 4781; x_wconf 84' lang='lat' dir='ltr'><strong>agnoscere,</strong></span> <span class='ocrx_word' id='word_1_353' title='bbox 747 4731 853 4769; x_wconf 85' lang='lat' dir='ltr'><strong>non</strong></span> <span class='ocrx_word' id='word_1_354' title='bbox 875 4711 1096 4780; x_wconf 87' lang='lat' dir='ltr'><strong>alicujus</strong></span> <span class='ocrx_word' id='word_1_355' title='bbox 1123 4707 1382 4764; x_wconf 81' lang='lat' dir='ltr'><strong>extranei.</strong></span> <span class='ocrx_word' id='word_1_356' title='bbox 1405 4705 1646 4761; x_wconf 87' lang='lat' dir='ltr'><strong>Nostram</strong></span> <span class='ocrx_word' id='word_1_357' title='bbox 1672 4713 1848 4760; x_wconf 90' lang='lat' dir='ltr'><strong>autem</strong></span> <span class='ocrx_word' id='word_1_358' title='bbox 1879 4721 1984 4760; x_wconf 82' lang='lat' dir='ltr'><strong>non</strong></span> 
     </span>
    </p>
   </div>
   <div class='ocr_carea' id='block_1_48' title="bbox 411 4797 1986 4874">
    <p class='ocr_par' dir='ltr' id='par_1_48' title="bbox 411 4797 1986 4874">
     <span class='ocr_line' id='line_1_48' title="bbox 411 4797 1986 4874; baseline -0.004 -17"><span class='ocrx_word' id='word_1_359' title='bbox 411 4805 490 4859; x_wconf 86' lang='lat' dir='ltr'><strong>sic</strong></span> <span class='ocrx_word' id='word_1_360' title='bbox 519 4804 644 4868; x_wconf 80' lang='lat' dir='ltr'><strong>dixi,</strong></span> <span class='ocrx_word' id='word_1_361' title='bbox 677 4805 824 4874; x_wconf 89' lang='lat' dir='ltr'><strong>quasi</strong></span> <span class='ocrx_word' id='word_1_362' title='bbox 855 4819 1040 4860; x_wconf 89' lang='lat' dir='ltr'><strong>eorum</strong></span> <span class='ocrx_word' id='word_1_363' title='bbox 1071 4811 1272 4857; x_wconf 87' lang='lat' dir='ltr'><strong>tantum</strong></span> <span class='ocrx_word' id='word_1_364' title='bbox 1298 4798 1387 4870; x_wconf 90' lang='lat' dir='ltr'><strong>qui</strong></span> <span class='ocrx_word' id='word_1_365' title='bbox 1414 4799 1467 4852; x_wconf 91' lang='lat' dir='ltr'><strong>in</strong></span> <span class='ocrx_word' id='word_1_366' title='bbox 1502 4797 1781 4868; x_wconf 63' lang='lat' dir='ltr'><strong>prmsentia</strong></span> <span class='ocrx_word' id='word_1_367' title='bbox 1802 4812 1986 4851; x_wconf 86' lang='lat' dir='ltr'><strong>sumus</strong></span> 
     </span>
    </p>
   </div>
   <div class='ocr_carea' id='block_1_49' title="bbox 409 4888 1980 4966">
    <p class='ocr_par' dir='ltr' id='par_1_49' title="bbox 409 4888 1980 4966">
     <span class='ocr_line' id='line_1_49' title="bbox 409 4888 1980 4966; baseline -0.006 -15"><span class='ocrx_word' id='word_1_368' title='bbox 409 4897 600 4959; x_wconf 92' lang='lat' dir='ltr'><strong>modo;</strong></span> <span class='ocrx_word' id='word_1_369' title='bbox 641 4895 733 4950; x_wconf 89' lang='lat' dir='ltr'><strong>sed</strong></span> <span class='ocrx_word' id='word_1_370' title='bbox 777 4906 1009 4951; x_wconf 89' lang='lat' dir='ltr'><strong>nostram</strong></span> <span class='ocrx_word' id='word_1_371' title='bbox 1039 4895 1128 4966; x_wconf 89' lang='lat' dir='ltr'><strong>qui</strong></span> <span class='ocrx_word' id='word_1_372' title='bbox 1155 4907 1338 4948; x_wconf 90' lang='lat' dir='ltr'><strong>sumus</strong></span> <span class='ocrx_word' id='word_1_373' title='bbox 1376 4905 1471 4961; x_wconf 87' lang='lat' dir='ltr'><strong>per</strong></span> <span class='ocrx_word' id='word_1_374' title='bbox 1509 4898 1676 4944; x_wconf 90' lang='lat' dir='ltr'><strong>totum</strong></span> <span class='ocrx_word' id='word_1_375' title='bbox 1706 4888 1980 4955; x_wconf 87' lang='lat' dir='ltr'><strong>mundum,</strong></span> 
     </span>
    </p>
   </div>
   <div class='ocr_carea' id='block_1_50' title="bbox 407 4981 1981 5057">
    <p class='ocr_par' dir='ltr' id='par_1_50' title="bbox 407 4981 1981 5057">
     <span class='ocr_line' id='line_1_50' title="bbox 407 4981 1981 5057; baseline -0.006 -14"><span class='ocrx_word' id='word_1_376' title='bbox 407 4990 496 5057; x_wconf 86' lang='lat' dir='ltr'><strong>qui</strong></span> <span class='ocrx_word' id='word_1_377' title='bbox 521 5003 707 5042; x_wconf 89' lang='lat' dir='ltr'><strong>sumus</strong></span> <span class='ocrx_word' id='word_1_378' title='bbox 735 4987 802 5041; x_wconf 86' lang='lat' dir='ltr'><strong>ab</strong></span> <span class='ocrx_word' id='word_1_379' title='bbox 825 4988 1030 5043; x_wconf 89' lang='lat' dir='ltr'><strong>oriente</strong></span> <span class='ocrx_word' id='word_1_380' title='bbox 1057 5002 1222 5057; x_wconf 86' lang='lat' dir='ltr'><strong>usque</strong></span> <span class='ocrx_word' id='word_1_381' title='bbox 1248 4985 1300 5039; x_wconf 91' lang='lat' dir='ltr'><strong>in</strong></span> <span class='ocrx_word' id='word_1_382' title='bbox 1328 4983 1680 5039; x_wconf 82' lang='lat' dir='ltr'><strong>occidentem.</strong></span> <span class='ocrx_word' id='word_1_383' title='bbox 1704 4981 1770 5036; x_wconf 86' lang='lat' dir='ltr'><strong>Et</strong></span> <span class='ocrx_word' id='word_1_384' title='bbox 1800 4990 1856 5036; x_wconf 92' lang='lat' dir='ltr'><strong>ut</strong></span> <span class='ocrx_word' id='word_1_385' title='bbox 1883 4996 1981 5034; x_wconf 90' lang='lat' dir='ltr'><strong>no-</strong></span> 
     </span>
    </p>
   </div>
   <div class='ocr_carea' id='block_1_51' title="bbox 407 5071 1978 5143">
    <p class='ocr_par' dir='ltr' id='par_1_51' title="bbox 407 5071 1978 5143">
     <span class='ocr_line' id='line_1_51' title="bbox 407 5071 1978 5143; baseline -0.006 -10"><span class='ocrx_word' id='word_1_386' title='bbox 407 5079 592 5133; x_wconf 82' lang='lat' dir='ltr'><strong>veritis</strong></span> <span class='ocrx_word' id='word_1_387' title='bbox 634 5077 711 5132; x_wconf 89' lang='lat' dir='ltr'><strong>sic</strong></span> <span class='ocrx_word' id='word_1_388' title='bbox 737 5092 859 5131; x_wconf 87' lang='lat' dir='ltr'><strong>esse</strong></span> <span class='ocrx_word' id='word_1_389' title='bbox 895 5092 1081 5131; x_wconf 84' lang='lat' dir='ltr'><strong>vocem</strong></span> <span class='ocrx_word' id='word_1_390' title='bbox 1126 5086 1360 5131; x_wconf 89' lang='lat' dir='ltr'><strong>nostram</strong></span> <span class='ocrx_word' id='word_1_391' title='bbox 1387 5115 1404 5141; x_wconf 91' lang='lat'><strong>,</strong></span> <span class='ocrx_word' id='word_1_392' title='bbox 1454 5073 1688 5143; x_wconf 89' lang='lat' dir='ltr'><strong>loquitur</strong></span> <span class='ocrx_word' id='word_1_393' title='bbox 1717 5071 1802 5126; x_wconf 88' lang='lat' dir='ltr'><strong>hic</strong></span> <span class='ocrx_word' id='word_1_394' title='bbox 1830 5072 1978 5142; x_wconf 90' lang='lat' dir='ltr'><strong>quasi</strong></span> 
     </span>
    </p>
   </div>
   <div class='ocr_carea' id='block_1_52' title="bbox 405 5163 1977 5234">
    <p class='ocr_par' dir='ltr' id='par_1_52' title="bbox 405 5163 1977 5234">
     <span class='ocr_line' id='line_1_52' title="bbox 405 5163 1977 5234; baseline -0.007 -8"><span class='ocrx_word' id='word_1_395' title='bbox 405 5186 546 5226; x_wconf 89' lang='lat' dir='ltr'><strong>unus</strong></span> <span class='ocrx_word' id='word_1_396' title='bbox 570 5169 731 5224; x_wconf 90' lang='lat' dir='ltr'><strong>homo</strong></span> <span class='ocrx_word' id='word_1_397' title='bbox 761 5186 774 5221; x_wconf 90' lang='lat'>:</span> <span class='ocrx_word' id='word_1_398' title='bbox 802 5183 905 5221; x_wconf 90' lang='lat' dir='ltr'><strong>non</strong></span> <span class='ocrx_word' id='word_1_399' title='bbox 928 5178 1012 5222; x_wconf 86' lang='lat' dir='ltr'><strong>est</strong></span> <span class='ocrx_word' id='word_1_400' title='bbox 1035 5178 1210 5221; x_wconf 87' lang='lat' dir='ltr'><strong>autem</strong></span> <span class='ocrx_word' id='word_1_401' title='bbox 1239 5182 1375 5221; x_wconf 89' lang='lat' dir='ltr'><strong>unus</strong></span> <span class='ocrx_word' id='word_1_402' title='bbox 1401 5167 1581 5229; x_wconf 89' lang='lat' dir='ltr'><strong>homo,</strong></span> <span class='ocrx_word' id='word_1_403' title='bbox 1610 5163 1702 5220; x_wconf 88' lang='lat' dir='ltr'><strong>sed</strong></span> <span class='ocrx_word' id='word_1_404' title='bbox 1731 5173 1977 5234; x_wconf 88' lang='lat' dir='ltr'><strong>tanquam</strong></span> 
     </span>
    </p>
   </div>
   <div class='ocr_carea' id='block_1_53' title="bbox 407 5254 1977 5325">
    <p class='ocr_par' dir='ltr' id='par_1_53' title="bbox 407 5254 1977 5325">
     <span class='ocr_line' id='line_1_53' title="bbox 407 5254 1977 5325; baseline -0.006 -10"><span class='ocrx_word' id='word_1_405' title='bbox 407 5276 546 5316; x_wconf 88' lang='lat' dir='ltr'><strong>unus</strong></span> <span class='ocrx_word' id='word_1_406' title='bbox 587 5259 762 5316; x_wconf 87' lang='lat' dir='ltr'><strong>unitas</strong></span> <span class='ocrx_word' id='word_1_407' title='bbox 801 5256 1051 5325; x_wconf 85' lang='lat' dir='ltr'><strong>loquitur.</strong></span> <span class='ocrx_word' id='word_1_408' title='bbox 1101 5255 1158 5308; x_wconf 84' lang='lat' dir='ltr'><strong>lu</strong></span> <span class='ocrx_word' id='word_1_409' title='bbox 1187 5254 1400 5310; x_wconf 85' lang='lat' dir='ltr'><strong>Christo</strong></span> <span class='ocrx_word' id='word_1_410' title='bbox 1429 5265 1606 5310; x_wconf 90' lang='lat' dir='ltr'><strong>autem</strong></span> <span class='ocrx_word' id='word_1_411' title='bbox 1650 5269 1747 5308; x_wconf 91' lang='lat' dir='ltr'><strong>nos</strong></span> <span class='ocrx_word' id='word_1_412' title='bbox 1791 5269 1977 5308; x_wconf 90' lang='lat' dir='ltr'><strong>omnes</strong></span> 
     </span>
    </p>
   </div>
   <div class='ocr_carea' id='block_1_54' title="bbox 405 5346 1975 5420">
    <p class='ocr_par' dir='ltr' id='par_1_54' title="bbox 405 5346 1975 5420">
     <span class='ocr_line' id='line_1_54' title="bbox 405 5346 1975 5420; baseline -0.004 -13"><span class='ocrx_word' id='word_1_413' title='bbox 405 5369 540 5409; x_wconf 89' lang='lat' dir='ltr'><strong>unus</strong></span> <span class='ocrx_word' id='word_1_414' title='bbox 581 5352 774 5416; x_wconf 89' lang='lat' dir='ltr'><strong>homo;</strong></span> <span class='ocrx_word' id='word_1_415' title='bbox 818 5348 939 5420; x_wconf 90' lang='lat' dir='ltr'><strong>quia</strong></span> <span class='ocrx_word' id='word_1_416' title='bbox 966 5346 1125 5416; x_wconf 88' lang='lat' dir='ltr'><strong>hujus</strong></span> <span class='ocrx_word' id='word_1_417' title='bbox 1165 5347 1322 5401; x_wconf 90' lang='lat' dir='ltr'><strong>unius</strong></span> <span class='ocrx_word' id='word_1_418' title='bbox 1360 5346 1588 5400; x_wconf 88' lang='lat' dir='ltr'><strong>hominis</strong></span> <span class='ocrx_word' id='word_1_419' title='bbox 1624 5355 1778 5416; x_wconf 89' lang='lat' dir='ltr'><strong>caput</strong></span> <span class='ocrx_word' id='word_1_420' title='bbox 1816 5355 1895 5400; x_wconf 91' lang='lat' dir='ltr'><strong>est</strong></span> <span class='ocrx_word' id='word_1_421' title='bbox 1925 5347 1975 5400; x_wconf 88' lang='lat' dir='ltr'><strong>in</strong></span> 
     </span>
    </p>
   </div>
   <div class='ocr_carea' id='block_1_55' title="bbox 465 5495 1972 5565">
    <p class='ocr_par' dir='ltr' id='par_1_55' title="bbox 465 5495 1972 5565">
     <span class='ocr_line' id='line_1_55' title="bbox 465 5495 1972 5565; baseline -0.007 -11"><span class='ocrx_word' id='word_1_422' title='bbox 465 5507 480 5538; x_wconf 81' lang='grc'>¹</span> <span class='ocrx_word' id='word_1_423' title='bbox 507 5503 618 5554; x_wconf 73' lang='lat' dir='ltr'><strong>Edd.</strong></span> <span class='ocrx_word' id='word_1_424' title='bbox 639 5538 655 5565; x_wconf 88' lang='lat'><strong>,</strong></span> <span class='ocrx_word' id='word_1_425' title='bbox 678 5500 896 5565; x_wconf 74' lang='lat' dir='ltr'><strong>salutent.</strong></span> <span class='ocrx_word' id='word_1_426' title='bbox 940 5497 1302 5565; x_wconf 70' lang='lat' dir='ltr'><strong>Aliquot_lttsa._.</strong></span> <span class='ocrx_word' id='word_1_427' title='bbox 1344 5496 1490 5565; x_wconf 83' lang='lat' dir='ltr'><strong>salem</strong></span> <span class='ocrx_word' id='word_1_428' title='bbox 1520 5510 1536 5546; x_wconf 89' lang='lat'><strong><em>:</em></strong></span> <span class='ocrx_word' id='word_1_429' title='bbox 1570 5496 1816 5565; x_wconf 31' lang='lat' dir='ltr'><strong>alluditAad</strong></span> <span class='ocrx_word' id='word_1_430' title='bbox 1860 5495 1972 5565; x_wconf 79' lang='lat' dir='ltr'><strong>illud</strong></span> 
     </span>
    </p>
   </div>
   <div class='ocr_carea' id='block_1_56' title="bbox 400 5559 1973 5624">
    <p class='ocr_par' dir='ltr' id='par_1_56' title="bbox 400 5559 1973 5624">
     <span class='ocr_line' id='line_1_56' title="bbox 400 5559 1973 5624; baseline -0.008 -7"><span class='ocrx_word' id='word_1_431' title='bbox 400 5569 536 5617; x_wconf 79' lang='lat' dir='ltr'><strong>Marci</strong></span> <span class='ocrx_word' id='word_1_432' title='bbox 559 5567 609 5624; x_wconf 88' lang='lat'><strong>9,</strong></span> <span class='ocrx_word' id='word_1_433' title='bbox 640 5559 730 5614; x_wconf 60' lang='lat'><strong>&#39;49:</strong></span> <span class='ocrx_word' id='word_1_434' title='bbox 764 5563 938 5614; x_wconf 76' lang='lat' dir='ltr'><strong>&quot;abcte</strong></span> <span class='ocrx_word' id='word_1_435' title='bbox 981 5559 1175 5611; x_wconf 68' lang='lat' dir='ltr'><strong>iuvabis</strong></span> <span class='ocrx_word' id='word_1_436' title='bbox 1211 5559 1376 5620; x_wconf 84' lang='lat' dir='ltr'><strong>salem,</strong></span> <span class='ocrx_word' id='word_1_437' title='bbox 1403 5561 1474 5609; x_wconf 89' lang='lat' dir='ltr'><strong>uti</strong></span> <span class='ocrx_word' id='word_1_438' title='bbox 1494 5573 1652 5622; x_wconf 76' lang='lat' dir='ltr'><strong>supra,</strong></span> <span class='ocrx_word' id='word_1_439' title='bbox 1674 5573 1719 5607; x_wconf 89' lang='lat' dir='ltr'><strong>n.</strong></span> <span class='ocrx_word' id='word_1_440' title='bbox 1741 5559 1973 5607; x_wconf 79' lang='lat' dir='ltr'><strong>9.t;outer</strong></span> 
     </span>
    </p>
   </div>
   <div class='ocr_carea' id='block_1_57' title="bbox 398 5626 933 5691">
    <p class='ocr_par' dir='ltr' id='par_1_57' title="bbox 398 5626 933 5691">
     <span class='ocr_line' id='line_1_57' title="bbox 398 5626 933 5691; baseline -0.007 -13"><span class='ocrx_word' id='word_1_441' title='bbox 398 5640 638 5691; x_wconf 66' lang='lat' dir='ltr'><strong>praeterea</strong></span> <span class='ocrx_word' id='word_1_442' title='bbox 654 5641 733 5691; x_wconf 75' lang='lat' dir='ltr'><strong>an.</strong></span> <span class='ocrx_word' id='word_1_443' title='bbox 760 5626 791 5676; x_wconf 61' lang='grc' dir='ltr'>ἓ</span> <span class='ocrx_word' id='word_1_444' title='bbox 814 5634 866 5676; x_wconf 88' lang='lat' dir='ltr'><strong>et</strong></span> <span class='ocrx_word' id='word_1_445' title='bbox 886 5626 933 5675; x_wconf 87' lang='lat'><strong>7.</strong></span> 
     </span>
    </p>
   </div>
   <div class='ocr_carea' id='block_1_58' title="bbox 462 5683 1290 5744">
    <p class='ocr_par' dir='ltr' id='par_1_58' title="bbox 462 5683 1290 5744">
     <span class='ocr_line' id='line_1_58' title="bbox 462 5683 1290 5744; baseline -0.008 -4"><span class='ocrx_word' id='word_1_446' title='bbox 462 5690 483 5723; x_wconf 77' lang='grc'>⁸</span> <span class='ocrx_word' id='word_1_447' title='bbox 505 5689 722 5741; x_wconf 64' lang='lat' dir='ltr'><strong>nonnulli</strong></span> <span class='ocrx_word' id='word_1_448' title='bbox 745 5696 875 5744; x_wconf 47' lang='lat' dir='ltr'><strong>Mssa</strong></span> <span class='ocrx_word' id='word_1_449' title='bbox 897 5683 1172 5741; x_wconf 81' lang='lat' dir='ltr'><strong>tribule</strong></span> <span class='ocrx_word' id='word_1_450' title='bbox 1192 5696 1290 5734; x_wconf 83' lang='lat' dir='ltr'><strong>nos.</strong></span> 
     </span>
    </p>
   </div>
   <div class='ocr_carea' id='block_1_59' title="bbox 1667 260 2465 318">
    <p class='ocr_par' dir='ltr' id='par_1_59' title="bbox 1667 260 2465 318">
     <span class='ocr_line' id='line_1_59' title="bbox 1667 260 2465 318; baseline 0.001 -1"><span class='ocrx_word' id='word_1_451' title='bbox 1667 260 1723 317; x_wconf 86' lang='lat' dir='ltr'><strong>S.</strong></span> <span class='ocrx_word' id='word_1_452' title='bbox 1763 264 1802 316; x_wconf 78' lang='grc' dir='ltr'><strong>Α</strong></span> <span class='ocrx_word' id='word_1_453' title='bbox 1815 260 2123 317; x_wconf 76' lang='lat' dir='ltr'><strong>UGUSTINI</strong></span> <span class='ocrx_word' id='word_1_454' title='bbox 2163 261 2465 318; x_wconf 79' lang='lat' dir='ltr'><strong>EPISCUPI</strong></span> 
     </span>
    </p>
   </div>
   <div class='ocr_carea' id='block_1_60' title="bbox 3551 280 3640 335">
    <p class='ocr_par' dir='ltr' id='par_1_60' title="bbox 3551 280 3640 335">
     <span class='ocr_line' id='line_1_60' title="bbox 3551 280 3640 335; baseline 0.022 -2"><span class='ocrx_word' id='word_1_455' title='bbox 3551 280 3640 335; x_wconf 61' lang='grc' dir='ltr'><strong>γει</strong></span> 
     </span>
    </p>
   </div>
   <div class='ocr_carea' id='block_1_61' title="bbox 2117 377 3644 461">
    <p class='ocr_par' dir='ltr' id='par_1_61' title="bbox 2117 377 3644 461">
     <span class='ocr_line' id='line_1_61' title="bbox 2117 377 3644 461; baseline 0.012 -32"><span class='ocrx_word' id='word_1_456' title='bbox 2117 377 2274 441; x_wconf 72' lang='lat' dir='ltr'><strong>emlo,</strong></span> <span class='ocrx_word' id='word_1_457' title='bbox 2303 387 2356 431; x_wconf 91' lang='lat' dir='ltr'><strong>et</strong></span> <span class='ocrx_word' id='word_1_458' title='bbox 2381 378 2616 434; x_wconf 89' lang='lat' dir='ltr'><strong>membra</strong></span> <span class='ocrx_word' id='word_1_459' title='bbox 2639 379 2813 436; x_wconf 88' lang='lat' dir='ltr'><strong>adhuc</strong></span> <span class='ocrx_word' id='word_1_460' title='bbox 2840 381 3082 441; x_wconf 74' lang='lat' dir='ltr'><strong>laborant</strong></span> <span class='ocrx_word' id='word_1_461' title='bbox 3110 384 3158 436; x_wconf 90' lang='lat' dir='ltr'><strong>in</strong></span> <span class='ocrx_word' id='word_1_462' title='bbox 3186 393 3317 439; x_wconf 87' lang='lat' dir='ltr'><strong>terra</strong></span> <span class='ocrx_word' id='word_1_463' title='bbox 3341 397 3418 444; x_wconf 91' lang='lat' dir='ltr'><strong>:et</strong></span> <span class='ocrx_word' id='word_1_464' title='bbox 3441 392 3550 461; x_wconf 84' lang='lat' dir='ltr'><strong>quia</strong></span> <span class='ocrx_word' id='word_1_465' title='bbox 3575 394 3644 448; x_wconf 86' lang='lat' dir='ltr'><strong>la-</strong></span> 
     </span>
    </p>
   </div>
   <div class='ocr_carea' id='block_1_62' title="bbox 2115 469 2892 543">
    <p class='ocr_par' dir='ltr' id='par_1_62' title="bbox 2115 469 2892 543">
     <span class='ocr_line' id='line_1_62' title="bbox 2115 469 2892 543; baseline 0.003 -19"><span class='ocrx_word' id='word_1_466' title='bbox 2115 469 2320 535; x_wconf 89' lang='lat' dir='ltr'><strong>borant,</strong></span> <span class='ocrx_word' id='word_1_467' title='bbox 2347 471 2520 527; x_wconf 83' lang='lat' dir='ltr'><strong>videte</strong></span> <span class='ocrx_word' id='word_1_468' title='bbox 2548 473 2672 543; x_wconf 85' lang='lat' dir='ltr'><strong>quid</strong></span> <span class='ocrx_word' id='word_1_469' title='bbox 2697 474 2892 529; x_wconf 75' lang='lat' dir='ltr'><strong>dicat‘.</strong></span> 
     </span>
    </p>
   </div>
   <div class='ocr_carea' id='block_1_63' title="bbox 2185 560 3647 640">
    <p class='ocr_par' dir='ltr' id='par_1_63' title="bbox 2185 560 3647 640">
     <span class='ocr_line' id='line_1_63' title="bbox 2185 560 3647 640; baseline 0.009 -25"><span class='ocrx_word' id='word_1_470' title='bbox 2185 561 2240 615; x_wconf 75' lang='grc'><strong>9..</strong></span> <span class='ocrx_word' id='word_1_471' title='bbox 2270 560 2419 632; x_wconf 74' lang='lat' dir='ltr'><strong>[rers.</strong></span> <span class='ocrx_word' id='word_1_472' title='bbox 2449 562 2593 636; x_wconf 70' lang='lat'><strong>2—4.]</strong></span> <span class='ocrx_word' id='word_1_473' title='bbox 2631 564 2851 630; x_wconf 71' lang='lat' dir='ltr'><strong>Exaudi,</strong></span> <span class='ocrx_word' id='word_1_474' title='bbox 2897 565 3048 628; x_wconf 80' lang='lat' dir='ltr'><strong>Deus,</strong></span> <span class='ocrx_word' id='word_1_475' title='bbox 3087 568 3469 637; x_wconf 77' lang='lat' dir='ltr'><strong>deprecationem</strong></span> <span class='ocrx_word' id='word_1_476' title='bbox 3491 590 3647 640; x_wconf 87' lang='lat' dir='ltr'><strong>meam,</strong></span> 
     </span>
    </p>
   </div>
   <div class='ocr_carea' id='block_1_64' title="bbox 2117 651 3653 725">
    <p class='ocr_par' dir='ltr' id='par_1_64' title="bbox 2117 651 3653 725">
     <span class='ocr_line' id='line_1_64' title="bbox 2117 651 3653 725; baseline 0.011 -22"><span class='ocrx_word' id='word_1_477' title='bbox 2117 651 2317 705; x_wconf 85' lang='lat' dir='ltr'><strong>intende</strong></span> <span class='ocrx_word' id='word_1_478' title='bbox 2338 652 2556 706; x_wconf 88' lang='lat' dir='ltr'><strong>orationi</strong></span> <span class='ocrx_word' id='word_1_479' title='bbox 2579 670 2720 708; x_wconf 76' lang='lat' dir='ltr'><strong>mete.</strong></span> <span class='ocrx_word' id='word_1_480' title='bbox 2747 654 2876 720; x_wconf 86' lang='lat' dir='ltr'><strong>Quis</strong></span> <span class='ocrx_word' id='word_1_481' title='bbox 2905 655 3070 711; x_wconf 87' lang='lat' dir='ltr'><strong>dicit?</strong></span> <span class='ocrx_word' id='word_1_482' title='bbox 3092 657 3250 725; x_wconf 84' lang='lat' dir='ltr'><strong>Quasi</strong></span> <span class='ocrx_word' id='word_1_483' title='bbox 3290 675 3435 716; x_wconf 90' lang='lat' dir='ltr'><strong>unus.</strong></span> <span class='ocrx_word' id='word_1_484' title='bbox 3459 653 3591 719; x_wconf 53' lang='lat' dir='ltr'><strong>Vide</strong></span> <span class='ocrx_word' id='word_1_485' title='bbox 3615 669 3653 720; x_wconf 92' lang='lat' dir='ltr'><strong>si</strong></span> 
     </span>
    </p>
   </div>
   <div class='ocr_carea' id='block_1_65' title="bbox 2118 742 3660 824">
    <p class='ocr_par' dir='ltr' id='par_1_65' title="bbox 2118 742 3660 824">
     <span class='ocr_line' id='line_1_65' title="bbox 2118 742 3660 824; baseline 0.009 -30"><span class='ocrx_word' id='word_1_486' title='bbox 2118 755 2256 795; x_wconf 89' lang='lat' dir='ltr'><strong>unus</strong></span> <span class='ocrx_word' id='word_1_487' title='bbox 2287 759 2300 796; x_wconf 90' lang='lat'><strong>:</strong></span> <span class='ocrx_word' id='word_1_488' title='bbox 2329 744 2373 794; x_wconf 85' lang='grc' dir='ltr'><em>Α</em></span> <span class='ocrx_word' id='word_1_489' title='bbox 2406 742 2592 810; x_wconf 82' lang='lat' dir='ltr'><strong>ﬁnibus</strong></span> <span class='ocrx_word' id='word_1_490' title='bbox 2633 752 2780 798; x_wconf 75' lang='lat' dir='ltr'><strong>term</strong></span> <span class='ocrx_word' id='word_1_491' title='bbox 2819 745 2884 798; x_wconf 87' lang='lat' dir='ltr'><strong>ad</strong></span> <span class='ocrx_word' id='word_1_492' title='bbox 2925 755 2971 799; x_wconf 85' lang='lat' dir='ltr'><strong>te</strong></span> <span class='ocrx_word' id='word_1_493' title='bbox 2999 747 3232 814; x_wconf 85' lang='lat' dir='ltr'><strong>clamavi,</strong></span> <span class='ocrx_word' id='word_1_494' title='bbox 3264 751 3382 804; x_wconf 88' lang='lat' dir='ltr'><strong>dum</strong></span> <span class='ocrx_word' id='word_1_495' title='bbox 3423 768 3660 824; x_wconf 76' lang='lat' dir='ltr'><strong>angeretur</strong></span> 
     </span>
    </p>
   </div>
   <div class='ocr_carea' id='block_1_66' title="bbox 2116 832 3659 913">
    <p class='ocr_par' dir='ltr' id='par_1_66' title="bbox 2116 832 3659 913">
     <span class='ocr_line' id='line_1_66' title="bbox 2116 832 3659 913; baseline 0.01 -30"><span class='ocrx_word' id='word_1_496' title='bbox 2116 847 2204 884; x_wconf 88' lang='lat' dir='ltr'><strong>cor</strong></span> <span class='ocrx_word' id='word_1_497' title='bbox 2240 848 2426 886; x_wconf 84' lang='lat' dir='ltr'><strong>meum.</strong></span> <span class='ocrx_word' id='word_1_498' title='bbox 2454 832 2571 889; x_wconf 67' lang='lat' dir='ltr'><strong>iam</strong></span> <span class='ocrx_word' id='word_1_499' title='bbox 2601 849 2728 904; x_wconf 83' lang='lat' dir='ltr'><strong>ergo</strong></span> <span class='ocrx_word' id='word_1_500' title='bbox 2757 849 2862 890; x_wconf 91' lang='lat' dir='ltr'><strong>non</strong></span> <span class='ocrx_word' id='word_1_501' title='bbox 2893 852 3059 903; x_wconf 85' lang='lat' dir='ltr'><strong>unus;</strong></span> <span class='ocrx_word' id='word_1_502' title='bbox 3103 840 3197 894; x_wconf 85' lang='lat' dir='ltr'><strong>sed</strong></span> <span class='ocrx_word' id='word_1_503' title='bbox 3227 839 3346 895; x_wconf 90' lang='lat' dir='ltr'><strong>ideo</strong></span> <span class='ocrx_word' id='word_1_504' title='bbox 3368 858 3515 909; x_wconf 88' lang='lat' dir='ltr'><strong>unus,</strong></span> <span class='ocrx_word' id='word_1_505' title='bbox 3552 846 3659 913; x_wconf 87' lang='lat' dir='ltr'><strong>quia</strong></span> 
     </span>
    </p>
   </div>
   <div class='ocr_carea' id='block_1_67' title="bbox 2115 920 3664 995">
    <p class='ocr_par' dir='ltr' id='par_1_67' title="bbox 2115 920 3664 995">
     <span class='ocr_line' id='line_1_67' title="bbox 2115 920 3664 995; baseline 0.009 -19"><span class='ocrx_word' id='word_1_506' title='bbox 2115 920 2361 977; x_wconf 82' lang='lat' dir='ltr'><strong>Christus</strong></span> <span class='ocrx_word' id='word_1_507' title='bbox 2389 938 2569 992; x_wconf 91' lang='lat' dir='ltr'><strong>unus,</strong></span> <span class='ocrx_word' id='word_1_508' title='bbox 2620 925 2772 995; x_wconf 88' lang='lat' dir='ltr'><strong>cujus</strong></span> <span class='ocrx_word' id='word_1_509' title='bbox 2818 941 3005 981; x_wconf 86' lang='lat' dir='ltr'><strong>omnes</strong></span> <span class='ocrx_word' id='word_1_510' title='bbox 3047 930 3285 985; x_wconf 88' lang='lat' dir='ltr'><strong>membra</strong></span> <span class='ocrx_word' id='word_1_511' title='bbox 3328 947 3520 986; x_wconf 89' lang='lat' dir='ltr'><strong>sumus.</strong></span> <span class='ocrx_word' id='word_1_512' title='bbox 3548 934 3664 990; x_wconf 82' lang='lat' dir='ltr'><strong>Nam</strong></span> 
     </span>
    </p>
   </div>
   <div class='ocr_carea' id='block_1_68' title="bbox 2115 1014 3664 1082">
    <p class='ocr_par' dir='ltr' id='par_1_68' title="bbox 2115 1014 3664 1082">
     <span class='ocr_line' id='line_1_68' title="bbox 2115 1014 3664 1082; baseline 0.01 -17"><span class='ocrx_word' id='word_1_513' title='bbox 2115 1014 2237 1082; x_wconf 88' lang='lat' dir='ltr'><strong>quis</strong></span> <span class='ocrx_word' id='word_1_514' title='bbox 2260 1029 2394 1068; x_wconf 91' lang='lat' dir='ltr'><strong>unus</strong></span> <span class='ocrx_word' id='word_1_515' title='bbox 2424 1015 2584 1069; x_wconf 90' lang='lat' dir='ltr'><strong>homo</strong></span> <span class='ocrx_word' id='word_1_516' title='bbox 2622 1017 2819 1076; x_wconf 86' lang='lat' dir='ltr'><strong>clamat</strong></span> <span class='ocrx_word' id='word_1_517' title='bbox 2844 1033 2874 1072; x_wconf 90' lang='lat' dir='ltr'><strong>a</strong></span> <span class='ocrx_word' id='word_1_518' title='bbox 2917 1018 3111 1075; x_wconf 89' lang='lat' dir='ltr'><strong>ﬁnibus</strong></span> <span class='ocrx_word' id='word_1_519' title='bbox 3137 1022 3329 1076; x_wconf 64' lang='lat' dir='ltr'><strong>terrai?</strong></span> <span class='ocrx_word' id='word_1_520' title='bbox 3355 1023 3465 1079; x_wconf 85' lang='lat' dir='ltr'><strong>Non</strong></span> <span class='ocrx_word' id='word_1_521' title='bbox 3492 1026 3664 1081; x_wconf 80' lang='lat' dir='ltr'><strong>clamat</strong></span> 
     </span>
    </p>
   </div>
   <div class='ocr_carea' id='block_1_69' title="bbox 2113 1101 3717 1184">
    <p class='ocr_par' dir='ltr' id='par_1_69' title="bbox 2113 1101 3717 1184">
     <span class='ocr_line' id='line_1_69' title="bbox 2113 1101 3717 1184; baseline 0.012 -31"><span class='ocrx_word' id='word_1_522' title='bbox 2113 1116 2143 1154; x_wconf 85' lang='lat' dir='ltr'><strong>a</strong></span> <span class='ocrx_word' id='word_1_523' title='bbox 2174 1101 2366 1158; x_wconf 91' lang='lat' dir='ltr'><strong>ﬁnibus</strong></span> <span class='ocrx_word' id='word_1_524' title='bbox 2412 1112 2570 1159; x_wconf 83' lang='lat' dir='ltr'><strong>teme</strong></span> <span class='ocrx_word' id='word_1_525' title='bbox 2594 1145 2608 1166; x_wconf 88' lang='lat'><strong>,</strong></span> <span class='ocrx_word' id='word_1_526' title='bbox 2644 1107 2744 1160; x_wconf 90' lang='lat' dir='ltr'><strong>nisi</strong></span> <span class='ocrx_word' id='word_1_527' title='bbox 2790 1108 3071 1164; x_wconf 78' lang='lat' dir='ltr'><strong>luereditas</strong></span> <span class='ocrx_word' id='word_1_528' title='bbox 3101 1110 3188 1166; x_wconf 91' lang='lat' dir='ltr'><strong>illa</strong></span> <span class='ocrx_word' id='word_1_529' title='bbox 3213 1153 3228 1177; x_wconf 84' lang='lat'><strong>,</strong></span> <span class='ocrx_word' id='word_1_530' title='bbox 3269 1111 3335 1167; x_wconf 89' lang='lat' dir='ltr'><strong>de</strong></span> <span class='ocrx_word' id='word_1_531' title='bbox 3362 1129 3460 1184; x_wconf 89' lang='lat' dir='ltr'><strong>qua</strong></span> <span class='ocrx_word' id='word_1_532' title='bbox 3488 1116 3667 1172; x_wconf 83' lang='lat' dir='ltr'><strong>dictum</strong></span> <span class='ocrx_word' id='word_1_533' title='bbox 3711 1169 3717 1182; x_wconf 79' lang='grc'><strong>,</strong></span> 
     </span>
    </p>
   </div>
   <div class='ocr_carea' id='block_1_70' title="bbox 2114 1192 3668 1277">
    <p class='ocr_par' dir='ltr' id='par_1_70' title="bbox 2114 1192 3668 1277">
     <span class='ocr_line' id='line_1_70' title="bbox 2114 1192 3668 1277; baseline 0.012 -32"><span class='ocrx_word' id='word_1_534' title='bbox 2114 1200 2197 1246; x_wconf 88' lang='lat' dir='ltr'><strong>est</strong></span> <span class='ocrx_word' id='word_1_535' title='bbox 2225 1192 2323 1262; x_wconf 86' lang='lat' dir='ltr'><strong>ipsi</strong></span> <span class='ocrx_word' id='word_1_536' title='bbox 2353 1192 2491 1248; x_wconf 85' lang='lat' dir='ltr'><strong>Filio</strong></span> <span class='ocrx_word' id='word_1_537' title='bbox 2519 1213 2533 1249; x_wconf 89' lang='lat'><strong>:</strong></span> <span class='ocrx_word' id='word_1_538' title='bbox 2578 1195 2796 1251; x_wconf 86' lang='lat' dir='ltr'><strong>Postula</strong></span> <span class='ocrx_word' id='word_1_539' title='bbox 2833 1215 2865 1251; x_wconf 90' lang='lat' dir='ltr'><strong>a</strong></span> <span class='ocrx_word' id='word_1_540' title='bbox 2893 1216 2992 1265; x_wconf 88' lang='lat' dir='ltr'><strong>me,</strong></span> <span class='ocrx_word' id='word_1_541' title='bbox 3016 1211 3064 1254; x_wconf 92' lang='lat' dir='ltr'><strong>et</strong></span> <span class='ocrx_word' id='word_1_542' title='bbox 3090 1203 3219 1257; x_wconf 87' lang='lat' dir='ltr'><strong>dabo</strong></span> <span class='ocrx_word' id='word_1_543' title='bbox 3245 1205 3333 1258; x_wconf 89' lang='lat' dir='ltr'><strong>tibi</strong></span> <span class='ocrx_word' id='word_1_544' title='bbox 3355 1216 3518 1277; x_wconf 82' lang='lat' dir='ltr'><strong>gentes</strong></span> <span class='ocrx_word' id='word_1_545' title='bbox 3537 1210 3668 1263; x_wconf 75' lang='lat' dir='ltr'><strong>turre-</strong></span> 
     </span>
    </p>
   </div>
   <div class='ocr_carea' id='block_1_71' title="bbox 2113 1282 3670 1368">
    <p class='ocr_par' dir='ltr' id='par_1_71' title="bbox 2113 1282 3670 1368">
     <span class='ocr_line' id='line_1_71' title="bbox 2113 1282 3670 1368; baseline 0.013 -33"><span class='ocrx_word' id='word_1_546' title='bbox 2113 1282 2318 1336; x_wconf 85' lang='lat' dir='ltr'><strong>ditatem</strong></span> <span class='ocrx_word' id='word_1_547' title='bbox 2338 1293 2495 1350; x_wconf 87' lang='lat' dir='ltr'><strong>tuam,</strong></span> <span class='ocrx_word' id='word_1_548' title='bbox 2517 1288 2926 1356; x_wconf 83' lang='lat' dir='ltr'><strong>etposscssionem</strong></span> <span class='ocrx_word' id='word_1_549' title='bbox 2947 1299 3082 1345; x_wconf 88' lang='lat' dir='ltr'><strong>tuam</strong></span> <span class='ocrx_word' id='word_1_550' title='bbox 3104 1295 3338 1350; x_wconf 85' lang='lat' dir='ltr'><strong>terminos</strong></span> <span class='ocrx_word' id='word_1_551' title='bbox 3357 1306 3497 1352; x_wconf 71' lang='lat' dir='ltr'><strong>terra:</strong></span> <span class='ocrx_word' id='word_1_552' title='bbox 3516 1297 3670 1368; x_wconf 81' lang='lat' dir='ltr'><strong>(Psat.</strong></span> 
     </span>
    </p>
   </div>
   <div class='ocr_carea' id='block_1_72' title="bbox 2114 1371 3672 1451">
    <p class='ocr_par' dir='ltr' id='par_1_72' title="bbox 2114 1371 3672 1451">
     <span class='ocr_line' id='line_1_72' title="bbox 2114 1371 3672 1451; baseline 0.013 -25"><span class='ocrx_word' id='word_1_553' title='bbox 2114 1388 2169 1435; x_wconf 87' lang='grc' dir='ltr'><strong>ιι,</strong></span> <span class='ocrx_word' id='word_1_554' title='bbox 2195 1371 2272 1444; x_wconf 88' lang='grc'><strong>8).</strong></span> <span class='ocrx_word' id='word_1_555' title='bbox 2304 1373 2430 1430; x_wconf 68' lang='lat' dir='ltr'><strong>Hmc</strong></span> <span class='ocrx_word' id='word_1_556' title='bbox 2457 1390 2586 1446; x_wconf 85' lang='lat' dir='ltr'><strong>ergo</strong></span> <span class='ocrx_word' id='word_1_557' title='bbox 2615 1375 2813 1432; x_wconf 88' lang='lat' dir='ltr'><strong>Christi</strong></span> <span class='ocrx_word' id='word_1_558' title='bbox 2842 1383 3126 1451; x_wconf 87' lang='lat' dir='ltr'><strong>possessio,</strong></span> <span class='ocrx_word' id='word_1_559' title='bbox 3158 1383 3272 1440; x_wconf 83' lang='lat' dir='ltr'><strong>haec</strong></span> <span class='ocrx_word' id='word_1_560' title='bbox 3299 1386 3489 1443; x_wconf 87' lang='lat' dir='ltr'><strong>Christi</strong></span> <span class='ocrx_word' id='word_1_561' title='bbox 3516 1390 3672 1446; x_wconf 71' lang='lat' dir='ltr'><strong>btere-</strong></span> 
     </span>
    </p>
   </div>
   <div class='ocr_carea' id='block_1_73' title="bbox 2115 1463 3671 1552">
    <p class='ocr_par' dir='ltr' id='par_1_73' title="bbox 2115 1463 3671 1552">
     <span class='ocr_line' id='line_1_73' title="bbox 2115 1463 3671 1552; baseline 0.014 -38"><span class='ocrx_word' id='word_1_562' title='bbox 2115 1463 2275 1552; x_wconf 90' lang='lat' dir='ltr'><strong>ditas,</strong></span> <span class='ocrx_word' id='word_1_563' title='bbox 2323 1464 2426 1521; x_wconf 90' lang='lat' dir='ltr'><strong>hoc</strong></span> <span class='ocrx_word' id='word_1_564' title='bbox 2455 1466 2654 1522; x_wconf 89' lang='lat' dir='ltr'><strong>Christi</strong></span> <span class='ocrx_word' id='word_1_565' title='bbox 2685 1484 2900 1538; x_wconf 81' lang='lat' dir='ltr'><strong>corpus,</strong></span> <span class='ocrx_word' id='word_1_566' title='bbox 2930 1471 3044 1527; x_wconf 62' lang='lat' dir='ltr'><strong>hac</strong></span> <span class='ocrx_word' id='word_1_567' title='bbox 3070 1489 3172 1552; x_wconf 77' lang='lat' dir='ltr'><strong>una</strong></span> <span class='ocrx_word' id='word_1_568' title='bbox 3205 1475 3402 1532; x_wconf 89' lang='lat' dir='ltr'><strong>Christi</strong></span> <span class='ocrx_word' id='word_1_569' title='bbox 3435 1479 3671 1544; x_wconf 85' lang='lat' dir='ltr'><strong>Ecclesia,</strong></span> 
     </span>
    </p>
   </div>
   <div class='ocr_carea' id='block_1_74' title="bbox 2113 1551 3673 1627">
    <p class='ocr_par' dir='ltr' id='par_1_74' title="bbox 2113 1551 3673 1627">
     <span class='ocr_line' id='line_1_74' title="bbox 2113 1551 3673 1627; baseline 0.012 -22"><span class='ocrx_word' id='word_1_570' title='bbox 2113 1551 2229 1607; x_wconf 77' lang='lat' dir='ltr'><strong>htec</strong></span> <span class='ocrx_word' id='word_1_571' title='bbox 2255 1555 2430 1611; x_wconf 85' lang='lat' dir='ltr'><strong>unitas</strong></span> <span class='ocrx_word' id='word_1_572' title='bbox 2469 1572 2588 1626; x_wconf 70' lang='lat' dir='ltr'><strong>qua:</strong></span> <span class='ocrx_word' id='word_1_573' title='bbox 2628 1573 2728 1614; x_wconf 91' lang='lat' dir='ltr'><strong>nos</strong></span> <span class='ocrx_word' id='word_1_574' title='bbox 2764 1575 2980 1627; x_wconf 87' lang='lat' dir='ltr'><strong>sumus,</strong></span> <span class='ocrx_word' id='word_1_575' title='bbox 3009 1551 3202 1619; x_wconf 87' lang='lat' dir='ltr'><strong>clamat</strong></span> <span class='ocrx_word' id='word_1_576' title='bbox 3243 1581 3272 1618; x_wconf 88' lang='lat' dir='ltr'><strong>a</strong></span> <span class='ocrx_word' id='word_1_577' title='bbox 3302 1566 3492 1623; x_wconf 91' lang='lat' dir='ltr'><strong>ﬁnibus</strong></span> <span class='ocrx_word' id='word_1_578' title='bbox 3517 1577 3673 1626; x_wconf 61' lang='lat' dir='ltr'><strong>terrae.</strong></span> 
     </span>
    </p>
   </div>
   <div class='ocr_carea' id='block_1_75' title="bbox 2113 1643 3672 1730">
    <p class='ocr_par' dir='ltr' id='par_1_75' title="bbox 2113 1643 3672 1730">
     <span class='ocr_line' id='line_1_75' title="bbox 2113 1643 3672 1730; baseline 0.012 -33"><span class='ocrx_word' id='word_1_579' title='bbox 2113 1643 2247 1710; x_wconf 89' lang='lat' dir='ltr'><strong>Quid</strong></span> <span class='ocrx_word' id='word_1_580' title='bbox 2285 1655 2460 1701; x_wconf 90' lang='lat' dir='ltr'><strong>autem</strong></span> <span class='ocrx_word' id='word_1_581' title='bbox 2483 1650 2713 1706; x_wconf 76' lang='lat' dir='ltr'><strong>clamat?</strong></span> <span class='ocrx_word' id='word_1_582' title='bbox 2737 1651 2890 1718; x_wconf 89' lang='lat' dir='ltr'><strong>Quod</strong></span> <span class='ocrx_word' id='word_1_583' title='bbox 2922 1669 3082 1724; x_wconf 88' lang='lat' dir='ltr'><strong>supra</strong></span> <span class='ocrx_word' id='word_1_584' title='bbox 3108 1655 3237 1724; x_wconf 76' lang='lat' dir='ltr'><strong>dixi,</strong></span> <span class='ocrx_word' id='word_1_585' title='bbox 3271 1656 3495 1726; x_wconf 73' lang='lat' dir='ltr'><strong>Exaudi,</strong></span> <span class='ocrx_word' id='word_1_586' title='bbox 3524 1661 3672 1730; x_wconf 84' lang='lat' dir='ltr'><strong>Deus,</strong></span> 
     </span>
    </p>
   </div>
   <div class='ocr_carea' id='block_1_76' title="bbox 2114 1735 3678 1822">
    <p class='ocr_par' dir='ltr' id='par_1_76' title="bbox 2114 1735 3678 1822">
     <span class='ocr_line' id='line_1_76' title="bbox 2114 1735 3678 1822; baseline 0.013 -33"><span class='ocrx_word' id='word_1_587' title='bbox 2114 1735 2512 1806; x_wconf 85' lang='lat' dir='ltr'><strong>deprecationem</strong></span> <span class='ocrx_word' id='word_1_588' title='bbox 2540 1759 2732 1808; x_wconf 88' lang='lat' dir='ltr'><strong>meam,</strong></span> <span class='ocrx_word' id='word_1_589' title='bbox 2767 1745 2970 1799; x_wconf 83' lang='lat' dir='ltr'><strong>intende</strong></span> <span class='ocrx_word' id='word_1_590' title='bbox 2996 1750 3209 1802; x_wconf 85' lang='lat' dir='ltr'><strong>orationi</strong></span> <span class='ocrx_word' id='word_1_591' title='bbox 3251 1767 3380 1806; x_wconf 79' lang='lat' dir='ltr'><strong>mea:</strong></span> <span class='ocrx_word' id='word_1_592' title='bbox 3403 1767 3423 1806; x_wconf 83' lang='lat'><strong>.&#39;</strong></span> <span class='ocrx_word' id='word_1_593' title='bbox 3449 1769 3481 1806; x_wconf 91' lang='lat' dir='ltr'><strong>a</strong></span> <span class='ocrx_word' id='word_1_594' title='bbox 3509 1754 3678 1822; x_wconf 74' lang='lat' dir='ltr'><strong>ﬁnibus</strong></span> 
     </span>
    </p>
   </div>
   <div class='ocr_carea' id='block_1_77' title="bbox 2115 1829 3676 1913">
    <p class='ocr_par' dir='ltr' id='par_1_77' title="bbox 2115 1829 3676 1913">
     <span class='ocr_line' id='line_1_77' title="bbox 2115 1829 3676 1913; baseline 0.012 -34"><span class='ocrx_word' id='word_1_595' title='bbox 2115 1836 2262 1882; x_wconf 80' lang='lat' dir='ltr'><strong>teme</strong></span> <span class='ocrx_word' id='word_1_596' title='bbox 2285 1829 2353 1881; x_wconf 88' lang='lat' dir='ltr'><strong>ad</strong></span> <span class='ocrx_word' id='word_1_597' title='bbox 2376 1840 2424 1884; x_wconf 86' lang='lat' dir='ltr'><strong>te</strong></span> <span class='ocrx_word' id='word_1_598' title='bbox 2445 1832 2678 1888; x_wconf 84' lang='lat' dir='ltr'><strong>clamavi.</strong></span> <span class='ocrx_word' id='word_1_599' title='bbox 2710 1834 2766 1890; x_wconf 88' lang='lat' dir='ltr'><strong>Id</strong></span> <span class='ocrx_word' id='word_1_600' title='bbox 2793 1844 2894 1903; x_wconf 90' lang='lat' dir='ltr'><strong>est,</strong></span> <span class='ocrx_word' id='word_1_601' title='bbox 2924 1836 3024 1892; x_wconf 88' lang='lat' dir='ltr'><strong>hoc</strong></span> <span class='ocrx_word' id='word_1_602' title='bbox 3050 1838 3118 1893; x_wconf 88' lang='lat' dir='ltr'><strong>ad</strong></span> <span class='ocrx_word' id='word_1_603' title='bbox 3146 1848 3198 1895; x_wconf 91' lang='lat' dir='ltr'><strong>te</strong></span> <span class='ocrx_word' id='word_1_604' title='bbox 3219 1840 3444 1897; x_wconf 81' lang='lat' dir='ltr'><strong>clamavi</strong></span> <span class='ocrx_word' id='word_1_605' title='bbox 3475 1861 3488 1895; x_wconf 91' lang='lat'><strong>:</strong></span> <span class='ocrx_word' id='word_1_606' title='bbox 3514 1861 3544 1898; x_wconf 89' lang='lat' dir='ltr'><strong>a</strong></span> <span class='ocrx_word' id='word_1_607' title='bbox 3567 1846 3676 1913; x_wconf 81' lang='lat' dir='ltr'><strong>ﬁni-</strong></span> 
     </span>
    </p>
   </div>
   <div class='ocr_carea' id='block_1_78' title="bbox 2113 1915 2899 1996">
    <p class='ocr_par' dir='ltr' id='par_1_78' title="bbox 2113 1915 2899 1996">
     <span class='ocr_line' id='line_1_78' title="bbox 2113 1915 2899 1996; baseline 0.014 -27"><span class='ocrx_word' id='word_1_608' title='bbox 2113 1915 2202 1971; x_wconf 84' lang='lat' dir='ltr'><strong>bus</strong></span> <span class='ocrx_word' id='word_1_609' title='bbox 2227 1927 2371 1973; x_wconf 75' lang='lat' dir='ltr'><strong>terra:</strong></span> <span class='ocrx_word' id='word_1_610' title='bbox 2396 1936 2416 1974; x_wconf 90' lang='lat'><strong><em>:</em></strong></span> <span class='ocrx_word' id='word_1_611' title='bbox 2436 1921 2486 1975; x_wconf 93' lang='lat' dir='ltr'><strong>id</strong></span> <span class='ocrx_word' id='word_1_612' title='bbox 2515 1932 2614 1987; x_wconf 86' lang='lat' dir='ltr'><strong>est,</strong></span> <span class='ocrx_word' id='word_1_613' title='bbox 2646 1923 2899 1996; x_wconf 87' lang='lat' dir='ltr'><strong>undique.</strong></span> 
     </span>
    </p>
   </div>
   <div class='ocr_carea' id='block_1_79' title="bbox 2185 2009 3677 2094">
    <p class='ocr_par' dir='ltr' id='par_1_79' title="bbox 2185 2009 3677 2094">
     <span class='ocr_line' id='line_1_79' title="bbox 2185 2009 3677 2094; baseline 0.008 -30"><span class='ocrx_word' id='word_1_614' title='bbox 2185 2009 2238 2064; x_wconf 81' lang='grc'><strong>5.</strong></span> <span class='ocrx_word' id='word_1_615' title='bbox 2258 2010 2363 2066; x_wconf 90' lang='lat' dir='ltr'><strong>Sed</strong></span> <span class='ocrx_word' id='word_1_616' title='bbox 2383 2028 2543 2082; x_wconf 88' lang='lat' dir='ltr'><strong>quare</strong></span> <span class='ocrx_word' id='word_1_617' title='bbox 2561 2014 2783 2070; x_wconf 89' lang='lat' dir='ltr'><strong>clamavi</strong></span> <span class='ocrx_word' id='word_1_618' title='bbox 2800 2017 2934 2072; x_wconf 87' lang='lat' dir='ltr'><strong>hoc?</strong></span> <span class='ocrx_word' id='word_1_619' title='bbox 2958 2017 3087 2074; x_wconf 78' lang='lat' dir='ltr'><strong>Dum</strong></span> <span class='ocrx_word' id='word_1_620' title='bbox 3108 2035 3386 2094; x_wconf 80' lang='lat' dir='ltr'><strong>angeretur</strong></span> <span class='ocrx_word' id='word_1_621' title='bbox 3403 2040 3488 2080; x_wconf 88' lang='lat' dir='ltr'><strong>cor</strong></span> <span class='ocrx_word' id='word_1_622' title='bbox 3507 2043 3677 2080; x_wconf 77' lang='lat' dir='ltr'><strong>meum.</strong></span> 
     </span>
    </p>
   </div>
   <div class='ocr_carea' id='block_1_80' title="bbox 2113 2101 3684 2180">
    <p class='ocr_par' dir='ltr' id='par_1_80' title="bbox 2113 2101 3684 2180">
     <span class='ocr_line' id='line_1_80' title="bbox 2113 2101 3684 2180; baseline 0.011 -26"><span class='ocrx_word' id='word_1_623' title='bbox 2113 2101 2358 2156; x_wconf 84' lang='lat' dir='ltr'><strong>Ostendit</strong></span> <span class='ocrx_word' id='word_1_624' title='bbox 2398 2117 2457 2159; x_wconf 88' lang='lat' dir='ltr'><strong>se</strong></span> <span class='ocrx_word' id='word_1_625' title='bbox 2496 2119 2617 2161; x_wconf 84' lang='lat' dir='ltr'><strong>esse</strong></span> <span class='ocrx_word' id='word_1_626' title='bbox 2647 2121 2741 2175; x_wconf 84' lang='lat' dir='ltr'><strong>per</strong></span> <span class='ocrx_word' id='word_1_627' title='bbox 2767 2123 2953 2164; x_wconf 88' lang='lat' dir='ltr'><strong>omnes</strong></span> <span class='ocrx_word' id='word_1_628' title='bbox 2982 2120 3170 2180; x_wconf 80' lang='lat' dir='ltr'><strong>gentes</strong></span> <span class='ocrx_word' id='word_1_629' title='bbox 3211 2123 3325 2169; x_wconf 92' lang='lat' dir='ltr'><strong>toto</strong></span> <span class='ocrx_word' id='word_1_630' title='bbox 3354 2115 3486 2172; x_wconf 90' lang='lat' dir='ltr'><strong>orbe</strong></span> <span class='ocrx_word' id='word_1_631' title='bbox 3526 2126 3684 2171; x_wconf 73' lang='lat' dir='ltr'><strong>terrav</strong></span> 
     </span>
    </p>
   </div>
   <div class='ocr_carea' id='block_1_81' title="bbox 2113 2193 3684 2272">
    <p class='ocr_par' dir='ltr' id='par_1_81' title="bbox 2113 2193 3684 2272">
     <span class='ocr_line' id='line_1_81' title="bbox 2113 2193 3684 2272; baseline 0.011 -28"><span class='ocrx_word' id='word_1_632' title='bbox 2113 2206 2231 2245; x_wconf 90' lang='lat' dir='ltr'><strong>rum</strong></span> <span class='ocrx_word' id='word_1_633' title='bbox 2255 2194 2275 2224; x_wconf 85' lang='grc'>³</span> <span class='ocrx_word' id='word_1_634' title='bbox 2299 2193 2348 2247; x_wconf 92' lang='lat' dir='ltr'><strong>in</strong></span> <span class='ocrx_word' id='word_1_635' title='bbox 2375 2209 2563 2264; x_wconf 82' lang='lat' dir='ltr'><strong>magna</strong></span> <span class='ocrx_word' id='word_1_636' title='bbox 2583 2196 2769 2266; x_wconf 81' lang='lat' dir='ltr'><strong>gloria,</strong></span> <span class='ocrx_word' id='word_1_637' title='bbox 2790 2199 2882 2253; x_wconf 89' lang='lat' dir='ltr'><strong>sed</strong></span> <span class='ocrx_word' id='word_1_638' title='bbox 2907 2200 2959 2254; x_wconf 90' lang='lat' dir='ltr'><strong>in</strong></span> <span class='ocrx_word' id='word_1_639' title='bbox 2987 2216 3175 2272; x_wconf 83' lang='lat' dir='ltr'><strong>magna</strong></span> <span class='ocrx_word' id='word_1_640' title='bbox 3199 2207 3518 2262; x_wconf 88' lang='lat' dir='ltr'><strong>tentatione.</strong></span> <span class='ocrx_word' id='word_1_641' title='bbox 3538 2207 3684 2262; x_wconf 83' lang='lat' dir='ltr'><strong>Nam-</strong></span> 
     </span>
    </p>
   </div>
   <div class='ocr_carea' id='block_1_82' title="bbox 2113 2283 3689 2368">
    <p class='ocr_par' dir='ltr' id='par_1_82' title="bbox 2113 2283 3689 2368">
     <span class='ocr_line' id='line_1_82' title="bbox 2113 2283 3689 2368; baseline 0.01 -33"><span class='ocrx_word' id='word_1_642' title='bbox 2113 2297 2216 2351; x_wconf 89' lang='lat' dir='ltr'><strong>que</strong></span> <span class='ocrx_word' id='word_1_643' title='bbox 2236 2283 2341 2339; x_wconf 83' lang='lat' dir='ltr'><strong>vita</strong></span> <span class='ocrx_word' id='word_1_644' title='bbox 2371 2295 2552 2340; x_wconf 88' lang='lat' dir='ltr'><strong>nostra</strong></span> <span class='ocrx_word' id='word_1_645' title='bbox 2583 2287 2634 2342; x_wconf 89' lang='lat' dir='ltr'><strong>in</strong></span> <span class='ocrx_word' id='word_1_646' title='bbox 2665 2287 2765 2344; x_wconf 85' lang='lat' dir='ltr'><strong>hac</strong></span> <span class='ocrx_word' id='word_1_647' title='bbox 2790 2293 3220 2362; x_wconf 84' lang='lat' dir='ltr'><strong>peregrinatione</strong></span> <span class='ocrx_word' id='word_1_648' title='bbox 3256 2312 3364 2352; x_wconf 91' lang='lat' dir='ltr'><strong>non</strong></span> <span class='ocrx_word' id='word_1_649' title='bbox 3394 2307 3564 2368; x_wconf 86' lang='lat' dir='ltr'><strong>potest</strong></span> <span class='ocrx_word' id='word_1_650' title='bbox 3582 2313 3689 2354; x_wconf 81' lang='lat' dir='ltr'><strong>esse</strong></span> 
     </span>
    </p>
   </div>
   <div class='ocr_carea' id='block_1_83' title="bbox 2113 2375 3688 2458">
    <p class='ocr_par' dir='ltr' id='par_1_83' title="bbox 2113 2375 3688 2458">
     <span class='ocr_line' id='line_1_83' title="bbox 2113 2375 3688 2458; baseline 0.013 -34"><span class='ocrx_word' id='word_1_651' title='bbox 2113 2375 2229 2427; x_wconf 90' lang='lat' dir='ltr'><strong>sine</strong></span> <span class='ocrx_word' id='word_1_652' title='bbox 2269 2375 2558 2430; x_wconf 89' lang='lat' dir='ltr'><strong>tentatione</strong></span> <span class='ocrx_word' id='word_1_653' title='bbox 2597 2396 2611 2430; x_wconf 90' lang='lat'><strong>:</strong></span> <span class='ocrx_word' id='word_1_654' title='bbox 2652 2378 2772 2447; x_wconf 90' lang='lat' dir='ltr'><strong>quia</strong></span> <span class='ocrx_word' id='word_1_655' title='bbox 2804 2392 3084 2449; x_wconf 89' lang='lat' dir='ltr'><strong>provectus</strong></span> <span class='ocrx_word' id='word_1_656' title='bbox 3110 2396 3300 2441; x_wconf 84' lang='lat' dir='ltr'><strong>noster</strong></span> <span class='ocrx_word' id='word_1_657' title='bbox 3329 2402 3426 2458; x_wconf 88' lang='lat' dir='ltr'><strong>per</strong></span> <span class='ocrx_word' id='word_1_658' title='bbox 3454 2389 3688 2444; x_wconf 87' lang='lat' dir='ltr'><strong>tentatio-</strong></span> 
     </span>
    </p>
   </div>
   <div class='ocr_carea' id='block_1_84' title="bbox 2114 2471 3688 2544">
    <p class='ocr_par' dir='ltr' id='par_1_84' title="bbox 2114 2471 3688 2544">
     <span class='ocr_line' id='line_1_84' title="bbox 2114 2471 3688 2544; baseline 0.013 -27"><span class='ocrx_word' id='word_1_659' title='bbox 2114 2479 2235 2519; x_wconf 90' lang='lat' dir='ltr'><strong>nem</strong></span> <span class='ocrx_word' id='word_1_660' title='bbox 2265 2475 2503 2522; x_wconf 89' lang='lat' dir='ltr'><strong>nostram</strong></span> <span class='ocrx_word' id='word_1_661' title='bbox 2525 2471 2602 2534; x_wconf 84' lang='lat' dir='ltr'><strong>ﬁt,</strong></span> <span class='ocrx_word' id='word_1_662' title='bbox 2637 2486 2736 2526; x_wconf 90' lang='lat' dir='ltr'><strong>nec</strong></span> <span class='ocrx_word' id='word_1_663' title='bbox 2765 2473 2866 2528; x_wconf 90' lang='lat' dir='ltr'><strong>sibi</strong></span> <span class='ocrx_word' id='word_1_664' title='bbox 2895 2475 3118 2544; x_wconf 88' lang='lat' dir='ltr'><strong>quisque</strong></span> <span class='ocrx_word' id='word_1_665' title='bbox 3140 2477 3438 2535; x_wconf 83' lang='lat' dir='ltr'><strong>iunotescit</strong></span> <span class='ocrx_word' id='word_1_666' title='bbox 3463 2481 3564 2536; x_wconf 90' lang='lat' dir='ltr'><strong>nisi</strong></span> <span class='ocrx_word' id='word_1_667' title='bbox 3589 2494 3688 2536; x_wconf 58' lang='lat' dir='ltr'><strong>leno</strong></span> 
     </span>
    </p>
   </div>
   <div class='ocr_carea' id='block_1_85' title="bbox 2111 2565 3689 2644">
    <p class='ocr_par' dir='ltr' id='par_1_85' title="bbox 2111 2565 3689 2644">
     <span class='ocr_line' id='line_1_85' title="bbox 2111 2565 3689 2644; baseline 0.012 -33"><span class='ocrx_word' id='word_1_668' title='bbox 2111 2565 2254 2613; x_wconf 81' lang='lat' dir='ltr'><strong>tatus</strong></span> <span class='ocrx_word' id='word_1_669' title='bbox 2279 2601 2294 2624; x_wconf 96' lang='lat'><strong>,</strong></span> <span class='ocrx_word' id='word_1_670' title='bbox 2325 2574 2424 2615; x_wconf 84' lang='lat' dir='ltr'><strong>nec</strong></span> <span class='ocrx_word' id='word_1_671' title='bbox 2462 2571 2636 2630; x_wconf 89' lang='lat' dir='ltr'><strong>potest</strong></span> <span class='ocrx_word' id='word_1_672' title='bbox 2679 2566 2926 2632; x_wconf 83' lang='lat' dir='ltr'><strong>coronari</strong></span> <span class='ocrx_word' id='word_1_673' title='bbox 2974 2568 3076 2622; x_wconf 90' lang='lat' dir='ltr'><strong>nisi</strong></span> <span class='ocrx_word' id='word_1_674' title='bbox 3120 2569 3355 2637; x_wconf 84' lang='lat' dir='ltr'><strong>vicerit,</strong></span> <span class='ocrx_word' id='word_1_675' title='bbox 3393 2587 3491 2628; x_wconf 89' lang='lat' dir='ltr'><strong>nec</strong></span> <span class='ocrx_word' id='word_1_676' title='bbox 3533 2582 3689 2644; x_wconf 88' lang='lat' dir='ltr'><strong>potest</strong></span> 
     </span>
    </p>
   </div>
   <div class='ocr_carea' id='block_1_86' title="bbox 2113 2651 3692 2731">
    <p class='ocr_par' dir='ltr' id='par_1_86' title="bbox 2113 2651 3692 2731">
     <span class='ocr_line' id='line_1_86' title="bbox 2113 2651 3692 2731; baseline 0.013 -28"><span class='ocrx_word' id='word_1_677' title='bbox 2113 2651 2326 2707; x_wconf 87' lang='lat' dir='ltr'><strong>vincere</strong></span> <span class='ocrx_word' id='word_1_678' title='bbox 2351 2653 2451 2708; x_wconf 91' lang='lat' dir='ltr'><strong>nisi</strong></span> <span class='ocrx_word' id='word_1_679' title='bbox 2478 2655 2779 2720; x_wconf 89' lang='lat' dir='ltr'><strong>certaverit,</strong></span> <span class='ocrx_word' id='word_1_680' title='bbox 2813 2673 2912 2714; x_wconf 90' lang='lat' dir='ltr'><strong>nec</strong></span> <span class='ocrx_word' id='word_1_681' title='bbox 2941 2669 3118 2729; x_wconf 85' lang='lat' dir='ltr'><strong>potest</strong></span> <span class='ocrx_word' id='word_1_682' title='bbox 3145 2673 3367 2722; x_wconf 80' lang='lat' dir='ltr'><strong>certare</strong></span> <span class='ocrx_word' id='word_1_683' title='bbox 3397 2667 3500 2723; x_wconf 89' lang='lat' dir='ltr'><strong>nisi</strong></span> <span class='ocrx_word' id='word_1_684' title='bbox 3526 2668 3692 2731; x_wconf 83' lang='lat' dir='ltr'><strong>inimi-</strong></span> 
     </span>
    </p>
   </div>
   <div class='ocr_carea' id='block_1_87' title="bbox 2111 2747 3691 2828">
    <p class='ocr_par' dir='ltr' id='par_1_87' title="bbox 2111 2747 3691 2828">
     <span class='ocr_line' id='line_1_87' title="bbox 2111 2747 3691 2828; baseline 0.011 -31"><span class='ocrx_word' id='word_1_685' title='bbox 2111 2758 2232 2797; x_wconf 87' lang='lat' dir='ltr'><strong>cum</strong></span> <span class='ocrx_word' id='word_1_686' title='bbox 2259 2754 2314 2799; x_wconf 91' lang='lat' dir='ltr'><strong>et</strong></span> <span class='ocrx_word' id='word_1_687' title='bbox 2341 2747 2660 2803; x_wconf 88' lang='lat' dir='ltr'><strong>tentationes</strong></span> <span class='ocrx_word' id='word_1_688' title='bbox 2689 2747 2952 2806; x_wconf 82' lang='lat' dir='ltr'><strong>habuerit.</strong></span> <span class='ocrx_word' id='word_1_689' title='bbox 2983 2754 3210 2824; x_wconf 83' lang='lat' dir='ltr'><strong>Angitur</strong></span> <span class='ocrx_word' id='word_1_690' title='bbox 3238 2772 3376 2828; x_wconf 86' lang='lat' dir='ltr'><strong>ergo</strong></span> <span class='ocrx_word' id='word_1_691' title='bbox 3401 2759 3502 2814; x_wconf 88' lang='lat' dir='ltr'><strong>iste</strong></span> <span class='ocrx_word' id='word_1_692' title='bbox 3525 2775 3555 2814; x_wconf 89' lang='lat' dir='ltr'><strong>a</strong></span> <span class='ocrx_word' id='word_1_693' title='bbox 3583 2761 3691 2815; x_wconf 84' lang='lat' dir='ltr'><strong>lini-</strong></span> 
     </span>
    </p>
   </div>
   <div class='ocr_carea' id='block_1_88' title="bbox 2112 2833 3694 2922">
    <p class='ocr_par' dir='ltr' id='par_1_88' title="bbox 2112 2833 3694 2922">
     <span class='ocr_line' id='line_1_88' title="bbox 2112 2833 3694 2922; baseline 0.014 -35"><span class='ocrx_word' id='word_1_694' title='bbox 2112 2833 2210 2889; x_wconf 82' lang='lat' dir='ltr'><strong>bus</strong></span> <span class='ocrx_word' id='word_1_695' title='bbox 2243 2847 2397 2891; x_wconf 51' lang='lat' dir='ltr'><strong>terra?</strong></span> <span class='ocrx_word' id='word_1_696' title='bbox 2423 2838 2680 2902; x_wconf 88' lang='lat' dir='ltr'><strong>clamans,</strong></span> <span class='ocrx_word' id='word_1_697' title='bbox 2722 2841 2816 2896; x_wconf 87' lang='lat' dir='ltr'><strong>sed</strong></span> <span class='ocrx_word' id='word_1_698' title='bbox 2844 2851 3018 2898; x_wconf 85' lang='lat' dir='ltr'><strong>tamen</strong></span> <span class='ocrx_word' id='word_1_699' title='bbox 3056 2861 3161 2900; x_wconf 92' lang='lat' dir='ltr'><strong>non</strong></span> <span class='ocrx_word' id='word_1_700' title='bbox 3189 2849 3534 2922; x_wconf 85' lang='lat' dir='ltr'><strong>relinquitur.</strong></span> <span class='ocrx_word' id='word_1_701' title='bbox 3560 2851 3694 2920; x_wconf 87' lang='lat' dir='ltr'><strong>Quo-</strong></span> 
     </span>
    </p>
   </div>
   <div class='ocr_carea' id='block_1_89' title="bbox 2111 2928 3695 3013">
    <p class='ocr_par' dir='ltr' id='par_1_89' title="bbox 2111 2928 3695 3013">
     <span class='ocr_line' id='line_1_89' title="bbox 2111 2928 3695 3013; baseline 0.013 -34"><span class='ocrx_word' id='word_1_702' title='bbox 2111 2928 2251 2981; x_wconf 87' lang='lat' dir='ltr'><strong>niam</strong></span> <span class='ocrx_word' id='word_1_703' title='bbox 2285 2944 2381 2983; x_wconf 90' lang='lat' dir='ltr'><strong>nos</strong></span> <span class='ocrx_word' id='word_1_704' title='bbox 2409 2930 2554 2999; x_wconf 90' lang='lat' dir='ltr'><strong>ipsos</strong></span> <span class='ocrx_word' id='word_1_705' title='bbox 2574 2972 2589 2996; x_wconf 95' lang='lat'><strong>,</strong></span> <span class='ocrx_word' id='word_1_706' title='bbox 2622 2932 2762 3001; x_wconf 90' lang='lat' dir='ltr'><strong>quod</strong></span> <span class='ocrx_word' id='word_1_707' title='bbox 2793 2941 2878 2988; x_wconf 88' lang='lat' dir='ltr'><strong>est</strong></span> <span class='ocrx_word' id='word_1_708' title='bbox 2918 2949 3109 3006; x_wconf 85' lang='lat' dir='ltr'><strong>corpus</strong></span> <span class='ocrx_word' id='word_1_709' title='bbox 3139 2953 3306 2994; x_wconf 87' lang='lat' dir='ltr'><strong>suum</strong></span> <span class='ocrx_word' id='word_1_710' title='bbox 3328 2984 3344 3007; x_wconf 92' lang='lat'><strong>,</strong></span> <span class='ocrx_word' id='word_1_711' title='bbox 3373 2943 3540 2998; x_wconf 87' lang='lat' dir='ltr'><strong>voluit</strong></span> <span class='ocrx_word' id='word_1_712' title='bbox 3567 2959 3695 3013; x_wconf 61' lang='lat' dir='ltr'><strong>pra:-</strong></span> 
     </span>
    </p>
   </div>
   <div class='ocr_carea' id='block_1_90' title="bbox 2111 3017 3696 3100">
    <p class='ocr_par' dir='ltr' id='par_1_90' title="bbox 2111 3017 3696 3100">
     <span class='ocr_line' id='line_1_90' title="bbox 2111 3017 3696 3100; baseline 0.013 -30"><span class='ocrx_word' id='word_1_713' title='bbox 2111 3017 2340 3086; x_wconf 82' lang='lat' dir='ltr'><strong>tlgurare</strong></span> <span class='ocrx_word' id='word_1_714' title='bbox 2363 3030 2416 3076; x_wconf 91' lang='lat' dir='ltr'><strong>et</strong></span> <span class='ocrx_word' id='word_1_715' title='bbox 2447 3021 2499 3075; x_wconf 89' lang='lat' dir='ltr'><strong>in</strong></span> <span class='ocrx_word' id='word_1_716' title='bbox 2530 3021 2620 3076; x_wconf 93' lang='lat' dir='ltr'><strong>illo</strong></span> <span class='ocrx_word' id='word_1_717' title='bbox 2640 3037 2864 3092; x_wconf 87' lang='lat' dir='ltr'><strong>corpore</strong></span> <span class='ocrx_word' id='word_1_718' title='bbox 2887 3039 3003 3088; x_wconf 85' lang='lat' dir='ltr'><strong>suo,</strong></span> <span class='ocrx_word' id='word_1_719' title='bbox 3032 3027 3082 3080; x_wconf 92' lang='lat' dir='ltr'><strong>in</strong></span> <span class='ocrx_word' id='word_1_720' title='bbox 3109 3043 3216 3098; x_wconf 92' lang='lat' dir='ltr'><strong>quo</strong></span> <span class='ocrx_word' id='word_1_721' title='bbox 3241 3033 3358 3100; x_wconf 90' lang='lat' dir='ltr'><strong>jam</strong></span> <span class='ocrx_word' id='word_1_722' title='bbox 3387 3041 3443 3088; x_wconf 90' lang='lat' dir='ltr'><strong>et</strong></span> <span class='ocrx_word' id='word_1_723' title='bbox 3469 3043 3696 3090; x_wconf 81' lang='lat' dir='ltr'><strong>mortuus</strong></span> 
     </span>
    </p>
   </div>
   <div class='ocr_carea' id='block_1_91' title="bbox 2109 3111 3696 3193">
    <p class='ocr_par' dir='ltr' id='par_1_91' title="bbox 2109 3111 3696 3193">
     <span class='ocr_line' id='line_1_91' title="bbox 2109 3111 3696 3193; baseline 0.01 -31"><span class='ocrx_word' id='word_1_724' title='bbox 2109 3117 2224 3170; x_wconf 85' lang='lat' dir='ltr'><strong>est,</strong></span> <span class='ocrx_word' id='word_1_725' title='bbox 2267 3119 2319 3165; x_wconf 91' lang='lat' dir='ltr'><strong>et</strong></span> <span class='ocrx_word' id='word_1_726' title='bbox 2362 3111 2692 3176; x_wconf 85' lang='lat' dir='ltr'><strong>resurrexit,</strong></span> <span class='ocrx_word' id='word_1_727' title='bbox 2739 3123 2793 3168; x_wconf 90' lang='lat' dir='ltr'><strong>et</strong></span> <span class='ocrx_word' id='word_1_728' title='bbox 2833 3114 2888 3169; x_wconf 88' lang='lat' dir='ltr'><strong>in</strong></span> <span class='ocrx_word' id='word_1_729' title='bbox 2932 3117 3126 3172; x_wconf 66' lang='lat' dir='ltr'><strong>malum</strong></span> <span class='ocrx_word' id='word_1_730' title='bbox 3171 3123 3464 3186; x_wconf 83' lang='lat' dir='ltr'><strong>ascendit;</strong></span> <span class='ocrx_word' id='word_1_731' title='bbox 3507 3133 3563 3178; x_wconf 89' lang='lat' dir='ltr'><strong>ut</strong></span> <span class='ocrx_word' id='word_1_732' title='bbox 3603 3139 3696 3193; x_wconf 92' lang='lat' dir='ltr'><strong>quo</strong></span> 
     </span>
    </p>
   </div>
   <div class='ocr_carea' id='block_1_92' title="bbox 2109 3203 3694 3270">
    <p class='ocr_par' dir='ltr' id='par_1_92' title="bbox 2109 3203 3694 3270">
     <span class='ocr_line' id='line_1_92' title="bbox 2109 3203 3694 3270; baseline 0.009 -16"><span class='ocrx_word' id='word_1_733' title='bbox 2109 3211 2270 3270; x_wconf 86' lang='lat' dir='ltr'><strong>caput</strong></span> <span class='ocrx_word' id='word_1_734' title='bbox 2298 3203 2588 3270; x_wconf 80' lang='lat' dir='ltr'><strong>praecessit,</strong></span> <span class='ocrx_word' id='word_1_735' title='bbox 2622 3204 2746 3258; x_wconf 88' lang='lat' dir='ltr'><strong>illuc</strong></span> <span class='ocrx_word' id='word_1_736' title='bbox 2774 3219 2834 3260; x_wconf 90' lang='lat' dir='ltr'><strong>se</strong></span> <span class='ocrx_word' id='word_1_737' title='bbox 2863 3207 3095 3261; x_wconf 91' lang='lat' dir='ltr'><strong>membra</strong></span> <span class='ocrx_word' id='word_1_738' title='bbox 3125 3221 3388 3266; x_wconf 89' lang='lat' dir='ltr'><strong>secutura</strong></span> <span class='ocrx_word' id='word_1_739' title='bbox 3411 3213 3694 3270; x_wconf 88' lang='lat' dir='ltr'><strong>conﬁdant.</strong></span> 
     </span>
    </p>
   </div>
   <div class='ocr_carea' id='block_1_93' title="bbox 2108 3295 3698 3371">
    <p class='ocr_par' dir='ltr' id='par_1_93' title="bbox 2108 3295 3698 3371">
     <span class='ocr_line' id='line_1_93' title="bbox 2108 3295 3698 3371; baseline 0.009 -23"><span class='ocrx_word' id='word_1_740' title='bbox 2108 3295 2248 3364; x_wconf 83' lang='lat' dir='ltr'><strong>Ergo</strong></span> <span class='ocrx_word' id='word_1_741' title='bbox 2273 3311 2368 3348; x_wconf 78' lang='lat' dir='ltr'><strong>nos</strong></span> <span class='ocrx_word' id='word_1_742' title='bbox 2398 3298 2794 3368; x_wconf 83' lang='lat' dir='ltr'><strong>transﬁguravit</strong></span> <span class='ocrx_word' id='word_1_743' title='bbox 2837 3298 2890 3354; x_wconf 90' lang='lat' dir='ltr'><strong>in</strong></span> <span class='ocrx_word' id='word_1_744' title='bbox 2917 3314 2995 3363; x_wconf 89' lang='lat' dir='ltr'><strong>se,</strong></span> <span class='ocrx_word' id='word_1_745' title='bbox 3025 3302 3242 3371; x_wconf 83' lang='lat' dir='ltr'><strong>quando</strong></span> <span class='ocrx_word' id='word_1_746' title='bbox 3267 3307 3436 3361; x_wconf 91' lang='lat' dir='ltr'><strong>voluit</strong></span> <span class='ocrx_word' id='word_1_747' title='bbox 3465 3309 3646 3362; x_wconf 88' lang='lat' dir='ltr'><strong>tentari</strong></span> <span class='ocrx_word' id='word_1_748' title='bbox 3670 3323 3698 3362; x_wconf 86' lang='lat' dir='ltr'><strong>a</strong></span> 
     </span>
    </p>
   </div>
   <div class='ocr_carea' id='block_1_94' title="bbox 2106 3385 3699 3470">
    <p class='ocr_par' dir='ltr' id='par_1_94' title="bbox 2106 3385 3699 3470">
     <span class='ocr_line' id='line_1_94' title="bbox 2106 3385 3699 3470; baseline 0.011 -33"><span class='ocrx_word' id='word_1_749' title='bbox 2106 3395 2286 3438; x_wconf 86' lang='lat' dir='ltr'><strong>satana</strong></span> <span class='ocrx_word' id='word_1_750' title='bbox 2337 3385 2549 3454; x_wconf 75' lang='lat' dir='ltr'><strong>(Matth.</strong></span> <span class='ocrx_word' id='word_1_751' title='bbox 2594 3404 2664 3450; x_wconf 82' lang='lat' dir='ltr'><strong>tv,</strong></span> <span class='ocrx_word' id='word_1_752' title='bbox 2695 3390 2774 3454; x_wconf 77' lang='lat' dir='ltr'><strong>i).</strong></span> <span class='ocrx_word' id='word_1_753' title='bbox 2806 3390 2962 3444; x_wconf 78' lang='lat' dir='ltr'><strong>Modo</strong></span> <span class='ocrx_word' id='word_1_754' title='bbox 2987 3391 3269 3462; x_wconf 85' lang='lat' dir='ltr'><strong>legebatur</strong></span> <span class='ocrx_word' id='word_1_755' title='bbox 3315 3398 3371 3452; x_wconf 81' lang='lat' dir='ltr'><strong>in</strong></span> <span class='ocrx_word' id='word_1_756' title='bbox 3423 3399 3699 3470; x_wconf 76' lang='lat' dir='ltr'><strong>Evangelia</strong></span> 
     </span>
    </p>
   </div>
   <div class='ocr_carea' id='block_1_95' title="bbox 2105 3477 3699 3545">
    <p class='ocr_par' dir='ltr' id='par_1_95' title="bbox 2105 3477 3699 3545">
     <span class='ocr_line' id='line_1_95' title="bbox 2105 3477 3699 3545; baseline 0.009 -17"><span class='ocrx_word' id='word_1_757' title='bbox 2105 3477 2224 3545; x_wconf 86' lang='lat' dir='ltr'><strong>quia</strong></span> <span class='ocrx_word' id='word_1_758' title='bbox 2256 3477 2510 3530; x_wconf 82' lang='lat' dir='ltr'><strong>Dominus</strong></span> <span class='ocrx_word' id='word_1_759' title='bbox 2555 3477 2712 3532; x_wconf 80' lang='lat' dir='ltr'><strong>Jesus</strong></span> <span class='ocrx_word' id='word_1_760' title='bbox 2753 3480 2995 3536; x_wconf 87' lang='lat' dir='ltr'><strong>Christus</strong></span> <span class='ocrx_word' id='word_1_761' title='bbox 3035 3483 3086 3536; x_wconf 91' lang='lat' dir='ltr'><strong>in</strong></span> <span class='ocrx_word' id='word_1_762' title='bbox 3115 3499 3311 3542; x_wconf 86' lang='lat' dir='ltr'><strong>eremo</strong></span> <span class='ocrx_word' id='word_1_763' title='bbox 3344 3491 3651 3544; x_wconf 85' lang='lat' dir='ltr'><strong>tentahatur</strong></span> <span class='ocrx_word' id='word_1_764' title='bbox 3672 3505 3699 3543; x_wconf 91' lang='lat' dir='ltr'><strong>a</strong></span> 
     </span>
    </p>
   </div>
   <div class='ocr_carea' id='block_1_96' title="bbox 2109 3566 3698 3636">
    <p class='ocr_par' dir='ltr' id='par_1_96' title="bbox 2109 3566 3698 3636">
     <span class='ocr_line' id='line_1_96' title="bbox 2109 3566 3698 3636; baseline 0.009 -17"><span class='ocrx_word' id='word_1_765' title='bbox 2109 3566 2341 3620; x_wconf 89' lang='lat' dir='ltr'><strong>diabolo.</strong></span> <span class='ocrx_word' id='word_1_766' title='bbox 2389 3567 2618 3623; x_wconf 87' lang='lat' dir='ltr'><strong>Prorsus</strong></span> <span class='ocrx_word' id='word_1_767' title='bbox 2660 3568 2904 3626; x_wconf 88' lang='lat' dir='ltr'><strong>Christus</strong></span> <span class='ocrx_word' id='word_1_768' title='bbox 2949 3574 3261 3632; x_wconf 85' lang='lat' dir='ltr'><strong>tentabatur</strong></span> <span class='ocrx_word' id='word_1_769' title='bbox 3305 3594 3339 3632; x_wconf 86' lang='lat' dir='ltr'><strong>a</strong></span> <span class='ocrx_word' id='word_1_770' title='bbox 3384 3579 3620 3636; x_wconf 90' lang='lat' dir='ltr'><strong>diabolo.</strong></span> <span class='ocrx_word' id='word_1_771' title='bbox 3647 3579 3698 3634; x_wconf 86' lang='lat' dir='ltr'><strong>in</strong></span> 
     </span>
    </p>
   </div>
   <div class='ocr_carea' id='block_1_97' title="bbox 2102 3658 3704 3734">
    <p class='ocr_par' dir='ltr' id='par_1_97' title="bbox 2102 3658 3704 3734">
     <span class='ocr_line' id='line_1_97' title="bbox 2102 3658 3704 3734; baseline 0.007 -21"><span class='ocrx_word' id='word_1_772' title='bbox 2102 3658 2314 3713; x_wconf 87' lang='lat' dir='ltr'><strong>Christo</strong></span> <span class='ocrx_word' id='word_1_773' title='bbox 2355 3659 2496 3714; x_wconf 89' lang='lat' dir='ltr'><strong>enim</strong></span> <span class='ocrx_word' id='word_1_774' title='bbox 2539 3669 2594 3714; x_wconf 93' lang='lat' dir='ltr'><strong>tu</strong></span> <span class='ocrx_word' id='word_1_775' title='bbox 2620 3662 2927 3729; x_wconf 87' lang='lat' dir='ltr'><strong>tentabaris,</strong></span> <span class='ocrx_word' id='word_1_776' title='bbox 2967 3665 3088 3734; x_wconf 91' lang='lat' dir='ltr'><strong>quia</strong></span> <span class='ocrx_word' id='word_1_777' title='bbox 3120 3666 3383 3726; x_wconf 88' lang='lat' dir='ltr'><strong>Christus</strong></span> <span class='ocrx_word' id='word_1_778' title='bbox 3409 3671 3481 3727; x_wconf 89' lang='lat' dir='ltr'><strong>de</strong></span> <span class='ocrx_word' id='word_1_779' title='bbox 3521 3681 3573 3727; x_wconf 91' lang='lat' dir='ltr'><strong>te</strong></span> <span class='ocrx_word' id='word_1_780' title='bbox 3609 3671 3704 3726; x_wconf 86' lang='lat' dir='ltr'><strong>sibi</strong></span> 
     </span>
    </p>
   </div>
   <div class='ocr_carea' id='block_1_98' title="bbox 2105 3749 3700 3826">
    <p class='ocr_par' dir='ltr' id='par_1_98' title="bbox 2105 3749 3700 3826">
     <span class='ocr_line' id='line_1_98' title="bbox 2105 3749 3700 3826; baseline 0.008 -22"><span class='ocrx_word' id='word_1_781' title='bbox 2105 3749 2334 3806; x_wconf 86' lang='lat' dir='ltr'><strong>habebat</strong></span> <span class='ocrx_word' id='word_1_782' title='bbox 2371 3766 2610 3819; x_wconf 88' lang='lat' dir='ltr'><strong>carnem,</strong></span> <span class='ocrx_word' id='word_1_783' title='bbox 2637 3753 2703 3808; x_wconf 90' lang='lat' dir='ltr'><strong>de</strong></span> <span class='ocrx_word' id='word_1_784' title='bbox 2728 3769 2786 3809; x_wconf 90' lang='lat' dir='ltr'><strong>se</strong></span> <span class='ocrx_word' id='word_1_785' title='bbox 2816 3755 2909 3810; x_wconf 85' lang='lat' dir='ltr'><strong>tibi</strong></span> <span class='ocrx_word' id='word_1_786' title='bbox 2937 3757 3196 3826; x_wconf 86' lang='lat' dir='ltr'><strong>salutem;</strong></span> <span class='ocrx_word' id='word_1_787' title='bbox 3226 3761 3302 3817; x_wconf 88' lang='lat' dir='ltr'><strong>de</strong></span> <span class='ocrx_word' id='word_1_788' title='bbox 3336 3772 3391 3818; x_wconf 86' lang='lat' dir='ltr'><strong>te</strong></span> <span class='ocrx_word' id='word_1_789' title='bbox 3421 3765 3528 3820; x_wconf 86' lang='lat' dir='ltr'><strong>sibi</strong></span> <span class='ocrx_word' id='word_1_790' title='bbox 3568 3781 3700 3819; x_wconf 83' lang='lat' dir='ltr'><strong>mor-</strong></span> 
     </span>
    </p>
   </div>
   <div class='ocr_carea' id='block_1_99' title="bbox 2102 3842 3704 3920">
    <p class='ocr_par' dir='ltr' id='par_1_99' title="bbox 2102 3842 3704 3920">
     <span class='ocr_line' id='line_1_99' title="bbox 2102 3842 3704 3920; baseline 0.009 -24"><span class='ocrx_word' id='word_1_791' title='bbox 2102 3851 2229 3909; x_wconf 89' lang='lat' dir='ltr'><strong>tem,</strong></span> <span class='ocrx_word' id='word_1_792' title='bbox 2269 3842 2337 3896; x_wconf 90' lang='lat' dir='ltr'><strong>de</strong></span> <span class='ocrx_word' id='word_1_793' title='bbox 2363 3856 2421 3897; x_wconf 92' lang='lat' dir='ltr'><strong>se</strong></span> <span class='ocrx_word' id='word_1_794' title='bbox 2448 3843 2538 3898; x_wconf 90' lang='lat' dir='ltr'><strong>tibi</strong></span> <span class='ocrx_word' id='word_1_795' title='bbox 2563 3844 2757 3907; x_wconf 87' lang='lat' dir='ltr'><strong>vitam;</strong></span> <span class='ocrx_word' id='word_1_796' title='bbox 2801 3845 2867 3900; x_wconf 88' lang='lat' dir='ltr'><strong>de</strong></span> <span class='ocrx_word' id='word_1_797' title='bbox 2898 3855 2948 3901; x_wconf 90' lang='lat' dir='ltr'><strong>te</strong></span> <span class='ocrx_word' id='word_1_798' title='bbox 2992 3848 3090 3901; x_wconf 90' lang='lat' dir='ltr'><strong>sibi</strong></span> <span class='ocrx_word' id='word_1_799' title='bbox 3129 3853 3536 3920; x_wconf 89' lang='lat' dir='ltr'><strong>contumelias,</strong></span> <span class='ocrx_word' id='word_1_800' title='bbox 3565 3854 3704 3910; x_wconf 82' lang='lat' dir='ltr'><strong>dese</strong></span> 
     </span>
    </p>
   </div>
   <div class='ocr_carea' id='block_1_100' title="bbox 2100 3932 3703 4006">
    <p class='ocr_par' dir='ltr' id='par_1_100' title="bbox 2100 3932 3703 4006">
     <span class='ocr_line' id='line_1_100' title="bbox 2100 3932 3703 4006; baseline 0.006 -20"><span class='ocrx_word' id='word_1_801' title='bbox 2100 3932 2193 3986; x_wconf 91' lang='lat' dir='ltr'><strong>tibi</strong></span> <span class='ocrx_word' id='word_1_802' title='bbox 2234 3933 2497 3998; x_wconf 89' lang='lat' dir='ltr'><strong>honores;</strong></span> <span class='ocrx_word' id='word_1_803' title='bbox 2538 3948 2666 4002; x_wconf 89' lang='lat' dir='ltr'><strong>ergo</strong></span> <span class='ocrx_word' id='word_1_804' title='bbox 2695 3933 2764 3987; x_wconf 90' lang='lat' dir='ltr'><strong>de</strong></span> <span class='ocrx_word' id='word_1_805' title='bbox 2798 3943 2848 3989; x_wconf 92' lang='lat' dir='ltr'><strong>te</strong></span> <span class='ocrx_word' id='word_1_806' title='bbox 2886 3935 2983 3989; x_wconf 88' lang='lat' dir='ltr'><strong>sibi</strong></span> <span class='ocrx_word' id='word_1_807' title='bbox 3013 3939 3394 4006; x_wconf 87' lang='lat' dir='ltr'><strong>tentationem,</strong></span> <span class='ocrx_word' id='word_1_808' title='bbox 3430 3943 3502 3996; x_wconf 91' lang='lat' dir='ltr'><strong>de</strong></span> <span class='ocrx_word' id='word_1_809' title='bbox 3532 3959 3590 3997; x_wconf 90' lang='lat' dir='ltr'><strong>se</strong></span> <span class='ocrx_word' id='word_1_810' title='bbox 3617 3943 3703 3996; x_wconf 83' lang='lat' dir='ltr'><strong>tibi</strong></span> 
     </span>
    </p>
   </div>
   <div class='ocr_carea' id='block_1_101' title="bbox 2066 4023 3709 4098">
    <p class='ocr_par' dir='ltr' id='par_1_101' title="bbox 2066 4023 3709 4098">
     <span class='ocr_line' id='line_1_101' title="bbox 2066 4023 3709 4098; baseline 0.011 -26"><span class='ocrx_word' id='word_1_811' title='bbox 2066 4024 2396 4077; x_wconf 88' lang='lat' dir='ltr'><strong>.victoriam.</strong></span> <span class='ocrx_word' id='word_1_812' title='bbox 2426 4023 2481 4079; x_wconf 90' lang='lat' dir='ltr'><strong>Si</strong></span> <span class='ocrx_word' id='word_1_813' title='bbox 2526 4024 2579 4078; x_wconf 91' lang='lat' dir='ltr'><strong>in</strong></span> <span class='ocrx_word' id='word_1_814' title='bbox 2608 4024 2699 4078; x_wconf 91' lang='lat' dir='ltr'><strong>illo</strong></span> <span class='ocrx_word' id='word_1_815' title='bbox 2730 4040 2827 4079; x_wconf 89' lang='lat' dir='ltr'><strong>nos</strong></span> <span class='ocrx_word' id='word_1_816' title='bbox 2872 4029 3056 4080; x_wconf 89' lang='lat' dir='ltr'><strong>tentati</strong></span> <span class='ocrx_word' id='word_1_817' title='bbox 3101 4043 3296 4086; x_wconf 90' lang='lat' dir='ltr'><strong>sumus</strong></span> <span class='ocrx_word' id='word_1_818' title='bbox 3321 4074 3338 4098; x_wconf 87' lang='lat'><strong>,</strong></span> <span class='ocrx_word' id='word_1_819' title='bbox 3371 4034 3428 4088; x_wconf 89' lang='lat' dir='ltr'><strong>in</strong></span> <span class='ocrx_word' id='word_1_820' title='bbox 3476 4035 3573 4089; x_wconf 89' lang='lat' dir='ltr'><strong>illo</strong></span> <span class='ocrx_word' id='word_1_821' title='bbox 3616 4050 3709 4090; x_wconf 80' lang='lat' dir='ltr'><strong>nos</strong></span> 
     </span>
    </p>
   </div>
   <div class='ocr_carea' id='block_1_102' title="bbox 2098 4113 3704 4187">
    <p class='ocr_par' dir='ltr' id='par_1_102' title="bbox 2098 4113 3704 4187">
     <span class='ocr_line' id='line_1_102' title="bbox 2098 4113 3704 4187; baseline 0.009 -21"><span class='ocrx_word' id='word_1_822' title='bbox 2098 4113 2366 4169; x_wconf 85' lang='lat' dir='ltr'><strong>diabolum</strong></span> <span class='ocrx_word' id='word_1_823' title='bbox 2389 4128 2722 4183; x_wconf 89' lang='lat' dir='ltr'><strong>superamus.</strong></span> <span class='ocrx_word' id='word_1_824' title='bbox 2745 4116 2990 4171; x_wconf 84' lang='lat' dir='ltr'><strong>Attendis</strong></span> <span class='ocrx_word' id='word_1_825' title='bbox 3011 4118 3134 4187; x_wconf 93' lang='lat' dir='ltr'><strong>quia</strong></span> <span class='ocrx_word' id='word_1_826' title='bbox 3173 4119 3445 4180; x_wconf 76' lang='lat' dir='ltr'><strong>Christus</strong></span> <span class='ocrx_word' id='word_1_827' title='bbox 3478 4136 3704 4180; x_wconf 85' lang='lat' dir='ltr'><strong>tentatus</strong></span> 
     </span>
    </p>
   </div>
   <div class='ocr_carea' id='block_1_103' title="bbox 2096 4205 3706 4279">
    <p class='ocr_par' dir='ltr' id='par_1_103' title="bbox 2096 4205 3706 4279">
     <span class='ocr_line' id='line_1_103' title="bbox 2096 4205 3706 4279; baseline 0.007 -20"><span class='ocrx_word' id='word_1_828' title='bbox 2096 4215 2198 4271; x_wconf 74' lang='lat' dir='ltr'><strong>est,</strong></span> <span class='ocrx_word' id='word_1_829' title='bbox 2228 4217 2282 4261; x_wconf 87' lang='lat' dir='ltr'><strong>et</strong></span> <span class='ocrx_word' id='word_1_830' title='bbox 2310 4221 2416 4260; x_wconf 91' lang='lat' dir='ltr'><strong>non</strong></span> <span class='ocrx_word' id='word_1_831' title='bbox 2441 4205 2671 4260; x_wconf 82' lang='lat' dir='ltr'><strong>attendis</strong></span> <span class='ocrx_word' id='word_1_832' title='bbox 2696 4208 2816 4276; x_wconf 88' lang='lat' dir='ltr'><strong>quia</strong></span> <span class='ocrx_word' id='word_1_833' title='bbox 2843 4208 3002 4262; x_wconf 84' lang='lat' dir='ltr'><strong>vicit?</strong></span> <span class='ocrx_word' id='word_1_834' title='bbox 3030 4213 3278 4279; x_wconf 83' lang='lat' dir='ltr'><strong>Agnosee</strong></span> <span class='ocrx_word' id='word_1_835' title='bbox 3304 4223 3360 4270; x_wconf 90' lang='lat' dir='ltr'><strong>te</strong></span> <span class='ocrx_word' id='word_1_836' title='bbox 3387 4215 3445 4270; x_wconf 91' lang='lat' dir='ltr'><strong>in</strong></span> <span class='ocrx_word' id='word_1_837' title='bbox 3467 4216 3564 4271; x_wconf 91' lang='lat' dir='ltr'><strong>illo</strong></span> <span class='ocrx_word' id='word_1_838' title='bbox 3591 4228 3706 4272; x_wconf 87' lang='lat' dir='ltr'><strong>teu-</strong></span> 
     </span>
    </p>
   </div>
   <div class='ocr_carea' id='block_1_104' title="bbox 2095 4297 3706 4370">
    <p class='ocr_par' dir='ltr' id='par_1_104' title="bbox 2095 4297 3706 4370">
     <span class='ocr_line' id='line_1_104' title="bbox 2095 4297 3706 4370; baseline 0.008 -19"><span class='ocrx_word' id='word_1_839' title='bbox 2095 4306 2285 4365; x_wconf 73' lang='lat' dir='ltr'><strong>tatum,</strong></span> <span class='ocrx_word' id='word_1_840' title='bbox 2329 4306 2383 4352; x_wconf 78' lang='lat' dir='ltr'><strong>et</strong></span> <span class='ocrx_word' id='word_1_841' title='bbox 2419 4308 2472 4353; x_wconf 89' lang='lat' dir='ltr'><strong>te</strong></span> <span class='ocrx_word' id='word_1_842' title='bbox 2502 4297 2553 4352; x_wconf 91' lang='lat' dir='ltr'><strong>in</strong></span> <span class='ocrx_word' id='word_1_843' title='bbox 2586 4299 2677 4353; x_wconf 90' lang='lat' dir='ltr'><strong>illo</strong></span> <span class='ocrx_word' id='word_1_844' title='bbox 2701 4313 2929 4370; x_wconf 85' lang='lat' dir='ltr'><strong>agnosce</strong></span> <span class='ocrx_word' id='word_1_845' title='bbox 2955 4301 3283 4360; x_wconf 85' lang='lat' dir='ltr'><strong>vincentem.</strong></span> <span class='ocrx_word' id='word_1_846' title='bbox 3333 4307 3564 4364; x_wconf 87' lang='lat' dir='ltr'><strong>Poterat</strong></span> <span class='ocrx_word' id='word_1_847' title='bbox 3592 4326 3620 4362; x_wconf 90' lang='lat' dir='ltr'><strong>a</strong></span> <span class='ocrx_word' id='word_1_848' title='bbox 3649 4325 3706 4364; x_wconf 88' lang='lat' dir='ltr'><strong>se</strong></span> 
     </span>
    </p>
   </div>
   <div class='ocr_carea' id='block_1_105' title="bbox 2094 4395 3705 4467">
    <p class='ocr_par' dir='ltr' id='par_1_105' title="bbox 2094 4395 3705 4467">
     <span class='ocr_line' id='line_1_105' title="bbox 2094 4395 3705 4467; baseline 0.004 -19"><span class='ocrx_word' id='word_1_849' title='bbox 2094 4395 2363 4449; x_wconf 86' lang='lat' dir='ltr'><strong>diabolum</strong></span> <span class='ocrx_word' id='word_1_850' title='bbox 2391 4396 2678 4465; x_wconf 89' lang='lat' dir='ltr'><strong>prohibere</strong></span> <span class='ocrx_word' id='word_1_851' title='bbox 2710 4413 2723 4449; x_wconf 88' lang='lat'><strong>:</strong></span> <span class='ocrx_word' id='word_1_852' title='bbox 2752 4396 2844 4452; x_wconf 92' lang='lat' dir='ltr'><strong>sed</strong></span> <span class='ocrx_word' id='word_1_853' title='bbox 2872 4397 2914 4451; x_wconf 92' lang='lat' dir='ltr'><strong>si</strong></span> <span class='ocrx_word' id='word_1_854' title='bbox 2942 4413 3048 4452; x_wconf 91' lang='lat' dir='ltr'><strong>non</strong></span> <span class='ocrx_word' id='word_1_855' title='bbox 3078 4406 3416 4467; x_wconf 87' lang='lat' dir='ltr'><strong>tentaretur,</strong></span> <span class='ocrx_word' id='word_1_856' title='bbox 3453 4403 3555 4458; x_wconf 86' lang='lat' dir='ltr'><strong>tibi</strong></span> <span class='ocrx_word' id='word_1_857' title='bbox 3589 4413 3705 4459; x_wconf 83' lang='lat' dir='ltr'><strong>ten-</strong></span> 
     </span>
    </p>
   </div>
   <div class='ocr_carea' id='block_1_106' title="bbox 2094 4487 3711 4563">
    <p class='ocr_par' dir='ltr' id='par_1_106' title="bbox 2094 4487 3711 4563">
     <span class='ocr_line' id='line_1_106' title="bbox 2094 4487 3711 4563; baseline 0.004 -21"><span class='ocrx_word' id='word_1_858' title='bbox 2094 4487 2255 4542; x_wconf 85' lang='lat' dir='ltr'><strong>tando</strong></span> <span class='ocrx_word' id='word_1_859' title='bbox 2308 4488 2552 4544; x_wconf 89' lang='lat' dir='ltr'><strong>vincendi</strong></span> <span class='ocrx_word' id='word_1_860' title='bbox 2601 4489 2961 4559; x_wconf 82' lang='lat' dir='ltr'><strong>magisterium</strong></span> <span class='ocrx_word' id='word_1_861' title='bbox 3006 4508 3110 4545; x_wconf 88' lang='lat' dir='ltr'><strong>non</strong></span> <span class='ocrx_word' id='word_1_862' title='bbox 3159 4495 3473 4560; x_wconf 69' lang='lat' dir='ltr'><strong>praeberet.</strong></span> <span class='ocrx_word' id='word_1_863' title='bbox 3530 4495 3711 4563; x_wconf 83' lang='lat' dir='ltr'><strong>Itaque</strong></span> 
     </span>
    </p>
   </div>
   <div class='ocr_carea' id='block_1_107' title="bbox 2092 4580 3706 4650">
    <p class='ocr_par' dir='ltr' id='par_1_107' title="bbox 2092 4580 3706 4650">
     <span class='ocr_line' id='line_1_107' title="bbox 2092 4580 3706 4650; baseline 0.002 -16"><span class='ocrx_word' id='word_1_864' title='bbox 2092 4595 2196 4634; x_wconf 89' lang='lat' dir='ltr'><strong>non</strong></span> <span class='ocrx_word' id='word_1_865' title='bbox 2229 4581 2442 4646; x_wconf 90' lang='lat' dir='ltr'><strong>mirum,</strong></span> <span class='ocrx_word' id='word_1_866' title='bbox 2467 4580 2510 4634; x_wconf 92' lang='lat' dir='ltr'><strong>si</strong></span> <span class='ocrx_word' id='word_1_867' title='bbox 2535 4581 2673 4635; x_wconf 89' lang='lat' dir='ltr'><strong>inter</strong></span> <span class='ocrx_word' id='word_1_868' title='bbox 2703 4582 3020 4635; x_wconf 85' lang='lat' dir='ltr'><strong>tentationes</strong></span> <span class='ocrx_word' id='word_1_869' title='bbox 3045 4583 3248 4650; x_wconf 89' lang='lat' dir='ltr'><strong>positus</strong></span> <span class='ocrx_word' id='word_1_870' title='bbox 3285 4586 3396 4640; x_wconf 87' lang='lat' dir='ltr'><strong>iste</strong></span> <span class='ocrx_word' id='word_1_871' title='bbox 3426 4587 3638 4641; x_wconf 88' lang='lat' dir='ltr'><strong>clamat</strong></span> <span class='ocrx_word' id='word_1_872' title='bbox 3681 4605 3706 4638; x_wconf 80' lang='lat' dir='ltr'><strong>a</strong></span> 
     </span>
    </p>
   </div>
   <div class='ocr_carea' id='block_1_108' title="bbox 2093 4671 3711 4748">
    <p class='ocr_par' dir='ltr' id='par_1_108' title="bbox 2093 4671 3711 4748">
     <span class='ocr_line' id='line_1_108' title="bbox 2093 4671 3711 4748; baseline 0.002 -22"><span class='ocrx_word' id='word_1_873' title='bbox 2093 4672 2286 4727; x_wconf 88' lang='lat' dir='ltr'><strong>ﬁnibus</strong></span> <span class='ocrx_word' id='word_1_874' title='bbox 2319 4683 2497 4727; x_wconf 70' lang='lat' dir='ltr'><strong>terrm.</strong></span> <span class='ocrx_word' id='word_1_875' title='bbox 2529 4671 2633 4728; x_wconf 89' lang='lat' dir='ltr'><strong>Sed</strong></span> <span class='ocrx_word' id='word_1_876' title='bbox 2656 4689 2818 4743; x_wconf 88' lang='lat' dir='ltr'><strong>quare</strong></span> <span class='ocrx_word' id='word_1_877' title='bbox 2845 4689 2950 4728; x_wconf 92' lang='lat' dir='ltr'><strong>non</strong></span> <span class='ocrx_word' id='word_1_878' title='bbox 2978 4675 3250 4729; x_wconf 86' lang='lat' dir='ltr'><strong>vincitur?</strong></span> <span class='ocrx_word' id='word_1_879' title='bbox 3283 4676 3362 4732; x_wconf 84' lang='lat' dir='ltr'><strong>In</strong></span> <span class='ocrx_word' id='word_1_880' title='bbox 3386 4690 3541 4748; x_wconf 83' lang='lat' dir='ltr'><strong>petra</strong></span> <span class='ocrx_word' id='word_1_881' title='bbox 3569 4681 3711 4733; x_wconf 66' lang='lat' dir='ltr'><strong>exal-</strong></span> 
     </span>
    </p>
   </div>
   <div class='ocr_carea' id='block_1_109' title="bbox 2092 4764 3710 4834">
    <p class='ocr_par' dir='ltr' id='par_1_109' title="bbox 2092 4764 3710 4834">
     <span class='ocr_line' id='line_1_109' title="bbox 2092 4764 3710 4834; baseline 0.002 -16"><span class='ocrx_word' id='word_1_882' title='bbox 2092 4767 2209 4818; x_wconf 88' lang='lat' dir='ltr'><strong>tasti</strong></span> <span class='ocrx_word' id='word_1_883' title='bbox 2233 4782 2326 4818; x_wconf 87' lang='lat' dir='ltr'><strong>me.</strong></span> <span class='ocrx_word' id='word_1_884' title='bbox 2357 4764 2472 4820; x_wconf 87' lang='lat' dir='ltr'><strong>Jam</strong></span> <span class='ocrx_word' id='word_1_885' title='bbox 2504 4779 2634 4834; x_wconf 81' lang='lat' dir='ltr'><strong>ergo</strong></span> <span class='ocrx_word' id='word_1_886' title='bbox 2661 4765 2749 4819; x_wconf 92' lang='lat' dir='ltr'><strong>hic</strong></span> <span class='ocrx_word' id='word_1_887' title='bbox 2773 4766 3112 4834; x_wconf 82' lang='lat' dir='ltr'><strong>agnoscimus</strong></span> <span class='ocrx_word' id='word_1_888' title='bbox 3137 4768 3261 4833; x_wconf 88' lang='lat' dir='ltr'><strong>quis</strong></span> <span class='ocrx_word' id='word_1_889' title='bbox 3287 4769 3506 4824; x_wconf 87' lang='lat' dir='ltr'><strong>clamet</strong></span> <span class='ocrx_word' id='word_1_890' title='bbox 3530 4786 3562 4823; x_wconf 88' lang='lat' dir='ltr'><strong>a</strong></span> <span class='ocrx_word' id='word_1_891' title='bbox 3593 4770 3710 4822; x_wconf 88' lang='lat' dir='ltr'><strong>ﬁni-</strong></span> 
     </span>
    </p>
   </div>
   <div class='ocr_carea' id='block_1_110' title="bbox 2090 4858 3712 4930">
    <p class='ocr_par' dir='ltr' id='par_1_110' title="bbox 2090 4858 3712 4930">
     <span class='ocr_line' id='line_1_110' title="bbox 2090 4858 3712 4930; baseline 0.001 -18"><span class='ocrx_word' id='word_1_892' title='bbox 2090 4859 2187 4912; x_wconf 92' lang='lat' dir='ltr'><strong>bus</strong></span> <span class='ocrx_word' id='word_1_893' title='bbox 2209 4867 2382 4913; x_wconf 64' lang='lat' dir='ltr'><strong>terrae.</strong></span> <span class='ocrx_word' id='word_1_894' title='bbox 2408 4858 2724 4912; x_wconf 80' lang='lat' dir='ltr'><strong>Recolamus</strong></span> <span class='ocrx_word' id='word_1_895' title='bbox 2745 4859 3086 4928; x_wconf 84' lang='lat' dir='ltr'><strong>Evangelium</strong></span> <span class='ocrx_word' id='word_1_896' title='bbox 3109 4876 3122 4911; x_wconf 91' lang='lat'>:</span> <span class='ocrx_word' id='word_1_897' title='bbox 3145 4859 3325 4929; x_wconf 74' lang='lat' dir='ltr'><strong>Super</strong></span> <span class='ocrx_word' id='word_1_898' title='bbox 3349 4863 3494 4916; x_wconf 84' lang='lat' dir='ltr'><strong>hanc</strong></span> <span class='ocrx_word' id='word_1_899' title='bbox 3521 4873 3712 4930; x_wconf 72' lang='lat' dir='ltr'><strong>petram</strong></span> 
     </span>
    </p>
   </div>
   <div class='ocr_carea' id='block_1_111' title="bbox 2087 4949 3709 5026">
    <p class='ocr_par' dir='ltr' id='par_1_111' title="bbox 2087 4949 3709 5026">
     <span class='ocr_line' id='line_1_111' title="bbox 2087 4949 3709 5026; baseline -0.003 -20"><span class='ocrx_word' id='word_1_900' title='bbox 2087 4952 2347 5020; x_wconf 77' lang='lat' dir='ltr'><strong>wdi/icabo</strong></span> <span class='ocrx_word' id='word_1_901' title='bbox 2400 4951 2675 5005; x_wconf 82' lang='lat' dir='ltr'><strong>Ecclesium</strong></span> <span class='ocrx_word' id='word_1_902' title='bbox 2725 4967 2888 5004; x_wconf 88' lang='lat' dir='ltr'><strong>meam</strong></span> <span class='ocrx_word' id='word_1_903' title='bbox 2915 4949 3024 5021; x_wconf 87' lang='lat' dir='ltr'><strong>(Id.</strong></span> <span class='ocrx_word' id='word_1_904' title='bbox 3072 4967 3199 5018; x_wconf 76' lang='lat' dir='ltr'><strong>xw,</strong></span> <span class='ocrx_word' id='word_1_905' title='bbox 3243 4954 3374 5020; x_wconf 83' lang='grc'><strong>18).</strong></span> <span class='ocrx_word' id='word_1_906' title='bbox 3431 4955 3586 5026; x_wconf 74' lang='lat' dir='ltr'><strong>Ergo</strong></span> <span class='ocrx_word' id='word_1_907' title='bbox 3629 4955 3709 5007; x_wconf 80' lang='lat' dir='ltr'><strong>illa</strong></span> 
     </span>
    </p>
   </div>
   <div class='ocr_carea' id='block_1_112' title="bbox 2087 5043 3712 5115">
    <p class='ocr_par' dir='ltr' id='par_1_112' title="bbox 2087 5043 3712 5115">
     <span class='ocr_line' id='line_1_112' title="bbox 2087 5043 3712 5115; baseline -0.002 -16"><span class='ocrx_word' id='word_1_908' title='bbox 2087 5046 2332 5100; x_wconf 88' lang='lat' dir='ltr'><strong>clamata</strong></span> <span class='ocrx_word' id='word_1_909' title='bbox 2366 5043 2557 5098; x_wconf 91' lang='lat' dir='ltr'><strong>ﬁnibus</strong></span> <span class='ocrx_word' id='word_1_910' title='bbox 2587 5053 2761 5108; x_wconf 69' lang='lat' dir='ltr'><strong>terrae,</strong></span> <span class='ocrx_word' id='word_1_911' title='bbox 2804 5059 2962 5112; x_wconf 89' lang='lat' dir='ltr'><strong>quam</strong></span> <span class='ocrx_word' id='word_1_912' title='bbox 3007 5043 3175 5097; x_wconf 85' lang='lat' dir='ltr'><strong>voluit</strong></span> <span class='ocrx_word' id='word_1_913' title='bbox 3219 5046 3510 5102; x_wconf 68' lang='lat' dir='ltr'><strong>a‘dilicari</strong></span> <span class='ocrx_word' id='word_1_914' title='bbox 3553 5063 3712 5115; x_wconf 84' lang='lat' dir='ltr'><strong>super</strong></span> 
     </span>
    </p>
   </div>
   <div class='ocr_carea' id='block_1_113' title="bbox 2087 5134 3708 5209">
    <p class='ocr_par' dir='ltr' id='par_1_113' title="bbox 2087 5134 3708 5209">
     <span class='ocr_line' id='line_1_113' title="bbox 2087 5134 3708 5209; baseline -0.001 -19"><span class='ocrx_word' id='word_1_915' title='bbox 2087 5146 2310 5206; x_wconf 85' lang='lat' dir='ltr'><strong>petram.</strong></span> <span class='ocrx_word' id='word_1_916' title='bbox 2337 5134 2408 5190; x_wconf 90' lang='lat' dir='ltr'><strong>Ut</strong></span> <span class='ocrx_word' id='word_1_917' title='bbox 2433 5145 2608 5189; x_wconf 89' lang='lat' dir='ltr'><strong>autem</strong></span> <span class='ocrx_word' id='word_1_918' title='bbox 2635 5135 2989 5190; x_wconf 78' lang='lat' dir='ltr'><strong>aediﬁcaretur</strong></span> <span class='ocrx_word' id='word_1_919' title='bbox 3019 5136 3266 5190; x_wconf 76' lang='lat' dir='ltr'><strong>Ecclesia</strong></span> <span class='ocrx_word' id='word_1_920' title='bbox 3292 5154 3477 5208; x_wconf 88' lang='lat' dir='ltr'><strong>super</strong></span> <span class='ocrx_word' id='word_1_921' title='bbox 3501 5150 3708 5209; x_wconf 81' lang='lat' dir='ltr'><strong>petram</strong></span> 
     </span>
    </p>
   </div>
   <div class='ocr_carea' id='block_1_114' title="bbox 2083 5225 3702 5297">
    <p class='ocr_par' dir='ltr' id='par_1_114' title="bbox 2083 5225 3702 5297">
     <span class='ocr_line' id='line_1_114' title="bbox 2083 5225 3702 5297; baseline 0.001 -18"><span class='ocrx_word' id='word_1_922' title='bbox 2083 5227 2202 5297; x_wconf 89' lang='lat' dir='ltr'><strong>quis</strong></span> <span class='ocrx_word' id='word_1_923' title='bbox 2231 5225 2398 5279; x_wconf 84' lang='lat' dir='ltr'><strong>factus</strong></span> <span class='ocrx_word' id='word_1_924' title='bbox 2425 5235 2506 5279; x_wconf 85' lang='lat' dir='ltr'><strong>est</strong></span> <span class='ocrx_word' id='word_1_925' title='bbox 2535 5227 2717 5293; x_wconf 87' lang='lat' dir='ltr'><strong>petra?</strong></span> <span class='ocrx_word' id='word_1_926' title='bbox 2750 5226 2966 5279; x_wconf 84' lang='lat' dir='ltr'><strong>Paulum</strong></span> <span class='ocrx_word' id='word_1_927' title='bbox 2996 5227 3118 5280; x_wconf 85' lang='lat' dir='ltr'><strong>audi</strong></span> <span class='ocrx_word' id='word_1_928' title='bbox 3158 5227 3454 5284; x_wconf 77' lang='lat' dir='ltr'><strong>dicentem</strong></span> <span class='ocrx_word' id='word_1_929' title='bbox 3493 5249 3505 5282; x_wconf 90' lang='lat'><em>:</em></span> <span class='ocrx_word' id='word_1_930' title='bbox 3543 5231 3702 5282; x_wconf 69' lang='lat' dir='ltr'><strong>Petra</strong></span> 
     </span>
    </p>
   </div>
   <div class='ocr_carea' id='block_1_115' title="bbox 2081 5315 3709 5387">
    <p class='ocr_par' dir='ltr' id='par_1_115' title="bbox 2081 5315 3709 5387">
     <span class='ocr_line' id='line_1_115' title="bbox 2081 5315 3709 5387; baseline 0.001 -17"><span class='ocrx_word' id='word_1_931' title='bbox 2081 5329 2247 5371; x_wconf 84' lang='lat' dir='ltr'><strong>autem</strong></span> <span class='ocrx_word' id='word_1_932' title='bbox 2267 5327 2370 5369; x_wconf 89' lang='lat' dir='ltr'><strong>erat</strong></span> <span class='ocrx_word' id='word_1_933' title='bbox 2392 5315 2618 5370; x_wconf 82' lang='lat' dir='ltr'><strong>Christus</strong></span> <span class='ocrx_word' id='word_1_934' title='bbox 2644 5315 2683 5382; x_wconf 82' lang='grc' dir='ltr'><strong>(Ι</strong></span> <span class='ocrx_word' id='word_1_935' title='bbox 2708 5315 2826 5370; x_wconf 87' lang='lat' dir='ltr'><strong>Cor.</strong></span> <span class='ocrx_word' id='word_1_936' title='bbox 2859 5332 2915 5383; x_wconf 68' lang='grc' dir='ltr'>ε,</span> <span class='ocrx_word' id='word_1_937' title='bbox 2948 5317 3029 5385; x_wconf 71' lang='grc'><strong>4).</strong></span> <span class='ocrx_word' id='word_1_938' title='bbox 3058 5316 3115 5370; x_wconf 82' lang='lat' dir='ltr'><strong>in</strong></span> <span class='ocrx_word' id='word_1_939' title='bbox 3149 5316 3236 5370; x_wconf 89' lang='lat' dir='ltr'><strong>illo</strong></span> <span class='ocrx_word' id='word_1_940' title='bbox 3269 5333 3418 5387; x_wconf 80' lang='lat' dir='ltr'><strong>ergo</strong></span> <span class='ocrx_word' id='word_1_941' title='bbox 3450 5319 3709 5373; x_wconf 78' lang='lat' dir='ltr'><strong>a-ditieati</strong></span> 
     </span>
    </p>
   </div>
   <div class='ocr_carea' id='block_1_116' title="bbox 2081 5405 3708 5477">
    <p class='ocr_par' dir='ltr' id='par_1_116' title="bbox 2081 5405 3708 5477">
     <span class='ocr_line' id='line_1_116' title="bbox 2081 5405 3708 5477; baseline -0.003 -12"><span class='ocrx_word' id='word_1_942' title='bbox 2081 5426 2287 5465; x_wconf 90' lang='lat' dir='ltr'><strong>sumus.</strong></span> <span class='ocrx_word' id='word_1_943' title='bbox 2329 5408 2612 5477; x_wconf 83' lang='lat' dir='ltr'><strong>Propterea</strong></span> <span class='ocrx_word' id='word_1_944' title='bbox 2641 5415 2786 5477; x_wconf 87' lang='lat' dir='ltr'><strong>petra</strong></span> <span class='ocrx_word' id='word_1_945' title='bbox 2827 5407 2911 5460; x_wconf 90' lang='lat' dir='ltr'><strong>illa</strong></span> <span class='ocrx_word' id='word_1_946' title='bbox 2955 5408 3132 5476; x_wconf 87' lang='lat' dir='ltr'><strong>inqua</strong></span> <span class='ocrx_word' id='word_1_947' title='bbox 3171 5405 3444 5464; x_wconf 62' lang='lat' dir='ltr'><strong>aediﬁcati</strong></span> <span class='ocrx_word' id='word_1_948' title='bbox 3491 5425 3708 5474; x_wconf 78' lang='lat' dir='ltr'><strong>sumus,</strong></span> 
     </span>
    </p>
   </div>
   <div class='ocr_carea' id='block_1_117' title="bbox 2079 5497 3707 5574">
    <p class='ocr_par' dir='ltr' id='par_1_117' title="bbox 2079 5497 3707 5574">
     <span class='ocr_line' id='line_1_117' title="bbox 2079 5497 3707 5574; baseline 0.015 -43"><span class='ocrx_word' id='word_1_949' title='bbox 2079 5504 2223 5574; x_wconf 61' lang='lat' dir='ltr'><strong>prim.</strong></span> <span class='ocrx_word' id='word_1_950' title='bbox 2244 5514 2489 5569; x_wconf 44' lang='lat' dir='ltr'><strong>percussa</strong></span> <span class='ocrx_word' id='word_1_951' title='bbox 2512 5508 2593 5552; x_wconf 82' lang='lat' dir='ltr'><strong>est</strong></span> <span class='ocrx_word' id='word_1_952' title='bbox 2614 5499 2803 5564; x_wconf 88' lang='lat' dir='ltr'><strong>ventis,</strong></span> <span class='ocrx_word' id='word_1_953' title='bbox 2832 5497 3046 5553; x_wconf 84' lang='lat' dir='ltr'><strong>ﬂumine</strong></span> <span class='ocrx_word' id='word_1_954' title='bbox 3068 5540 3083 5564; x_wconf 95' lang='lat'><strong>,</strong></span> <span class='ocrx_word' id='word_1_955' title='bbox 3111 5497 3293 5567; x_wconf 81' lang='lat' dir='ltr'><strong>pluvia</strong></span> <span class='ocrx_word' id='word_1_956' title='bbox 3335 5499 3576 5568; x_wconf 73' lang='lat' dir='ltr'><strong>(Matth.</strong></span> <span class='ocrx_word' id='word_1_957' title='bbox 3615 5517 3707 5568; x_wconf 78' lang='lat' dir='ltr'><strong>vn,</strong></span> 
     </span>
    </p>
   </div>
   <div class='ocr_carea' id='block_1_118' title="bbox 2143 5609 2699 5666">
    <p class='ocr_par' dir='ltr' id='par_1_118' title="bbox 2143 5609 2699 5666">
     <span class='ocr_line' id='line_1_118' title="bbox 2143 5609 2699 5666; baseline -0.009 -4"><span class='ocrx_word' id='word_1_958' title='bbox 2143 5619 2156 5644; x_wconf 88' lang='grc'>¹</span> <span class='ocrx_word' id='word_1_959' title='bbox 2187 5612 2351 5662; x_wconf 82' lang='lat' dir='ltr'><strong>tlures</strong></span> <span class='ocrx_word' id='word_1_960' title='bbox 2368 5617 2494 5666; x_wconf 65' lang='lat' dir='ltr'><strong>Mss,</strong></span> <span class='ocrx_word' id='word_1_961' title='bbox 2521 5609 2699 5659; x_wconf 78' lang='lat' dir='ltr'><strong>dicunt.</strong></span> 
     </span>
    </p>
   </div>
   <div class='ocr_carea' id='block_1_119' title="bbox 2143 5670 3436 5736">
    <p class='ocr_par' dir='ltr' id='par_1_119' title="bbox 2143 5670 3436 5736">
     <span class='ocr_line' id='line_1_119' title="bbox 2143 5670 3436 5736; baseline 0.002 -12"><span class='ocrx_word' id='word_1_962' title='bbox 2143 5679 2160 5708; x_wconf 82' lang='grc'><strong><em>²</em></strong></span> <span class='ocrx_word' id='word_1_963' title='bbox 2187 5675 2316 5733; x_wconf 63' lang='lat' dir='ltr'><strong>add,</strong></span> <span class='ocrx_word' id='word_1_964' title='bbox 2345 5687 2435 5724; x_wconf 87' lang='lat' dir='ltr'><strong>non</strong></span> <span class='ocrx_word' id='word_1_965' title='bbox 2458 5673 2507 5722; x_wconf 81' lang='lat' dir='ltr'><strong>tu</strong></span> <span class='ocrx_word' id='word_1_966' title='bbox 2533 5684 2701 5735; x_wconf 81' lang='lat' dir='ltr'><strong>magna</strong></span> <span class='ocrx_word' id='word_1_967' title='bbox 2725 5670 2894 5735; x_wconf 86' lang='lat' dir='ltr'><strong>gloria.</strong></span> <span class='ocrx_word' id='word_1_968' title='bbox 2923 5673 3086 5736; x_wconf 75' lang='lat' dir='ltr'><strong>Abest,</strong></span> <span class='ocrx_word' id='word_1_969' title='bbox 3119 5686 3225 5733; x_wconf 85' lang='lat' dir='ltr'><strong>non,</strong></span> <span class='ocrx_word' id='word_1_970' title='bbox 3252 5683 3288 5722; x_wconf 69' lang='grc' dir='ltr'>ι</span> <span class='ocrx_word' id='word_1_971' title='bbox 3312 5681 3436 5727; x_wconf 68' lang='lat' dir='ltr'><strong>uss.</strong></span> 
     </span>
    </p>
   </div>
  </div>
