4022 6200
327 318 434 373 ῖεΰ

334 430 418 495 ειι,
447 428 561 500 25),
588 425 797 499 quando
838 422 1078 480 Christus
1103 436 1132 477 a
1159 416 1368 477 diabolo
1414 413 1730 470 tentahatnr.
1762 409 1899 466 Ecce

336 520 386 576 in
413 536 515 592 qua
543 520 791 574 ﬁrmitate
820 527 873 571 te
900 514 1065 568 voluit
1094 510 1347 573 stabilire.
1392 506 1579 561 Merito
1619 518 1723 557 non
1756 508 1909 553 vacat

338 589 444 666 vox.
468 622 669 674 nostra,
694 608 784 663 sed
808 605 1085 662 exauditur
1111 620 1122 656 :
1155 603 1207 656 in
1239 613 1431 668 magna
1461 595 1604 651 enim
1630 608 1725 663 spe
1751 589 1907 662 positi

338 717 519 760 Sumus
542 720 556 767 ;
582 700 645 754 In
667 710 806 770 petra
824 696 1054 751 exaltasti
1073 711 1168 748 me.

410 797 463 851 4.
511 793 775 849 Dedumisti
815 806 926 854 me,
968 790 1086 858 quia
1125 788 1285 856 factus
1315 799 1367 837 es
1409 798 1521 852 sper
1558 794 1688 833 mea.
1736 776 1827 830 ille
1863 774 1907 827 si

342 897 521 941 nostra
551 899 673 953 spes
700 884 865 938 factus
893 896 995 935 non
1021 888 1183 941 esset,
1211 892 1316 931 non
1346 888 1443 929 nos
1469 870 1774 925 deduceret.
1808 866 1910 920 De-

342 980 489 1034 ducit
525 988 772 1047 tanquam
799 975 927 1037 dux,
952 982 1008 1028 et
1030 974 1081 1026 in
1103 986 1161 1025 se
1189 968 1335 1022 ducit
1360 977 1606 1034 tanquam
1634 962 1737 1024 via,
1766 968 1820 1012 et
1846 956 1912 1011 ad

343 1087 402 1126 se
434 1070 673 1140 perducit
695 1080 941 1137 tanquam
972 1063 1158 1135 patria.
1189 1059 1410 1115 Deducit
1436 1069 1565 1124 ergo
1590 1068 1705 1107 nos.
1730 1048 1913 1106 Unde?

344 1163 475 1230 Quia
522 1161 690 1214 factus
733 1168 815 1213 est
859 1170 983 1226 spes
1026 1163 1226 1208 nostra.
1267 1148 1419 1206 Unde
1460 1147 1627 1201 factus
1671 1149 1753 1196 est
1792 1153 1916 1208 spes

345 1260 524 1306 nostra
541 1249 566 1301 ἲ
594 1249 729 1304 Ecce
754 1247 830 1302 sic
853 1244 1118 1315 quomodo
1142 1241 1362 1295 audistis
1389 1238 1509 1308 quia
1541 1242 1773 1289 tentatus
1801 1238 1881 1283 est
1898 1269 1912 1290 ,

290 1326 297 1332 ’
345 1343 467 1410 quia
499 1354 685 1409 passus
709 1348 817 1405 est,
856 1337 978 1406 quia
1006 1332 1316 1395 resurrexit,
1350 1329 1519 1383 factus
1543 1334 1629 1381 est
1664 1336 1785 1394 spes
1822 1335 1919 1375 no-

346 1442 476 1486 atra.
504 1429 639 1497 Quid
665 1429 805 1484 enim
848 1425 1001 1482 ndbis
1026 1425 1252 1480 dicimus
1276 1419 1489 1492 quando
1517 1418 1631 1471 haec
1658 1410 1917 1484 legimus?

348 1522 461 1579 Non
491 1522 630 1578 enim
651 1519 836 1591 perdet
858 1533 953 1575 nos
973 1518 1132 1584 Deus,
1161 1522 1375 1585 propter
1393 1525 1526 1582 quos
1545 1508 1739 1564 Filium
1765 1518 1919 1560 suum

349 1612 494 1670 misit
525 1611 750 1677 tentari,
781 1607 1009 1678 cruciﬁgi
1028 1648 1045 1675 ,
1086 1605 1219 1660 mori
1239 1645 1254 1669 ,
1301 1613 1612 1672 resurgere:
1646 1611 1750 1651 non
1777 1592 1917 1649 enim

351 1720 477 1761 vere
506 1718 603 1757 nos
638 1699 863 1770 deSpicit
905 1697 1080 1762 Deus,
1124 1703 1342 1766 propter
1380 1705 1513 1762 quos
1536 1689 1672 1744 Filio
1706 1683 1920 1754 proprio

353 1813 456 1853 non
489 1796 753 1866 pepercit,
800 1792 893 1853 sed
932 1806 1029 1861 pro
1071 1789 1226 1844 nobis
1262 1786 1506 1842 omnibus
1547 1781 1762 1837 tradidit
1798 1793 1919 1834 eum

355 1888 526 1959 (Rom.
552 1904 672 1953 vni,
701 1885 812 1958 32).
859 1884 949 1940 Sic
976 1897 1103 1953 ergo
1146 1881 1314 1935 factus
1340 1886 1423 1933 est
1464 1890 1587 1946 spes
1615 1881 1817 1930 nostra.
1861 1870 1920 1925 In

352 1981 446 2035 illo
470 1980 617 2035 vides
647 1989 701 2035 et
738 1979 975 2033 laborem
1002 1984 1147 2041 tuum
1166 2014 1180 2039 ,
1209 1981 1263 2028 et
1303 1969 1600 2027 mercedem
1629 1976 1806 2031 tuam;
1843 1964 1922 2019 la-

353 2074 533 2128 borem
579 2072 629 2127 in
670 2072 940 2142 passione,
978 2067 1275 2124 mercedem
1305 2065 1357 2119 in
1396 2060 1803 2118 resurrectione.
1832 2057 1922 2113 Sic

352 2180 478 2233 ergo
522 2164 689 2219 factus
717 2173 799 2219 est
827 2176 947 2231 Spes
977 2170 1177 2215 nostra.
1222 2156 1486 2211 liabemns
1514 2153 1654 2207 enim
1683 2151 1816 2206 duas
1844 2149 1924 2204 vi-

354 2266 463 2320 tas;
510 2256 603 2311 sed
631 2271 785 2309 unam
816 2255 866 2307 in
912 2268 1013 2322 qua
1057 2265 1266 2314 sumus,
1300 2250 1517 2302 alteram
1547 2261 1705 2316 quam
1732 2259 1920 2313 spera-

352 2360 489 2398 mus.
525 2343 576 2397 ln
606 2359 706 2413 qua
734 2356 931 2405 sumus,
966 2349 1087 2395 nota
1118 2340 1271 2394 nobis
1299 2348 1410 2403 est;
1440 2353 1596 2408 quam
1622 2348 1916 2405 speramus,

351 2436 525 2505 ignota
558 2435 706 2490 nobis
729 2441 828 2488 est.
859 2432 1046 2489 Tolera
1072 2431 1124 2485 in
1152 2447 1254 2502 qua
1291 2445 1382 2494 es,
1409 2437 1463 2483 et
1508 2426 1731 2489 habebis
1759 2440 1915 2495 quam

351 2525 585 2597 nonduin
627 2523 812 2580 habes.
845 2523 1121 2592 Quomodo
1146 2521 1377 2576 toleras?
1408 2520 1475 2576 Ut
1503 2534 1606 2573 non
1634 2517 1861 2573 vincaris
1888 2531 1918 2569 a

353 2626 632 2673 tentatore.
657 2615 946 2670 Laboribus
974 2615 1104 2680 suis,
1135 2611 1528 2672 tentationibus,
1563 2607 1913 2679 passionibus,

350 2718 522 2762 morte
549 2722 643 2763 sua
662 2705 1043 2762 demonstravit
1062 2704 1152 2759 tibi
1178 2704 1338 2756 vitam
1358 2700 1602 2756 Christus
1628 2698 1681 2754 in
1701 2714 1803 2769 qua
1825 2713 1881 2752 es
1901 2712 1919 2764 ;

352 2798 741 2853 resurrectione
768 2811 861 2857 sua
883 2793 1263 2855 demonstravit
1292 2792 1384 2846 tibi
1406 2791 1565 2844 vitam
1587 2791 1639 2844 in
1664 2804 1763 2858 qua
1789 2789 1916 2843 eris.

350 2889 459 2944 Nos
501 2889 641 2944 enim
684 2902 789 2942 non
842 2900 1159 2941 noveramus
1206 2882 1310 2937 nisi
1355 2882 1497 2935 nasci
1548 2880 1814 2933 hominem
1848 2888 1921 2932 et

352 2979 525 3043 mori;
554 2993 832 3048 resurgere
859 2975 1127 3030 hominem
1153 2982 1205 3029 et
1238 2973 1414 3027 vivere
1455 2973 1509 3025 in
1532 2979 1785 3025 internum
1815 2984 1918 3023 non

352 3082 705 3123 noveramus:
736 3065 968 3134 suscepit
996 3062 1136 3134 quod
1164 3076 1422 3127 noveras,
1450 3070 1504 3115 et
1538 3057 1921 3114 demonstravit

348 3157 488 3227 quod
515 3174 615 3211 non
646 3171 889 3212 noveras.
919 3154 1041 3210 Ideo
1065 3168 1191 3224 ergo
1220 3151 1387 3207 factus
1412 3162 1492 3205 est
1512 3163 1634 3220 spes
1658 3159 1837 3203 nostra
1866 3150 1918 3201 in

353 3249 796 3314 tribulationibus,
828 3248 880 3302 in
910 3246 1306 3302 tentationibus.
1335 3242 1466 3297 Vide
1496 3241 1802 3310 Apostolum
1834 3240 1919 3293 di-

349 3351 558 3396 centem
586 3360 600 3396 :
634 3340 754 3395 Non
780 3341 941 3395 solum
970 3350 1154 3405 autem,
1182 3338 1270 3392 sed
1295 3346 1343 3390 et
1366 3336 1673 3407 gloriamur,
1715 3334 1916 3403 inquit,

350 3435 405 3489 in
447 3428 848 3488 tribulationibus
872 3452 892 3485 :
928 3433 1136 3487 scientes
1176 3432 1292 3500 quia
1334 3426 1584 3481 tribulatio
1629 3425 1921 3495 patientiam

350 3538 615 3597 operatur,
657 3526 899 3595 patientia
928 3524 1296 3595 probationem,
1341 3521 1564 3591 probatio
1604 3535 1780 3589 spem;
1809 3534 1922 3587 spes

350 3628 517 3672 autem
544 3634 641 3671 nou
671 3617 933 3689 confundit
959 3631 977 3670 :
1004 3614 1238 3686 quoniam
1264 3612 1481 3667 Charitas
1507 3607 1815 3675 Deiodi/fusa
1851 3616 1925 3660 est

351 3712 404 3764 in
433 3711 663 3767 cordibus
688 3710 871 3764 nostris
900 3725 987 3779 per
1018 3707 1266 3777 Spiritum
1293 3714 1520 3759 sanctum
1542 3702 1626 3770 qui
1665 3701 1813 3753 datus
1852 3708 1924 3753 est

352 3805 495 3858 nobis
526 3802 636 3876 (Id.
668 3819 722 3870 v,
754 3802 889 3872 '5-5).
934 3801 1075 3870 Ergo
1106 3799 1274 3853 factus
1303 3805 1383 3855 est
1416 3797 1527 3865 ipse
1554 3808 1676 3873 spes
1706 3802 1882 3847 nostra
1905 3832 1920 3856 ,

351 3894 442 3963 qui
487 3893 631 3947 dedit
674 3893 828 3947 nobis
871 3890 1125 3961 Spiritum
1173 3895 1456 3943 sanctum:
1501 3894 1555 3938 et
1596 3883 1925 3937 ambulamus

354 3983 516 4039 modo
544 3983 611 4039 ad
641 3997 824 4052 spem;
858 3997 962 4036 non
991 3980 1131 4035 enim
1159 3977 1547 4032 ambularemus
1568 4015 1582 4040 ,
1616 3975 1717 4027 nisi
1743 3989 1925 4043 spera-

354 4090 554 4130 remus.
584 4073 717 4141 Quid
741 4074 810 4125 ait
838 4073 948 4141 ipse
973 4068 1291 4140 Apostolus?
1320 4066 1468 4134 Quod
1489 4067 1619 4119 enim
1640 4066 1767 4118 uidet
1791 4066 1921 4135 quis,

262 4168 278 4184 ‘
353 4167 478 4236 quid
502 4166 710 4229 sperat?
736 4164 796 4219 Si
822 4173 986 4216 autem
1006 4162 1137 4233 quod
1162 4177 1260 4214 non
1286 4160 1509 4213 ridemus
1535 4174 1813 4229 speramus,
1839 4174 1927 4226 per

355 4261 647 4330 patientiam
671 4268 1031 4328 exspectamus.
1064 4256 1132 4310 Et
1154 4256 1276 4310 item
1303 4273 1316 4310 :
1351 4253 1458 4324 Spe
1482 4254 1612 4308 enim
1640 4254 1766 4307 salvi
1804 4254 1925 4325 facti

353 4368 526 4405 sumus
557 4349 664 4418 (Id.
695 4366 809 4415 vin,
835 4350 925 4411 24,
956 4348 1071 4418 25).

426 4442 480 4496 5.
515 4440 780 4494 Deduxisti
800 4456 895 4502 me,
919 4441 1035 4508 quia
1063 4440 1221 4507 factus
1251 4453 1300 4490 es
1328 4452 1439 4507 spes
1462 4452 1571 4488 mea
1594 4454 1612 4489 :
1641 4435 1792 4488 turris
1817 4438 1925 4502 for-

354 4530 584 4583 titudinis
613 4546 645 4582 a
688 4530 816 4600 facie
856 4529 1064 4581 inimici.
1116 4528 1338 4597 Angitur
1366 4542 1458 4579 cor
1497 4540 1708 4589 meum,
1758 4525 1928 4594 inquit

354 4624 456 4678 ista
484 4623 656 4677 unitas
680 4638 710 4675 a
739 4621 929 4676 ﬁnibus
951 4630 1127 4685 terrae,
1159 4627 1213 4673 et
1238 4619 1417 4672 laboro
1444 4618 1581 4671 inter
1607 4617 1928 4671 tentationes

352 4725 409 4769 et
430 4714 712 4769 scandala:
744 4712 980 4766 invident
1008 4710 1200 4780 Pagani
1226 4752 1241 4776 ,
1286 4709 1405 4777 quia
1452 4707 1571 4761 victi
1618 4717 1767 4772 sunt;
1800 4707 1928 4760 insi-

352 4807 564 4860 diantur
590 4804 819 4858 lueretici
850 4804 1006 4873 pallio
1026 4802 1190 4861 velati
1209 4800 1434 4854 nominis
1459 4799 1760 4865 christiani;
1789 4799 1926 4853 intus

353 4900 406 4951 in
439 4900 550 4967 ipsa
573 4897 809 4952 Ecclesia
829 4896 934 4950 vim
953 4896 1146 4964 patitur
1172 4893 1494 4948 frumentum
1521 4907 1547 4942 a
1578 4891 1724 4959 palea
1750 4907 1763 4943 :
1790 4891 1928 4945 inter

350 4992 468 5045 haec
488 4993 664 5043 omnia
689 5004 810 5044 cum
841 4990 1050 5057 angitur
1070 5002 1165 5041 cor
1183 5000 1379 5047 meum,
1414 4983 1651 5036 clamabo
1680 4997 1708 5035 a
1736 4981 1927 5037 linihus

354 5090 536 5135 teme.
586 5080 688 5135 Sed
738 5096 842 5134 non
890 5094 977 5132 me
1016 5077 1214 5132 deserit
1254 5076 1364 5146 ipse
1408 5074 1497 5145 qui
1545 5089 1630 5128 me
1671 5074 1927 5127 exaltavit

351 5188 515 5240 super
541 5182 771 5242 petram,
802 5180 859 5225 ut
882 5170 1106 5225 deducat
1132 5186 1215 5225 me
1257 5183 1421 5239 usque
1447 5166 1510 5236 ad
1541 5182 1600 5221 se
1625 5184 1638 5221 :
1668 5166 1788 5235 quia
1823 5166 1923 5219 etsi

350 5261 561 5330 laboro,
587 5262 797 5317 diabolo
820 5277 917 5332 per
948 5271 1026 5315 tot
1050 5262 1160 5315 loca
1192 5269 1246 5314 et
1271 5268 1505 5327 tempora
1536 5267 1588 5311 et
1619 5255 1925 5311 occasiones

352 5354 635 5418 insidiante
660 5354 914 5409 adversus
941 5368 1027 5408 me
1046 5395 1060 5418 ,
1102 5352 1187 5407 hic
1212 5359 1294 5406 est
1323 5350 1460 5404 mihi
1480 5349 1640 5402 turris
1664 5347 1926 5400 fortitudi-

350 5453 464 5516 nis;
496 5463 602 5519 quo
628 5461 746 5502 cum
783 5443 1096 5513 confugero,
1127 5457 1233 5496 non
1273 5441 1443 5496 solum
1480 5434 1658 5492 vitabo
1691 5438 1791 5491 tela
1821 5438 1922 5491 ini-

350 5542 496 5607 mici,
524 5538 618 5595 sed
643 5538 799 5593 etiam
827 5537 878 5590 in
904 5536 1049 5589 illum
1078 5550 1194 5602 qua:
1218 5534 1434 5589 voluero
1463 5546 1681 5586 securus
1710 5529 1820 5597 ipse
1843 5529 1924 5594 ja-

350 5632 586 5686 culabor.
637 5630 751 5698 Ipse
790 5612 929 5682 enim
975 5606 1213 5680 Christus
1243 5634 1324 5680 est
1370 5626 1562 5688 turris;
1614 5624 1726 5692 ipse
1772 5624 1922 5674 nobis

351 5724 517 5779 factus
546 5731 627 5777 cst
655 5721 812 5776 turris
839 5733 869 5774 a
896 5716 1028 5773 facie
1057 5717 1273 5785 inimici,
1297 5717 1383 5787 qui
1409 5726 1493 5772 est
1513 5725 1564 5771 et
1591 5724 1736 5785 petra
1760 5729 1920 5783 super

1424 294 1817 355 ENARRATIO
1855 290 1919 347 1N
1962 291 2284 353 PSALMUM
2323 296 2433 349 LX.

1995 2615 2213 2673 .Paucis
2239 2616 2426 2671 diebus
2464 2615 2550 2671 hic
2586 2615 2841 2681 vivimus,
2887 2623 2941 2669 et
2983 2614 3264 2668 transimus
3301 2631 3314 2667 :

3477 293 3598 347 7‘36-

2010 424 2168 478 quam
2198 408 2450 463 aedificata
2482 416 2566 463 est
2592 408 2847 465 Ecclesia.
2880 408 3048 463 Gaves
3079 425 3142 462 ne
3172 407 3376 463 feriaris
3404 422 3432 460 a
3464 412 3580 460 dtu-

2014 503 2176 558 bolo?
2206 503 2348 572 Fuge
2377 501 2442 555 ad
2473 510 2667 557 turrem
2694 521 2707 557 :
2736 517 3000 571 nunquam
3030 511 3081 555 te
3107 500 3171 554 ad
3194 500 3354 554 illam
3384 510 3581 554 turrem

2015 595 2277 649 diabolica
2302 593 2473 664 jacula
2511 604 2755 655 secutura
2785 602 2934 658 sunt;
2966 593 3033 646 ibi
3065 591 3231 646 stabis
3274 591 3504 644 munitus
3530 600 3599 644 et

2016 688 2170 743 ﬁxus.
2198 686 2476 754 Quomodo
2510 696 2683 741 autem
2728 686 2896 756 fugies
2938 686 3003 739 ad
3028 676 3289 739 "turrem?
3334 682 3409 738 Ne
3448 682 3586 737 forte

2015 781 2237 850 quisque
2284 780 2336 833 in
2392 782 2681 835 tentatione
2734 779 2933 849 positus
2985 776 3331 846 corporaliter
3383 770 3643 844 quaerat"

2019 883 2215 927 turrem
2242 872 2429 935 istam;
2460 882 2514 927 et
2548 888 2669 929 cum
2694 887 2809 927 eam
2852 887 2955 925 non
2999 870 3289 930 invenerit,
3322 868 3591 938 fatigetur,

2018 972 2109 1018 aut
2132 962 2347 1017 deﬁciat
2372 963 2423 1017 in
2460 964 2769 1017 tentatione.
2812 965 2948 1016 Ante
2978 973 3027 1016 te
3067 972 3147 1016 est
3177 962 3372 1015 turris:
3406 976 3605 1014 reeor-r

2018 1055 2146 1112 dare
2169 1056 2433 1110 Christum
2454 1097 2466 1119 ,
2512 1066 2567 1109 et
2594 1056 2727 1109 intra
2768 1056 2818 1110 in
2847 1065 3063 1109 turrem.
3107 1056 3382 1123 Quomodo
3408 1072 3589 1109 recor-
3672 1076 3681 1093 ο

2000 1148 2163 1225 ξᾱπίε
2193 1145 2484 1209 Christum,
2507 1148 2746 1202 utintres
2764 1148 2814 1200 in
2843 1149 3067 1201 turrem?
3082 1147 3341 1225 Quidquid
3364 1150 3587 1217 pateris,

2020 1241 2191 1310 cogita
2218 1238 2338 1307 quia
2365 1239 2508 1307 prior
2538 1254 2727 1309 passus
2754 1248 2853 1303 est,
2879 1248 2933 1292 et
2953 1224 3120 1307 cogita
3146 1256 3250 1309 quo
3277 1242 3380 1293 ﬁne
3407 1257 3591 1309 passus

2021 1340 2132 1396 est,
2164 1340 2222 1385 ut
2261 1340 2561 1385 moreretur
2600 1340 2650 1384 et
2695 1341 3012 1401 resurgeret.
3040 1332 3219 1385 Talem
3251 1342 3303 1385 et
3334 1344 3385 1385 tu
3434 1334 3589 1387 ﬁnem

2022 1437 2179 1494 spera
2206 1424 2378 1493 qualis
2408 1425 2457 1477 in
2501 1425 2592 1477 illo
2619 1423 2921 1493 przecessit,
2967 1432 3019 1476 et
3048 1424 3253 1477 intrasti
3298 1424 3348 1477 in
3393 1433 3590 1479 turrem

2023 1529 2130 1568 non
2157 1515 2537 1569 consentiendo
2568 1514 2800 1569 inimico.
2847 1514 2901 1570 Si
2940 1516 3080 1569 enim
3119 1515 3453 1589 consenseris
3497 1517 3594 1569 ini-

2024 1606 2186 1669 mieo,
2214 1615 2337 1660 tunc
2361 1606 2427 1660 ad
2478 1614 2529 1661 te
2556 1607 2794 1676 pervenit
2836 1607 3185 1675 oppugnantis
3220 1605 3473 1674 jaculum.
3516 1605 3594 1659 Tu

2024 1697 2201 1767 potius
2228 1698 2279 1752 in
2308 1696 2453 1752 illum
2484 1697 2720 1767 jaculare
2746 1698 2845 1752 tela
2867 1740 2881 1761 ,
2909 1697 3099 1765 quibus
3134 1697 3369 1761 feriatur,
3402 1696 3596 1765 quibus

1996 1840 1999 1841 ν
2025 1792 2284 1843 vincatur.
2312 1788 2440 1855 Qua:
2469 1798 2597 1844 sunt
2625 1790 2722 1842 ista
2750 1789 2891 1842 tela?
2916 1787 3089 1842 Verba
3136 1787 3229 1841 Dei
3251 1828 3269 1853 ,
3312 1787 3445 1841 ﬁdes
3469 1797 3556 1839 tua
3578 1827 3592 1849 ,
3646 1860 3647 1863 η

2026 1894 2148 1952 spes
2177 1881 2290 1952 ipsa
2319 1888 2406 1935 tua
2424 1921 2438 1944 ,
2461 1895 2622 1949 opera
2648 1881 2805 1935 bona.
2840 1879 2952 1934 Non
2982 1880 3137 1934 dico:
3165 1879 3251 1933 Sic
3280 1888 3394 1933 esto
3417 1878 3468 1932 in
3496 1879 3596 1933 ista

1996 1984 2201 2037 .turre,
2235 1982 2291 2028 ut
2323 1986 2479 2027 vaces
2518 1971 2623 2037 ibi,
2661 1980 2714 2026 et
2752 1970 2977 2025 sufficiat
3015 1970 3107 2024 tibi
3145 1971 3265 2040 quia
3297 1985 3403 2024 non
3450 1968 3515 2022 ad
3544 1978 3597 2022 te

2026 2068 2196 2122 hostis
2225 2066 2325 2121 tela
2352 2065 2690 2134 perveniunt.
2723 2065 2833 2134 Age
2871 2064 2939 2118 ibi
2969 2062 3167 2133 aliquid
3192 2079 3207 2127 ;
3238 2078 3342 2116 non
3385 2069 3607 2116 cessent-

1994 2196 1995 2199 η
2025 2174 2212 2213 manus
2242 2176 2254 2211 :
2285 2171 2445 2226 Opera
2473 2156 2610 2211 bona
2640 2166 2725 2211 tua
2753 2155 2914 2227 gladii
2941 2163 3065 2209 sunt
3092 2154 3466 2209 interﬁcientes
3492 2154 3594 2208 ini-

1998 2306 2003 2313 ,
2024 2266 2240 2308 ωιουω.

2095 2342 2147 2396 6.
2191 2339 2339 2413 [vers.
2371 2338 2448 2411 5.]
2486 2338 2772 2409 Inquilinus
2796 2355 2880 2394 ero
2907 2338 2959 2392 in
2982 2337 3302 2392 tabernaculo
3331 2346 3416 2407 tuo
3446 2353 3597 2406 usque

2023 2433 2077 2488 in
2104 2434 2308 2488 alecula.
2340 2432 2539 2487 Videtis
2565 2432 2685 2503 quia
2729 2432 2836 2498 ille,
2873 2430 2940 2486 de
2968 2446 3072 2501 quo
3105 2431 3369 2495 diximus,
3404 2433 3601 2499 estqui

2022 2526 2237 2582 clamat.
2258 2524 2387 2591 Quis
2415 2534 2652 2579 nostrum
2679 2533 2759 2578 est
2785 2522 3067 2593 inquilinus
3095 2537 3257 2592 usque
3284 2522 3333 2575 in
3364 2521 3552 2576 smcula
3574 2522 3599 2574 ?

3358 2613 3598 2683 inquilini

2023 2706 2164 2761 enim
2202 2705 2288 2760 hic
2315 2720 2519 2771 sumus,
2559 2704 2880 2760 habitatores
2916 2705 2967 2759 in
3016 2704 3155 2758 cwlo
3191 2703 3405 2759 erimus.
3441 2705 3511 2757 Ibi
3540 2720 3620 2757 cs

2024 2796 2329 2867 inquilinus,
2362 2796 2501 2851 unde
2525 2796 2799 2851 auditurus
2828 2810 2886 2851 es
2910 2810 3092 2849 vocem
3124 2794 3327 2849 Domini
3362 2795 3451 2849 Dei
3480 2795 3556 2847 tui
3581 2811 3595 2845 :

2024 2889 2206 2958 Migra.
2230 2888 2360 2942 Nam
2384 2888 2449 2943 de
2474 2888 2631 2944 domo
2654 2888 2737 2941 illa
2767 2895 2961 2951 aeterna
2993 2887 3042 2940 in
3074 2886 3224 2940 cadis
3252 2900 3407 2938 nemo
3433 2896 3483 2939 te
3510 2884 3563 2948 ju
3582 2914 3596 2923 -

2024 2979 2168 3034 bebit
2192 2980 2442 3048 migrare.
2492 2978 2587 3034 Hic
2611 2994 2737 3047 ergo
2763 2977 3065 3048 inquilinus.
3099 2975 3248 3031 Unde
3272 2975 3429 3029 etiam
3465 2974 3598 3028 dici-

2024 3081 2112 3128 tur
2140 3074 2191 3126 in
2218 3073 2323 3127 alio
2347 3073 2550 3143 psalmo
2581 3071 2899 3143 :quuilinus
2925 3087 3013 3140 ego
3038 3086 3147 3124 smn
3165 3069 3302 3139 apud
3323 3078 3387 3134 te,
3411 3079 3456 3121 et
3478 3085 3599 3138 per-

2024 3167 2247 3234 egrinus,
2270 3167 2395 3219 sicut
2417 3182 2586 3218 omnes
2629 3175 2792 3233 patres
2815 3164 2910 3216 mei
2935 3163 3102 3232 (l’sal.
3124 3162 3470 3230 xxxvtu,l'5).
3502 3160 3601 3215 llic

2024 3269 2152 3325 ergo
2177 3255 2417 3326 inquilini
2452 3269 2666 3317 sumus;
2700 3254 2769 3309 ibi
2814 3254 3066 3309 Dominus
3107 3253 3258 3309 nobis
3299 3253 3604 3307 mansiones

2023 3346 2170 3403 dabit
2195 3358 2420 3402 aeternas
2461 3364 2475 3401 :
2524 3344 2721 3413 Multw,
2764 3346 2954 3414 inquit,
2999 3339 3278 3399 mansiones
3321 3344 3600 3413 suutapud

2025 3437 2235 3493 Patrem
2261 3456 2422 3492 meum
2447 3437 2620 3508 (Joan.
2651 3454 2756 3500 xw,
2786 3436 2863 3509 2).
2893 3438 3188 3491 Mansiones
3219 3437 3335 3490 illas
3367 3453 3468 3489 non
3493 3446 3601 3489 tan.

2024 3546 2182 3602 quam
2228 3531 2493 3599 inquilinis
2527 3530 2689 3595 dabit,
2736 3530 2829 3583 sed
2862 3539 3103 3597 tauquam
3133 3527 3335 3581 civibus
3362 3527 3411 3579 in
3440 3537 3598 3580 mter—

2026 3639 2151 3677 num
2180 3623 2461 3676 mansuris.
2500 3620 2595 3675 Hic
2625 3631 2822 3685 tamen,
2869 3619 3076 3685 fratres,
3105 3619 3224 3689 quia
3259 3635 3361 3672 non
3393 3618 3600 3671 modico

2029 3724 2268 3782 tempore
2296 3714 2471 3767 futura
2497 3722 2610 3767 crat
2638 3711 2866 3764 Ecclrsia
2889 3711 2939 3762 in
2964 3709 3059 3763 hac
3088 3719 3246 3773 terra,
3276 3708 3367 3763 sed
3399 3709 3481 3762 hic
3501 3710 3602 3763 erit

2029 3806 2264 3862 Ecclesia
2303 3821 2469 3874 usque
2512 3806 2563 3859 in
2609 3805 2767 3857 tinent
2796 3802 2971 3857 swculi
3006 3820 3018 3854 :
3053 3800 3170 3855 ideo
3203 3801 3285 3855 hic
3312 3801 3462 3865 dixit,
3507 3800 3602 3852 lu-

2028 3896 2246 3967 quilinus
2269 3912 2355 3951 ero
2378 3896 2431 3950 in
2459 3893 2776 3947 tabernaculo
2806 3902 2889 3946 tuo
2909 3907 3061 3960 usque
3084 3891 3135 3944 in
3164 3889 3366 3944 alecula.
3409 3891 3603 3943 vaiat

2028 3986 2415 4057 quantumlibet
2443 3985 2686 4039 inimicus
2710 4024 2724 4047 ,
2765 3991 3031 4054 Oppugnet
3060 3997 3144 4037 me
3166 4024 3181 4047 ,
3226 3980 3444 4037 insidias
3473 3981 3621 4035 mihi.

2030 4088 2324 4149 praeparet,
2365 4076 2628 4132 scandulis
2677 4076 2994 4140 crcbrescat,
3043 4082 3099 4128 et
3148 4073 3303 4128 faciat
3348 4072 3466 4143 angi
3513 4087 3606 4126 eor

2032 4187 2207 4226 meum
2243 4188 2256 4223 :
2290 4170 2564 4241 inquilinus
2594 4185 2678 4222 ero
2708 4168 2758 4221 in
2792 4166 3107 4220 tabernaculo
3132 4175 3216 4218 tuo
3248 4182 3399 4235 usque
3428 4166 3477 4217 iu
3505 4180 3605 4217 srr-

2029 4264 2163 4325 cula.
2206 4263 2320 4318 Non
2363 4263 2603 4315 vincetur
2630 4260 2867 4315 Ecclesia
2892 4300 2906 4323 ,
2954 4273 3056 4311 non
3087 4255 3438 4311 eradicabitur
3459 4270 3606 4320 ,snec

2031 4356 2185 4411 cedet
2222 4355 2541 4426 quibuslibet
2571 4353 2966 4416 tentationibus,
3011 4349 3179 4405 donec
3226 4349 3401 4404 veniat
3450 4348 3609 4416 hujus

2032 4447 2208 4504 satculi
2241 4448 2378 4510 linis,
2406 4456 2461 4501 et
2489 4461 2584 4501 nos
2610 4445 2677 4500 ab
2702 4446 2799 4500 ista
2830 4444 3102 4512 temporali
3123 4450 3316 4496 mterna
3346 4442 3429 4495 illa
3458 4440 3607 4495 habi-

2033 4540 2161 4593 tatio
2189 4540 2471 4609 suscipiat,
2501 4537 2567 4591 ad
2612 4552 2768 4607 quam
2814 4552 2909 4590 nos
2936 4534 3161 4589 deducet
3187 4534 3274 4602 qui
3318 4532 3485 4586 factus
3523 4543 3606 4587 est

2031 4647 2154 4700 spes
2183 4642 2379 4684 nostra.
2416 4629 2701 4701 Inquilinus
2725 4646 2809 4682 ero
2842 4630 2894 4681 in
2917 4625 3238 4680 tabernaculo
3269 4634 3352 4676 tuo
3373 4640 3526 4699 usque
3553 4624 3613 4676 ira

1981 4784 1984 4791 λ
2031 4723 2233 4778 siccata.
2276 4721 2328 4776 Si
2358 4722 2446 4775 diu
2484 4722 2591 4776 eris
2622 4720 2929 4788 inquilinus,
2962 4717 3109 4785 quasi
3154 4717 3253 4768 hoc
3299 4714 3369 4767 illi
3398 4714 3609 4768 dicere-

2034 4828 2151 4868 mus
2175 4857 2189 4881 ,
2222 4814 2554 4867 lahoratnrus
2593 4828 2718 4879 ergo
2747 4826 2805 4863 es
2836 4809 2885 4862 in
2914 4818 3049 4862 terra
3079 4806 3215 4861 inter
3241 4815 3411 4859 tantas
3440 4815 3597 4859 tenta

2033 4908 2204 4962 tiones
2232 4920 2249 4961 ξ
2293 4923 2412 4960 nam
2444 4906 2487 4960 si
2529 4918 2812 4975 paucorum
2843 4901 3045 4955 dierum
3074 4900 3159 4954 hic
3180 4909 3321 4954 esset
3349 4899 3615 4956 Ecclesia.

2031 4999 2137 5052 cito
2181 4998 2459 5051 ﬁnirentur
2506 4993 2780 5049 tentatoris
2826 4991 3046 5045 insidim.
3097 4991 3271 5055 Bene;
3317 5005 3613 5060 paucorum.

2030 5086 2233 5142 dierum
2265 5088 2429 5140 velles
2457 5100 2574 5140 esse
2618 5069 2988 5137 tentationcs':
3030 5080 3122 5135 sed
3150 5080 3417 5150 quomodo
3458 5078 3599 5132 colli-

2029 5187 2178 5248 geret
2203 5187 2353 5231 natos
2392 5190 2595 5241 omnes,
2639 5174 2737 5227 nisi
2780 5174 2867 5226 diu
2914 5173 2997 5227 hic
3026 5153 3187 5235 esset,
3216 5172 3316 5226 nisi
3347 5185 3510 5237 usque
3552 5170 3609 5221 in

2031 5270 2191 5323 linem
2225 5266 2663 5336 protenderetur?
2711 5264 2823 5318 Noli
2854 5263 3087 5317 invidere
3134 5260 3343 5315 caeteris
3374 5266 3489 5326 post
3520 5257 3595 5309 fu~

2032 5360 2190 5423 turis;
2224 5359 2349 5420 noli,
2377 5358 2495 5426 quia
2514 5357 2622 5426 jam
2646 5356 2896 5419 transisti,
2931 5363 3145 5423 pontem
3178 5346 3591 5404 misericordim‘

2030 5451 2163 5505 velle
2195 5448 2480 5520 przccidere
2513 5467 2525 5501 :
2557 5449 2624 5503 sit
2653 5447 2736 5501 hic
2764 5462 2926 5516 usque
2953 5445 3004 5499 in
3031 5442 3242 5499 smcula.
3294 5438 3358 5493 Et
3385 5435 3511 5507 quid
3539 5435 3613 5490 de

2095 5720 2109 5749 ⁸
2140 5725 2255 5776 Vox,
2275 5708 2633 5764 miscricordiur,
2658 5710 2793 5758 abest
2819 5721 2843 5755 a
2867 5704 3107 5766 ιιι-γῡεῳιυ
3134 5706 3233 5746 ηαδ.
