4022 6200
398 330 500 368 στοτ

409 330 500 385 79.7
1631 315 1687 372 S.
1728 311 2087 370 AUGUSTINI
2129 314 2427 370 EPISCOPI

401 449 806 512 teutationibus,
839 460 956 517 quae
995 455 1212 500 necesse
1250 448 1331 496 est
1363 448 1422 494 ut
1470 436 1741 493 abundent
1781 441 1980 504 quanto

400 543 568 611 magis
597 541 810 594 veniunt
845 534 1128 591 scandala?
1172 533 1378 589 Etenim
1412 531 1524 600 ipse
1550 531 1624 582 ait
1665 543 1680 581 :
1731 525 1980 591 Quoniam

401 632 672 686 abundabit
701 630 958 705 iniquitas,
987 627 1272 698 refrigescet
1302 622 1522 678 Charitas
1553 619 1838 672 multorum.
1872 615 1977 670 Sed

403 727 490 780 illa
517 723 748 778 Ecclesia
777 737 898 793 quae
923 721 1115 775 clamat
1140 735 1168 771 a
1198 717 1390 771 ﬁnibus
1414 725 1590 774 terra),
1622 711 1672 764 in
1701 710 1781 763 his
1808 719 1889 764 est
1912 708 1979 762 dc

400 817 590 886 quibus
607 814 842 884 sequitur
860 813 1042 867 dicens
1069 829 1082 864 :
1116 811 1215 877 Qui
1240 820 1407 862 autent
1424 804 1806 876 perseveraverit
1828 817 1982 871 usque

399 906 453 958 in
488 906 657 974 ﬁnem,
707 903 789 957 hic
830 903 997 958 salvus
1038 902 1130 954 erit
1164 899 1373 970 (Matth.
1405 911 1548 960 χχιιι,
1598 893 1683 959 19.,
1718 893 1830 959 15).
1876 890 1980 944 Sed

400 997 540 1053 unde
573 995 976 1068 perscverabis?
1012 994 1138 1061 Quae
1164 993 1302 1045 vires
1347 1000 1449 1042 tuae
1479 988 1617 1041 inter
1645 992 1786 1038 tanta
1825 996 1981 1037 scan-

398 1092 516 1146 dala
541 1132 557 1158 ,
586 1091 726 1144 inter
773 1098 942 1144 tantas
997 1085 1316 1141 tentationes
1340 1125 1354 1147 ,
1389 1082 1524 1134 inter
1550 1089 1719 1132 tantas
1747 1074 1982 1145 pugnas?

400 1185 592 1254 quibus
620 1183 820 1236 viribus
842 1179 1009 1234 vincis
1049 1177 1253 1232 hostem
1289 1189 1444 1244 quem
1478 1185 1581 1224 non
1608 1168 1793 1222 vides?
1827 1181 1982 1219 mun-

401 1274 526 1344 quid
555 1273 700 1330 tuis?
738 1273 877 1341 Ergo
903 1271 1023 1341 quia
1054 1283 1220 1338 usque
1251 1267 1302 1320 in
1343 1263 1532 1318 saicula
1571 1263 1671 1316 erit
1699 1259 1984 1328 inquilinus

403 1367 629 1431 istehic,
653 1381 771 1436 qua:
793 1364 865 1418 illi
893 1376 1015 1431 spes
1039 1369 1121 1414 est
1145 1367 1202 1412 ut
1234 1356 1424 1411 duret?
1456 1353 1726 1422 COOperiar
1767 1351 1821 1403 in
1853 1352 1986 1402 veta-

403 1469 571 1514 mento
592 1460 791 1513 alarum
815 1465 1034 1509 tuarum.
1076 1454 1210 1506 Ecce
1237 1464 1399 1520 quare
1424 1446 1600 1502 securi
1635 1459 1818 1498 sumus
1845 1444 1985 1496 inter

406 1559 580 1604 tantas
624 1548 959 1608 tentationes,
990 1542 1160 1602 donec
1187 1543 1362 1596 veniat
1405 1540 1523 1593 ﬁnis
1564 1536 1766 1603 smculi,
1797 1544 1850 1589 et
1871 1549 1986 1589 sus-

405 1643 607 1713 cipiant
631 1657 730 1696 nos
784 1639 977 1694 saecula
1003 1647 1203 1691 aeterna
1229 1633 1383 1703 :quia
1397 1631 1733 1700 conperimur
1763 1629 1813 1682 iu
1842 1627 1985 1682 vela-

407 1745 587 1790 mento
615 1734 815 1788 alarum
861 1731 1044 1801 ipsius.
1094 1727 1280 1783 [Estus
1309 1735 1390 1780 est
1415 1723 1594 1778 szeculi
1621 1763 1635 1786 ,
1668 1720 1759 1776 sed
1800 1734 1986 1789 magna

407 1829 594 1884 umbra
628 1839 710 1883 est
743 1827 844 1881 sub
872 1824 968 1880 alis
1012 1822 1103 1877 Dei
1134 1837 1148 1876 :
1179 1818 1452 1891 Cooperiar
1476 1818 1528 1870 in
1565 1817 1839 1868 velamento
1881 1813 1989 1866 ata-

407 1937 521 1973 runt
543 1929 759 1973 tuarum.

480 2014 533 2066 7.
575 2011 722 2083 [vers.
753 2007 830 2081 6.]
872 2008 1119 2073 Quoniam
1165 2016 1240 2068 tu,
1282 2002 1416 2055 Deus
1447 2002 1489 2063 ¹,
1525 1999 1774 2054 exaudisti
1799 1998 1990 2052 oratio-

410 2118 524 2157 nem
549 2117 730 2154 nteant.
760 2100 926 2168 Quam
951 2098 973 2150 ζ’
998 2099 1036 2151 Α
1077 2110 1180 2166 qua
1219 2094 1379 2162 erepit
1404 2110 1416 2144 :
1444 2091 1647 2146 Exaudi
1669 2132 1682 2156 ,
1711 2088 1869 2151 Deus,
1904 2088 1993 2142 de-

413 2192 746 2263 precationem
797 2205 980 2252 meam,
1029 2187 1230 2240 intende
1268 2183 1485 2238 orationi
1529 2197 1650 2236 mea:
1682 2197 1700 2234 :
1736 2197 1769 2234 a
1810 2179 1992 2249 ﬁnibus

412 2295 557 2337 terra:
580 2283 646 2334 ad
671 2289 718 2334 te
743 2279 976 2334 clamavi.
1009 2277 1116 2331 lloc
1136 2276 1202 2331 ad
1231 2284 1282 2330 te
1311 2273 1530 2329 clamavi
1557 2288 1586 2326 a
1603 2271 1794 2326 ﬁnibus
1813 2279 1989 2324 terrm.

413 2374 538 2428 Ideo
556 2376 816 2443 cooperiar
839 2372 891 2425 in
912 2370 1187 2425 velamento
1213 2368 1409 2422 alarum
1439 2375 1660 2430 tuarunt,
1691 2364 1810 2434 quia
1837 2379 1994 2416 exau-

413 2468 533 2522 disti
569 2465 963 2538 deprecationem
1000 2479 1178 2517 meam.
1212 2460 1572 2516 Admoncmur
1600 2472 1750 2528 ergo,
1780 2455 1992 2524 fratres,

415 2576 520 2615 non
547 2574 758 2616 cessare
786 2557 1008 2622 orando,
1031 2554 1278 2626 quamdiu
1301 2562 1509 2624 tempus
1524 2564 1605 2606 est
1625 2551 1992 2606 teutationum.

416 2652 611 2706 Dedisti
636 2649 974 2706 hereditatem
994 2647 1278 2702 timentibus
1302 2662 1480 2699 nomen
1501 2653 1660 2697 tuum.
1685 2642 1996 2698 Persevere-

415 2760 536 2799 mus
564 2758 690 2814 ergo
717 2744 768 2798 in
802 2743 990 2797 timore
1015 2739 1246 2795 nominis
1271 2738 1362 2793 Dei
1398 2754 1413 2791 :
1443 2745 1674 2791 aeternus
1707 2734 1866 2789 Pater
1891 2748 1997 2788 non

416 2853 517 2893 nos
547 2837 696 2892 fallit.
727 2836 995 2892 Laborant
1016 2834 1130 2900 ﬁlii,
1162 2840 1219 2887 ut
1245 2831 1537 2900 suscipiant
1565 2836 1841 2898 parentum
1868 2841 1997 2881 suo-

419 2945 535 2983 rum
577 2927 958 2988 Itarreditatem,
996 2926 1187 2996 quibus
1224 2922 1446 2978 mortuis
1483 2920 1782 2977 successuri
1823 2918 1999 2974 sunt?

420 3035 518 3073 nos
559 3033 663 3072 non
691 3018 992 3071 laboramus
1021 3017 1263 3084 accipere
1302 3011 1664 3068 hereditatem
1691 3011 1759 3066 ab
1787 3010 1876 3065 illo
1901 3011 2000 3064 Pa-

421 3124 522 3178 tre,
555 3114 640 3168 cui
686 3129 791 3167 non
836 3113 1100 3168 morienti‘
1129 3111 1501 3175 succcdamus,
1541 3109 1635 3164 sed
1662 3124 1783 3163 cum
1813 3109 1903 3162 illo
1945 3108 2000 3161 in

421 3207 533 3275 ipsa
568 3203 876 3259 haereditate
901 3203 955 3257 in
980 3212 1235 3262 mteruum
1266 3203 1538 3256 vivamus!
1570 3201 1766 3255 Dedisti
1787 3200 2002 3255 Incredi-

423 3307 571 3350 tatem
600 3295 882 3352 timentibus
907 3313 1086 3350 nomen
1113 3304 1271 3349 tuum.

493 3389 547 3446 8.
587 3385 736 3462 [vers.
762 3385 840 3461 7.]
877 3386 998 3442 Dies
1019 3403 1168 3459 super
1188 3386 1294 3440 dies
1314 3387 1446 3456 regis
1461 3384 1672 3456 adjicies
1691 3401 1851 3439 annos
1871 3386 2000 3455 ejus.

423 3482 522 3538 llic
549 3490 629 3537 est
647 3495 776 3552 ergo
803 3495 902 3536 rex
933 3479 1086 3550 cujus
1114 3479 1352 3534 membra
1378 3493 1582 3533 sumus.
1611 3478 1724 3533 Rex
1762 3477 2004 3532 Christus

423 3582 526 3640 est,
553 3581 709 3642 caput
734 3581 995 3638 nostrum,
1028 3587 1117 3627 rex
1150 3579 1348 3626 noster.
1376 3570 1574 3626 Dedisti
1603 3570 1676 3625 illi
1705 3570 1820 3626 dies
1844 3585 2005 3640 super

425 3667 571 3733 dies;
617 3680 721 3720 non
751 3666 921 3720 solum
949 3664 1079 3718 istos
1109 3663 1224 3718 dies
1253 3664 1303 3717 in
1329 3664 1429 3718 isto
1458 3671 1695 3732 tempore
1725 3677 1846 3718 cum
1877 3663 2003 3728 ﬁne,

425 3758 519 3813 sed
545 3759 658 3814 dies
685 3773 846 3826 super
872 3759 1000 3812 istos
1029 3755 1143 3811 dies
1176 3755 1290 3810 sine
1321 3755 1443 3809 line.
1493 3753 1762 3821 Habitabo,
1813 3754 2002 3825 inquit,

426 3850 478 3903 in
501 3850 648 3903 domo
663 3847 890 3913 Domini,
913 3849 965 3900 in
986 3847 1344 3917 longitudinem
1367 3846 1560 3900 dierum
1577 3845 1746 3916 (Psal.
1770 3862 1901 3911 χχιι,
1925 3846 2004 3916 6).

427 3941 622 4008 Quare,
657 3942 709 3994 in
740 3941 1100 4011 longitudinem
1126 3940 1342 4005 dierum,
1369 3940 1466 3993 nisi
1495 3939 1616 4009 quia
1646 3939 1805 3994 modo
1834 3939 2010 3994 brevi-

431 4042 512 4085 tas
553 4041 635 4085 est
683 4031 923 4086 dierum?
952 4031 1137 4085 Omnis
1174 4030 1315 4085 enim
1364 4044 1451 4085 res
1483 4045 1600 4099 quae
1628 4019 1786 4084 ﬁnem
1827 4028 2007 4098 habet,

434 4122 614 4176 hrevis
657 4130 738 4176 est
785 4139 797 4175 :
848 4121 940 4177 sed
969 4123 1108 4192 regis
1136 4122 1292 4191 hujus
1317 4121 1431 4176 dies
1472 4136 1633 4190 super
1654 4122 1790 4187 dies,
1821 4131 2010 4177 utnon

389 4235 396 4246 ·
429 4216 618 4271 diebus
655 4215 826 4268 solum
865 4215 981 4269 istis
1010 4214 1406 4270 transeuntibus
1445 4223 1630 4284 regnet
1669 4213 1913 4269 Christus
1956 4214 2010 4268 in

435 4305 676 4367 Ecclesia
705 4319 798 4359 sua
821 4346 834 4370 ,
878 4303 972 4360 sed
1011 4313 1231 4376 regnent
1254 4319 1372 4359 cum
1404 4305 1494 4359 illo
1521 4304 1689 4358 sancti
1733 4306 1784 4358 in
1826 4304 2012 4360 diebus

431 4401 537 4456 illis
558 4399 648 4470 qui
669 4413 774 4453 non
802 4396 998 4452 habent
1017 4395 1198 4452 ﬁnem.
1228 4396 1301 4451 lbi
1329 4413 1466 4452 unus
1488 4396 1603 4450 dies
1633 4405 1734 4461 est,
1766 4404 1820 4450 et
1858 4395 2011 4450 multi

432 4490 546 4545 dies
565 4496 711 4545 sunt.
740 4487 873 4556 Quia
909 4486 1058 4541 multi
1085 4485 1200 4541 dies
1229 4495 1373 4552 sunt,
1404 4486 1511 4540 dixi
1538 4486 1669 4556 jam,
1700 4484 1766 4540 In
1795 4485 2013 4556 longitu-

433 4581 602 4634 dinem
626 4581 820 4657 dierum
853 4595 872 4634 :
899 4578 1021 4650 quia
1050 4592 1182 4632 unus
1208 4577 1344 4642 dies,
1376 4578 1452 4631 sic
1477 4575 1810 4647 intelligitur,
1845 4576 2014 4631 Filius

434 4687 574 4725 meus
617 4687 668 4726 es
711 4681 788 4738 tu,
818 4687 908 4743 ego
955 4670 1103 4724 hodie
1147 4669 1298 4740 genui
1326 4679 1372 4721 te
1415 4665 1585 4739 (Psal.
1632 4683 1691 4732 tt,
1735 4667 1812 4737 7).
1840 4666 2014 4722 Unum

333 4805 341 4814 .
435 4761 575 4816 diem
605 4763 738 4819 dixit
766 4759 915 4818 hodie
946 4778 964 4816 :
990 4760 1084 4817 sed
1111 4761 1209 4815 iste
1237 4759 1350 4814 dies
1381 4773 1484 4813 non
1517 4757 1726 4828 ponitur
1757 4759 1807 4812 in
1839 4758 2014 4813 medio

439 4851 578 4907 inter
603 4852 906 4909 hesternum
947 4866 1001 4910 et
1035 4855 1347 4918 crastinum,
1382 4865 1482 4906 nec
1519 4849 1725 4904 initium
1748 4850 1864 4918 ejus
1896 4850 2015 4905 ﬁnis

437 4951 522 4999 est
550 4942 806 5010 hesterni,
837 4960 938 5000 nec
971 4944 1093 4999 ﬁnis
1117 4943 1232 5014 ejus
1262 4941 1465 4996 initium
1507 4941 1744 4997 crastini.
1792 4940 1920 4995 Nam
1962 4950 2018 4995 et

437 5039 561 5094 anui
594 5038 686 5094 Dei
709 5037 834 5092 dicti
866 5047 990 5092 sunt
1019 5057 1031 5092 :
1063 5037 1142 5092 Tu
1162 5048 1329 5092 autent
1352 5036 1487 5090 idem
1511 5036 1620 5106 ipse
1638 5051 1708 5097 es,
1737 5043 1785 5088 et
1802 5033 1923 5090 anni
1943 5034 2018 5088 tui

439 5149 540 5186 non
569 5130 801 5199 deﬁcient
836 5129 1006 5201 (Psal.
1029 5145 1077 5183 Ct
1097 5170 1110 5192 ,
1138 5129 1252 5197 28).
1286 5126 1563 5196 Quomodo
1592 5126 1737 5188 anui.
1768 5124 1845 5180 sic
1872 5124 2014 5190 dies,

436 5225 516 5280 sic
545 5237 682 5279 unus
706 5221 821 5276 dies
845 5263 859 5285 ,
889 5220 1150 5288 Quidquid
1180 5219 1258 5273 vis
1283 5220 1417 5273 dicis
1443 5219 1510 5273 de
1535 5218 1854 5272 :cternitate.
1896 5215 2018 5270 ideo

439 5313 697 5390 quidquid
733 5311 811 5366 vis
839 5311 992 5371 dicis.
1023 5311 1142 5380 quia
1175 5309 1426 5379 quidquid
1458 5309 1680 5373 dixeris,
1725 5309 1902 5372 minus
1930 5309 2016 5363 di-

438 5404 656 5464 cis.Sed
683 5403 804 5459 ideo
840 5415 1057 5455 necesse
1079 5410 1157 5454 est
1181 5400 1388 5469 aliquid
1401 5399 1566 5467 dicas,
1591 5409 1650 5454 ut
1674 5402 1742 5455 sit
1767 5399 1904 5454 unde
1929 5415 2020 5454 co-

439 5503 574 5574 gites
601 5497 745 5571 quod
770 5512 874 5552 non
907 5501 1080 5565 potest
1107 5491 1231 5546 dici.
1278 5489 1400 5545 Dies
1429 5507 1582 5560 super
1601 5492 1706 5544 dies
1733 5493 1862 5562 regis
1887 5491 2019 5560 adji—

439 5597 538 5648 cies
577 5607 737 5647 annos
771 5589 899 5661 ejus,
931 5600 1086 5656 usque
1120 5582 1171 5636 in
1194 5582 1326 5636 diem
1355 5581 1684 5650 generationis
1717 5591 1762 5635 et
1803 5599 2017 5652 genera-

503 5751 517 5781 ι
709 5755 830 5800 Deus
858 5757 1008 5798 meus.
1052 5743 1214 5804 Abest,
1239 5752 1388 5802 meus,
1408 5737 1467 5789 ab
1491 5743 1563 5790 Er.
1602 5746 1652 5788 et
1676 5744 1801 5798 3155.,
1827 5752 1918 5788 nec
1945 5746 2016 5785 est

503 5825 530 5860 ιι
601 5846 630 5860 ι.
698 5847 710 5861 .

437 5822 562 5875 apud
584 5822 710 5862 cxx.

3563 319 3670 373 72$

2089 433 2256 488 tionis.
2309 432 2678 490 Cencrationis
2731 434 2887 506 hujus
2931 443 2985 491 ct
3032 435 3385 506 generationis
3429 434 3662 488 futurae:

2019 596 2024 602 _
2089 526 2442 595 generationis
2482 527 2637 594 hujus
2689 543 2808 597 qua:
2853 537 3189 596 comparatur
3239 526 3396 592 luam,
3449 536 3667 594 propter

2087 616 2228 686 quod
2260 617 2382 670 luna
2411 618 2664 683 nascitur,
2687 617 2899 683 crescit,
2932 616 3216 685 perﬁcitur,
3250 616 3477 670 senescit
3497 625 3549 668 et
3577 630 3665 667 oc-

2087 709 2244 773 cidit;
2292 711 2370 764 sic
2395 718 2518 765 sunt
2545 709 2912 779 generationes
2939 710 3054 763 ista:
3081 707 3332 762 mortales
3362 725 3374 760 :
3409 715 3462 761 et
3496 721 3663 776 geue-
3723 731 3732 736 -

2089 802 2308 856 rationis
2332 817 2433 873 qua
2456 818 2829 872 regeneramur
2856 801 3214 871 resurgendo,
3245 810 3300 856 et
3325 799 3662 871 permanebi-

2088 908 2206 948 mus
2250 894 2302 948 in
2351 903 2605 949 aiternum
2651 908 2772 948 cum
2818 893 2946 956 Deo,
2988 890 3198 962 quando
3226 908 3330 960 jam
3378 906 3481 943 nou
3526 889 3665 942 sicut

2090 987 2233 1050 luna,
2262 987 2354 1041 sed
2384 987 2525 1056 quod
2553 987 2628 1041 ait
2655 987 2928 1050 Dominus,
2967 985 3106 1038 Tunc
3119 982 3253 1054 justi
3283 979 3538 1054 fulgebunt
3566 983 3656 1033 sic-

2088 1089 2142 1131 ut
2161 1079 2238 1133 sol
2261 1079 2313 1131 in
2334 1093 2486 1148 regno
2516 1077 2685 1132 Patris
2705 1077 2784 1130 sui
2805 1076 3016 1148 (Matth.
3050 1090 3166 1139 xm,
3191 1073 3304 1136 45).
3345 1074 3495 1128 Luna
3519 1071 3663 1124 enim

2089 1175 2309 1243 ﬁgurate
2331 1173 2382 1226 in
2413 1171 2702 1241 Scripturis
2732 1186 2826 1240 pro
2858 1168 3206 1223 mutabilitate
3227 1166 3385 1234 hujus
3418 1165 3665 1220 mortali-

2091 1267 2214 1319 tatis
2242 1264 2472 1334 pouitur.
2508 1264 2630 1318 Ideo
2656 1263 2720 1317 ad
2744 1261 2957 1318 Jericho
2985 1259 3342 1316 descendebat
3366 1258 3456 1313 ille
3481 1257 3548 1312 ab
3577 1255 3668 1311 Je-

2090 1360 2318 1414 rusalem
2345 1358 2433 1428 qui
2462 1356 2682 1412 incurrit
2711 1357 2763 1410 in
2790 1357 3059 1410 latrones:
3091 1355 3210 1423 quia
3238 1353 3450 1408 Jericho
3477 1350 3671 1405 civitas

2091 1452 2310 1506 verbum
2337 1458 2420 1505 est
2459 1450 2750 1515 hebrtcum,
2793 1456 2848 1504 et
2895 1449 3273 1516 interpretatur
3306 1445 3464 1499 latine
3496 1442 3668 1497 Luna.

2095 1543 2459 1599 Descendebat
2482 1556 2610 1612 ergo
2632 1551 2877 1610 tanquam
2903 1539 2972 1593 ab
3007 1536 3405 1593 immortalitate
3427 1533 3491 1587 ad
3519 1549 3671 1586 mor-

2094 1634 2349 1689 talitatem
2376 1651 2389 1687 :
2419 1643 2474 1687 et
2512 1632 2704 1686 merito
2730 1632 2782 1684 iu
2811 1630 3001 1684 itinere
3025 1628 3334 1682 vulneratus
3374 1641 3404 1679 a
3445 1624 3671 1678 latroni-

2092 1727 2191 1780 bus
2211 1735 2264 1781 et
2283 1725 2570 1781 semivivus
2599 1723 2810 1780 relictus
2839 1730 2922 1777 est
2956 1719 3103 1793 (Luc.
3130 1736 3185 1786 x,
3220 1717 3310 1789 ’50)
3345 1717 3435 1771 ille
3475 1715 3671 1782 Adam,

2095 1832 2161 1872 ex
2186 1831 2291 1887 quo
2307 1827 2388 1871 est
2409 1826 2572 1871 totum
2588 1829 2757 1885 genus
2773 1813 3081 1868 humanum.
3102 1810 3243 1880 Ergo
3259 1809 3364 1862 dies
3391 1823 3546 1876 super
3565 1805 3672 1860 dies

2093 1909 2225 1979 regis
2265 1908 2474 1978 adjicies
2502 1923 2658 1960 annos
2684 1907 2816 1976 ejus,
2857 1921 3011 1973 usque
3046 1903 3100 1956 in
3139 1902 3270 1956 diem
3315 1899 3670 1972 generationis,

2097 1998 2455 2068 generationis
2485 1995 2724 2051 mortalis
2750 1995 2972 2064 accipio.
3000 1991 3163 2062 Cujus
3193 1989 3554 2062 generationis
3589 1988 3671 2041 al-

2095 2090 2263 2144 terius
2289 2088 2608 2142 mentionem
2633 2085 2836 2141 fecisti?
2865 2085 3067 2154 Cujus?
3093 2084 3246 2137 audi:

2167 2180 2220 2234 9.
2262 2179 2410 2252 [vers.
2451 2177 2530 2251 8.]
2572 2177 2890 2232 Permanebit
2938 2177 2991 2230 in
3033 2185 3274 2230 teternum
3311 2174 3364 2227 in
3409 2182 3675 2241 conspectu

2097 2273 2194 2328 Dei
2215 2291 2233 2327 :
2253 2271 2554 2328 Secundum
2571 2270 2714 2341 quid,
2739 2279 2830 2324 aut
2856 2277 3072 2340 propter
3087 2267 3250 2338 quid?
3274 2267 3325 2320 Μ
3333 2266 3674 2320 isericordiam

2097 2375 2144 2418 et
2169 2366 2422 2418 veritatem
2459 2364 2567 2433 ejus
2601 2363 2712 2431 quis
2736 2362 2948 2431 requiret
2974 2361 3058 2414 ei?
3103 2359 3236 2414 Dicit
3273 2369 3327 2412 et
3359 2357 3465 2411 alio
3508 2357 3627 2411 loco
3657 2369 3675 2412 :

2103 2457 2359 2513 Universa:
2376 2457 2469 2510 via:
2489 2455 2693 2510 Dontini
2718 2453 3061 2508 misericordia
3087 2462 3134 2506 et
3159 2452 3362 2516 veritas,
3386 2449 3679 2520 requirenti-

2100 2551 2190 2604 bus
2232 2556 2576 2604 testamentum
2609 2541 2719 2612 eius
2755 2555 2802 2600 et
2839 2544 3120 2600 testimonia
3159 2544 3267 2614 ejus
3309 2541 3479 2614 (Psal.
3525 2556 3676 2608 xxxv,

2101 2640 2212 2714 10).
2242 2640 2459 2711 Magnus
2498 2653 2677 2694 sermo
2713 2637 2782 2693 de
2814 2638 3040 2692 veritate
3069 2643 3124 2690 et
3153 2632 3550 2699 misericordia,
3579 2631 3677 2688 scd

2099 2734 2412 2791 brevitatem
2442 2732 2804 2803 promisimus.
2832 2729 3071 2784 Breviter
3091 2726 3314 2798 accipite
3341 2724 3465 2796 quid
3492 2725 3560 2779 sit
3587 2739 3682 2779 ve-

2101 2826 2232 2880 ritas
2264 2833 2319 2879 et
2349 2820 2737 2885 misericordia;
2781 2819 2901 2890 quia
2941 2833 3045 2873 non
3082 2831 3303 2888 parvum
3331 2824 3413 2870 est
3436 2813 3576 2885 quod
3601 2813 3683 2867 di-

2102 2927 2247 2972 ctum
2309 2926 2428 2981 est,
2495 2913 2754 2970 Universae
2802 2914 2895 2966 vim
2947 2897 3162 2965 Domini
3224 2909 3569 2964 misericordia
3633 2917 3681 2960 et

2103 3010 2305 3065 veritas.
2336 3006 2692 3063 Misericordia
2719 3005 2915 3060 dicitur
2938 3045 2952 3071 ,
2993 3004 3114 3074 quia
3146 3017 3252 3058 non
3283 3004 3472 3056 merita
3497 3009 3678 3055 nostra

2058 3100 2331 3162 .attcudit
2387 3101 2526 3154 Deus
2556 3141 2571 3165 ,
2618 3097 2714 3152 sed
2770 3096 3060 3152 bonitatem
3107 3109 3296 3158 suam,
3348 3102 3410 3147 ut
3467 3101 3679 3163 peccata

2105 3193 2258 3249 nobis
2286 3191 2463 3246 omnia
2487 3191 2795 3252 dimitteret,
2828 3197 2882 3243 et
2905 3187 3066 3241 vitam
3103 3195 3357 3241 aeternam
3400 3184 3684 3253 promitte-

2105 3295 2188 3340 ret
2220 3303 2232 3338 :
2261 3283 2456 3338 veritas
2479 3291 2677 3345 autem,
2721 3280 2841 3350 quia
2865 3294 2970 3333 non
3002 3278 3134 3332 fallit
3157 3276 3380 3332 reddere
3405 3289 3524 3346 qua:
3553 3289 3684 3344 pro-

2107 3377 2270 3433 misit.
2303 3379 2666 3447 Agnoseamus
2709 3373 2796 3428 hic
2839 3387 2993 3439 eam,
3042 3378 3096 3426 et
3142 3384 3241 3424 nos
3288 3367 3543 3423 iaciamus
3581 3375 3685 3420 :ut

2107 3468 2373 3541 quomodo
2393 3467 2544 3522 nobis
2573 3467 2711 3521 Deus
2739 3463 2981 3520 exhibuit
3003 3459 3418 3517 misericordiam
3447 3473 3596 3514 suam
3629 3467 3684 3512 ct

2107 3561 2381 3616 veritatem
2426 3557 2613 3621 suam’;
2664 3554 3080 3612 misericordiam
3125 3550 3441 3607 dimittenda
3470 3559 3686 3620 peccata

2110 3663 2311 3719 nostra,
2342 3645 2617 3706 veritatem
2644 3646 2944 3704 exhibendo
2968 3646 3224 3716 promissa
3250 3659 3344 3699 sua
3369 3662 3383 3698 :
3407 3645 3487 3699 sic
3515 3652 3570 3699 et
3590 3658 3689 3697 nos

2110 3745 2364 3801 faciamus
2388 3744 2477 3799 hic
2504 3740 2920 3798 misericordiam
2960 3748 3015 3794 et
3041 3737 3315 3792 veritatem
3340 3753 3355 3802 ;
3387 3736 3694 3790 misericor-

2111 3839 2252 3896 diam
2294 3838 2434 3893 circa
2482 3836 2742 3898 inﬁrmos,
2787 3833 2927 3889 circa
2974 3839 3213 3903 egentes,
3256 3829 3399 3885 circa
3446 3829 3693 3882 inimicos

2111 3931 2270 3986 etiam
2297 3938 2504 3984 nostros
2529 3945 2544 3994 ;
2568 3926 2840 3982 veritatem
2864 3939 2966 3979 non
2990 3921 3278 3994 peccando,
3304 3936 3401 3976 nec
3429 3920 3690 3990 adjicien-

2113 4027 2182 4082 do
2208 4032 2477 4096 peccatum
2504 4035 2662 4091 super
2691 4027 2989 4090 peccatum.
3019 4016 3277 4082 Quoniam
3321 4013 3413 4084 qui
3462 4013 3691 4068 multum

2113 4119 2212 4174 sibi
2243 4117 2519 4188 pollicetur
2545 4112 2614 4168 de
2660 4108 3017 4166 misericordia
3052 4107 3166 4174 Dei,
3212 4105 3454 4175 subrepit
3493 4105 3544 4158 in
3574 4104 3694 4158 aui-

2115 4225 2258 4266 mum
2290 4208 2454 4279 ipsius
2483 4214 2541 4260 ut
2564 4203 2723 4260 faciat
2761 4202 3010 4272 injustum
3054 4199 3240 4265 Deum,
3282 4208 3338 4252 et
3379 4206 3530 4266 putet
3570 4200 3696 4265 quia

2115 4305 2159 4360 si
2184 4300 2537 4373 permanserit
2561 4305 2826 4369 peccator,
2872 4303 2926 4349 et
2955 4292 3186 4347 uoluerit
3215 4289 3467 4345 recedere
3493 4289 3559 4342 ab
3591 4289 3696 4341 iui-

2116 4392 2400 4465 quitatibus
2428 4391 2558 4453 suis,
2590 4387 2769 4442 veniet
2796 4385 2904 4449 ille,
2945 4391 2999 4438 et
3027 4381 3096 4437 ibi
3141 4395 3262 4435 eum
3298 4378 3571 4448 positurus
3614 4387 3701 4431 est

2119 4488 2206 4553 ubi
2246 4485 2393 4557 ponit
2419 4497 2602 4539 servos
2631 4495 2754 4536 suos
2784 4477 2871 4548 qui
2900 4476 2948 4532 ei
2977 4475 3369 4544 obtemperant.
3400 4472 3470 4526 Et
3494 4471 3697 4541 justum

2118 4581 2220 4635 hoc
2248 4580 2368 4644 erit,
2413 4586 2471 4631 ut
2500 4573 2570 4630 ibi
2601 4582 2651 4629 te
2679 4578 2842 4642 ponat
2869 4575 3296 4640 perseverantem
3338 4564 3389 4618 in
3423 4563 3655 4634 peccatis
3679 4605 3697 4624 ,

2121 4673 2207 4728 ubi
2238 4671 2502 4742 positurus
2528 4677 2610 4723 est
2647 4666 2764 4720 illos
2788 4663 2876 4734 qui
2898 4667 3228 4716 recesserunt
3249 4672 3278 4710 a
3308 4655 3584 4726 peccatis?
3609 4655 3700 4709 Sic

2121 4766 2200 4819 vis
2230 4763 2454 4832 iujustus
2479 4774 2618 4823 esse,
2649 4767 2707 4811 ut
2734 4764 2788 4811 et
2833 4754 2998 4810 Deum
3042 4751 3203 4806 facias
3231 4748 3532 4820 iujustum‘t
3562 4748 3698 4814 Quid

2122 4856 2202 4910 vis
2229 4869 2355 4925 ergo
2397 4858 2708 4907 convertere
2752 4847 2915 4902 Deum
2947 4843 3014 4898 ad
3039 4843 3361 4896 voluntatem
3403 4839 3589 4892 tuam?
3621 4838 3700 4892 'l‘u

2122 4955 2432 5003 convertere
2471 4942 2537 4997 ad
2564 4941 2887 4995 voluntatem
2920 4935 3036 4989 Dei.
3065 4931 3194 5000 Quis
3221 4939 3302 4987 est.
3324 4945 3451 5001 ergo
3475 4929 3566 5000 qui
3600 4929 3704 4983 hoc

2124 5042 2267 5108 facit,
2302 5038 2402 5094 nisi
2426 5053 2491 5092 ex
2521 5035 2624 5090 illis
2651 5030 2853 5102 paucis,
2881 5029 2948 5084 de
2976 5027 3166 5098 quibus
3191 5024 3382 5080 dicitur
3410 5041 3424 5077 :
3451 5023 3552 5088 Qui
3585 5039 3704 5092 per-

2123 5131 2413 5189 severaverit
2439 5143 2592 5198 usque
2616 5126 2667 5178 in
2690 5125 2859 5192 ﬁnem,
2889 5121 2969 5174 hic
2992 5120 3158 5174 salvus
3183 5117 3275 5171 erit
3302 5114 3525 5186 (Matth.
3557 5129 3706 5179 xxiv,

2128 5227 2240 5299 15).
2265 5223 2453 5280 Merito
2482 5231 2537 5277 et
2563 5220 2648 5274 hic
2672 5213 3070 5271 misericordiam
3098 5219 3143 5266 et
3167 5211 3422 5265 veritatem
3446 5208 3558 5278 ejus
3594 5210 3706 5276 quis

2125 5321 2336 5390 requiret
2369 5317 2455 5372 ei?
2497 5313 2634 5382 Quid
2672 5320 2774 5376 est,
2819 5310 2909 5364 ei?
2953 5306 3250 5372 Sufﬁceret,
3296 5303 3406 5375 quis
3449 5307 3710 5370 requiret:

2125 5429 2308 5485 quare,
2338 5408 2556 5470 addidit,
2604 5405 2682 5469 ei,
2732 5403 2829 5457 nisi
2860 5400 2982 5471 quia
3025 5397 3177 5453 multi
3205 5400 3451 5466 qutcrunt
3491 5394 3711 5447 miscri-

2127 5483 2360 5562 cordiam
2406 5501 2519 5570 ejus
2546 5507 2599 5552 et
2629 5495 2903 5550 veritatem
2945 5490 3154 5546 discere
3181 5488 3233 5541 in
3277 5485 3427 5539 libris
3474 5483 3628 5554 ejus;
3659 5493 3714 5536 ct.

2127 5616 2248 5655 cum
2276 5593 2574 5656 didicerint,
2620 5589 2717 5643 sibi
2761 5587 2962 5645 vivunt,
3007 5597 3112 5636 non
3153 5579 3264 5644 illi;
3291 5592 3386 5632 sua
3414 5586 3664 5647 qua-runt
3694 5616 3712 5636 ,

2130 5710 2232 5749 non
2268 5706 2384 5760 quac
2429 5686 2553 5756 Jt'su
2598 5680 2790 5737 Christi
2831 5676 3085 5746 (Philipp.
3134 5688 3190 5735 tt,
3236 5669 3367 5738 2|);
3417 5667 3714 5738 praedicant

2133 5779 2545 5843 misericordiam
2571 5785 2620 5833 ct
2643 5773 2936 5840 veritatem,
2969 5778 3020 5826 et
3049 5782 3155 5824 non
3179 5764 3374 5823 faciunt
3402 5763 3713 5819 misericor-
