  <div class='ocr_page' id='page_1' title='image "/cluster/home/n/w/nwhite01/storage/ocr_20150623/36/hvd.32044096580584/372.png"; bbox 0 0 4022 6200; ppageno 0'>
   <div class='ocr_carea' id='block_1_1' title="bbox 346 351 447 405">
    <p class='ocr_par' dir='ltr' id='par_1_1' title="bbox 346 351 447 405">
     <span class='ocr_line' id='line_1_1' title="bbox 346 351 447 405; baseline 0 0"><span class='ocrx_word' id='word_1_1' title='bbox 346 351 447 405; x_wconf 74' lang='lat'><strong>729</strong></span> 
     </span>
    </p>
   </div>
   <div class='ocr_carea' id='block_1_2' title="bbox 323 1394 504 1447">
    <p class='ocr_par' dir='ltr' id='par_1_2' title="bbox 323 1394 504 1447">
     <span class='ocr_line' id='line_1_2' title="bbox 323 1394 504 1447; baseline 0.011 -2"><span class='ocrx_word' id='word_1_2' title='bbox 323 1394 504 1447; x_wconf 89' lang='lat' dir='ltr'><strong>retei?</strong></span> 
     </span>
    </p>
   </div>
   <div class='ocr_carea' id='block_1_3' title="bbox 397 1468 1895 1558">
    <p class='ocr_par' dir='ltr' id='par_1_3' title="bbox 397 1468 1895 1558">
     <span class='ocr_line' id='line_1_3' title="bbox 397 1468 1895 1558; baseline 0.001 -20"><span class='ocrx_word' id='word_1_3' title='bbox 397 1484 484 1541; x_wconf 81' lang='grc'><strong>10.</strong></span> <span class='ocrx_word' id='word_1_4' title='bbox 514 1482 663 1556; x_wconf 85' lang='lat' dir='ltr'><strong>[vers.</strong></span> <span class='ocrx_word' id='word_1_5' title='bbox 683 1485 764 1558; x_wconf 89' lang='lat'><strong>9.]</strong></span> <span class='ocrx_word' id='word_1_6' title='bbox 795 1486 883 1541; x_wconf 88' lang='lat' dir='ltr'><strong>Sic</strong></span> <span class='ocrx_word' id='word_1_7' title='bbox 910 1468 1125 1557; x_wconf 82' lang='lat' dir='ltr'><strong>psallam</strong></span> <span class='ocrx_word' id='word_1_8' title='bbox 1150 1487 1339 1541; x_wconf 77' lang='lat' dir='ltr'><strong>nomini</strong></span> <span class='ocrx_word' id='word_1_9' title='bbox 1362 1497 1465 1553; x_wconf 89' lang='lat' dir='ltr'><strong>tuo,</strong></span> <span class='ocrx_word' id='word_1_10' title='bbox 1484 1485 1641 1555; x_wconf 90' lang='lat' dir='ltr'><strong>Deus,</strong></span> <span class='ocrx_word' id='word_1_11' title='bbox 1660 1488 1711 1540; x_wconf 90' lang='lat' dir='ltr'><strong>in</strong></span> <span class='ocrx_word' id='word_1_12' title='bbox 1732 1502 1895 1541; x_wconf 68' lang='lat' dir='ltr'><strong>sarcu-</strong></span> 
     </span>
    </p>
   </div>
   <div class='ocr_carea' id='block_1_4' title="bbox 319 1578 1899 1650">
    <p class='ocr_par' dir='ltr' id='par_1_4' title="bbox 319 1578 1899 1650">
     <span class='ocr_line' id='line_1_4' title="bbox 319 1578 1899 1650; baseline 0.001 -19"><span class='ocrx_word' id='word_1_13' title='bbox 319 1578 426 1631; x_wconf 88' lang='lat' dir='ltr'><strong>lum</strong></span> <span class='ocrx_word' id='word_1_14' title='bbox 450 1581 640 1643; x_wconf 60' lang='lat' dir='ltr'><strong>seaculi,</strong></span> <span class='ocrx_word' id='word_1_15' title='bbox 664 1591 720 1633; x_wconf 90' lang='lat' dir='ltr'><strong>ut</strong></span> <span class='ocrx_word' id='word_1_16' title='bbox 743 1582 951 1635; x_wconf 86' lang='lat' dir='ltr'><strong>reddam</strong></span> <span class='ocrx_word' id='word_1_17' title='bbox 975 1592 1087 1634; x_wconf 88' lang='lat' dir='ltr'><strong>vota</strong></span> <span class='ocrx_word' id='word_1_18' title='bbox 1112 1599 1219 1633; x_wconf 85' lang='lat' dir='ltr'><strong>mea</strong></span> <span class='ocrx_word' id='word_1_19' title='bbox 1240 1581 1302 1633; x_wconf 89' lang='lat' dir='ltr'><strong>de</strong></span> <span class='ocrx_word' id='word_1_20' title='bbox 1319 1582 1399 1634; x_wconf 87' lang='lat' dir='ltr'><strong>die</strong></span> <span class='ocrx_word' id='word_1_21' title='bbox 1425 1581 1476 1634; x_wconf 88' lang='lat' dir='ltr'><strong>iu</strong></span> <span class='ocrx_word' id='word_1_22' title='bbox 1504 1582 1653 1636; x_wconf 87' lang='lat' dir='ltr'><strong>diem.</strong></span> <span class='ocrx_word' id='word_1_23' title='bbox 1682 1580 1734 1635; x_wconf 87' lang='lat' dir='ltr'><strong>Si</strong></span> <span class='ocrx_word' id='word_1_24' title='bbox 1758 1580 1899 1650; x_wconf 60' lang='lat' dir='ltr'><strong>psala</strong></span> 
     </span>
    </p>
   </div>
   <div class='ocr_carea' id='block_1_5' title="bbox 319 1668 1896 1741">
    <p class='ocr_par' dir='ltr' id='par_1_5' title="bbox 319 1668 1896 1741">
     <span class='ocr_line' id='line_1_5' title="bbox 319 1668 1896 1741; baseline 0.001 -19"><span class='ocrx_word' id='word_1_25' title='bbox 319 1668 387 1723; x_wconf 90' lang='lat' dir='ltr'><strong>lis</strong></span> <span class='ocrx_word' id='word_1_26' title='bbox 415 1670 611 1723; x_wconf 83' lang='lat' dir='ltr'><strong>nomini</strong></span> <span class='ocrx_word' id='word_1_27' title='bbox 644 1671 757 1736; x_wconf 89' lang='lat' dir='ltr'><strong>Dei,</strong></span> <span class='ocrx_word' id='word_1_28' title='bbox 803 1687 870 1727; x_wconf 88' lang='lat' dir='ltr'><strong>ne</strong></span> <span class='ocrx_word' id='word_1_29' title='bbox 900 1672 1095 1741; x_wconf 83' lang='lat' dir='ltr'><strong>psallas</strong></span> <span class='ocrx_word' id='word_1_30' title='bbox 1137 1671 1202 1725; x_wconf 90' lang='lat' dir='ltr'><strong>ad</strong></span> <span class='ocrx_word' id='word_1_31' title='bbox 1256 1682 1482 1739; x_wconf 88' lang='lat' dir='ltr'><strong>tempus.</strong></span> <span class='ocrx_word' id='word_1_32' title='bbox 1517 1670 1607 1725; x_wconf 83' lang='lat' dir='ltr'><strong>Vis</strong></span> <span class='ocrx_word' id='word_1_33' title='bbox 1637 1672 1688 1724; x_wconf 91' lang='lat' dir='ltr'><strong>in</strong></span> <span class='ocrx_word' id='word_1_34' title='bbox 1730 1684 1896 1724; x_wconf 63' lang='lat' dir='ltr'><strong>saecu-</strong></span> 
     </span>
    </p>
   </div>
   <div class='ocr_carea' id='block_1_6' title="bbox 278 1759 1892 1831">
    <p class='ocr_par' dir='ltr' id='par_1_6' title="bbox 278 1759 1892 1831">
     <span class='ocr_line' id='line_1_6' title="bbox 278 1759 1892 1831; baseline 0.002 -18"><span class='ocrx_word' id='word_1_35' title='bbox 278 1808 281 1831; x_wconf 38' lang='lat'><strong>,</strong></span> <span class='ocrx_word' id='word_1_36' title='bbox 318 1759 430 1813; x_wconf 90' lang='lat' dir='ltr'><strong>lum</strong></span> <span class='ocrx_word' id='word_1_37' title='bbox 452 1761 629 1815; x_wconf 63' lang='lat' dir='ltr'><strong>saeculi</strong></span> <span class='ocrx_word' id='word_1_38' title='bbox 659 1761 929 1831; x_wconf 78' lang='lat' dir='ltr'><strong>psallere?</strong></span> <span class='ocrx_word' id='word_1_39' title='bbox 952 1762 1028 1814; x_wconf 93' lang='lat' dir='ltr'><strong>vis</strong></span> <span class='ocrx_word' id='word_1_40' title='bbox 1059 1762 1109 1814; x_wconf 89' lang='lat' dir='ltr'><strong>in</strong></span> <span class='ocrx_word' id='word_1_41' title='bbox 1140 1771 1395 1816; x_wconf 63' lang='lat' dir='ltr'><strong>aeternum</strong></span> <span class='ocrx_word' id='word_1_42' title='bbox 1417 1760 1681 1830; x_wconf 88' lang='lat' dir='ltr'><strong>psallere?</strong></span> <span class='ocrx_word' id='word_1_43' title='bbox 1713 1760 1892 1816; x_wconf 82' lang='lat' dir='ltr'><strong>Redde</strong></span> 
     </span>
    </p>
   </div>
   <div class='ocr_carea' id='block_1_7' title="bbox 270 1820 1889 1929">
    <p class='ocr_par' dir='ltr' id='par_1_7' title="bbox 270 1820 1889 1929">
     <span class='ocr_line' id='line_1_7' title="bbox 270 1820 1889 1929; baseline 0 -26"><span class='ocrx_word' id='word_1_44' title='bbox 270 1820 297 1929; x_wconf 34' lang='grc' dir='ltr'><strong>τί.</strong></span> <span class='ocrx_word' id='word_1_45' title='bbox 314 1850 367 1904; x_wconf 88' lang='lat' dir='ltr'><strong>ei</strong></span> <span class='ocrx_word' id='word_1_46' title='bbox 398 1860 512 1904; x_wconf 88' lang='lat' dir='ltr'><strong>vota</strong></span> <span class='ocrx_word' id='word_1_47' title='bbox 545 1860 630 1905; x_wconf 93' lang='lat' dir='ltr'><strong>tua</strong></span> <span class='ocrx_word' id='word_1_48' title='bbox 657 1820 724 1906; x_wconf 76' lang='lat' dir='ltr'><strong>de</strong></span> <span class='ocrx_word' id='word_1_49' title='bbox 767 1851 852 1906; x_wconf 90' lang='lat' dir='ltr'><strong>die</strong></span> <span class='ocrx_word' id='word_1_50' title='bbox 884 1850 934 1905; x_wconf 93' lang='lat' dir='ltr'><strong>iu</strong></span> <span class='ocrx_word' id='word_1_51' title='bbox 965 1851 1124 1905; x_wconf 90' lang='lat' dir='ltr'><strong>diem.</strong></span> <span class='ocrx_word' id='word_1_52' title='bbox 1158 1851 1293 1918; x_wconf 86' lang='lat' dir='ltr'><strong>Quid</strong></span> <span class='ocrx_word' id='word_1_53' title='bbox 1337 1860 1437 1913; x_wconf 89' lang='lat' dir='ltr'><strong>est,</strong></span> <span class='ocrx_word' id='word_1_54' title='bbox 1485 1849 1648 1905; x_wconf 92' lang='lat' dir='ltr'><strong>redde</strong></span> <span class='ocrx_word' id='word_1_55' title='bbox 1693 1850 1742 1905; x_wconf 88' lang='lat' dir='ltr'><strong>ei</strong></span> <span class='ocrx_word' id='word_1_56' title='bbox 1771 1858 1889 1904; x_wconf 87' lang='lat' dir='ltr'><strong>vota</strong></span> 
     </span>
    </p>
   </div>
   <div class='ocr_carea' id='block_1_8' title="bbox 269 1940 1887 1996">
    <p class='ocr_par' dir='ltr' id='par_1_8' title="bbox 269 1940 1887 1996">
     <span class='ocr_line' id='line_1_8' title="bbox 269 1940 1887 1996; baseline 0.001 -1"><span class='ocrx_word' id='word_1_57' title='bbox 269 1988 272 1995; x_wconf 45' lang='grc' dir='ltr'>λ</span> <span class='ocrx_word' id='word_1_58' title='bbox 313 1948 400 1994; x_wconf 90' lang='lat' dir='ltr'><strong>tua</strong></span> <span class='ocrx_word' id='word_1_59' title='bbox 422 1940 489 1995; x_wconf 92' lang='lat' dir='ltr'><strong>de</strong></span> <span class='ocrx_word' id='word_1_60' title='bbox 514 1940 598 1994; x_wconf 91' lang='lat' dir='ltr'><strong>die</strong></span> <span class='ocrx_word' id='word_1_61' title='bbox 627 1942 678 1994; x_wconf 92' lang='lat' dir='ltr'><strong>in</strong></span> <span class='ocrx_word' id='word_1_62' title='bbox 707 1941 887 1996; x_wconf 85' lang='lat' dir='ltr'><strong>diem?</strong></span> <span class='ocrx_word' id='word_1_63' title='bbox 918 1941 990 1995; x_wconf 90' lang='lat' dir='ltr'><strong>De</strong></span> <span class='ocrx_word' id='word_1_64' title='bbox 1018 1940 1100 1995; x_wconf 89' lang='lat' dir='ltr'><strong>die</strong></span> <span class='ocrx_word' id='word_1_65' title='bbox 1131 1941 1230 1994; x_wconf 90' lang='lat' dir='ltr'><strong>isto</strong></span> <span class='ocrx_word' id='word_1_66' title='bbox 1258 1942 1307 1994; x_wconf 91' lang='lat' dir='ltr'><strong>iu</strong></span> <span class='ocrx_word' id='word_1_67' title='bbox 1335 1940 1479 1994; x_wconf 91' lang='lat' dir='ltr'><strong>illum</strong></span> <span class='ocrx_word' id='word_1_68' title='bbox 1504 1941 1660 1995; x_wconf 90' lang='lat' dir='ltr'><strong>diem.</strong></span> <span class='ocrx_word' id='word_1_69' title='bbox 1694 1942 1887 1996; x_wconf 86' lang='lat' dir='ltr'><strong>Perse-</strong></span> 
     </span>
    </p>
   </div>
   <div class='ocr_carea' id='block_1_9' title="bbox 269 2014 1885 2098">
    <p class='ocr_par' dir='ltr' id='par_1_9' title="bbox 269 2014 1885 2098">
     <span class='ocr_line' id='line_1_9' title="bbox 269 2014 1885 2098; baseline -0.004 -4"><span class='ocrx_word' id='word_1_70' title='bbox 269 2014 279 2094; x_wconf 57' lang='grc' dir='ltr'><strong>ι</strong></span> <span class='ocrx_word' id='word_1_71' title='bbox 310 2048 440 2089; x_wconf 87' lang='lat' dir='ltr'><strong>vera</strong></span> <span class='ocrx_word' id='word_1_72' title='bbox 469 2034 691 2089; x_wconf 90' lang='lat' dir='ltr'><strong>reddere</strong></span> <span class='ocrx_word' id='word_1_73' title='bbox 719 2042 838 2088; x_wconf 89' lang='lat' dir='ltr'><strong>vota</strong></span> <span class='ocrx_word' id='word_1_74' title='bbox 870 2034 923 2087; x_wconf 91' lang='lat' dir='ltr'><strong>in</strong></span> <span class='ocrx_word' id='word_1_75' title='bbox 960 2033 1061 2089; x_wconf 89' lang='lat' dir='ltr'><strong>isto</strong></span> <span class='ocrx_word' id='word_1_76' title='bbox 1091 2033 1198 2098; x_wconf 90' lang='lat' dir='ltr'><strong>die,</strong></span> <span class='ocrx_word' id='word_1_77' title='bbox 1226 2033 1397 2087; x_wconf 92' lang='lat' dir='ltr'><strong>donec</strong></span> <span class='ocrx_word' id='word_1_78' title='bbox 1422 2034 1604 2088; x_wconf 79' lang='lat' dir='ltr'><strong>venias</strong></span> <span class='ocrx_word' id='word_1_79' title='bbox 1642 2032 1707 2086; x_wconf 91' lang='lat' dir='ltr'><strong>ad</strong></span> <span class='ocrx_word' id='word_1_80' title='bbox 1737 2033 1885 2087; x_wconf 91' lang='lat' dir='ltr'><strong>illum</strong></span> 
     </span>
    </p>
   </div>
   <div class='ocr_carea' id='block_1_10' title="bbox 267 2104 1886 2195">
    <p class='ocr_par' dir='ltr' id='par_1_10' title="bbox 267 2104 1886 2195">
     <span class='ocr_line' id='line_1_10' title="bbox 267 2104 1886 2195; baseline -0.002 -16"><span class='ocrx_word' id='word_1_81' title='bbox 267 2104 277 2189; x_wconf 49' lang='grc' dir='ltr'><em>ξ</em></span> <span class='ocrx_word' id='word_1_82' title='bbox 306 2124 449 2179; x_wconf 86' lang='lat' dir='ltr'><strong>diem</strong></span> <span class='ocrx_word' id='word_1_83' title='bbox 480 2143 494 2181; x_wconf 90' lang='lat'><strong>:</strong></span> <span class='ocrx_word' id='word_1_84' title='bbox 524 2125 627 2181; x_wconf 88' lang='lat' dir='ltr'><strong>hoc</strong></span> <span class='ocrx_word' id='word_1_85' title='bbox 651 2133 753 2191; x_wconf 85' lang='lat' dir='ltr'><strong>est,</strong></span> <span class='ocrx_word' id='word_1_86' title='bbox 788 2126 886 2193; x_wconf 88' lang='lat' dir='ltr'><strong>Qui</strong></span> <span class='ocrx_word' id='word_1_87' title='bbox 915 2126 1294 2195; x_wconf 84' lang='lat' dir='ltr'><strong>perseveraverit</strong></span> <span class='ocrx_word' id='word_1_88' title='bbox 1334 2141 1487 2195; x_wconf 90' lang='lat' dir='ltr'><strong>usque</strong></span> <span class='ocrx_word' id='word_1_89' title='bbox 1508 2125 1559 2178; x_wconf 89' lang='lat' dir='ltr'><strong>in</strong></span> <span class='ocrx_word' id='word_1_90' title='bbox 1586 2125 1757 2194; x_wconf 75' lang='lat' dir='ltr'><strong>ﬁnem,</strong></span> <span class='ocrx_word' id='word_1_91' title='bbox 1802 2124 1886 2177; x_wconf 85' lang='lat' dir='ltr'><strong>ltic</strong></span> 
     </span>
    </p>
   </div>
   <div class='ocr_carea' id='block_1_11' title="bbox 304 2217 613 2272">
    <p class='ocr_par' dir='ltr' id='par_1_11' title="bbox 304 2217 613 2272">
     <span class='ocr_line' id='line_1_11' title="bbox 304 2217 613 2272; baseline 0 -2"><span class='ocrx_word' id='word_1_92' title='bbox 304 2217 472 2272; x_wconf 73' lang='lat' dir='ltr'><strong>salvus</strong></span> <span class='ocrx_word' id='word_1_93' title='bbox 500 2217 613 2270; x_wconf 88' lang='lat' dir='ltr'><strong>erit.</strong></span> 
     </span>
    </p>
   </div>
   <div class='ocr_carea' id='block_1_12' title="bbox 732 2426 1415 2489">
    <p class='ocr_par' dir='ltr' id='par_1_12' title="bbox 732 2426 1415 2489">
     <span class='ocr_line' id='line_1_12' title="bbox 732 2426 1415 2489; baseline 0.001 -2"><span class='ocrx_word' id='word_1_94' title='bbox 732 2426 811 2487; x_wconf 93' lang='lat' dir='ltr'><strong>IN</strong></span> <span class='ocrx_word' id='word_1_95' title='bbox 855 2426 1232 2489; x_wconf 86' lang='lat' dir='ltr'><strong>PSALMUM</strong></span> <span class='ocrx_word' id='word_1_96' title='bbox 1275 2427 1415 2488; x_wconf 80' lang='lat' dir='ltr'><strong>LXI</strong></span> 
     </span>
    </p>
   </div>
   <div class='ocr_carea' id='block_1_13' title="bbox 864 2527 1280 2582">
    <p class='ocr_par' dir='ltr' id='par_1_13' title="bbox 864 2527 1280 2582">
     <span class='ocr_line' id='line_1_13' title="bbox 864 2527 1280 2582; baseline -0.002 0"><span class='ocrx_word' id='word_1_97' title='bbox 864 2527 1280 2582; x_wconf 76' lang='lat' dir='ltr'><strong>ENARRATIO.</strong></span> 
     </span>
    </p>
   </div>
   <div class='ocr_carea' id='block_1_14' title="bbox 786 2634 1323 2674">
    <p class='ocr_par' dir='ltr' id='par_1_14' title="bbox 786 2634 1323 2674">
     <span class='ocr_line' id='line_1_14' title="bbox 786 2634 1323 2674; baseline -0.004 0"><span class='ocrx_word' id='word_1_98' title='bbox 786 2634 957 2674; x_wconf 77' lang='lat' dir='ltr'><strong>SERIIO</strong></span> <span class='ocrx_word' id='word_1_99' title='bbox 992 2635 1060 2673; x_wconf 72' lang='lat' dir='ltr'><strong>AD</strong></span> <span class='ocrx_word' id='word_1_100' title='bbox 1099 2634 1323 2674; x_wconf 70' lang='grc' dir='ltr'>νιειιειι.</span> 
     </span>
    </p>
   </div>
   <div class='ocr_carea' id='block_1_15' title="bbox 369 2710 1874 2784">
    <p class='ocr_par' dir='ltr' id='par_1_15' title="bbox 369 2710 1874 2784">
     <span class='ocr_line' id='line_1_15' title="bbox 369 2710 1874 2784; baseline 0.002 -15"><span class='ocrx_word' id='word_1_101' title='bbox 369 2712 422 2769; x_wconf 75' lang='grc'><strong>1.</strong></span> <span class='ocrx_word' id='word_1_102' title='bbox 456 2711 606 2784; x_wconf 75' lang='grc' dir='ltr'><strong>[υεη.</strong></span> <span class='ocrx_word' id='word_1_103' title='bbox 639 2710 714 2784; x_wconf 78' lang='grc'><strong>1.]</strong></span> <span class='ocrx_word' id='word_1_104' title='bbox 758 2711 1051 2767; x_wconf 81' lang='lat' dir='ltr'><strong>Delectatio</strong></span> <span class='ocrx_word' id='word_1_105' title='bbox 1078 2711 1375 2766; x_wconf 87' lang='lat' dir='ltr'><strong>divinorum</strong></span> <span class='ocrx_word' id='word_1_106' title='bbox 1414 2712 1740 2783; x_wconf 89' lang='lat' dir='ltr'><strong>eloquiorum</strong></span> <span class='ocrx_word' id='word_1_107' title='bbox 1769 2756 1785 2782; x_wconf 89' lang='lat'><strong>,</strong></span> <span class='ocrx_word' id='word_1_108' title='bbox 1820 2725 1874 2772; x_wconf 90' lang='lat' dir='ltr'><strong>et</strong></span> 
     </span>
    </p>
   </div>
   <div class='ocr_carea' id='block_1_16' title="bbox 293 2800 1872 2875">
    <p class='ocr_par' dir='ltr' id='par_1_16' title="bbox 293 2800 1872 2875">
     <span class='ocr_line' id='line_1_16' title="bbox 293 2800 1872 2875; baseline 0.003 -19"><span class='ocrx_word' id='word_1_109' title='bbox 293 2801 522 2857; x_wconf 83' lang='lat' dir='ltr'><strong>dulcedo</strong></span> <span class='ocrx_word' id='word_1_110' title='bbox 547 2801 867 2871; x_wconf 86' lang='lat' dir='ltr'><strong>intelligendi</strong></span> <span class='ocrx_word' id='word_1_111' title='bbox 898 2801 1041 2856; x_wconf 88' lang='lat' dir='ltr'><strong>verbi</strong></span> <span class='ocrx_word' id='word_1_112' title='bbox 1075 2800 1187 2867; x_wconf 90' lang='lat' dir='ltr'><strong>Dei,</strong></span> <span class='ocrx_word' id='word_1_113' title='bbox 1217 2801 1499 2871; x_wconf 89' lang='lat' dir='ltr'><strong>adjuvante</strong></span> <span class='ocrx_word' id='word_1_114' title='bbox 1526 2804 1640 2874; x_wconf 91' lang='lat' dir='ltr'><strong>ipso</strong></span> <span class='ocrx_word' id='word_1_115' title='bbox 1665 2806 1751 2875; x_wconf 89' lang='lat' dir='ltr'><strong>qui</strong></span> <span class='ocrx_word' id='word_1_116' title='bbox 1781 2806 1872 2861; x_wconf 89' lang='lat' dir='ltr'><strong>dat</strong></span> 
     </span>
    </p>
   </div>
   <div class='ocr_carea' id='block_1_17' title="bbox 290 2892 1868 2967">
    <p class='ocr_par' dir='ltr' id='par_1_17' title="bbox 290 2892 1868 2967">
     <span class='ocr_line' id='line_1_17' title="bbox 290 2892 1868 2967; baseline 0.004 -21"><span class='ocrx_word' id='word_1_117' title='bbox 290 2894 605 2948; x_wconf 89' lang='lat' dir='ltr'><strong>suavitatem</strong></span> <span class='ocrx_word' id='word_1_118' title='bbox 625 2933 641 2958; x_wconf 91' lang='lat'><strong>,</strong></span> <span class='ocrx_word' id='word_1_119' title='bbox 688 2900 747 2947; x_wconf 91' lang='lat' dir='ltr'><strong>ut</strong></span> <span class='ocrx_word' id='word_1_120' title='bbox 775 2900 912 2947; x_wconf 91' lang='lat' dir='ltr'><strong>terra</strong></span> <span class='ocrx_word' id='word_1_121' title='bbox 939 2902 1121 2947; x_wconf 91' lang='lat' dir='ltr'><strong>nostra</strong></span> <span class='ocrx_word' id='word_1_122' title='bbox 1146 2892 1235 2947; x_wconf 89' lang='lat' dir='ltr'><strong>det</strong></span> <span class='ocrx_word' id='word_1_123' title='bbox 1266 2893 1486 2948; x_wconf 81' lang='lat' dir='ltr'><strong>fructum</strong></span> <span class='ocrx_word' id='word_1_124' title='bbox 1514 2911 1666 2950; x_wconf 92' lang='lat' dir='ltr'><strong>suum</strong></span> <span class='ocrx_word' id='word_1_125' title='bbox 1694 2897 1868 2967; x_wconf 88' lang='lat' dir='ltr'><strong>(Psal.</strong></span> 
     </span>
    </p>
   </div>
   <div class='ocr_carea' id='block_1_18' title="bbox 291 2984 1866 3057">
    <p class='ocr_par' dir='ltr' id='par_1_18' title="bbox 291 2984 1866 3057">
     <span class='ocr_line' id='line_1_18' title="bbox 291 2984 1866 3057; baseline 0.001 -16"><span class='ocrx_word' id='word_1_126' title='bbox 291 3001 510 3051; x_wconf 77' lang='lat' dir='ltr'><strong>Lxxnv,</strong></span> <span class='ocrx_word' id='word_1_127' title='bbox 542 2986 655 3057; x_wconf 79' lang='lat' dir='ltr'><strong>l5),</strong></span> <span class='ocrx_word' id='word_1_128' title='bbox 687 2993 741 3040; x_wconf 90' lang='lat' dir='ltr'><strong>et</strong></span> <span class='ocrx_word' id='word_1_129' title='bbox 765 3000 864 3039; x_wconf 91' lang='lat' dir='ltr'><strong>nos</strong></span> <span class='ocrx_word' id='word_1_130' title='bbox 888 2984 955 3039; x_wconf 89' lang='lat' dir='ltr'><strong>ad</strong></span> <span class='ocrx_word' id='word_1_131' title='bbox 986 2986 1303 3053; x_wconf 90' lang='lat' dir='ltr'><strong>loquendum</strong></span> <span class='ocrx_word' id='word_1_132' title='bbox 1324 3026 1340 3050; x_wconf 89' lang='lat'><strong>,</strong></span> <span class='ocrx_word' id='word_1_133' title='bbox 1367 2995 1421 3041; x_wconf 88' lang='lat' dir='ltr'><strong>et</strong></span> <span class='ocrx_word' id='word_1_134' title='bbox 1445 3003 1537 3041; x_wconf 91' lang='lat' dir='ltr'><strong>vos</strong></span> <span class='ocrx_word' id='word_1_135' title='bbox 1556 2988 1623 3041; x_wconf 91' lang='lat' dir='ltr'><strong>ad</strong></span> <span class='ocrx_word' id='word_1_136' title='bbox 1644 2989 1866 3045; x_wconf 84' lang='lat' dir='ltr'><strong>audien-</strong></span> 
     </span>
    </p>
   </div>
   <div class='ocr_carea' id='block_1_19' title="bbox 288 3076 1867 3145">
    <p class='ocr_par' dir='ltr' id='par_1_19' title="bbox 288 3076 1867 3145">
     <span class='ocr_line' id='line_1_19' title="bbox 288 3076 1867 3145; baseline 0.003 -13"><span class='ocrx_word' id='word_1_137' title='bbox 288 3079 416 3133; x_wconf 91' lang='lat' dir='ltr'><strong>dum</strong></span> <span class='ocrx_word' id='word_1_138' title='bbox 438 3078 766 3132; x_wconf 74' lang='lat' dir='ltr'><strong>exhortatur.</strong></span> <span class='ocrx_word' id='word_1_139' title='bbox 818 3077 985 3131; x_wconf 82' lang='lat' dir='ltr'><strong>Video</strong></span> <span class='ocrx_word' id='word_1_140' title='bbox 1026 3092 1121 3131; x_wconf 89' lang='lat' dir='ltr'><strong>vos</strong></span> <span class='ocrx_word' id='word_1_141' title='bbox 1160 3078 1275 3131; x_wconf 86' lang='lat' dir='ltr'><strong>sine</strong></span> <span class='ocrx_word' id='word_1_142' title='bbox 1319 3076 1530 3132; x_wconf 82' lang='lat' dir='ltr'><strong>fastidio</strong></span> <span class='ocrx_word' id='word_1_143' title='bbox 1557 3079 1740 3134; x_wconf 90' lang='lat' dir='ltr'><strong>audire</strong></span> <span class='ocrx_word' id='word_1_144' title='bbox 1764 3121 1778 3145; x_wconf 96' lang='lat'><strong>,</strong></span> <span class='ocrx_word' id='word_1_145' title='bbox 1813 3090 1867 3136; x_wconf 91' lang='lat' dir='ltr'><strong>et</strong></span> 
     </span>
    </p>
   </div>
   <div class='ocr_carea' id='block_1_20' title="bbox 286 3167 1866 3239">
    <p class='ocr_par' dir='ltr' id='par_1_20' title="bbox 286 3167 1866 3239">
     <span class='ocr_line' id='line_1_20' title="bbox 286 3167 1866 3239; baseline 0.005 -19"><span class='ocrx_word' id='word_1_146' title='bbox 286 3168 493 3239; x_wconf 82' lang='lat' dir='ltr'><strong>gaudeo</strong></span> <span class='ocrx_word' id='word_1_147' title='bbox 519 3168 694 3238; x_wconf 81' lang='lat' dir='ltr'><strong>palato</strong></span> <span class='ocrx_word' id='word_1_148' title='bbox 721 3167 895 3223; x_wconf 88' lang='lat' dir='ltr'><strong>cordis</strong></span> <span class='ocrx_word' id='word_1_149' title='bbox 920 3168 1101 3234; x_wconf 90' lang='lat' dir='ltr'><strong>vestri,</strong></span> <span class='ocrx_word' id='word_1_150' title='bbox 1132 3182 1161 3220; x_wconf 90' lang='lat' dir='ltr'><strong>a</strong></span> <span class='ocrx_word' id='word_1_151' title='bbox 1183 3182 1287 3238; x_wconf 93' lang='lat' dir='ltr'><strong>quo</strong></span> <span class='ocrx_word' id='word_1_152' title='bbox 1309 3168 1358 3222; x_wconf 90' lang='lat' dir='ltr'><strong>id</strong></span> <span class='ocrx_word' id='word_1_153' title='bbox 1380 3168 1519 3239; x_wconf 86' lang='lat' dir='ltr'><strong>quod</strong></span> <span class='ocrx_word' id='word_1_154' title='bbox 1544 3168 1754 3227; x_wconf 87' lang='lat' dir='ltr'><strong>salubre</strong></span> <span class='ocrx_word' id='word_1_155' title='bbox 1782 3182 1866 3228; x_wconf 90' lang='lat' dir='ltr'><strong>est</strong></span> 
     </span>
    </p>
   </div>
   <div class='ocr_carea' id='block_1_21' title="bbox 284 3258 1861 3330">
    <p class='ocr_par' dir='ltr' id='par_1_21' title="bbox 284 3258 1861 3330">
     <span class='ocr_line' id='line_1_21' title="bbox 284 3258 1861 3330; baseline 0.001 -14"><span class='ocrx_word' id='word_1_156' title='bbox 284 3276 394 3316; x_wconf 87' lang='lat' dir='ltr'><strong>non</strong></span> <span class='ocrx_word' id='word_1_157' title='bbox 424 3261 709 3330; x_wconf 86' lang='lat' dir='ltr'><strong>respuitur,</strong></span> <span class='ocrx_word' id='word_1_158' title='bbox 732 3259 825 3315; x_wconf 89' lang='lat' dir='ltr'><strong>sed</strong></span> <span class='ocrx_word' id='word_1_159' title='bbox 854 3274 975 3314; x_wconf 91' lang='lat' dir='ltr'><strong>eum</strong></span> <span class='ocrx_word' id='word_1_160' title='bbox 1001 3258 1253 3315; x_wconf 84' lang='lat' dir='ltr'><strong>aviditate</strong></span> <span class='ocrx_word' id='word_1_161' title='bbox 1280 3260 1567 3329; x_wconf 86' lang='lat' dir='ltr'><strong>percipitur</strong></span> <span class='ocrx_word' id='word_1_162' title='bbox 1587 3301 1603 3327; x_wconf 93' lang='lat'><strong>,</strong></span> <span class='ocrx_word' id='word_1_163' title='bbox 1635 3271 1689 3317; x_wconf 92' lang='lat' dir='ltr'><strong>et</strong></span> <span class='ocrx_word' id='word_1_164' title='bbox 1717 3262 1861 3318; x_wconf 90' lang='lat' dir='ltr'><strong>utili-</strong></span> 
     </span>
    </p>
   </div>
   <div class='ocr_carea' id='block_1_22' title="bbox 284 3351 1863 3424">
    <p class='ocr_par' dir='ltr' id='par_1_22' title="bbox 284 3351 1863 3424">
     <span class='ocr_line' id='line_1_22' title="bbox 284 3351 1863 3424; baseline 0.001 -17"><span class='ocrx_word' id='word_1_165' title='bbox 284 3364 369 3408; x_wconf 92' lang='lat' dir='ltr'><strong>ter</strong></span> <span class='ocrx_word' id='word_1_166' title='bbox 395 3353 712 3407; x_wconf 90' lang='lat' dir='ltr'><strong>continetur.</strong></span> <span class='ocrx_word' id='word_1_167' title='bbox 760 3351 1063 3420; x_wconf 91' lang='lat' dir='ltr'><strong>Loquamur</strong></span> <span class='ocrx_word' id='word_1_168' title='bbox 1081 3366 1208 3421; x_wconf 84' lang='lat' dir='ltr'><strong>ergo</strong></span> <span class='ocrx_word' id='word_1_169' title='bbox 1236 3351 1384 3406; x_wconf 92' lang='lat' dir='ltr'><strong>vobis</strong></span> <span class='ocrx_word' id='word_1_170' title='bbox 1410 3361 1463 3406; x_wconf 92' lang='lat' dir='ltr'><strong>et</strong></span> <span class='ocrx_word' id='word_1_171' title='bbox 1488 3351 1668 3418; x_wconf 85' lang='lat' dir='ltr'><strong>hodie,</strong></span> <span class='ocrx_word' id='word_1_172' title='bbox 1694 3369 1863 3424; x_wconf 85' lang='lat' dir='ltr'><strong>quan-</strong></span> 
     </span>
    </p>
   </div>
   <div class='ocr_carea' id='block_1_23' title="bbox 282 3442 1860 3513">
    <p class='ocr_par' dir='ltr' id='par_1_23' title="bbox 282 3442 1860 3513">
     <span class='ocr_line' id='line_1_23' title="bbox 282 3442 1860 3513; baseline 0.001 -15"><span class='ocrx_word' id='word_1_173' title='bbox 282 3456 394 3499; x_wconf 90' lang='lat' dir='ltr'><strong>tum</strong></span> <span class='ocrx_word' id='word_1_174' title='bbox 415 3444 667 3498; x_wconf 88' lang='lat' dir='ltr'><strong>Dominus</strong></span> <span class='ocrx_word' id='word_1_175' title='bbox 693 3443 881 3508; x_wconf 89' lang='lat' dir='ltr'><strong>donat,</strong></span> <span class='ocrx_word' id='word_1_176' title='bbox 912 3442 980 3497; x_wconf 91' lang='lat' dir='ltr'><strong>de</strong></span> <span class='ocrx_word' id='word_1_177' title='bbox 1008 3443 1109 3497; x_wconf 87' lang='lat' dir='ltr'><strong>isto</strong></span> <span class='ocrx_word' id='word_1_178' title='bbox 1131 3443 1335 3512; x_wconf 83' lang='lat' dir='ltr'><strong>psalmo</strong></span> <span class='ocrx_word' id='word_1_179' title='bbox 1361 3458 1519 3513; x_wconf 88' lang='lat' dir='ltr'><strong>quem</strong></span> <span class='ocrx_word' id='word_1_180' title='bbox 1551 3444 1707 3499; x_wconf 89' lang='lat' dir='ltr'><strong>modo</strong></span> <span class='ocrx_word' id='word_1_181' title='bbox 1734 3460 1860 3500; x_wconf 86' lang='lat' dir='ltr'><strong>can-</strong></span> 
     </span>
    </p>
   </div>
   <div class='ocr_carea' id='block_1_24' title="bbox 282 3533 1862 3605">
    <p class='ocr_par' dir='ltr' id='par_1_24' title="bbox 282 3533 1862 3605">
     <span class='ocr_line' id='line_1_24' title="bbox 282 3533 1862 3605; baseline 0.001 -14"><span class='ocrx_word' id='word_1_182' title='bbox 282 3539 529 3591; x_wconf 85' lang='lat' dir='ltr'><strong>tavitnus.</strong></span> <span class='ocrx_word' id='word_1_183' title='bbox 561 3535 764 3590; x_wconf 83' lang='lat' dir='ltr'><strong>Titulus</strong></span> <span class='ocrx_word' id='word_1_184' title='bbox 788 3536 901 3604; x_wconf 89' lang='lat' dir='ltr'><strong>ejus</strong></span> <span class='ocrx_word' id='word_1_185' title='bbox 918 3534 1099 3599; x_wconf 63' lang='lat' dir='ltr'><strong>esuln</strong></span> <span class='ocrx_word' id='word_1_186' title='bbox 1117 3535 1271 3602; x_wconf 82' lang='lat' dir='ltr'><strong>[inem</strong></span> <span class='ocrx_word' id='word_1_187' title='bbox 1290 3576 1305 3601; x_wconf 95' lang='lat'><strong>,</strong></span> <span class='ocrx_word' id='word_1_188' title='bbox 1333 3551 1426 3605; x_wconf 88' lang='lat' dir='ltr'><strong>pro</strong></span> <span class='ocrx_word' id='word_1_189' title='bbox 1445 3533 1676 3602; x_wconf 85' lang='lat' dir='ltr'><strong>ldithun,</strong></span> <span class='ocrx_word' id='word_1_190' title='bbox 1711 3535 1862 3593; x_wconf 84' lang='lat' dir='ltr'><strong>Psal-</strong></span> 
     </span>
    </p>
   </div>
   <div class='ocr_carea' id='block_1_25' title="bbox 278 3625 1858 3698">
    <p class='ocr_par' dir='ltr' id='par_1_25' title="bbox 278 3625 1858 3698">
     <span class='ocr_line' id='line_1_25' title="bbox 278 3625 1858 3698; baseline 0.003 -18"><span class='ocrx_word' id='word_1_191' title='bbox 278 3645 393 3681; x_wconf 84' lang='lat' dir='ltr'><strong>mus</strong></span> <span class='ocrx_word' id='word_1_192' title='bbox 422 3628 520 3698; x_wconf 90' lang='lat' dir='ltr'><strong>ipsi</strong></span> <span class='ocrx_word' id='word_1_193' title='bbox 543 3626 734 3680; x_wconf 85' lang='lat' dir='ltr'><strong>David.</strong></span> <span class='ocrx_word' id='word_1_194' title='bbox 783 3626 899 3681; x_wconf 84' lang='lat' dir='ltr'><strong>Jam</strong></span> <span class='ocrx_word' id='word_1_195' title='bbox 940 3625 1088 3680; x_wconf 89' lang='lat' dir='ltr'><strong>vobis</strong></span> <span class='ocrx_word' id='word_1_196' title='bbox 1130 3626 1452 3681; x_wconf 89' lang='lat' dir='ltr'><strong>insinuatum</strong></span> <span class='ocrx_word' id='word_1_197' title='bbox 1486 3642 1606 3683; x_wconf 89' lang='lat' dir='ltr'><strong>esse</strong></span> <span class='ocrx_word' id='word_1_198' title='bbox 1633 3629 1758 3698; x_wconf 90' lang='lat' dir='ltr'><strong>quid</strong></span> <span class='ocrx_word' id='word_1_199' title='bbox 1788 3630 1858 3684; x_wconf 89' lang='lat' dir='ltr'><strong>sit</strong></span> 
     </span>
    </p>
   </div>
   <div class='ocr_carea' id='block_1_26' title="bbox 280 3718 1853 3789">
    <p class='ocr_par' dir='ltr' id='par_1_26' title="bbox 280 3718 1853 3789">
     <span class='ocr_line' id='line_1_26' title="bbox 280 3718 1853 3789; baseline 0.003 -18"><span class='ocrx_word' id='word_1_200' title='bbox 280 3720 490 3773; x_wconf 76' lang='lat' dir='ltr'><strong>ldithun</strong></span> <span class='ocrx_word' id='word_1_201' title='bbox 514 3760 528 3784; x_wconf 93' lang='lat'><strong>,</strong></span> <span class='ocrx_word' id='word_1_202' title='bbox 562 3718 741 3773; x_wconf 91' lang='lat' dir='ltr'><strong>recolo</strong></span> <span class='ocrx_word' id='word_1_203' title='bbox 776 3718 967 3789; x_wconf 80' lang='lat' dir='ltr'><strong>(a).Ex</strong></span> <span class='ocrx_word' id='word_1_204' title='bbox 992 3718 1427 3786; x_wconf 89' lang='lat' dir='ltr'><strong>interpretatione</strong></span> <span class='ocrx_word' id='word_1_205' title='bbox 1455 3720 1596 3773; x_wconf 90' lang='lat' dir='ltr'><strong>enim</strong></span> <span class='ocrx_word' id='word_1_206' title='bbox 1628 3719 1853 3777; x_wconf 69' lang='lat' dir='ltr'><strong>hebraaze</strong></span> 
     </span>
    </p>
   </div>
   <div class='ocr_carea' id='block_1_27' title="bbox 277 3809 1855 3880">
    <p class='ocr_par' dir='ltr' id='par_1_27' title="bbox 277 3809 1855 3880">
     <span class='ocr_line' id='line_1_27' title="bbox 277 3809 1855 3880; baseline 0.002 -16"><span class='ocrx_word' id='word_1_207' title='bbox 277 3811 473 3880; x_wconf 78' lang='lat' dir='ltr'><strong>lingua:</strong></span> <span class='ocrx_word' id='word_1_208' title='bbox 502 3820 559 3864; x_wconf 93' lang='lat' dir='ltr'><strong>ut</strong></span> <span class='ocrx_word' id='word_1_209' title='bbox 578 3809 643 3864; x_wconf 90' lang='lat' dir='ltr'><strong>ad</strong></span> <span class='ocrx_word' id='word_1_210' title='bbox 668 3825 763 3863; x_wconf 91' lang='lat' dir='ltr'><strong>nos</strong></span> <span class='ocrx_word' id='word_1_211' title='bbox 782 3810 1035 3878; x_wconf 88' lang='lat' dir='ltr'><strong>pervenit,</strong></span> <span class='ocrx_word' id='word_1_212' title='bbox 1066 3810 1224 3864; x_wconf 85' lang='lat' dir='ltr'><strong>latine</strong></span> <span class='ocrx_word' id='word_1_213' title='bbox 1243 3810 1436 3865; x_wconf 90' lang='lat' dir='ltr'><strong>dicitur</strong></span> <span class='ocrx_word' id='word_1_214' title='bbox 1459 3810 1666 3865; x_wconf 91' lang='lat' dir='ltr'><strong>ldithun</strong></span> <span class='ocrx_word' id='word_1_215' title='bbox 1686 3812 1855 3867; x_wconf 87' lang='lat' dir='ltr'><strong>Tran-</strong></span> 
     </span>
    </p>
   </div>
   <div class='ocr_carea' id='block_1_28' title="bbox 274 3901 1846 3971">
    <p class='ocr_par' dir='ltr' id='par_1_28' title="bbox 274 3901 1846 3971">
     <span class='ocr_line' id='line_1_28' title="bbox 274 3901 1846 3971; baseline 0 -14"><span class='ocrx_word' id='word_1_216' title='bbox 274 3904 460 3959; x_wconf 86' lang='lat' dir='ltr'><strong>siliens</strong></span> <span class='ocrx_word' id='word_1_217' title='bbox 487 3917 600 3957; x_wconf 89' lang='lat' dir='ltr'><strong>eos.</strong></span> <span class='ocrx_word' id='word_1_218' title='bbox 652 3901 903 3954; x_wconf 86' lang='lat' dir='ltr'><strong>Transilit</strong></span> <span class='ocrx_word' id='word_1_219' title='bbox 943 3916 1072 3970; x_wconf 83' lang='lat' dir='ltr'><strong>ergo</strong></span> <span class='ocrx_word' id='word_1_220' title='bbox 1115 3902 1214 3956; x_wconf 87' lang='lat' dir='ltr'><strong>iste</strong></span> <span class='ocrx_word' id='word_1_221' title='bbox 1242 3902 1331 3971; x_wconf 90' lang='lat' dir='ltr'><strong>qui</strong></span> <span class='ocrx_word' id='word_1_222' title='bbox 1368 3910 1544 3956; x_wconf 85' lang='lat' dir='ltr'><strong>cantat</strong></span> <span class='ocrx_word' id='word_1_223' title='bbox 1570 3902 1846 3971; x_wconf 89' lang='lat' dir='ltr'><strong>quosdam,</strong></span> 
     </span>
    </p>
   </div>
   <div class='ocr_carea' id='block_1_29' title="bbox 275 3991 1851 4064">
    <p class='ocr_par' dir='ltr' id='par_1_29' title="bbox 275 3991 1851 4064">
     <span class='ocr_line' id='line_1_29' title="bbox 275 3991 1851 4064; baseline 0.001 -16"><span class='ocrx_word' id='word_1_224' title='bbox 275 4009 413 4064; x_wconf 92' lang='lat' dir='ltr'><strong>quos</strong></span> <span class='ocrx_word' id='word_1_225' title='bbox 441 3992 670 4063; x_wconf 89' lang='lat' dir='ltr'><strong>desuper</strong></span> <span class='ocrx_word' id='word_1_226' title='bbox 697 3991 940 4061; x_wconf 89' lang='lat' dir='ltr'><strong>despicit.</strong></span> <span class='ocrx_word' id='word_1_227' title='bbox 974 3991 1259 4046; x_wconf 79' lang='lat' dir='ltr'><strong>Videamus</strong></span> <span class='ocrx_word' id='word_1_228' title='bbox 1286 4008 1560 4063; x_wconf 89' lang='lat' dir='ltr'><strong>quousque</strong></span> <span class='ocrx_word' id='word_1_229' title='bbox 1584 3995 1851 4051; x_wconf 89' lang='lat' dir='ltr'><strong>transilie-</strong></span> 
     </span>
    </p>
   </div>
   <div class='ocr_carea' id='block_1_30' title="bbox 274 4081 1847 4155">
    <p class='ocr_par' dir='ltr' id='par_1_30' title="bbox 274 4081 1847 4155">
     <span class='ocr_line' id='line_1_30' title="bbox 274 4081 1847 4155; baseline 0.002 -18"><span class='ocrx_word' id='word_1_230' title='bbox 274 4086 381 4147; x_wconf 89' lang='lat' dir='ltr'><strong>rit,</strong></span> <span class='ocrx_word' id='word_1_231' title='bbox 427 4093 483 4139; x_wconf 92' lang='lat' dir='ltr'><strong>et</strong></span> <span class='ocrx_word' id='word_1_232' title='bbox 509 4098 641 4154; x_wconf 94' lang='lat' dir='ltr'><strong>quos</strong></span> <span class='ocrx_word' id='word_1_233' title='bbox 672 4081 1022 4147; x_wconf 88' lang='lat' dir='ltr'><strong>trausilierit,</strong></span> <span class='ocrx_word' id='word_1_234' title='bbox 1075 4090 1129 4137; x_wconf 90' lang='lat' dir='ltr'><strong>et</strong></span> <span class='ocrx_word' id='word_1_235' title='bbox 1176 4082 1261 4136; x_wconf 90' lang='lat' dir='ltr'><strong>ubi</strong></span> <span class='ocrx_word' id='word_1_236' title='bbox 1306 4084 1547 4152; x_wconf 83' lang='lat' dir='ltr'><strong>quamvis</strong></span> <span class='ocrx_word' id='word_1_237' title='bbox 1592 4085 1847 4155; x_wconf 90' lang='lat' dir='ltr'><strong>quosdam</strong></span> 
     </span>
    </p>
   </div>
   <div class='ocr_carea' id='block_1_31' title="bbox 272 4171 1850 4244">
    <p class='ocr_par' dir='ltr' id='par_1_31' title="bbox 272 4171 1850 4244">
     <span class='ocr_line' id='line_1_31' title="bbox 272 4171 1850 4244; baseline 0.003 -16"><span class='ocrx_word' id='word_1_238' title='bbox 272 4174 581 4229; x_wconf 89' lang='lat' dir='ltr'><strong>trausilierit</strong></span> <span class='ocrx_word' id='word_1_239' title='bbox 623 4174 827 4243; x_wconf 90' lang='lat' dir='ltr'><strong>positus</strong></span> <span class='ocrx_word' id='word_1_240' title='bbox 871 4172 939 4227; x_wconf 87' lang='lat' dir='ltr'><strong>sit</strong></span> <span class='ocrx_word' id='word_1_241' title='bbox 972 4191 986 4226; x_wconf 91' lang='lat'>:</span> <span class='ocrx_word' id='word_1_242' title='bbox 1015 4171 1081 4226; x_wconf 91' lang='lat' dir='ltr'><strong>de</strong></span> <span class='ocrx_word' id='word_1_243' title='bbox 1114 4187 1219 4241; x_wconf 92' lang='lat' dir='ltr'><strong>quo</strong></span> <span class='ocrx_word' id='word_1_244' title='bbox 1246 4172 1500 4242; x_wconf 90' lang='lat' dir='ltr'><strong>spirituali</strong></span> <span class='ocrx_word' id='word_1_245' title='bbox 1541 4174 1767 4244; x_wconf 85' lang='lat' dir='ltr'><strong>quodam</strong></span> <span class='ocrx_word' id='word_1_246' title='bbox 1794 4186 1850 4233; x_wconf 90' lang='lat' dir='ltr'><strong>et</strong></span> 
     </span>
    </p>
   </div>
   <div class='ocr_carea' id='block_1_32' title="bbox 219 4265 1845 4339">
    <p class='ocr_par' dir='ltr' id='par_1_32' title="bbox 219 4265 1845 4339">
     <span class='ocr_line' id='line_1_32' title="bbox 219 4265 1845 4339; baseline 0.002 -18"><span class='ocrx_word' id='word_1_247' title='bbox 219 4330 229 4339; x_wconf 27' lang='grc' dir='ltr'><em>υ</em></span> <span class='ocrx_word' id='word_1_248' title='bbox 270 4282 462 4322; x_wconf 88' lang='lat' dir='ltr'><strong>securo</strong></span> <span class='ocrx_word' id='word_1_249' title='bbox 488 4266 605 4320; x_wconf 87' lang='lat' dir='ltr'><strong>loco</strong></span> <span class='ocrx_word' id='word_1_250' title='bbox 640 4266 904 4321; x_wconf 89' lang='lat' dir='ltr'><strong>intueatur</strong></span> <span class='ocrx_word' id='word_1_251' title='bbox 929 4265 1063 4331; x_wconf 88' lang='lat' dir='ltr'><strong>ima;</strong></span> <span class='ocrx_word' id='word_1_252' title='bbox 1095 4281 1199 4319; x_wconf 93' lang='lat' dir='ltr'><strong>non</strong></span> <span class='ocrx_word' id='word_1_253' title='bbox 1230 4266 1298 4320; x_wconf 91' lang='lat' dir='ltr'><strong>ita</strong></span> <span class='ocrx_word' id='word_1_254' title='bbox 1341 4267 1632 4339; x_wconf 87' lang='lat' dir='ltr'><strong>respiciens</strong></span> <span class='ocrx_word' id='word_1_255' title='bbox 1661 4278 1717 4324; x_wconf 94' lang='lat' dir='ltr'><strong>ut</strong></span> <span class='ocrx_word' id='word_1_256' title='bbox 1752 4284 1845 4325; x_wconf 87' lang='lat' dir='ltr'><strong>ca-</strong></span> 
     </span>
    </p>
   </div>
   <div class='ocr_carea' id='block_1_33' title="bbox 220 4350 1844 4432">
    <p class='ocr_par' dir='ltr' id='par_1_33' title="bbox 220 4350 1844 4432">
     <span class='ocr_line' id='line_1_33' title="bbox 220 4350 1844 4432; baseline 0.004 -20"><span class='ocrx_word' id='word_1_257' title='bbox 220 4350 223 4351; x_wconf 44' lang='grc'><strong><em>⁷</em></strong></span> <span class='ocrx_word' id='word_1_258' title='bbox 266 4357 379 4424; x_wconf 89' lang='lat' dir='ltr'><strong>dat,</strong></span> <span class='ocrx_word' id='word_1_259' title='bbox 399 4357 493 4412; x_wconf 92' lang='lat' dir='ltr'><strong>sed</strong></span> <span class='ocrx_word' id='word_1_260' title='bbox 515 4366 571 4411; x_wconf 93' lang='lat' dir='ltr'><strong>ut</strong></span> <span class='ocrx_word' id='word_1_261' title='bbox 596 4366 803 4412; x_wconf 84' lang='lat' dir='ltr'><strong>moveat</strong></span> <span class='ocrx_word' id='word_1_262' title='bbox 820 4358 836 4388; x_wconf 79' lang='grc'>¹</span> <span class='ocrx_word' id='word_1_263' title='bbox 858 4358 944 4428; x_wconf 88' lang='lat' dir='ltr'><strong>qui</strong></span> <span class='ocrx_word' id='word_1_264' title='bbox 963 4359 1241 4414; x_wconf 89' lang='lat' dir='ltr'><strong>transilivit</strong></span> <span class='ocrx_word' id='word_1_265' title='bbox 1266 4360 1441 4430; x_wconf 80' lang='lat' dir='ltr'><strong>pigros</strong></span> <span class='ocrx_word' id='word_1_266' title='bbox 1467 4370 1520 4416; x_wconf 91' lang='lat' dir='ltr'><strong>ut</strong></span> <span class='ocrx_word' id='word_1_267' title='bbox 1535 4372 1844 4432; x_wconf 85' lang='lat' dir='ltr'><strong>sequantur,</strong></span> 
     </span>
    </p>
   </div>
   <div class='ocr_carea' id='block_1_34' title="bbox 266 4449 1842 4523">
    <p class='ocr_par' dir='ltr' id='par_1_34' title="bbox 266 4449 1842 4523">
     <span class='ocr_line' id='line_1_34' title="bbox 266 4449 1842 4523; baseline 0.006 -19"><span class='ocrx_word' id='word_1_268' title='bbox 266 4458 322 4505; x_wconf 87' lang='lat' dir='ltr'><strong>et</strong></span> <span class='ocrx_word' id='word_1_269' title='bbox 346 4449 524 4504; x_wconf 89' lang='lat' dir='ltr'><strong>laudet</strong></span> <span class='ocrx_word' id='word_1_270' title='bbox 562 4449 733 4503; x_wconf 87' lang='lat' dir='ltr'><strong>locum</strong></span> <span class='ocrx_word' id='word_1_271' title='bbox 777 4466 883 4520; x_wconf 92' lang='lat' dir='ltr'><strong>quo</strong></span> <span class='ocrx_word' id='word_1_272' title='bbox 928 4451 1267 4507; x_wconf 88' lang='lat' dir='ltr'><strong>transiliendo</strong></span> <span class='ocrx_word' id='word_1_273' title='bbox 1315 4455 1570 4523; x_wconf 89' lang='lat' dir='ltr'><strong>pervenit.</strong></span> <span class='ocrx_word' id='word_1_274' title='bbox 1602 4455 1673 4510; x_wconf 86' lang='lat' dir='ltr'><strong>Ita</strong></span> <span class='ocrx_word' id='word_1_275' title='bbox 1700 4458 1842 4513; x_wconf 89' lang='lat' dir='ltr'><strong>enim</strong></span> 
     </span>
    </p>
   </div>
   <div class='ocr_carea' id='block_1_35' title="bbox 262 4541 1837 4618">
    <p class='ocr_par' dir='ltr' id='par_1_35' title="bbox 262 4541 1837 4618">
     <span class='ocr_line' id='line_1_35' title="bbox 262 4541 1837 4618; baseline 0.004 -21"><span class='ocrx_word' id='word_1_276' title='bbox 262 4542 370 4597; x_wconf 88' lang='lat' dir='ltr'><strong>iste</strong></span> <span class='ocrx_word' id='word_1_277' title='bbox 412 4541 711 4596; x_wconf 89' lang='lat' dir='ltr'><strong>transiliens</strong></span> <span class='ocrx_word' id='word_1_278' title='bbox 754 4557 914 4611; x_wconf 90' lang='lat' dir='ltr'><strong>super</strong></span> <span class='ocrx_word' id='word_1_279' title='bbox 940 4543 1135 4613; x_wconf 89' lang='lat' dir='ltr'><strong>aliquid</strong></span> <span class='ocrx_word' id='word_1_280' title='bbox 1162 4553 1277 4608; x_wconf 87' lang='lat' dir='ltr'><strong>est,</strong></span> <span class='ocrx_word' id='word_1_281' title='bbox 1320 4553 1375 4599; x_wconf 91' lang='lat' dir='ltr'><strong>ut</strong></span> <span class='ocrx_word' id='word_1_282' title='bbox 1396 4545 1496 4600; x_wconf 85' lang='lat' dir='ltr'><strong>sub</strong></span> <span class='ocrx_word' id='word_1_283' title='bbox 1520 4547 1696 4618; x_wconf 92' lang='lat' dir='ltr'><strong>aliquo</strong></span> <span class='ocrx_word' id='word_1_284' title='bbox 1723 4550 1793 4603; x_wconf 85' lang='lat' dir='ltr'><strong>sit</strong></span> <span class='ocrx_word' id='word_1_285' title='bbox 1823 4567 1837 4604; x_wconf 91' lang='lat'><strong>:</strong></span> 
     </span>
    </p>
   </div>
   <div class='ocr_carea' id='block_1_36' title="bbox 261 4632 1838 4709">
    <p class='ocr_par' dir='ltr' id='par_1_36' title="bbox 261 4632 1838 4709">
     <span class='ocr_line' id='line_1_36' title="bbox 261 4632 1838 4709; baseline 0.005 -22"><span class='ocrx_word' id='word_1_286' title='bbox 261 4633 407 4687; x_wconf 89' lang='lat' dir='ltr'><strong>unde</strong></span> <span class='ocrx_word' id='word_1_287' title='bbox 434 4634 581 4701; x_wconf 88' lang='lat' dir='ltr'><strong>prius</strong></span> <span class='ocrx_word' id='word_1_288' title='bbox 608 4632 758 4687; x_wconf 88' lang='lat' dir='ltr'><strong>nobis</strong></span> <span class='ocrx_word' id='word_1_289' title='bbox 802 4633 1070 4689; x_wconf 89' lang='lat' dir='ltr'><strong>insinuare</strong></span> <span class='ocrx_word' id='word_1_290' title='bbox 1099 4635 1262 4689; x_wconf 91' lang='lat' dir='ltr'><strong>voluit</strong></span> <span class='ocrx_word' id='word_1_291' title='bbox 1302 4637 1400 4691; x_wconf 90' lang='lat' dir='ltr'><strong>sub</strong></span> <span class='ocrx_word' id='word_1_292' title='bbox 1427 4652 1533 4706; x_wconf 91' lang='lat' dir='ltr'><strong>quo</strong></span> <span class='ocrx_word' id='word_1_293' title='bbox 1582 4648 1724 4694; x_wconf 91' lang='lat' dir='ltr'><strong>tutus</strong></span> <span class='ocrx_word' id='word_1_294' title='bbox 1748 4641 1838 4709; x_wconf 91' lang='lat' dir='ltr'><strong>sit,</strong></span> 
     </span>
    </p>
   </div>
   <div class='ocr_carea' id='block_1_37' title="bbox 258 4723 1838 4802">
    <p class='ocr_par' dir='ltr' id='par_1_37' title="bbox 258 4723 1838 4802">
     <span class='ocr_line' id='line_1_37' title="bbox 258 4723 1838 4802; baseline 0.004 -22"><span class='ocrx_word' id='word_1_295' title='bbox 258 4735 325 4780; x_wconf 85' lang='lat' dir='ltr'><strong>ut</strong></span> <span class='ocrx_word' id='word_1_296' title='bbox 354 4724 480 4779; x_wconf 89' lang='lat' dir='ltr'><strong>illud</strong></span> <span class='ocrx_word' id='word_1_297' title='bbox 509 4723 651 4795; x_wconf 85' lang='lat' dir='ltr'><strong>quod</strong></span> <span class='ocrx_word' id='word_1_298' title='bbox 692 4725 1006 4792; x_wconf 87' lang='lat' dir='ltr'><strong>transilivit,</strong></span> <span class='ocrx_word' id='word_1_299' title='bbox 1049 4740 1153 4779; x_wconf 91' lang='lat' dir='ltr'><strong>non</strong></span> <span class='ocrx_word' id='word_1_300' title='bbox 1191 4726 1260 4781; x_wconf 90' lang='lat' dir='ltr'><strong>sit</strong></span> <span class='ocrx_word' id='word_1_301' title='bbox 1286 4728 1547 4797; x_wconf 72' lang='lat' dir='ltr'><strong>superbia:</strong></span> <span class='ocrx_word' id='word_1_302' title='bbox 1586 4730 1679 4785; x_wconf 87' lang='lat' dir='ltr'><strong>sed</strong></span> <span class='ocrx_word' id='word_1_303' title='bbox 1708 4746 1838 4802; x_wconf 82' lang='lat' dir='ltr'><strong>pro-</strong></span> 
     </span>
    </p>
   </div>
   <div class='ocr_carea' id='block_1_38' title="bbox 260 4824 465 4870">
    <p class='ocr_par' dir='ltr' id='par_1_38' title="bbox 260 4824 465 4870">
     <span class='ocr_line' id='line_1_38' title="bbox 260 4824 465 4870; baseline -0.01 -1"><span class='ocrx_word' id='word_1_304' title='bbox 260 4824 465 4870; x_wconf 70' lang='grc' dir='ltr'>ιὀοιιιε.</span> 
     </span>
    </p>
   </div>
   <div class='ocr_carea' id='block_1_39' title="bbox 331 4904 1839 4981">
    <p class='ocr_par' dir='ltr' id='par_1_39' title="bbox 331 4904 1839 4981">
     <span class='ocr_line' id='line_1_39' title="bbox 331 4904 1839 4981; baseline 0.006 -22"><span class='ocrx_word' id='word_1_305' title='bbox 331 4905 388 4959; x_wconf 79' lang='lat'><strong>2.</strong></span> <span class='ocrx_word' id='word_1_306' title='bbox 422 4904 572 4977; x_wconf 68' lang='lat' dir='ltr'><strong>lucra.</strong></span> <span class='ocrx_word' id='word_1_307' title='bbox 598 4904 738 4978; x_wconf 67' lang='lat'><strong>2-4.]</strong></span> <span class='ocrx_word' id='word_1_308' title='bbox 786 4904 842 4959; x_wconf 88' lang='lat' dir='ltr'><strong>ln</strong></span> <span class='ocrx_word' id='word_1_309' title='bbox 880 4904 1108 4975; x_wconf 92' lang='lat' dir='ltr'><strong>quodam</strong></span> <span class='ocrx_word' id='word_1_310' title='bbox 1135 4920 1263 4977; x_wconf 76' lang='lat' dir='ltr'><strong>ergo</strong></span> <span class='ocrx_word' id='word_1_311' title='bbox 1308 4906 1427 4963; x_wconf 91' lang='lat' dir='ltr'><strong>loco</strong></span> <span class='ocrx_word' id='word_1_312' title='bbox 1463 4910 1664 4966; x_wconf 91' lang='lat' dir='ltr'><strong>munito</strong></span> <span class='ocrx_word' id='word_1_313' title='bbox 1691 4913 1839 4981; x_wconf 80' lang='lat' dir='ltr'><strong>posi-</strong></span> 
     </span>
    </p>
   </div>
   <div class='ocr_carea' id='block_1_40' title="bbox 257 4996 1840 5066">
    <p class='ocr_par' dir='ltr' id='par_1_40' title="bbox 257 4996 1840 5066">
     <span class='ocr_line' id='line_1_40' title="bbox 257 4996 1840 5066; baseline 0.004 -13"><span class='ocrx_word' id='word_1_314' title='bbox 257 5009 347 5053; x_wconf 87' lang='lat' dir='ltr'><strong>tus</strong></span> <span class='ocrx_word' id='word_1_315' title='bbox 371 4998 484 5063; x_wconf 87' lang='lat' dir='ltr'><strong>ait,</strong></span> <span class='ocrx_word' id='word_1_316' title='bbox 517 4996 702 5051; x_wconf 84' lang='lat' dir='ltr'><strong>Nonne</strong></span> <span class='ocrx_word' id='word_1_317' title='bbox 729 4997 834 5052; x_wconf 91' lang='lat' dir='ltr'><strong>Deo</strong></span> <span class='ocrx_word' id='word_1_318' title='bbox 872 4998 1157 5066; x_wconf 87' lang='lat' dir='ltr'><strong>subjicietur</strong></span> <span class='ocrx_word' id='word_1_319' title='bbox 1183 5000 1353 5056; x_wconf 86' lang='lat' dir='ltr'><strong>anima</strong></span> <span class='ocrx_word' id='word_1_320' title='bbox 1397 5004 1546 5055; x_wconf 86' lang='lat' dir='ltr'><strong>mea?</strong></span> <span class='ocrx_word' id='word_1_321' title='bbox 1587 5004 1840 5060; x_wconf 84' lang='lat' dir='ltr'><strong>Audierat</strong></span> 
     </span>
    </p>
   </div>
   <div class='ocr_carea' id='block_1_41' title="bbox 252 5089 1835 5164">
    <p class='ocr_par' dir='ltr' id='par_1_41' title="bbox 252 5089 1835 5164">
     <span class='ocr_line' id='line_1_41' title="bbox 252 5089 1835 5164; baseline 0.001 -17"><span class='ocrx_word' id='word_1_322' title='bbox 252 5092 404 5148; x_wconf 84' lang='lat' dir='ltr'><strong>enim</strong></span> <span class='ocrx_word' id='word_1_323' title='bbox 425 5132 442 5157; x_wconf 95' lang='lat'><strong>,</strong></span> <span class='ocrx_word' id='word_1_324' title='bbox 471 5090 572 5158; x_wconf 81' lang='lat' dir='ltr'><strong>Qui</strong></span> <span class='ocrx_word' id='word_1_325' title='bbox 597 5106 650 5145; x_wconf 89' lang='lat' dir='ltr'><strong>se</strong></span> <span class='ocrx_word' id='word_1_326' title='bbox 671 5090 858 5144; x_wconf 75' lang='lat' dir='ltr'><strong>exultat</strong></span> <span class='ocrx_word' id='word_1_327' title='bbox 876 5131 889 5152; x_wconf 95' lang='lat'><strong>,</strong></span> <span class='ocrx_word' id='word_1_328' title='bbox 927 5089 1301 5155; x_wconf 77' lang='lat' dir='ltr'><strong>ltuntiliabitur;</strong></span> <span class='ocrx_word' id='word_1_329' title='bbox 1326 5102 1372 5145; x_wconf 91' lang='lat' dir='ltr'><strong>et</strong></span> <span class='ocrx_word' id='word_1_330' title='bbox 1394 5093 1479 5162; x_wconf 91' lang='lat' dir='ltr'><strong>qui</strong></span> <span class='ocrx_word' id='word_1_331' title='bbox 1504 5110 1557 5147; x_wconf 89' lang='lat' dir='ltr'><strong>se</strong></span> <span class='ocrx_word' id='word_1_332' title='bbox 1581 5094 1835 5164; x_wconf 81' lang='lat' dir='ltr'><strong>Itumiliat,</strong></span> 
     </span>
    </p>
   </div>
   <div class='ocr_carea' id='block_1_42' title="bbox 254 5182 1838 5257">
    <p class='ocr_par' dir='ltr' id='par_1_42' title="bbox 254 5182 1838 5257">
     <span class='ocr_line' id='line_1_42' title="bbox 254 5182 1838 5257; baseline 0.004 -16"><span class='ocrx_word' id='word_1_333' title='bbox 254 5182 803 5254; x_wconf 68' lang='lat' dir='ltr'><strong>exaltabitur&#39;Ulatth.</strong></span> <span class='ocrx_word' id='word_1_334' title='bbox 834 5200 959 5237; x_wconf 71' lang='grc' dir='ltr'>χχιιι</span> <span class='ocrx_word' id='word_1_335' title='bbox 984 5224 999 5247; x_wconf 85' lang='grc'><em>,</em></span> <span class='ocrx_word' id='word_1_336' title='bbox 1032 5184 1121 5255; x_wconf 73' lang='grc'><strong>12)</strong></span> <span class='ocrx_word' id='word_1_337' title='bbox 1158 5202 1171 5238; x_wconf 90' lang='lat'><strong>:</strong></span> <span class='ocrx_word' id='word_1_338' title='bbox 1198 5194 1253 5240; x_wconf 92' lang='lat' dir='ltr'><strong>et</strong></span> <span class='ocrx_word' id='word_1_339' title='bbox 1295 5188 1527 5257; x_wconf 90' lang='lat' dir='ltr'><strong>trepidus</strong></span> <span class='ocrx_word' id='word_1_340' title='bbox 1552 5205 1618 5245; x_wconf 92' lang='lat' dir='ltr'><strong>ne</strong></span> <span class='ocrx_word' id='word_1_341' title='bbox 1648 5194 1838 5248; x_wconf 84' lang='lat' dir='ltr'><strong>trausi-</strong></span> 
     </span>
    </p>
   </div>
   <div class='ocr_carea' id='block_1_43' title="bbox 256 5274 1833 5349">
    <p class='ocr_par' dir='ltr' id='par_1_43' title="bbox 256 5274 1833 5349">
     <span class='ocr_line' id='line_1_43' title="bbox 256 5274 1833 5349; baseline 0.004 -18"><span class='ocrx_word' id='word_1_342' title='bbox 256 5274 441 5332; x_wconf 86' lang='lat' dir='ltr'><strong>liendo</strong></span> <span class='ocrx_word' id='word_1_343' title='bbox 469 5274 785 5344; x_wconf 85' lang='lat' dir='ltr'><strong>superbiret,</strong></span> <span class='ocrx_word' id='word_1_344' title='bbox 815 5291 917 5328; x_wconf 88' lang='lat' dir='ltr'><strong>non</strong></span> <span class='ocrx_word' id='word_1_345' title='bbox 942 5275 1113 5329; x_wconf 80' lang='lat' dir='ltr'><strong>elatus</strong></span> <span class='ocrx_word' id='word_1_346' title='bbox 1136 5290 1201 5329; x_wconf 77' lang='lat' dir='ltr'><strong>ex</strong></span> <span class='ocrx_word' id='word_1_347' title='bbox 1225 5275 1308 5330; x_wconf 89' lang='lat' dir='ltr'><strong>his</strong></span> <span class='ocrx_word' id='word_1_348' title='bbox 1332 5294 1451 5347; x_wconf 66' lang='lat' dir='ltr'><strong>qua:</strong></span> <span class='ocrx_word' id='word_1_349' title='bbox 1476 5278 1610 5334; x_wconf 83' lang='lat' dir='ltr'><strong>infra</strong></span> <span class='ocrx_word' id='word_1_350' title='bbox 1636 5293 1833 5349; x_wconf 89' lang='lat' dir='ltr'><strong>essent,</strong></span> 
     </span>
    </p>
   </div>
   <div class='ocr_carea' id='block_1_44' title="bbox 258 5368 1837 5443">
    <p class='ocr_par' dir='ltr' id='par_1_44' title="bbox 258 5368 1837 5443">
     <span class='ocr_line' id='line_1_44' title="bbox 258 5368 1837 5443; baseline 0.006 -22"><span class='ocrx_word' id='word_1_351' title='bbox 258 5369 354 5424; x_wconf 75' lang='lat' dir='ltr'><strong>sed</strong></span> <span class='ocrx_word' id='word_1_352' title='bbox 385 5368 600 5423; x_wconf 85' lang='lat' dir='ltr'><strong>humilis</strong></span> <span class='ocrx_word' id='word_1_353' title='bbox 627 5382 694 5422; x_wconf 83' lang='lat' dir='ltr'><strong>ex</strong></span> <span class='ocrx_word' id='word_1_354' title='bbox 718 5381 787 5422; x_wconf 88' lang='lat' dir='ltr'><strong>eo</strong></span> <span class='ocrx_word' id='word_1_355' title='bbox 805 5373 892 5438; x_wconf 86' lang='lat' dir='ltr'><strong>qui</strong></span> <span class='ocrx_word' id='word_1_356' title='bbox 922 5369 941 5398; x_wconf 88' lang='grc'>²</span> <span class='ocrx_word' id='word_1_357' title='bbox 965 5382 1123 5437; x_wconf 88' lang='lat' dir='ltr'><strong>supra</strong></span> <span class='ocrx_word' id='word_1_358' title='bbox 1144 5378 1323 5434; x_wconf 89' lang='lat' dir='ltr'><strong>esset;</strong></span> <span class='ocrx_word' id='word_1_359' title='bbox 1363 5381 1610 5443; x_wconf 90' lang='lat' dir='ltr'><strong>tanquam</strong></span> <span class='ocrx_word' id='word_1_360' title='bbox 1630 5375 1837 5431; x_wconf 89' lang='lat' dir='ltr'><strong>minan-</strong></span> 
     </span>
    </p>
   </div>
   <div class='ocr_carea' id='block_1_45' title="bbox 261 5458 1835 5529">
    <p class='ocr_par' dir='ltr' id='par_1_45' title="bbox 261 5458 1835 5529">
     <span class='ocr_line' id='line_1_45' title="bbox 261 5458 1835 5529; baseline 0.006 -16"><span class='ocrx_word' id='word_1_361' title='bbox 261 5462 403 5516; x_wconf 87' lang='lat' dir='ltr'><strong>tibus</strong></span> <span class='ocrx_word' id='word_1_362' title='bbox 430 5460 480 5515; x_wconf 90' lang='lat' dir='ltr'><strong>ei</strong></span> <span class='ocrx_word' id='word_1_363' title='bbox 525 5458 732 5515; x_wconf 90' lang='lat' dir='ltr'><strong>ruinam</strong></span> <span class='ocrx_word' id='word_1_364' title='bbox 758 5459 949 5514; x_wconf 86' lang='lat' dir='ltr'><strong>invidis</strong></span> <span class='ocrx_word' id='word_1_365' title='bbox 974 5461 1063 5529; x_wconf 88' lang='lat' dir='ltr'><strong>qui</strong></span> <span class='ocrx_word' id='word_1_366' title='bbox 1097 5476 1217 5516; x_wconf 90' lang='lat' dir='ltr'><strong>eum</strong></span> <span class='ocrx_word' id='word_1_367' title='bbox 1261 5465 1607 5521; x_wconf 85' lang='lat' dir='ltr'><strong>transilivisse</strong></span> <span class='ocrx_word' id='word_1_368' title='bbox 1646 5468 1835 5523; x_wconf 90' lang='lat' dir='ltr'><strong>dolue-</strong></span> 
     </span>
    </p>
   </div>
   <div class='ocr_carea' id='block_1_46' title="bbox 261 5550 1836 5625">
    <p class='ocr_par' dir='ltr' id='par_1_46' title="bbox 261 5550 1836 5625">
     <span class='ocr_line' id='line_1_46' title="bbox 261 5550 1836 5625; baseline 0.005 -19"><span class='ocrx_word' id='word_1_369' title='bbox 261 5562 383 5606; x_wconf 81' lang='lat' dir='ltr'><strong>raut</strong></span> <span class='ocrx_word' id='word_1_370' title='bbox 404 5592 419 5618; x_wconf 91' lang='lat'><strong>,</strong></span> <span class='ocrx_word' id='word_1_371' title='bbox 450 5551 759 5621; x_wconf 89' lang='lat' dir='ltr'><strong>respondit,</strong></span> <span class='ocrx_word' id='word_1_372' title='bbox 804 5550 987 5605; x_wconf 84' lang='lat' dir='ltr'><strong>Nonne</strong></span> <span class='ocrx_word' id='word_1_373' title='bbox 1018 5550 1125 5607; x_wconf 89' lang='lat' dir='ltr'><strong>Deo</strong></span> <span class='ocrx_word' id='word_1_374' title='bbox 1150 5554 1437 5625; x_wconf 86' lang='lat' dir='ltr'><strong>subjicietur</strong></span> <span class='ocrx_word' id='word_1_375' title='bbox 1478 5559 1647 5613; x_wconf 88' lang='lat' dir='ltr'><strong>anima</strong></span> <span class='ocrx_word' id='word_1_376' title='bbox 1685 5562 1836 5614; x_wconf 86' lang='lat' dir='ltr'><strong>mea?</strong></span> 
     </span>
    </p>
   </div>
   <div class='ocr_carea' id='block_1_47' title="bbox 329 5707 908 5764">
    <p class='ocr_par' dir='ltr' id='par_1_47' title="bbox 329 5707 908 5764">
     <span class='ocr_line' id='line_1_47' title="bbox 329 5707 908 5764; baseline 0 -9"><span class='ocrx_word' id='word_1_377' title='bbox 329 5710 345 5741; x_wconf 67' lang='grc' dir='ltr'><strong>ι</strong></span> <span class='ocrx_word' id='word_1_378' title='bbox 374 5707 539 5757; x_wconf 75' lang='lat' dir='ltr'><strong>Plures</strong></span> <span class='ocrx_word' id='word_1_379' title='bbox 558 5713 683 5764; x_wconf 63' lang='lat' dir='ltr'><strong>Mss.</strong></span> <span class='ocrx_word' id='word_1_380' title='bbox 708 5713 908 5757; x_wconf 88' lang='lat' dir='ltr'><strong>moneat.</strong></span> 
     </span>
    </p>
   </div>
   <div class='ocr_carea' id='block_1_48' title="bbox 329 5768 1701 5843">
    <p class='ocr_par' dir='ltr' id='par_1_48' title="bbox 329 5768 1701 5843">
     <span class='ocr_line' id='line_1_48' title="bbox 329 5768 1701 5843; baseline 0.007 -22"><span class='ocrx_word' id='word_1_381' title='bbox 329 5772 351 5843; x_wconf 68' lang='grc' dir='ltr'><strong>ξ</strong></span> <span class='ocrx_word' id='word_1_382' title='bbox 374 5771 448 5843; x_wconf 49' lang='lat' dir='ltr'><strong>sic</strong></span> <span class='ocrx_word' id='word_1_383' title='bbox 466 5769 644 5843; x_wconf 23' lang='lat' dir='ltr'><strong>al‘iuupt</strong></span> <span class='ocrx_word' id='word_1_384' title='bbox 667 5776 768 5825; x_wconf 72' lang='lat' dir='ltr'><strong>uss.</strong></span> <span class='ocrx_word' id='word_1_385' title='bbox 797 5768 905 5817; x_wconf 72' lang='lat' dir='ltr'><strong>mn.</strong></span> <span class='ocrx_word' id='word_1_386' title='bbox 927 5784 1063 5843; x_wconf 73' lang='lat' dir='ltr'><strong>vero,</strong></span> <span class='ocrx_word' id='word_1_387' title='bbox 1088 5787 1149 5825; x_wconf 77' lang='lat' dir='ltr'><strong>ex</strong></span> <span class='ocrx_word' id='word_1_388' title='bbox 1174 5788 1229 5826; x_wconf 84' lang='lat' dir='ltr'><strong>co</strong></span> <span class='ocrx_word' id='word_1_389' title='bbox 1251 5777 1377 5840; x_wconf 80' lang='lat' dir='ltr'><strong>quod</strong></span> <span class='ocrx_word' id='word_1_390' title='bbox 1402 5793 1550 5843; x_wconf 81' lang='lat' dir='ltr'><strong>supra</strong></span> <span class='ocrx_word' id='word_1_391' title='bbox 1567 5788 1701 5833; x_wconf 79' lang='lat' dir='ltr'><strong>esset.</strong></span> 
     </span>
    </p>
   </div>
   <div class='ocr_carea' id='block_1_49' title="bbox 331 5830 989 5887">
    <p class='ocr_par' dir='ltr' id='par_1_49' title="bbox 331 5830 989 5887">
     <span class='ocr_line' id='line_1_49' title="bbox 331 5830 989 5887; baseline -0.002 -5"><span class='ocrx_word' id='word_1_392' title='bbox 331 5831 406 5882; x_wconf 77' lang='lat' dir='ltr'><strong>la)</strong></span> <span class='ocrx_word' id='word_1_393' title='bbox 436 5838 485 5881; x_wconf 87' lang='lat' dir='ltr'><strong>tu</strong></span> <span class='ocrx_word' id='word_1_394' title='bbox 508 5830 621 5881; x_wconf 66' lang='lat' dir='ltr'><strong>I‘S‘al.</strong></span> <span class='ocrx_word' id='word_1_395' title='bbox 650 5845 844 5887; x_wconf 75' lang='lat' dir='ltr'><strong>xxxvut.</strong></span> <span class='ocrx_word' id='word_1_396' title='bbox 868 5845 915 5882; x_wconf 91' lang='grc' dir='ltr'>ιι.</span> <span class='ocrx_word' id='word_1_397' title='bbox 948 5835 989 5882; x_wconf 84' lang='lat' dir='ltr'><strong>l.</strong></span> 
     </span>
    </p>
   </div>
   <div class='ocr_carea' id='block_1_50' title="bbox 1469 353 2497 423">
    <p class='ocr_par' dir='ltr' id='par_1_50' title="bbox 1469 353 2497 423">
     <span class='ocr_line' id='line_1_50' title="bbox 1469 353 2497 423; baseline 0.013 -13"><span class='ocrx_word' id='word_1_398' title='bbox 1469 354 1862 410; x_wconf 66' lang='grc' dir='ltr'><strong>ΕἳῗΑῐῖῐὶᾹἸΊΟ</strong></span> <span class='ocrx_word' id='word_1_399' title='bbox 1900 353 1962 409; x_wconf 74' lang='lat' dir='ltr'><strong>IN</strong></span> <span class='ocrx_word' id='word_1_400' title='bbox 2003 355 2323 419; x_wconf 68' lang='lat' dir='ltr'><strong>I’SALMUM</strong></span> <span class='ocrx_word' id='word_1_401' title='bbox 2368 368 2497 423; x_wconf 73' lang='lat' dir='ltr'><strong>LXI.</strong></span> 
     </span>
    </p>
   </div>
   <div class='ocr_carea' id='block_1_51' title="bbox 343 469 1912 543">
    <p class='ocr_par' dir='ltr' id='par_1_51' title="bbox 343 469 1912 543">
     <span class='ocr_line' id='line_1_51' title="bbox 343 469 1912 543; baseline 0.004 -22"><span class='ocrx_word' id='word_1_402' title='bbox 343 469 483 522; x_wconf 83' lang='lat' dir='ltr'><strong>diam</strong></span> <span class='ocrx_word' id='word_1_403' title='bbox 526 476 579 525; x_wconf 86' lang='lat' dir='ltr'><strong>et</strong></span> <span class='ocrx_word' id='word_1_404' title='bbox 625 472 944 528; x_wconf 84' lang='lat' dir='ltr'><strong>veritatem?</strong></span> <span class='ocrx_word' id='word_1_405' title='bbox 989 473 1093 529; x_wconf 83' lang='lat' dir='ltr'><strong>Sed</strong></span> <span class='ocrx_word' id='word_1_406' title='bbox 1134 472 1470 543; x_wconf 71' lang='lat' dir='ltr'><strong>prtedicando</strong></span> <span class='ocrx_word' id='word_1_407' title='bbox 1515 475 1677 541; x_wconf 79' lang='lat' dir='ltr'><strong>illam,</strong></span> <span class='ocrx_word' id='word_1_408' title='bbox 1720 485 1912 528; x_wconf 87' lang='lat' dir='ltr'><strong>norunt</strong></span> 
     </span>
    </p>
   </div>
   <div class='ocr_carea' id='block_1_52' title="bbox 342 560 1913 636">
    <p class='ocr_par' dir='ltr' id='par_1_52' title="bbox 342 560 1913 636">
     <span class='ocr_line' id='line_1_52' title="bbox 342 560 1913 636; baseline 0.006 -24"><span class='ocrx_word' id='word_1_409' title='bbox 342 560 483 615; x_wconf 89' lang='lat' dir='ltr'><strong>illam</strong></span> <span class='ocrx_word' id='word_1_410' title='bbox 530 580 676 618; x_wconf 91' lang='lat' dir='ltr'><strong>:non</strong></span> <span class='ocrx_word' id='word_1_411' title='bbox 724 567 862 619; x_wconf 90' lang='lat' dir='ltr'><strong>enim</strong></span> <span class='ocrx_word' id='word_1_412' title='bbox 908 567 1255 636; x_wconf 73' lang='lat' dir='ltr'><strong>przcdicarent</strong></span> <span class='ocrx_word' id='word_1_413' title='bbox 1302 567 1482 631; x_wconf 90' lang='lat' dir='ltr'><strong>illam,</strong></span> <span class='ocrx_word' id='word_1_414' title='bbox 1532 567 1635 621; x_wconf 88' lang='lat' dir='ltr'><strong>nisi</strong></span> <span class='ocrx_word' id='word_1_415' title='bbox 1696 577 1913 621; x_wconf 82' lang='lat' dir='ltr'><strong>nossent</strong></span> 
     </span>
    </p>
   </div>
   <div class='ocr_carea' id='block_1_53' title="bbox 340 650 1913 728">
    <p class='ocr_par' dir='ltr' id='par_1_53' title="bbox 340 650 1913 728">
     <span class='ocr_line' id='line_1_53' title="bbox 340 650 1913 728; baseline 0.007 -26"><span class='ocrx_word' id='word_1_416' title='bbox 340 650 505 705; x_wconf 79' lang='lat' dir='ltr'><strong>illam.</strong></span> <span class='ocrx_word' id='word_1_417' title='bbox 535 652 637 709; x_wconf 90' lang='lat' dir='ltr'><strong>Sed</strong></span> <span class='ocrx_word' id='word_1_418' title='bbox 664 658 749 725; x_wconf 86' lang='lat' dir='ltr'><strong>qui</strong></span> <span class='ocrx_word' id='word_1_419' title='bbox 786 658 947 711; x_wconf 70' lang='lat' dir='ltr'><strong>Deum</strong></span> <span class='ocrx_word' id='word_1_420' title='bbox 976 668 1115 711; x_wconf 88' lang='lat' dir='ltr'><strong>amat</strong></span> <span class='ocrx_word' id='word_1_421' title='bbox 1138 667 1189 712; x_wconf 89' lang='lat' dir='ltr'><strong>et</strong></span> <span class='ocrx_word' id='word_1_422' title='bbox 1218 658 1502 721; x_wconf 90' lang='lat' dir='ltr'><strong>Christum,</strong></span> <span class='ocrx_word' id='word_1_423' title='bbox 1539 659 1591 712; x_wconf 92' lang='lat' dir='ltr'><strong>in</strong></span> <span class='ocrx_word' id='word_1_424' title='bbox 1622 659 1913 728; x_wconf 67' lang='lat' dir='ltr'><strong>prtediean-</strong></span> 
     </span>
    </p>
   </div>
   <div class='ocr_carea' id='block_1_54' title="bbox 336 742 1909 819">
    <p class='ocr_par' dir='ltr' id='par_1_54' title="bbox 336 742 1909 819">
     <span class='ocr_line' id='line_1_54' title="bbox 336 742 1909 819; baseline 0.006 -24"><span class='ocrx_word' id='word_1_425' title='bbox 336 742 408 795; x_wconf 82' lang='lat' dir='ltr'><strong>du</strong></span> <span class='ocrx_word' id='word_1_426' title='bbox 449 746 861 801; x_wconf 83' lang='lat' dir='ltr'><strong>misericordiam</strong></span> <span class='ocrx_word' id='word_1_427' title='bbox 892 760 939 803; x_wconf 85' lang='lat' dir='ltr'><strong>et</strong></span> <span class='ocrx_word' id='word_1_428' title='bbox 968 750 1240 804; x_wconf 76' lang='lat' dir='ltr'><strong>veritatem</strong></span> <span class='ocrx_word' id='word_1_429' title='bbox 1283 750 1466 819; x_wconf 91' lang='lat' dir='ltr'><strong>ipsius,</strong></span> <span class='ocrx_word' id='word_1_430' title='bbox 1498 751 1610 819; x_wconf 91' lang='lat' dir='ltr'><strong>ipse</strong></span> <span class='ocrx_word' id='word_1_431' title='bbox 1650 750 1789 804; x_wconf 88' lang='lat' dir='ltr'><strong>illam</strong></span> <span class='ocrx_word' id='word_1_432' title='bbox 1822 766 1909 805; x_wconf 84' lang='lat' dir='ltr'><strong>re-</strong></span> 
     </span>
    </p>
   </div>
   <div class='ocr_carea' id='block_1_55' title="bbox 336 837 1907 911">
    <p class='ocr_par' dir='ltr' id='par_1_55' title="bbox 336 837 1907 911">
     <span class='ocr_line' id='line_1_55' title="bbox 336 837 1907 911; baseline 0.004 -22"><span class='ocrx_word' id='word_1_433' title='bbox 336 837 510 904; x_wconf 84' lang='lat' dir='ltr'><strong>quiret</strong></span> <span class='ocrx_word' id='word_1_434' title='bbox 537 839 606 905; x_wconf 91' lang='lat' dir='ltr'><strong>ei,</strong></span> <span class='ocrx_word' id='word_1_435' title='bbox 638 856 740 893; x_wconf 91' lang='lat' dir='ltr'><strong>non</strong></span> <span class='ocrx_word' id='word_1_436' title='bbox 768 841 865 894; x_wconf 91' lang='lat' dir='ltr'><strong>sibi</strong></span> <span class='ocrx_word' id='word_1_437' title='bbox 892 857 907 894; x_wconf 87' lang='lat'><strong>:</strong></span> <span class='ocrx_word' id='word_1_438' title='bbox 938 840 990 895; x_wconf 87' lang='lat' dir='ltr'><strong>id</strong></span> <span class='ocrx_word' id='word_1_439' title='bbox 1020 850 1119 907; x_wconf 90' lang='lat' dir='ltr'><strong>est,</strong></span> <span class='ocrx_word' id='word_1_440' title='bbox 1147 857 1250 895; x_wconf 91' lang='lat' dir='ltr'><strong>non</strong></span> <span class='ocrx_word' id='word_1_441' title='bbox 1283 850 1340 895; x_wconf 90' lang='lat' dir='ltr'><strong>ut</strong></span> <span class='ocrx_word' id='word_1_442' title='bbox 1366 841 1477 911; x_wconf 91' lang='lat' dir='ltr'><strong>ipse</strong></span> <span class='ocrx_word' id='word_1_443' title='bbox 1504 841 1694 895; x_wconf 89' lang='lat' dir='ltr'><strong>habeat</strong></span> <span class='ocrx_word' id='word_1_444' title='bbox 1718 858 1779 896; x_wconf 79' lang='lat' dir='ltr'><strong>ex</strong></span> <span class='ocrx_word' id='word_1_445' title='bbox 1810 841 1907 896; x_wconf 90' lang='lat' dir='ltr'><strong>hac</strong></span> 
     </span>
    </p>
   </div>
   <div class='ocr_carea' id='block_1_56' title="bbox 333 930 1906 1003">
    <p class='ocr_par' dir='ltr' id='par_1_56' title="bbox 333 930 1906 1003">
     <span class='ocr_line' id='line_1_56' title="bbox 333 930 1906 1003; baseline 0.003 -21"><span class='ocrx_word' id='word_1_446' title='bbox 333 930 709 999; x_wconf 74' lang='lat' dir='ltr'><strong>prtedicatione</strong></span> <span class='ocrx_word' id='word_1_447' title='bbox 749 933 1021 987; x_wconf 89' lang='lat' dir='ltr'><strong>commoda</strong></span> <span class='ocrx_word' id='word_1_448' title='bbox 1078 933 1425 1001; x_wconf 84' lang='lat' dir='ltr'><strong>temporalia,</strong></span> <span class='ocrx_word' id='word_1_449' title='bbox 1478 933 1574 987; x_wconf 87' lang='lat' dir='ltr'><strong>sed</strong></span> <span class='ocrx_word' id='word_1_450' title='bbox 1632 941 1688 987; x_wconf 92' lang='lat' dir='ltr'><strong>ut</strong></span> <span class='ocrx_word' id='word_1_451' title='bbox 1744 935 1906 1003; x_wconf 87' lang='lat' dir='ltr'><strong>prosit</strong></span> 
     </span>
    </p>
   </div>
   <div class='ocr_carea' id='block_1_57' title="bbox 331 1023 1906 1094">
    <p class='ocr_par' dir='ltr' id='par_1_57' title="bbox 331 1023 1906 1094">
     <span class='ocr_line' id='line_1_57' title="bbox 331 1023 1906 1094; baseline 0.002 -18"><span class='ocrx_word' id='word_1_452' title='bbox 331 1023 590 1077; x_wconf 82' lang='lat' dir='ltr'><strong>membris</strong></span> <span class='ocrx_word' id='word_1_453' title='bbox 622 1024 817 1092; x_wconf 83' lang='lat' dir='ltr'><strong>ipsius,</strong></span> <span class='ocrx_word' id='word_1_454' title='bbox 846 1026 898 1080; x_wconf 91' lang='lat' dir='ltr'><strong>id</strong></span> <span class='ocrx_word' id='word_1_455' title='bbox 942 1035 1025 1082; x_wconf 91' lang='lat' dir='ltr'><strong>est</strong></span> <span class='ocrx_word' id='word_1_456' title='bbox 1055 1025 1294 1080; x_wconf 90' lang='lat' dir='ltr'><strong>lidelibus</strong></span> <span class='ocrx_word' id='word_1_457' title='bbox 1334 1025 1482 1094; x_wconf 88' lang='lat' dir='ltr'><strong>ejus,</strong></span> <span class='ocrx_word' id='word_1_458' title='bbox 1522 1040 1643 1079; x_wconf 92' lang='lat' dir='ltr'><strong>cum</strong></span> <span class='ocrx_word' id='word_1_459' title='bbox 1684 1026 1906 1079; x_wconf 88' lang='lat' dir='ltr'><strong>veritate</strong></span> 
     </span>
    </p>
   </div>
   <div class='ocr_carea' id='block_1_58' title="bbox 330 1114 1902 1186">
    <p class='ocr_par' dir='ltr' id='par_1_58' title="bbox 330 1114 1902 1186">
     <span class='ocr_line' id='line_1_58' title="bbox 330 1114 1902 1186; baseline 0 -18"><span class='ocrx_word' id='word_1_460' title='bbox 330 1114 682 1169; x_wconf 87' lang='lat' dir='ltr'><strong>ministrando</strong></span> <span class='ocrx_word' id='word_1_461' title='bbox 729 1116 868 1185; x_wconf 88' lang='lat' dir='ltr'><strong>quod</strong></span> <span class='ocrx_word' id='word_1_462' title='bbox 918 1118 1099 1182; x_wconf 90' lang='lat' dir='ltr'><strong>novit;</strong></span> <span class='ocrx_word' id='word_1_463' title='bbox 1145 1127 1201 1170; x_wconf 90' lang='lat' dir='ltr'><strong>ut</strong></span> <span class='ocrx_word' id='word_1_464' title='bbox 1246 1118 1336 1186; x_wconf 88' lang='lat' dir='ltr'><strong>qui</strong></span> <span class='ocrx_word' id='word_1_465' title='bbox 1373 1116 1501 1170; x_wconf 87' lang='lat' dir='ltr'><strong>vivit</strong></span> <span class='ocrx_word' id='word_1_466' title='bbox 1524 1120 1631 1169; x_wconf 86' lang='lat' dir='ltr'><strong>non</strong></span> <span class='ocrx_word' id='word_1_467' title='bbox 1667 1114 1774 1185; x_wconf 88' lang='lat' dir='ltr'><strong>jam</strong></span> <span class='ocrx_word' id='word_1_468' title='bbox 1805 1115 1902 1177; x_wconf 85' lang='lat' dir='ltr'><strong>sibi</strong></span> 
     </span>
    </p>
   </div>
   <div class='ocr_carea' id='block_1_59' title="bbox 328 1206 1899 1287">
    <p class='ocr_par' dir='ltr' id='par_1_59' title="bbox 328 1206 1899 1287">
     <span class='ocr_line' id='line_1_59' title="bbox 328 1206 1899 1287; baseline 0.001 -26"><span class='ocrx_word' id='word_1_469' title='bbox 328 1206 490 1273; x_wconf 88' lang='lat' dir='ltr'><strong>vivat,</strong></span> <span class='ocrx_word' id='word_1_470' title='bbox 519 1207 610 1261; x_wconf 90' lang='lat' dir='ltr'><strong>sed</strong></span> <span class='ocrx_word' id='word_1_471' title='bbox 649 1208 697 1262; x_wconf 90' lang='lat' dir='ltr'><strong>ei</strong></span> <span class='ocrx_word' id='word_1_472' title='bbox 733 1208 822 1278; x_wconf 90' lang='lat' dir='ltr'><strong>qui</strong></span> <span class='ocrx_word' id='word_1_473' title='bbox 867 1225 963 1278; x_wconf 90' lang='lat' dir='ltr'><strong>pro</strong></span> <span class='ocrx_word' id='word_1_474' title='bbox 1005 1210 1248 1263; x_wconf 91' lang='lat' dir='ltr'><strong>omnibus</strong></span> <span class='ocrx_word' id='word_1_475' title='bbox 1296 1217 1532 1287; x_wconf 77' lang='lat' dir='ltr'><strong>mortuus</strong></span> <span class='ocrx_word' id='word_1_476' title='bbox 1555 1215 1637 1262; x_wconf 84' lang='lat' dir='ltr'><strong>est.</strong></span> <span class='ocrx_word' id='word_1_477' title='bbox 1680 1206 1759 1279; x_wconf 91' lang='lat' dir='ltr'><strong>(ll</strong></span> <span class='ocrx_word' id='word_1_478' title='bbox 1784 1207 1899 1262; x_wconf 90' lang='lat' dir='ltr'><strong>Cor.</strong></span> 
     </span>
    </p>
   </div>
   <div class='ocr_carea' id='block_1_60' title="bbox 326 1300 1900 1372">
    <p class='ocr_par' dir='ltr' id='par_1_60' title="bbox 326 1300 1900 1372">
     <span class='ocr_line' id='line_1_60' title="bbox 326 1300 1900 1372; baseline -0.001 -18"><span class='ocrx_word' id='word_1_479' title='bbox 326 1316 396 1365; x_wconf 86' lang='lat' dir='ltr'><strong>v,</strong></span> <span class='ocrx_word' id='word_1_480' title='bbox 430 1301 542 1372; x_wconf 81' lang='grc'><strong>15).</strong></span> <span class='ocrx_word' id='word_1_481' title='bbox 573 1300 975 1357; x_wconf 80' lang='lat' dir='ltr'><strong>Misericordiam</strong></span> <span class='ocrx_word' id='word_1_482' title='bbox 1019 1312 1066 1357; x_wconf 89' lang='lat' dir='ltr'><strong>et</strong></span> <span class='ocrx_word' id='word_1_483' title='bbox 1114 1303 1366 1357; x_wconf 78' lang='lat' dir='ltr'><strong>veritatem</strong></span> <span class='ocrx_word' id='word_1_484' title='bbox 1408 1302 1517 1371; x_wconf 90' lang='lat' dir='ltr'><strong>ejus</strong></span> <span class='ocrx_word' id='word_1_485' title='bbox 1567 1302 1677 1372; x_wconf 84' lang='lat' dir='ltr'><strong>quis</strong></span> <span class='ocrx_word' id='word_1_486' title='bbox 1732 1302 1900 1371; x_wconf 84' lang='lat' dir='ltr'><strong>requi-</strong></span> 
     </span>
    </p>
   </div>
   <div class='ocr_carea' id='block_1_61' title="bbox 3506 388 3609 441">
    <p class='ocr_par' dir='ltr' id='par_1_61' title="bbox 3506 388 3609 441">
     <span class='ocr_line' id='line_1_61' title="bbox 3506 388 3609 441; baseline -0.039 -1"><span class='ocrx_word' id='word_1_487' title='bbox 3506 388 3609 441; x_wconf 72' lang='lat'><strong>730</strong></span> 
     </span>
    </p>
   </div>
   <div class='ocr_carea' id='block_1_62' title="bbox 2022 476 3601 575">
    <p class='ocr_par' dir='ltr' id='par_1_62' title="bbox 2022 476 3601 575">
     <span class='ocr_line' id='line_1_62' title="bbox 2022 476 3601 575; baseline 0.019 -46"><span class='ocrx_word' id='word_1_488' title='bbox 2022 476 2155 544; x_wconf 88' lang='lat' dir='ltr'><strong>Quid</strong></span> <span class='ocrx_word' id='word_1_489' title='bbox 2174 492 2255 537; x_wconf 90' lang='lat' dir='ltr'><strong>est</strong></span> <span class='ocrx_word' id='word_1_490' title='bbox 2274 484 2414 553; x_wconf 90' lang='lat' dir='ltr'><strong>quod</strong></span> <span class='ocrx_word' id='word_1_491' title='bbox 2436 486 2563 543; x_wconf 90' lang='lat' dir='ltr'><strong>mihi</strong></span> <span class='ocrx_word' id='word_1_492' title='bbox 2584 490 2738 545; x_wconf 79' lang='lat' dir='ltr'><strong>veluti</strong></span> <span class='ocrx_word' id='word_1_493' title='bbox 2762 498 3074 551; x_wconf 74' lang='lat' dir='ltr'><strong>transrttenti</strong></span> <span class='ocrx_word' id='word_1_494' title='bbox 3091 501 3324 569; x_wconf 76' lang='lat' dir='ltr'><strong>qumritls</strong></span> <span class='ocrx_word' id='word_1_495' title='bbox 3343 502 3558 575; x_wconf 84' lang='lat' dir='ltr'><strong>laqueos</strong></span> <span class='ocrx_word' id='word_1_496' title='bbox 3577 510 3601 559; x_wconf 74' lang='grc' dir='ltr'>τ</span> 
     </span>
    </p>
   </div>
   <div class='ocr_carea' id='block_1_63' title="bbox 2022 571 3596 654">
    <p class='ocr_par' dir='ltr' id='par_1_63' title="bbox 2022 571 3596 654">
     <span class='ocr_line' id='line_1_63' title="bbox 2022 571 3596 654; baseline 0.02 -32"><span class='ocrx_word' id='word_1_497' title='bbox 2022 571 2363 631; x_wconf 89' lang='lat' dir='ltr'><strong>lnsultatione</strong></span> <span class='ocrx_word' id='word_1_498' title='bbox 2390 578 2622 647; x_wconf 88' lang='lat' dir='ltr'><strong>dejicere</strong></span> <span class='ocrx_word' id='word_1_499' title='bbox 2651 601 2734 640; x_wconf 89' lang='lat' dir='ltr'><strong>me</strong></span> <span class='ocrx_word' id='word_1_500' title='bbox 2762 588 2946 653; x_wconf 88' lang='lat' dir='ltr'><strong>vultis,</strong></span> <span class='ocrx_word' id='word_1_501' title='bbox 2992 592 3103 645; x_wconf 83' lang='lat' dir='ltr'><strong>aut‘</strong></span> <span class='ocrx_word' id='word_1_502' title='bbox 3125 571 3429 651; x_wconf 73' lang='lat' dir='ltr'><strong>seductione</strong></span> <span class='ocrx_word' id='word_1_503' title='bbox 3453 600 3596 654; x_wconf 76' lang='lat' dir='ltr'><strong>deei-</strong></span> 
     </span>
    </p>
   </div>
   <div class='ocr_carea' id='block_1_64' title="bbox 1984 667 3596 753">
    <p class='ocr_par' dir='ltr' id='par_1_64' title="bbox 1984 667 3596 753">
     <span class='ocr_line' id='line_1_64' title="bbox 1984 667 3596 753; baseline 0.019 -37"><span class='ocrx_word' id='word_1_504' title='bbox 1984 727 1991 737; x_wconf 36' lang='lat'>.</span> <span class='ocrx_word' id='word_1_505' title='bbox 2018 678 2166 733; x_wconf 84' lang='lat' dir='ltr'><strong>pere.</strong></span> <span class='ocrx_word' id='word_1_506' title='bbox 2194 667 2458 739; x_wconf 78' lang='lat' dir='ltr'><strong>Numquid</strong></span> <span class='ocrx_word' id='word_1_507' title='bbox 2488 674 2554 727; x_wconf 88' lang='lat' dir='ltr'><strong>ita</strong></span> <span class='ocrx_word' id='word_1_508' title='bbox 2582 678 2797 732; x_wconf 87' lang='lat' dir='ltr'><strong>memini</strong></span> <span class='ocrx_word' id='word_1_509' title='bbox 2825 697 2983 751; x_wconf 84' lang='lat' dir='ltr'><strong>supra</strong></span> <span class='ocrx_word' id='word_1_510' title='bbox 3014 687 3151 753; x_wconf 89' lang='lat' dir='ltr'><strong>quod</strong></span> <span class='ocrx_word' id='word_1_511' title='bbox 3178 702 3291 740; x_wconf 91' lang='lat' dir='ltr'><strong>sum</strong></span> <span class='ocrx_word' id='word_1_512' title='bbox 3315 693 3336 749; x_wconf 77' lang='lat'><strong>,&#39;</strong></span> <span class='ocrx_word' id='word_1_513' title='bbox 3370 701 3425 743; x_wconf 90' lang='lat' dir='ltr'><strong>ut</strong></span> <span class='ocrx_word' id='word_1_514' title='bbox 3462 694 3596 745; x_wconf 83' lang='lat' dir='ltr'><strong>obli—</strong></span> 
     </span>
    </p>
   </div>
   <div class='ocr_carea' id='block_1_65' title="bbox 2018 760 3621 849">
    <p class='ocr_par' dir='ltr' id='par_1_65' title="bbox 2018 760 3621 849">
     <span class='ocr_line' id='line_1_65' title="bbox 2018 760 3621 849; baseline 0.018 -40"><span class='ocrx_word' id='word_1_515' title='bbox 2018 764 2100 811; x_wconf 92' lang='lat' dir='ltr'><strong>tus</strong></span> <span class='ocrx_word' id='word_1_516' title='bbox 2127 760 2225 812; x_wconf 90' lang='lat' dir='ltr'><strong>sim</strong></span> <span class='ocrx_word' id='word_1_517' title='bbox 2262 762 2360 815; x_wconf 90' lang='lat' dir='ltr'><strong>sub</strong></span> <span class='ocrx_word' id='word_1_518' title='bbox 2386 780 2490 833; x_wconf 92' lang='lat' dir='ltr'><strong>quo</strong></span> <span class='ocrx_word' id='word_1_519' title='bbox 2515 770 2674 823; x_wconf 90' lang='lat' dir='ltr'><strong>sum?</strong></span> <span class='ocrx_word' id='word_1_520' title='bbox 2716 771 2901 827; x_wconf 83' lang='lat' dir='ltr'><strong>Nonne</strong></span> <span class='ocrx_word' id='word_1_521' title='bbox 2927 773 3032 828; x_wconf 73' lang='lat' dir='ltr'><strong>Deo</strong></span> <span class='ocrx_word' id='word_1_522' title='bbox 3062 776 3282 847; x_wconf 80' lang='lat' dir='ltr'><strong>subjecta</strong></span> <span class='ocrx_word' id='word_1_523' title='bbox 3309 782 3400 833; x_wconf 84' lang='lat' dir='ltr'><strong>erit</strong></span> <span class='ocrx_word' id='word_1_524' title='bbox 3423 785 3593 837; x_wconf 87' lang='lat' dir='ltr'><strong>anima</strong></span> <span class='ocrx_word' id='word_1_525' title='bbox 3620 842 3621 849; x_wconf 30' lang='grc' dir='ltr'><strong>η</strong></span> 
     </span>
    </p>
   </div>
   <div class='ocr_carea' id='block_1_66' title="bbox 2014 851 3592 942">
    <p class='ocr_par' dir='ltr' id='par_1_66' title="bbox 2014 851 3592 942">
     <span class='ocr_line' id='line_1_66' title="bbox 2014 851 3592 942; baseline 0.018 -41"><span class='ocrx_word' id='word_1_526' title='bbox 2014 852 2170 905; x_wconf 82' lang='lat' dir='ltr'><strong>mea?</strong></span> <span class='ocrx_word' id='word_1_527' title='bbox 2219 851 2711 931; x_wconf 84' lang='lat' dir='ltr'><strong>Quantumcumque</strong></span> <span class='ocrx_word' id='word_1_528' title='bbox 2760 866 3047 933; x_wconf 82' lang='lat' dir='ltr'><strong>accedant,</strong></span> <span class='ocrx_word' id='word_1_529' title='bbox 3107 881 3592 942; x_wconf 78' lang='lat' dir='ltr'><strong>quantumcumque</strong></span> 
     </span>
    </p>
   </div>
   <div class='ocr_carea' id='block_1_67' title="bbox 2012 942 3584 1030">
    <p class='ocr_par' dir='ltr' id='par_1_67' title="bbox 2012 942 3584 1030">
     <span class='ocr_line' id='line_1_67' title="bbox 2012 942 3584 1030; baseline 0.02 -38"><span class='ocrx_word' id='word_1_530' title='bbox 2012 942 2322 1005; x_wconf 84' lang='lat' dir='ltr'><strong>ascendam.</strong></span> <span class='ocrx_word' id='word_1_531' title='bbox 2354 962 2836 1025; x_wconf 88' lang='lat' dir='ltr'><strong>quantumcumque</strong></span> <span class='ocrx_word' id='word_1_532' title='bbox 2860 960 3174 1027; x_wconf 86' lang='lat' dir='ltr'><strong>transiliam,</strong></span> <span class='ocrx_word' id='word_1_533' title='bbox 3207 965 3305 1019; x_wconf 88' lang='lat' dir='ltr'><strong>sub</strong></span> <span class='ocrx_word' id='word_1_534' title='bbox 3338 967 3442 1021; x_wconf 92' lang='lat' dir='ltr'><strong>Deo</strong></span> <span class='ocrx_word' id='word_1_535' title='bbox 3470 984 3584 1030; x_wconf 83' lang='lat' dir='ltr'><strong>ero,</strong></span> 
     </span>
    </p>
   </div>
   <div class='ocr_carea' id='block_1_68' title="bbox 2011 1040 3587 1125">
    <p class='ocr_par' dir='ltr' id='par_1_68' title="bbox 2011 1040 3587 1125">
     <span class='ocr_line' id='line_1_68' title="bbox 2011 1040 3587 1125; baseline 0.016 -40"><span class='ocrx_word' id='word_1_536' title='bbox 2011 1047 2116 1087; x_wconf 87' lang='lat' dir='ltr'><strong>non</strong></span> <span class='ocrx_word' id='word_1_537' title='bbox 2160 1048 2343 1091; x_wconf 91' lang='lat' dir='ltr'><strong>contra</strong></span> <span class='ocrx_word' id='word_1_538' title='bbox 2392 1040 2574 1095; x_wconf 89' lang='lat' dir='ltr'><strong>Deum.</strong></span> <span class='ocrx_word' id='word_1_539' title='bbox 2623 1044 2849 1102; x_wconf 81' lang='lat' dir='ltr'><strong>Securus</strong></span> <span class='ocrx_word' id='word_1_540' title='bbox 2879 1065 3004 1120; x_wconf 83' lang='lat' dir='ltr'><strong>ergo</strong></span> <span class='ocrx_word' id='word_1_541' title='bbox 3034 1052 3346 1109; x_wconf 88' lang='lat' dir='ltr'><strong>transcendo</strong></span> <span class='ocrx_word' id='word_1_542' title='bbox 3374 1069 3587 1125; x_wconf 76' lang='lat' dir='ltr'><strong>caetera,</strong></span> 
     </span>
    </p>
   </div>
   <div class='ocr_carea' id='block_1_69' title="bbox 2009 1130 3584 1217">
    <p class='ocr_par' dir='ltr' id='par_1_69' title="bbox 2009 1130 3584 1217">
     <span class='ocr_line' id='line_1_69' title="bbox 2009 1130 3584 1217; baseline 0.017 -38"><span class='ocrx_word' id='word_1_543' title='bbox 2009 1130 2219 1199; x_wconf 80' lang='lat' dir='ltr'><strong>quando</strong></span> <span class='ocrx_word' id='word_1_544' title='bbox 2246 1133 2331 1187; x_wconf 91' lang='lat' dir='ltr'><strong>ille</strong></span> <span class='ocrx_word' id='word_1_545' title='bbox 2362 1150 2445 1189; x_wconf 94' lang='lat' dir='ltr'><strong>me</strong></span> <span class='ocrx_word' id='word_1_546' title='bbox 2487 1137 2586 1190; x_wconf 91' lang='lat' dir='ltr'><strong>sub</strong></span> <span class='ocrx_word' id='word_1_547' title='bbox 2632 1155 2689 1193; x_wconf 90' lang='lat' dir='ltr'><strong>se</strong></span> <span class='ocrx_word' id='word_1_548' title='bbox 2734 1150 2912 1207; x_wconf 90' lang='lat' dir='ltr'><strong>tenet,</strong></span> <span class='ocrx_word' id='word_1_549' title='bbox 2964 1146 3051 1214; x_wconf 91' lang='lat' dir='ltr'><strong>qui</strong></span> <span class='ocrx_word' id='word_1_550' title='bbox 3082 1156 3163 1200; x_wconf 88' lang='lat' dir='ltr'><strong>est</strong></span> <span class='ocrx_word' id='word_1_551' title='bbox 3202 1163 3360 1217; x_wconf 91' lang='lat' dir='ltr'><strong>super</strong></span> <span class='ocrx_word' id='word_1_552' title='bbox 3386 1153 3584 1205; x_wconf 93' lang='lat' dir='ltr'><strong>omnia.</strong></span> 
     </span>
    </p>
   </div>
   <div class='ocr_carea' id='block_1_70' title="bbox 2009 1219 3582 1308">
    <p class='ocr_par' dir='ltr' id='par_1_70' title="bbox 2009 1219 3582 1308">
     <span class='ocr_line' id='line_1_70' title="bbox 2009 1219 3582 1308; baseline 0.015 -36"><span class='ocrx_word' id='word_1_553' title='bbox 2009 1219 2197 1275; x_wconf 79' lang='lat' dir='ltr'><strong>Nonne</strong></span> <span class='ocrx_word' id='word_1_554' title='bbox 2232 1223 2341 1277; x_wconf 89' lang='lat' dir='ltr'><strong>Deo</strong></span> <span class='ocrx_word' id='word_1_555' title='bbox 2367 1226 2586 1295; x_wconf 86' lang='lat' dir='ltr'><strong>subjecta</strong></span> <span class='ocrx_word' id='word_1_556' title='bbox 2611 1231 2703 1282; x_wconf 84' lang='lat' dir='ltr'><strong>erit</strong></span> <span class='ocrx_word' id='word_1_557' title='bbox 2732 1234 2900 1285; x_wconf 86' lang='lat' dir='ltr'><strong>anima</strong></span> <span class='ocrx_word' id='word_1_558' title='bbox 2919 1237 3067 1289; x_wconf 86' lang='lat' dir='ltr'><strong>utea?</strong></span> <span class='ocrx_word' id='word_1_559' title='bbox 3095 1237 3169 1289; x_wconf 78' lang='lat' dir='ltr'><strong>Ab</strong></span> <span class='ocrx_word' id='word_1_560' title='bbox 3198 1239 3308 1308; x_wconf 86' lang='lat' dir='ltr'><strong>ipso</strong></span> <span class='ocrx_word' id='word_1_561' title='bbox 3335 1242 3465 1293; x_wconf 87' lang='lat' dir='ltr'><strong>enim</strong></span> <span class='ocrx_word' id='word_1_562' title='bbox 3495 1260 3582 1295; x_wconf 90' lang='lat' dir='ltr'><strong>sa-</strong></span> 
     </span>
    </p>
   </div>
   <div class='ocr_carea' id='block_1_71' title="bbox 2006 1310 3576 1396">
    <p class='ocr_par' dir='ltr' id='par_1_71' title="bbox 2006 1310 3576 1396">
     <span class='ocr_line' id='line_1_71' title="bbox 2006 1310 3576 1396; baseline 0.015 -35"><span class='ocrx_word' id='word_1_563' title='bbox 2006 1310 2171 1364; x_wconf 86' lang='lat' dir='ltr'><strong>lutare</strong></span> <span class='ocrx_word' id='word_1_564' title='bbox 2183 1330 2364 1366; x_wconf 79' lang='lat' dir='ltr'><strong>meum.</strong></span> <span class='ocrx_word' id='word_1_565' title='bbox 2388 1313 2583 1369; x_wconf 85' lang='lat' dir='ltr'><strong>Etenim</strong></span> <span class='ocrx_word' id='word_1_566' title='bbox 2604 1319 2785 1388; x_wconf 84' lang='lat' dir='ltr'><strong>ipseest</strong></span> <span class='ocrx_word' id='word_1_567' title='bbox 2811 1320 2944 1375; x_wconf 87' lang='lat' dir='ltr'><strong>Deus</strong></span> <span class='ocrx_word' id='word_1_568' title='bbox 2962 1341 3095 1378; x_wconf 88' lang='lat' dir='ltr'><strong>meus</strong></span> <span class='ocrx_word' id='word_1_569' title='bbox 3110 1336 3152 1378; x_wconf 89' lang='lat' dir='ltr'><strong>et</strong></span> <span class='ocrx_word' id='word_1_570' title='bbox 3165 1329 3398 1382; x_wconf 85' lang='lat' dir='ltr'><strong>salutaris</strong></span> <span class='ocrx_word' id='word_1_571' title='bbox 3420 1348 3576 1396; x_wconf 88' lang='lat' dir='ltr'><strong>meus,</strong></span> 
     </span>
    </p>
   </div>
   <div class='ocr_carea' id='block_1_72' title="bbox 2004 1411 3580 1491">
    <p class='ocr_par' dir='ltr' id='par_1_72' title="bbox 2004 1411 3580 1491">
     <span class='ocr_line' id='line_1_72' title="bbox 2004 1411 3580 1491; baseline 0.015 -38"><span class='ocrx_word' id='word_1_572' title='bbox 2004 1414 2263 1473; x_wconf 85' lang='lat' dir='ltr'><strong>susceptor</strong></span> <span class='ocrx_word' id='word_1_573' title='bbox 2290 1422 2429 1460; x_wconf 89' lang='lat' dir='ltr'><strong>meus</strong></span> <span class='ocrx_word' id='word_1_574' title='bbox 2447 1450 2461 1473; x_wconf 92' lang='lat'><strong>,</strong></span> <span class='ocrx_word' id='word_1_575' title='bbox 2491 1426 2589 1463; x_wconf 90' lang='lat' dir='ltr'><strong>non</strong></span> <span class='ocrx_word' id='word_1_576' title='bbox 2620 1411 2849 1466; x_wconf 87' lang='lat' dir='ltr'><strong>movebar</strong></span> <span class='ocrx_word' id='word_1_577' title='bbox 2875 1416 3110 1483; x_wconf 84' lang='lat' dir='ltr'><strong>amplius.</strong></span> <span class='ocrx_word' id='word_1_578' title='bbox 3135 1417 3257 1472; x_wconf 90' lang='lat' dir='ltr'><strong>Scio</strong></span> <span class='ocrx_word' id='word_1_579' title='bbox 3283 1422 3400 1489; x_wconf 90' lang='lat' dir='ltr'><strong>quis</strong></span> <span class='ocrx_word' id='word_1_580' title='bbox 3424 1438 3580 1491; x_wconf 85' lang='lat' dir='ltr'><strong>supra</strong></span> 
     </span>
    </p>
   </div>
   <div class='ocr_carea' id='block_1_73' title="bbox 2004 1492 3581 1571">
    <p class='ocr_par' dir='ltr' id='par_1_73' title="bbox 2004 1492 3581 1571">
     <span class='ocr_line' id='line_1_73' title="bbox 2004 1492 3581 1571; baseline 0.013 -22"><span class='ocrx_word' id='word_1_581' title='bbox 2004 1510 2091 1550; x_wconf 91' lang='lat' dir='ltr'><strong>me</strong></span> <span class='ocrx_word' id='word_1_582' title='bbox 2116 1497 2202 1565; x_wconf 91' lang='lat' dir='ltr'><strong>sit,</strong></span> <span class='ocrx_word' id='word_1_583' title='bbox 2222 1499 2333 1553; x_wconf 91' lang='lat' dir='ltr'><strong>scio</strong></span> <span class='ocrx_word' id='word_1_584' title='bbox 2357 1502 2475 1571; x_wconf 88' lang='lat' dir='ltr'><strong>quis</strong></span> <span class='ocrx_word' id='word_1_585' title='bbox 2494 1492 2785 1571; x_wconf 64' lang='lat' dir='ltr'><strong>praetendat</strong></span> <span class='ocrx_word' id='word_1_586' title='bbox 2808 1507 3220 1563; x_wconf 89' lang='lat' dir='ltr'><strong>misericordiam</strong></span> <span class='ocrx_word' id='word_1_587' title='bbox 3238 1526 3385 1565; x_wconf 91' lang='lat' dir='ltr'><strong>suam</strong></span> <span class='ocrx_word' id='word_1_588' title='bbox 3408 1516 3552 1569; x_wconf 91' lang='lat' dir='ltr'><strong>scien</strong></span> <span class='ocrx_word' id='word_1_589' title='bbox 3568 1548 3581 1555; x_wconf 72' lang='grc' dir='ltr'><strong><em>ο</em></strong></span> 
     </span>
    </p>
   </div>
   <div class='ocr_carea' id='block_1_74' title="bbox 2003 1585 3577 1671">
    <p class='ocr_par' dir='ltr' id='par_1_74' title="bbox 2003 1585 3577 1671">
     <span class='ocr_line' id='line_1_74' title="bbox 2003 1585 3577 1671; baseline 0.011 -32"><span class='ocrx_word' id='word_1_590' title='bbox 2003 1585 2143 1640; x_wconf 91' lang='lat' dir='ltr'><strong>tibus</strong></span> <span class='ocrx_word' id='word_1_591' title='bbox 2163 1602 2241 1653; x_wconf 89' lang='lat' dir='ltr'><strong>se,</strong></span> <span class='ocrx_word' id='word_1_592' title='bbox 2271 1590 2384 1645; x_wconf 90' lang='lat' dir='ltr'><strong>seio</strong></span> <span class='ocrx_word' id='word_1_593' title='bbox 2409 1592 2507 1647; x_wconf 91' lang='lat' dir='ltr'><strong>sub</strong></span> <span class='ocrx_word' id='word_1_594' title='bbox 2534 1594 2684 1662; x_wconf 90' lang='lat' dir='ltr'><strong>cujus</strong></span> <span class='ocrx_word' id='word_1_595' title='bbox 2702 1596 2902 1650; x_wconf 91' lang='lat' dir='ltr'><strong>alarum</strong></span> <span class='ocrx_word' id='word_1_596' title='bbox 2936 1600 3166 1670; x_wconf 80' lang='lat' dir='ltr'><strong>tegmine</strong></span> <span class='ocrx_word' id='word_1_597' title='bbox 3191 1618 3397 1671; x_wconf 84' lang='lat' dir='ltr'><strong>sperem</strong></span> <span class='ocrx_word' id='word_1_598' title='bbox 3432 1622 3447 1658; x_wconf 92' lang='lat'><strong>:</strong></span> <span class='ocrx_word' id='word_1_599' title='bbox 3480 1623 3577 1657; x_wconf 88' lang='lat' dir='ltr'><strong>non</strong></span> 
     </span>
    </p>
   </div>
   <div class='ocr_carea' id='block_1_75' title="bbox 2000 1682 3572 1764">
    <p class='ocr_par' dir='ltr' id='par_1_75' title="bbox 2000 1682 3572 1764">
     <span class='ocr_line' id='line_1_75' title="bbox 2000 1682 3572 1764; baseline 0.012 -33"><span class='ocrx_word' id='word_1_600' title='bbox 2000 1682 2230 1735; x_wconf 79' lang='lat' dir='ltr'><strong>movebar</strong></span> <span class='ocrx_word' id='word_1_601' title='bbox 2270 1685 2506 1755; x_wconf 86' lang='lat' dir='ltr'><strong>amplius.</strong></span> <span class='ocrx_word' id='word_1_602' title='bbox 2543 1688 2711 1757; x_wconf 81' lang='lat' dir='ltr'><strong>Agitis</strong></span> <span class='ocrx_word' id='word_1_603' title='bbox 2737 1690 2948 1758; x_wconf 91' lang='lat' dir='ltr'><strong>quidem</strong></span> <span class='ocrx_word' id='word_1_604' title='bbox 2980 1707 3073 1746; x_wconf 91' lang='lat' dir='ltr'><strong>vos</strong></span> <span class='ocrx_word' id='word_1_605' title='bbox 3097 1734 3111 1758; x_wconf 97' lang='lat'><strong>,</strong></span> <span class='ocrx_word' id='word_1_606' title='bbox 3143 1694 3215 1747; x_wconf 88' lang='lat' dir='ltr'><strong>ait</strong></span> <span class='ocrx_word' id='word_1_607' title='bbox 3239 1696 3572 1764; x_wconf 89' lang='lat' dir='ltr'><strong>quibusdam,</strong></span> 
     </span>
    </p>
   </div>
   <div class='ocr_carea' id='block_1_76' title="bbox 2002 1773 3569 1855">
    <p class='ocr_par' dir='ltr' id='par_1_76' title="bbox 2002 1773 3569 1855">
     <span class='ocr_line' id='line_1_76' title="bbox 2002 1773 3569 1855; baseline 0.011 -32"><span class='ocrx_word' id='word_1_608' title='bbox 2002 1773 2307 1828; x_wconf 86' lang='lat' dir='ltr'><strong>transiliens</strong></span> <span class='ocrx_word' id='word_1_609' title='bbox 2334 1791 2427 1829; x_wconf 91' lang='lat' dir='ltr'><strong>eos</strong></span> <span class='ocrx_word' id='word_1_610' title='bbox 2454 1777 2594 1845; x_wconf 90' lang='lat' dir='ltr'><strong>ipsos</strong></span> <span class='ocrx_word' id='word_1_611' title='bbox 2624 1780 2814 1849; x_wconf 90' lang='lat' dir='ltr'><strong>quibus</strong></span> <span class='ocrx_word' id='word_1_612' title='bbox 2839 1781 2967 1835; x_wconf 91' lang='lat' dir='ltr'><strong>dicit</strong></span> <span class='ocrx_word' id='word_1_613' title='bbox 2996 1801 3009 1837; x_wconf 94' lang='lat'><strong>:</strong></span> <span class='ocrx_word' id='word_1_614' title='bbox 3041 1786 3196 1853; x_wconf 82' lang='lat' dir='ltr'><strong>agitis</strong></span> <span class='ocrx_word' id='word_1_615' title='bbox 3231 1788 3445 1855; x_wconf 82' lang='lat' dir='ltr'><strong>quidem</strong></span> <span class='ocrx_word' id='word_1_616' title='bbox 3473 1804 3569 1840; x_wconf 80' lang='lat' dir='ltr'><strong>vos</strong></span> 
     </span>
    </p>
   </div>
   <div class='ocr_carea' id='block_1_77' title="bbox 1998 1868 3572 1943">
    <p class='ocr_par' dir='ltr' id='par_1_77' title="bbox 1998 1868 3572 1943">
     <span class='ocr_line' id='line_1_77' title="bbox 1998 1868 3572 1943; baseline 0.01 -26"><span class='ocrx_word' id='word_1_617' title='bbox 1998 1874 2054 1918; x_wconf 87' lang='grc' dir='ltr'><strong>ιιι</strong></span> <span class='ocrx_word' id='word_1_618' title='bbox 2084 1881 2329 1930; x_wconf 90' lang='lat' dir='ltr'><strong>movear,</strong></span> <span class='ocrx_word' id='word_1_619' title='bbox 2359 1868 2450 1921; x_wconf 92' lang='lat' dir='ltr'><strong>sed</strong></span> <span class='ocrx_word' id='word_1_620' title='bbox 2481 1886 2578 1923; x_wconf 91' lang='lat' dir='ltr'><strong>non</strong></span> <span class='ocrx_word' id='word_1_621' title='bbox 2604 1872 2764 1923; x_wconf 82' lang='lat' dir='ltr'><strong>veniat</strong></span> <span class='ocrx_word' id='word_1_622' title='bbox 2790 1874 2915 1925; x_wconf 84' lang='lat' dir='ltr'><strong>mihi</strong></span> <span class='ocrx_word' id='word_1_623' title='bbox 2938 1891 3023 1943; x_wconf 88' lang='lat' dir='ltr'><strong>pes</strong></span> <span class='ocrx_word' id='word_1_624' title='bbox 3052 1878 3318 1943; x_wconf 66' lang='lat' dir='ltr'><strong>superbire.</strong></span> <span class='ocrx_word' id='word_1_625' title='bbox 3369 1878 3443 1930; x_wconf 79' lang='lat' dir='ltr'><strong>Ex</strong></span> <span class='ocrx_word' id='word_1_626' title='bbox 3472 1879 3572 1933; x_wconf 90' lang='lat' dir='ltr'><strong>hoc</strong></span> 
     </span>
    </p>
   </div>
   <div class='ocr_carea' id='block_1_78' title="bbox 1994 1958 3569 2037">
    <p class='ocr_par' dir='ltr' id='par_1_78' title="bbox 1994 1958 3569 2037">
     <span class='ocr_line' id='line_1_78' title="bbox 1994 1958 3569 2037; baseline 0.009 -28"><span class='ocrx_word' id='word_1_627' title='bbox 1994 1958 2135 2011; x_wconf 88' lang='lat' dir='ltr'><strong>enim</strong></span> <span class='ocrx_word' id='word_1_628' title='bbox 2168 1960 2225 2013; x_wconf 85' lang='lat' dir='ltr'><strong>lit</strong></span> <span class='ocrx_word' id='word_1_629' title='bbox 2252 1960 2466 2029; x_wconf 89' lang='lat' dir='ltr'><strong>quodet</strong></span> <span class='ocrx_word' id='word_1_630' title='bbox 2492 1963 2543 2015; x_wconf 87' lang='lat' dir='ltr'><strong>itt</strong></span> <span class='ocrx_word' id='word_1_631' title='bbox 2572 1964 2686 2033; x_wconf 87' lang='lat' dir='ltr'><strong>ipso</strong></span> <span class='ocrx_word' id='word_1_632' title='bbox 2712 1965 2916 2034; x_wconf 88' lang='lat' dir='ltr'><strong>psalmo</strong></span> <span class='ocrx_word' id='word_1_633' title='bbox 2948 1968 3185 2037; x_wconf 89' lang='lat' dir='ltr'><strong>sequitur</strong></span> <span class='ocrx_word' id='word_1_634' title='bbox 3208 2009 3220 2031; x_wconf 95' lang='lat'><strong>,</strong></span> <span class='ocrx_word' id='word_1_635' title='bbox 3258 1969 3366 2022; x_wconf 86' lang='lat' dir='ltr'><strong>Nec</strong></span> <span class='ocrx_word' id='word_1_636' title='bbox 3394 1988 3569 2023; x_wconf 86' lang='lat' dir='ltr'><strong>manus</strong></span> 
     </span>
    </p>
   </div>
   <div class='ocr_carea' id='block_1_79' title="bbox 1991 2053 3570 2129">
    <p class='ocr_par' dir='ltr' id='par_1_79' title="bbox 1991 2053 3570 2129">
     <span class='ocr_line' id='line_1_79' title="bbox 1991 2053 3570 2129; baseline 0.007 -29"><span class='ocrx_word' id='word_1_637' title='bbox 1991 2060 2308 2117; x_wconf 85' lang='lat' dir='ltr'><strong>peccatorum</strong></span> <span class='ocrx_word' id='word_1_638' title='bbox 2332 2053 2577 2106; x_wconf 85' lang='lat' dir='ltr'><strong>dimoveat</strong></span> <span class='ocrx_word' id='word_1_639' title='bbox 2598 2054 2871 2126; x_wconf 84' lang='lat' dir='ltr'><strong>me‘(Psal.</strong></span> <span class='ocrx_word' id='word_1_640' title='bbox 2898 2073 3034 2111; x_wconf 79' lang='lat' dir='ltr'><strong>xxxv</strong></span> <span class='ocrx_word' id='word_1_641' title='bbox 3055 2100 3069 2123; x_wconf 90' lang='lat'><strong>,</strong></span> <span class='ocrx_word' id='word_1_642' title='bbox 3102 2059 3189 2129; x_wconf 74' lang='grc'><strong>12)</strong></span> <span class='ocrx_word' id='word_1_643' title='bbox 3222 2078 3233 2112; x_wconf 94' lang='lat'><strong>:</strong></span> <span class='ocrx_word' id='word_1_644' title='bbox 3268 2062 3350 2114; x_wconf 93' lang='lat' dir='ltr'><strong>cui</strong></span> <span class='ocrx_word' id='word_1_645' title='bbox 3382 2077 3570 2115; x_wconf 80' lang='lat' dir='ltr'><strong>COﬂSn-</strong></span> 
     </span>
    </p>
   </div>
   <div class='ocr_carea' id='block_1_80' title="bbox 1990 2141 3565 2223">
    <p class='ocr_par' dir='ltr' id='par_1_80' title="bbox 1990 2141 3565 2223">
     <span class='ocr_line' id='line_1_80' title="bbox 1990 2141 3565 2223; baseline 0.008 -29"><span class='ocrx_word' id='word_1_646' title='bbox 1990 2150 2115 2209; x_wconf 87' lang='lat' dir='ltr'><strong>nat,</strong></span> <span class='ocrx_word' id='word_1_647' title='bbox 2164 2141 2284 2196; x_wconf 87' lang='lat' dir='ltr'><strong>Non</strong></span> <span class='ocrx_word' id='word_1_648' title='bbox 2318 2146 2547 2198; x_wconf 84' lang='lat' dir='ltr'><strong>movebar</strong></span> <span class='ocrx_word' id='word_1_649' title='bbox 2574 2149 2811 2217; x_wconf 88' lang='lat' dir='ltr'><strong>amplius.</strong></span> <span class='ocrx_word' id='word_1_650' title='bbox 2865 2149 2945 2203; x_wconf 87' lang='lat' dir='ltr'><strong>Ad</strong></span> <span class='ocrx_word' id='word_1_651' title='bbox 2990 2151 3114 2203; x_wconf 88' lang='lat' dir='ltr'><strong>illud</strong></span> <span class='ocrx_word' id='word_1_652' title='bbox 3154 2152 3296 2205; x_wconf 90' lang='lat' dir='ltr'><strong>enim</strong></span> <span class='ocrx_word' id='word_1_653' title='bbox 3328 2154 3467 2223; x_wconf 87' lang='lat' dir='ltr'><strong>quod</strong></span> <span class='ocrx_word' id='word_1_654' title='bbox 3499 2156 3565 2209; x_wconf 92' lang='lat' dir='ltr'><strong>ibi</strong></span> 
     </span>
    </p>
   </div>
   <div class='ocr_carea' id='block_1_81' title="bbox 1986 2235 3568 2313">
    <p class='ocr_par' dir='ltr' id='par_1_81' title="bbox 1986 2235 3568 2313">
     <span class='ocr_line' id='line_1_81' title="bbox 1986 2235 3568 2313; baseline 0.009 -23"><span class='ocrx_word' id='word_1_655' title='bbox 1986 2235 2185 2291; x_wconf 90' lang='lat' dir='ltr'><strong>dictum</strong></span> <span class='ocrx_word' id='word_1_656' title='bbox 2210 2251 2323 2305; x_wconf 88' lang='lat' dir='ltr'><strong>est,</strong></span> <span class='ocrx_word' id='word_1_657' title='bbox 2370 2240 2479 2293; x_wconf 87' lang='lat' dir='ltr'><strong>Nec</strong></span> <span class='ocrx_word' id='word_1_658' title='bbox 2505 2258 2685 2295; x_wconf 89' lang='lat' dir='ltr'><strong>manus</strong></span> <span class='ocrx_word' id='word_1_659' title='bbox 2728 2256 3044 2313; x_wconf 84' lang='lat' dir='ltr'><strong>peccatorum</strong></span> <span class='ocrx_word' id='word_1_660' title='bbox 3066 2246 3312 2299; x_wconf 87' lang='lat' dir='ltr'><strong>dimoveat</strong></span> <span class='ocrx_word' id='word_1_661' title='bbox 3338 2265 3439 2311; x_wconf 90' lang='lat' dir='ltr'><strong>me,</strong></span> <span class='ocrx_word' id='word_1_662' title='bbox 3485 2266 3568 2304; x_wconf 87' lang='lat' dir='ltr'><strong>re-</strong></span> 
     </span>
    </p>
   </div>
   <div class='ocr_carea' id='block_1_82' title="bbox 1983 2328 3562 2403">
    <p class='ocr_par' dir='ltr' id='par_1_82' title="bbox 1983 2328 3562 2403">
     <span class='ocr_line' id='line_1_82' title="bbox 1983 2328 3562 2403; baseline 0.006 -22"><span class='ocrx_word' id='word_1_663' title='bbox 1983 2328 2211 2397; x_wconf 84' lang='lat' dir='ltr'><strong>Spondct</strong></span> <span class='ocrx_word' id='word_1_664' title='bbox 2256 2328 2375 2395; x_wconf 88' lang='lat' dir='ltr'><strong>hic,</strong></span> <span class='ocrx_word' id='word_1_665' title='bbox 2425 2329 2544 2384; x_wconf 89' lang='lat' dir='ltr'><strong>Non</strong></span> <span class='ocrx_word' id='word_1_666' title='bbox 2580 2332 2808 2385; x_wconf 85' lang='lat' dir='ltr'><strong>movebar</strong></span> <span class='ocrx_word' id='word_1_667' title='bbox 2830 2334 3093 2403; x_wconf 88' lang='lat' dir='ltr'><strong>amplius:</strong></span> <span class='ocrx_word' id='word_1_668' title='bbox 3121 2336 3185 2389; x_wconf 84' lang='lat' dir='ltr'><strong>ad</strong></span> <span class='ocrx_word' id='word_1_669' title='bbox 3218 2337 3343 2390; x_wconf 89' lang='lat' dir='ltr'><strong>illud</strong></span> <span class='ocrx_word' id='word_1_670' title='bbox 3385 2347 3562 2393; x_wconf 87' lang='lat' dir='ltr'><strong>autem</strong></span> 
     </span>
    </p>
   </div>
   <div class='ocr_carea' id='block_1_83' title="bbox 1982 2420 3562 2502">
    <p class='ocr_par' dir='ltr' id='par_1_83' title="bbox 1982 2420 3562 2502">
     <span class='ocr_line' id='line_1_83' title="bbox 1982 2420 3562 2502; baseline 0.009 -32"><span class='ocrx_word' id='word_1_671' title='bbox 1982 2420 2124 2489; x_wconf 91' lang='lat' dir='ltr'><strong>quod</strong></span> <span class='ocrx_word' id='word_1_672' title='bbox 2182 2423 2253 2476; x_wconf 86' lang='lat' dir='ltr'><strong>ibi</strong></span> <span class='ocrx_word' id='word_1_673' title='bbox 2295 2423 2491 2477; x_wconf 86' lang='lat' dir='ltr'><strong>dictum</strong></span> <span class='ocrx_word' id='word_1_674' title='bbox 2533 2433 2647 2490; x_wconf 87' lang='lat' dir='ltr'><strong>est,</strong></span> <span class='ocrx_word' id='word_1_675' title='bbox 2707 2425 2828 2479; x_wconf 84' lang='lat' dir='ltr'><strong>Non</strong></span> <span class='ocrx_word' id='word_1_676' title='bbox 2876 2429 3039 2480; x_wconf 76' lang='lat' dir='ltr'><strong>veniat</strong></span> <span class='ocrx_word' id='word_1_677' title='bbox 3078 2430 3202 2481; x_wconf 76' lang='lat' dir='ltr'><strong>nti/ii</strong></span> <span class='ocrx_word' id='word_1_678' title='bbox 3246 2447 3333 2502; x_wconf 89' lang='lat' dir='ltr'><strong>pes</strong></span> <span class='ocrx_word' id='word_1_679' title='bbox 3384 2448 3562 2501; x_wconf 88' lang='lat' dir='ltr'><strong>super-</strong></span> 
     </span>
    </p>
   </div>
   <div class='ocr_carea' id='block_1_84' title="bbox 1980 2512 3560 2590">
    <p class='ocr_par' dir='ltr' id='par_1_84' title="bbox 1980 2512 3560 2590">
     <span class='ocr_line' id='line_1_84' title="bbox 1980 2512 3560 2590; baseline 0.008 -26"><span class='ocrx_word' id='word_1_680' title='bbox 1980 2512 2106 2576; x_wconf 75' lang='grc' dir='ltr'><strong>ὀίω,</strong></span> <span class='ocrx_word' id='word_1_681' title='bbox 2151 2514 2435 2585; x_wconf 82' lang='lat' dir='ltr'><strong>reSpondet</strong></span> <span class='ocrx_word' id='word_1_682' title='bbox 2475 2515 2596 2582; x_wconf 93' lang='lat' dir='ltr'><strong>hic,</strong></span> <span class='ocrx_word' id='word_1_683' title='bbox 2643 2515 2831 2572; x_wconf 86' lang='lat' dir='ltr'><strong>Nonne</strong></span> <span class='ocrx_word' id='word_1_684' title='bbox 2864 2517 2973 2573; x_wconf 87' lang='lat' dir='ltr'><strong>Deo</strong></span> <span class='ocrx_word' id='word_1_685' title='bbox 3008 2521 3233 2590; x_wconf 88' lang='lat' dir='ltr'><strong>subjecta</strong></span> <span class='ocrx_word' id='word_1_686' title='bbox 3260 2522 3354 2575; x_wconf 86' lang='lat' dir='ltr'><strong>erit</strong></span> <span class='ocrx_word' id='word_1_687' title='bbox 3389 2523 3560 2576; x_wconf 88' lang='lat' dir='ltr'><strong>anima</strong></span> 
     </span>
    </p>
   </div>
   <div class='ocr_carea' id='block_1_85' title="bbox 1978 2604 2135 2659">
    <p class='ocr_par' dir='ltr' id='par_1_85' title="bbox 1978 2604 2135 2659">
     <span class='ocr_line' id='line_1_85' title="bbox 1978 2604 2135 2659; baseline 0.006 -2"><span class='ocrx_word' id='word_1_688' title='bbox 1978 2620 2089 2659; x_wconf 81' lang='lat' dir='ltr'><strong>mea</strong></span> <span class='ocrx_word' id='word_1_689' title='bbox 2107 2604 2135 2658; x_wconf 66' lang='lat'><strong>.9</strong></span> 
     </span>
    </p>
   </div>
   <div class='ocr_carea' id='block_1_86' title="bbox 2052 2695 3557 2769">
    <p class='ocr_par' dir='ltr' id='par_1_86' title="bbox 2052 2695 3557 2769">
     <span class='ocr_line' id='line_1_86' title="bbox 2052 2695 3557 2769; baseline 0.008 -19"><span class='ocrx_word' id='word_1_690' title='bbox 2052 2696 2105 2750; x_wconf 84' lang='lat'><strong>&#39;5.</strong></span> <span class='ocrx_word' id='word_1_691' title='bbox 2136 2695 2277 2767; x_wconf 80' lang='lat' dir='ltr'><strong>Ergo</strong></span> <span class='ocrx_word' id='word_1_692' title='bbox 2304 2697 2371 2753; x_wconf 91' lang='lat' dir='ltr'><strong>de</strong></span> <span class='ocrx_word' id='word_1_693' title='bbox 2397 2700 2672 2769; x_wconf 90' lang='lat' dir='ltr'><strong>superiore</strong></span> <span class='ocrx_word' id='word_1_694' title='bbox 2716 2702 2836 2758; x_wconf 92' lang='lat' dir='ltr'><strong>loco</strong></span> <span class='ocrx_word' id='word_1_695' title='bbox 2871 2703 3108 2759; x_wconf 91' lang='lat' dir='ltr'><strong>munitus</strong></span> <span class='ocrx_word' id='word_1_696' title='bbox 3149 2712 3203 2760; x_wconf 90' lang='lat' dir='ltr'><strong>et</strong></span> <span class='ocrx_word' id='word_1_697' title='bbox 3248 2712 3391 2759; x_wconf 91' lang='lat' dir='ltr'><strong>tutus</strong></span> <span class='ocrx_word' id='word_1_698' title='bbox 3412 2746 3425 2767; x_wconf 89' lang='lat'><strong>,</strong></span> <span class='ocrx_word' id='word_1_699' title='bbox 3473 2709 3557 2762; x_wconf 90' lang='lat' dir='ltr'><strong>cui</strong></span> 
     </span>
    </p>
   </div>
   <div class='ocr_carea' id='block_1_87' title="bbox 1976 2787 3556 2869">
    <p class='ocr_par' dir='ltr' id='par_1_87' title="bbox 1976 2787 3556 2869">
     <span class='ocr_line' id='line_1_87' title="bbox 1976 2787 3556 2869; baseline 0.009 -27"><span class='ocrx_word' id='word_1_700' title='bbox 1976 2787 2149 2844; x_wconf 81' lang='lat' dir='ltr'><strong>factus</strong></span> <span class='ocrx_word' id='word_1_701' title='bbox 2172 2800 2253 2846; x_wconf 91' lang='lat' dir='ltr'><strong>est</strong></span> <span class='ocrx_word' id='word_1_702' title='bbox 2281 2792 2533 2849; x_wconf 91' lang='lat' dir='ltr'><strong>Dominus</strong></span> <span class='ocrx_word' id='word_1_703' title='bbox 2562 2795 2846 2868; x_wconf 85' lang='lat' dir='ltr'><strong>refugium,</strong></span> <span class='ocrx_word' id='word_1_704' title='bbox 2878 2800 2961 2853; x_wconf 92' lang='lat' dir='ltr'><strong>cui</strong></span> <span class='ocrx_word' id='word_1_705' title='bbox 2990 2810 3071 2854; x_wconf 91' lang='lat' dir='ltr'><strong>est</strong></span> <span class='ocrx_word' id='word_1_706' title='bbox 3097 2800 3207 2869; x_wconf 90' lang='lat' dir='ltr'><strong>ipse</strong></span> <span class='ocrx_word' id='word_1_707' title='bbox 3228 2797 3366 2856; x_wconf 87' lang='lat' dir='ltr'><strong>D&#39;eus</strong></span> <span class='ocrx_word' id='word_1_708' title='bbox 3395 2802 3445 2855; x_wconf 93' lang='lat' dir='ltr'><strong>in</strong></span> <span class='ocrx_word' id='word_1_709' title='bbox 3480 2802 3556 2856; x_wconf 84' lang='lat' dir='ltr'><strong>lo-</strong></span> 
     </span>
    </p>
   </div>
   <div class='ocr_carea' id='block_1_88' title="bbox 1974 2885 3553 2962">
    <p class='ocr_par' dir='ltr' id='par_1_88' title="bbox 1974 2885 3553 2962">
     <span class='ocr_line' id='line_1_88' title="bbox 1974 2885 3553 2962; baseline 0.008 -25"><span class='ocrx_word' id='word_1_710' title='bbox 1974 2896 2095 2937; x_wconf 91' lang='lat' dir='ltr'><strong>cum</strong></span> <span class='ocrx_word' id='word_1_711' title='bbox 2125 2885 2408 2951; x_wconf 90' lang='lat' dir='ltr'><strong>munitum,</strong></span> <span class='ocrx_word' id='word_1_712' title='bbox 2440 2888 2657 2958; x_wconf 88' lang='lat' dir='ltr'><strong>respicit</strong></span> <span class='ocrx_word' id='word_1_713' title='bbox 2682 2890 2748 2944; x_wconf 91' lang='lat' dir='ltr'><strong>ad</strong></span> <span class='ocrx_word' id='word_1_714' title='bbox 2779 2905 2872 2945; x_wconf 89' lang='lat' dir='ltr'><strong>eos</strong></span> <span class='ocrx_word' id='word_1_715' title='bbox 2892 2908 3026 2962; x_wconf 92' lang='lat' dir='ltr'><strong>quos</strong></span> <span class='ocrx_word' id='word_1_716' title='bbox 3048 2894 3348 2961; x_wconf 89' lang='lat' dir='ltr'><strong>transilivit,</strong></span> <span class='ocrx_word' id='word_1_717' title='bbox 3379 2904 3427 2949; x_wconf 91' lang='lat' dir='ltr'><strong>et</strong></span> <span class='ocrx_word' id='word_1_718' title='bbox 3457 2894 3553 2949; x_wconf 89' lang='lat' dir='ltr'><strong>de—</strong></span> 
     </span>
    </p>
   </div>
   <div class='ocr_carea' id='block_1_89' title="bbox 1972 2976 3550 3054">
    <p class='ocr_par' dir='ltr' id='par_1_89' title="bbox 1972 2976 3550 3054">
     <span class='ocr_line' id='line_1_89' title="bbox 1972 2976 3550 3054; baseline 0.008 -25"><span class='ocrx_word' id='word_1_719' title='bbox 1972 2976 2205 3046; x_wconf 91' lang='lat' dir='ltr'><strong>spiciens</strong></span> <span class='ocrx_word' id='word_1_720' title='bbox 2235 2993 2327 3033; x_wconf 91' lang='lat' dir='ltr'><strong>eos</strong></span> <span class='ocrx_word' id='word_1_721' title='bbox 2355 2980 2603 3051; x_wconf 91' lang='lat' dir='ltr'><strong>loquitur,</strong></span> <span class='ocrx_word' id='word_1_722' title='bbox 2629 2991 2876 3054; x_wconf 88' lang='lat' dir='ltr'><strong>tanquam</strong></span> <span class='ocrx_word' id='word_1_723' title='bbox 2900 2985 2964 3038; x_wconf 91' lang='lat' dir='ltr'><strong>de</strong></span> <span class='ocrx_word' id='word_1_724' title='bbox 2988 2987 3116 3039; x_wconf 88' lang='lat' dir='ltr'><strong>turri</strong></span> <span class='ocrx_word' id='word_1_725' title='bbox 3147 2987 3354 3041; x_wconf 80' lang='lat' dir='ltr'><strong>excelsa</strong></span> <span class='ocrx_word' id='word_1_726' title='bbox 3382 3005 3395 3050; x_wconf 89' lang='lat'><strong>;</strong></span> <span class='ocrx_word' id='word_1_727' title='bbox 3430 3004 3550 3041; x_wconf 86' lang='lat' dir='ltr'><strong>nam</strong></span> 
     </span>
    </p>
   </div>
   <div class='ocr_carea' id='block_1_90' title="bbox 1972 3068 3552 3149">
    <p class='ocr_par' dir='ltr' id='par_1_90' title="bbox 1972 3068 3552 3149">
     <span class='ocr_line' id='line_1_90' title="bbox 1972 3068 3552 3149; baseline 0.006 -26"><span class='ocrx_word' id='word_1_728' title='bbox 1972 3077 2027 3123; x_wconf 89' lang='lat' dir='ltr'><strong>et</strong></span> <span class='ocrx_word' id='word_1_729' title='bbox 2056 3068 2155 3124; x_wconf 90' lang='lat' dir='ltr'><strong>hoc</strong></span> <span class='ocrx_word' id='word_1_730' title='bbox 2196 3069 2397 3125; x_wconf 88' lang='lat' dir='ltr'><strong>dictum</strong></span> <span class='ocrx_word' id='word_1_731' title='bbox 2425 3081 2508 3127; x_wconf 91' lang='lat' dir='ltr'><strong>est</strong></span> <span class='ocrx_word' id='word_1_732' title='bbox 2543 3073 2611 3128; x_wconf 91' lang='lat' dir='ltr'><strong>de</strong></span> <span class='ocrx_word' id='word_1_733' title='bbox 2654 3089 2719 3130; x_wconf 91' lang='lat' dir='ltr'><strong>eo</strong></span> <span class='ocrx_word' id='word_1_734' title='bbox 2739 3077 2775 3141; x_wconf 68' lang='lat'><strong>,’</strong></span> <span class='ocrx_word' id='word_1_735' title='bbox 2802 3074 2982 3129; x_wconf 87' lang='lat' dir='ltr'><strong>Turris</strong></span> <span class='ocrx_word' id='word_1_736' title='bbox 3020 3079 3331 3149; x_wconf 84' lang='lat' dir='ltr'><strong>fortitudinis</strong></span> <span class='ocrx_word' id='word_1_737' title='bbox 3363 3096 3392 3131; x_wconf 89' lang='lat' dir='ltr'><strong>a</strong></span> <span class='ocrx_word' id='word_1_738' title='bbox 3423 3081 3552 3149; x_wconf 80' lang='lat' dir='ltr'><strong>facio</strong></span> 
     </span>
    </p>
   </div>
   <div class='ocr_carea' id='block_1_91' title="bbox 1968 3160 3544 3240">
    <p class='ocr_par' dir='ltr' id='par_1_91' title="bbox 1968 3160 3544 3240">
     <span class='ocr_line' id='line_1_91' title="bbox 1968 3160 3544 3240; baseline 0.008 -26"><span class='ocrx_word' id='word_1_739' title='bbox 1968 3160 2157 3217; x_wconf 87' lang='lat' dir='ltr'><strong>inimici</strong></span> <span class='ocrx_word' id='word_1_740' title='bbox 2184 3162 2353 3235; x_wconf 87' lang='lat' dir='ltr'><strong>(Psal.</strong></span> <span class='ocrx_word' id='word_1_741' title='bbox 2385 3182 2451 3221; x_wconf 73' lang='lat' dir='ltr'><strong>LX</strong></span> <span class='ocrx_word' id='word_1_742' title='bbox 2474 3208 2489 3229; x_wconf 89' lang='lat'><strong>,</strong></span> <span class='ocrx_word' id='word_1_743' title='bbox 2517 3166 2573 3238; x_wconf 75' lang='grc'><strong>4)</strong></span> <span class='ocrx_word' id='word_1_744' title='bbox 2607 3183 2619 3220; x_wconf 92' lang='lat'><strong>:</strong></span> <span class='ocrx_word' id='word_1_745' title='bbox 2654 3168 2877 3223; x_wconf 89' lang='lat' dir='ltr'><strong>attendit</strong></span> <span class='ocrx_word' id='word_1_746' title='bbox 2915 3185 3041 3239; x_wconf 84' lang='lat' dir='ltr'><strong>ergo</strong></span> <span class='ocrx_word' id='word_1_747' title='bbox 3069 3170 3133 3225; x_wconf 89' lang='lat' dir='ltr'><strong>ad</strong></span> <span class='ocrx_word' id='word_1_748' title='bbox 3160 3187 3251 3226; x_wconf 86' lang='lat' dir='ltr'><strong>eos</strong></span> <span class='ocrx_word' id='word_1_749' title='bbox 3276 3214 3290 3240; x_wconf 95' lang='lat'><strong>,</strong></span> <span class='ocrx_word' id='word_1_750' title='bbox 3318 3182 3372 3227; x_wconf 92' lang='lat' dir='ltr'><strong>et</strong></span> <span class='ocrx_word' id='word_1_751' title='bbox 3396 3172 3544 3237; x_wconf 90' lang='lat' dir='ltr'><strong>dicit,</strong></span> 
     </span>
    </p>
   </div>
   <div class='ocr_carea' id='block_1_92' title="bbox 1972 3254 3545 3333">
    <p class='ocr_par' dir='ltr' id='par_1_92' title="bbox 1972 3254 3545 3333">
     <span class='ocr_line' id='line_1_92' title="bbox 1972 3254 3545 3333; baseline 0.008 -27"><span class='ocrx_word' id='word_1_752' title='bbox 1972 3254 2241 3327; x_wconf 82' lang='lat' dir='ltr'><strong>Quousque</strong></span> <span class='ocrx_word' id='word_1_753' title='bbox 2266 3260 2521 3328; x_wconf 88' lang='lat' dir='ltr'><strong>apponitis</strong></span> <span class='ocrx_word' id='word_1_754' title='bbox 2553 3276 2705 3329; x_wconf 85' lang='lat' dir='ltr'><strong>super</strong></span> <span class='ocrx_word' id='word_1_755' title='bbox 2747 3262 3041 3316; x_wconf 77' lang='lat' dir='ltr'><strong>hominem?</strong></span> <span class='ocrx_word' id='word_1_756' title='bbox 3081 3262 3421 3329; x_wconf 85' lang='lat' dir='ltr'><strong>lnsultando,</strong></span> <span class='ocrx_word' id='word_1_757' title='bbox 3454 3280 3545 3333; x_wconf 78' lang='lat' dir='ltr'><strong>0p-</strong></span> 
     </span>
    </p>
   </div>
   <div class='ocr_carea' id='block_1_93' title="bbox 1966 3347 3543 3425">
    <p class='ocr_par' dir='ltr' id='par_1_93' title="bbox 1966 3347 3543 3425">
     <span class='ocr_line' id='line_1_93' title="bbox 1966 3347 3543 3425; baseline 0.004 -25"><span class='ocrx_word' id='word_1_758' title='bbox 1966 3347 2178 3415; x_wconf 90' lang='lat' dir='ltr'><strong>probria</strong></span> <span class='ocrx_word' id='word_1_759' title='bbox 2204 3348 2449 3417; x_wconf 84' lang='lat' dir='ltr'><strong>jaciemio</strong></span> <span class='ocrx_word' id='word_1_760' title='bbox 2470 3393 2485 3417; x_wconf 93' lang='lat'><strong>,</strong></span> <span class='ocrx_word' id='word_1_761' title='bbox 2517 3352 2812 3407; x_wconf 84' lang='lat' dir='ltr'><strong>insidiando</strong></span> <span class='ocrx_word' id='word_1_762' title='bbox 2836 3394 2851 3417; x_wconf 92' lang='lat'><strong>,</strong></span> <span class='ocrx_word' id='word_1_763' title='bbox 2884 3353 3256 3424; x_wconf 89' lang='lat' dir='ltr'><strong>persequendo</strong></span> <span class='ocrx_word' id='word_1_764' title='bbox 3277 3397 3291 3419; x_wconf 91' lang='lat'><strong>,</strong></span> <span class='ocrx_word' id='word_1_765' title='bbox 3326 3356 3543 3425; x_wconf 56' lang='lat' dir='ltr'><strong>apponi-</strong></span> 
     </span>
    </p>
   </div>
   <div class='ocr_carea' id='block_1_94' title="bbox 1966 3439 3537 3516">
    <p class='ocr_par' dir='ltr' id='par_1_94' title="bbox 1966 3439 3537 3516">
     <span class='ocr_line' id='line_1_94' title="bbox 1966 3439 3537 3516; baseline 0.004 -24"><span class='ocrx_word' id='word_1_766' title='bbox 1966 3439 2033 3493; x_wconf 89' lang='lat' dir='ltr'><strong>tis</strong></span> <span class='ocrx_word' id='word_1_767' title='bbox 2060 3454 2220 3510; x_wconf 90' lang='lat' dir='ltr'><strong>super</strong></span> <span class='ocrx_word' id='word_1_768' title='bbox 2246 3443 2516 3498; x_wconf 89' lang='lat' dir='ltr'><strong>hominem</strong></span> <span class='ocrx_word' id='word_1_769' title='bbox 2544 3459 2702 3499; x_wconf 90' lang='lat' dir='ltr'><strong>onera</strong></span> <span class='ocrx_word' id='word_1_770' title='bbox 2728 3463 2741 3508; x_wconf 92' lang='lat'><strong>;</strong></span> <span class='ocrx_word' id='word_1_771' title='bbox 2786 3447 3051 3515; x_wconf 90' lang='lat' dir='ltr'><strong>apponitis</strong></span> <span class='ocrx_word' id='word_1_772' title='bbox 3080 3462 3239 3516; x_wconf 89' lang='lat' dir='ltr'><strong>super</strong></span> <span class='ocrx_word' id='word_1_773' title='bbox 3270 3447 3537 3500; x_wconf 88' lang='lat' dir='ltr'><strong>hominem</strong></span> 
     </span>
    </p>
   </div>
   <div class='ocr_carea' id='block_1_95' title="bbox 1963 3534 3535 3602">
    <p class='ocr_par' dir='ltr' id='par_1_95' title="bbox 1963 3534 3535 3602">
     <span class='ocr_line' id='line_1_95' title="bbox 1963 3534 3535 3602; baseline 0.002 -18"><span class='ocrx_word' id='word_1_774' title='bbox 1963 3540 2217 3600; x_wconf 88' lang='lat' dir='ltr'><strong>quantum</strong></span> <span class='ocrx_word' id='word_1_775' title='bbox 2268 3540 2441 3602; x_wconf 90' lang='lat' dir='ltr'><strong>potest</strong></span> <span class='ocrx_word' id='word_1_776' title='bbox 2476 3535 2491 3565; x_wconf 77' lang='grc' dir='ltr'>ί</span> <span class='ocrx_word' id='word_1_777' title='bbox 2530 3534 2666 3589; x_wconf 79' lang='lat' dir='ltr'><strong>ferre</strong></span> <span class='ocrx_word' id='word_1_778' title='bbox 2713 3535 2873 3589; x_wconf 92' lang='lat' dir='ltr'><strong>homo</strong></span> <span class='ocrx_word' id='word_1_779' title='bbox 2905 3553 2918 3589; x_wconf 91' lang='lat'><strong>:</strong></span> <span class='ocrx_word' id='word_1_780' title='bbox 2960 3536 3053 3590; x_wconf 84' lang='lat' dir='ltr'><strong>sed</strong></span> <span class='ocrx_word' id='word_1_781' title='bbox 3085 3547 3139 3589; x_wconf 93' lang='lat' dir='ltr'><strong>ut</strong></span> <span class='ocrx_word' id='word_1_782' title='bbox 3186 3538 3318 3590; x_wconf 82' lang='lat' dir='ltr'><strong>ferat</strong></span> <span class='ocrx_word' id='word_1_783' title='bbox 3356 3536 3535 3599; x_wconf 89' lang='lat' dir='ltr'><strong>homo,</strong></span> 
     </span>
    </p>
   </div>
   <div class='ocr_carea' id='block_1_96' title="bbox 1960 3624 3538 3698">
    <p class='ocr_par' dir='ltr' id='par_1_96' title="bbox 1960 3624 3538 3698">
     <span class='ocr_line' id='line_1_96' title="bbox 1960 3624 3538 3698; baseline 0.004 -20"><span class='ocrx_word' id='word_1_784' title='bbox 1960 3624 2060 3679; x_wconf 88' lang='lat' dir='ltr'><strong>sub</strong></span> <span class='ocrx_word' id='word_1_785' title='bbox 2096 3626 2187 3679; x_wconf 83' lang='lat' dir='ltr'><strong>illo</strong></span> <span class='ocrx_word' id='word_1_786' title='bbox 2224 3635 2305 3681; x_wconf 89' lang='lat' dir='ltr'><strong>est</strong></span> <span class='ocrx_word' id='word_1_787' title='bbox 2343 3627 2432 3697; x_wconf 89' lang='lat' dir='ltr'><strong>qui</strong></span> <span class='ocrx_word' id='word_1_788' title='bbox 2472 3627 2595 3682; x_wconf 79' lang='lat' dir='ltr'><strong>fecit</strong></span> <span class='ocrx_word' id='word_1_789' title='bbox 2638 3628 2925 3683; x_wconf 88' lang='lat' dir='ltr'><strong>hominem.</strong></span> <span class='ocrx_word' id='word_1_790' title='bbox 2979 3628 3247 3694; x_wconf 82' lang='lat' dir='ltr'><strong>Quousque</strong></span> <span class='ocrx_word' id='word_1_791' title='bbox 3286 3630 3538 3698; x_wconf 61' lang='lat' dir='ltr'><strong>apparatis</strong></span> 
     </span>
    </p>
   </div>
   <div class='ocr_carea' id='block_1_97' title="bbox 1960 3718 3535 3787">
    <p class='ocr_par' dir='ltr' id='par_1_97' title="bbox 1960 3718 3535 3787">
     <span class='ocr_line' id='line_1_97' title="bbox 1960 3718 3535 3787; baseline 0.001 -18"><span class='ocrx_word' id='word_1_792' title='bbox 1960 3732 2113 3787; x_wconf 85' lang='lat' dir='ltr'><strong>super</strong></span> <span class='ocrx_word' id='word_1_793' title='bbox 2141 3718 2393 3771; x_wconf 58' lang='lat' dir='ltr'><strong>hominem</strong></span> <span class='ocrx_word' id='word_1_794' title='bbox 2415 3719 2440 3771; x_wconf 89' lang='lat'><strong><em>?</em></strong></span> <span class='ocrx_word' id='word_1_795' title='bbox 2464 3718 2518 3772; x_wconf 88' lang='lat' dir='ltr'><strong>Si</strong></span> <span class='ocrx_word' id='word_1_796' title='bbox 2546 3718 2612 3772; x_wconf 86' lang='lat' dir='ltr'><strong>ad</strong></span> <span class='ocrx_word' id='word_1_797' title='bbox 2642 3718 2909 3772; x_wconf 87' lang='lat' dir='ltr'><strong>hominem</strong></span> <span class='ocrx_word' id='word_1_798' title='bbox 2938 3719 3227 3782; x_wconf 81' lang='lat' dir='ltr'><strong>attenditis,</strong></span> <span class='ocrx_word' id='word_1_799' title='bbox 3262 3718 3535 3784; x_wconf 71' lang='lat' dir='ltr'><strong>lnter/icite</strong></span> 
     </span>
    </p>
   </div>
   <div class='ocr_carea' id='block_1_98' title="bbox 1959 3808 3530 3877">
    <p class='ocr_par' dir='ltr' id='par_1_98' title="bbox 1959 3808 3530 3877">
     <span class='ocr_line' id='line_1_98' title="bbox 1959 3808 3530 3877; baseline 0.001 -16"><span class='ocrx_word' id='word_1_800' title='bbox 1959 3824 2149 3862; x_wconf 84' lang='lat' dir='ltr'><strong>omnes.</strong></span> <span class='ocrx_word' id='word_1_801' title='bbox 2182 3809 2316 3863; x_wconf 87' lang='lat' dir='ltr'><strong>Ecce</strong></span> <span class='ocrx_word' id='word_1_802' title='bbox 2344 3808 2615 3877; x_wconf 89' lang='lat' dir='ltr'><strong>apponite,</strong></span> <span class='ocrx_word' id='word_1_803' title='bbox 2644 3809 2825 3863; x_wconf 63' lang='lat' dir='ltr'><strong>saevite</strong></span> <span class='ocrx_word' id='word_1_804' title='bbox 2845 3851 2858 3873; x_wconf 93' lang='lat'><strong>,</strong></span> <span class='ocrx_word' id='word_1_805' title='bbox 2886 3810 3150 3876; x_wconf 77' lang='lat' dir='ltr'><strong>interﬁcite</strong></span> <span class='ocrx_word' id='word_1_806' title='bbox 3177 3827 3367 3864; x_wconf 86' lang='lat' dir='ltr'><strong>omnes.</strong></span> <span class='ocrx_word' id='word_1_807' title='bbox 3394 3810 3530 3863; x_wconf 87' lang='lat' dir='ltr'><strong>Tan-</strong></span> 
     </span>
    </p>
   </div>
   <div class='ocr_carea' id='block_1_99' title="bbox 1956 3900 3521 3970">
    <p class='ocr_par' dir='ltr' id='par_1_99' title="bbox 1956 3900 3521 3970">
     <span class='ocr_line' id='line_1_99' title="bbox 1956 3900 3521 3970; baseline 0.003 -19"><span class='ocrx_word' id='word_1_808' title='bbox 1956 3914 2107 3966; x_wconf 88' lang='lat' dir='ltr'><strong>quam</strong></span> <span class='ocrx_word' id='word_1_809' title='bbox 2154 3900 2333 3968; x_wconf 86' lang='lat' dir='ltr'><strong>parieti</strong></span> <span class='ocrx_word' id='word_1_810' title='bbox 2371 3900 2612 3953; x_wconf 89' lang='lat' dir='ltr'><strong>inclinato</strong></span> <span class='ocrx_word' id='word_1_811' title='bbox 2650 3910 2695 3953; x_wconf 92' lang='lat' dir='ltr'><strong>et</strong></span> <span class='ocrx_word' id='word_1_812' title='bbox 2733 3901 2964 3953; x_wconf 80' lang='lat' dir='ltr'><strong>maceria:</strong></span> <span class='ocrx_word' id='word_1_813' title='bbox 3002 3900 3273 3970; x_wconf 76' lang='lat' dir='ltr'><strong>impulsaz:</strong></span> <span class='ocrx_word' id='word_1_814' title='bbox 3307 3901 3521 3968; x_wconf 87' lang='lat' dir='ltr'><strong>instate,</strong></span> 
     </span>
    </p>
   </div>
   <div class='ocr_carea' id='block_1_100' title="bbox 1956 3987 3530 4058">
    <p class='ocr_par' dir='ltr' id='par_1_100' title="bbox 1956 3987 3530 4058">
     <span class='ocr_line' id='line_1_100' title="bbox 1956 3987 3530 4058; baseline 0.003 -17"><span class='ocrx_word' id='word_1_815' title='bbox 1956 3987 2241 4057; x_wconf 88' lang='lat' dir='ltr'><strong>impellite,</strong></span> <span class='ocrx_word' id='word_1_816' title='bbox 2289 3991 2436 4057; x_wconf 88' lang='lat' dir='ltr'><strong>quasi</strong></span> <span class='ocrx_word' id='word_1_817' title='bbox 2482 3988 2761 4058; x_wconf 82' lang='lat' dir='ltr'><strong>dejeeturi.</strong></span> <span class='ocrx_word' id='word_1_818' title='bbox 2805 3989 2871 4043; x_wconf 85' lang='lat' dir='ltr'><strong>Et</strong></span> <span class='ocrx_word' id='word_1_819' title='bbox 2896 3990 2982 4045; x_wconf 90' lang='lat' dir='ltr'><strong>ubi</strong></span> <span class='ocrx_word' id='word_1_820' title='bbox 3012 3999 3113 4056; x_wconf 91' lang='lat' dir='ltr'><strong>est,</strong></span> <span class='ocrx_word' id='word_1_821' title='bbox 3150 3991 3267 4044; x_wconf 82' lang='lat' dir='ltr'><strong>Non</strong></span> <span class='ocrx_word' id='word_1_822' title='bbox 3301 3992 3530 4045; x_wconf 81' lang='lat' dir='ltr'><strong>movebar</strong></span> 
     </span>
    </p>
   </div>
   <div class='ocr_carea' id='block_1_101' title="bbox 1953 4078 3529 4153">
    <p class='ocr_par' dir='ltr' id='par_1_101' title="bbox 1953 4078 3529 4153">
     <span class='ocr_line' id='line_1_101' title="bbox 1953 4078 3529 4153; baseline 0.005 -24"><span class='ocrx_word' id='word_1_823' title='bbox 1953 4078 2216 4147; x_wconf 85' lang='lat' dir='ltr'><strong>amplius?</strong></span> <span class='ocrx_word' id='word_1_824' title='bbox 2240 4078 2342 4134; x_wconf 86' lang='lat' dir='ltr'><strong>Sed</strong></span> <span class='ocrx_word' id='word_1_825' title='bbox 2369 4093 2553 4149; x_wconf 86' lang='lat' dir='ltr'><strong>quare,</strong></span> <span class='ocrx_word' id='word_1_826' title='bbox 2587 4078 2706 4133; x_wconf 89' lang='lat' dir='ltr'><strong>Non</strong></span> <span class='ocrx_word' id='word_1_827' title='bbox 2736 4080 2966 4134; x_wconf 86' lang='lat' dir='ltr'><strong>movebar</strong></span> <span class='ocrx_word' id='word_1_828' title='bbox 2983 4082 3243 4152; x_wconf 87' lang='lat' dir='ltr'><strong>amplius?</strong></span> <span class='ocrx_word' id='word_1_829' title='bbox 3266 4082 3394 4149; x_wconf 88' lang='lat' dir='ltr'><strong>Quia</strong></span> <span class='ocrx_word' id='word_1_830' title='bbox 3421 4084 3529 4153; x_wconf 85' lang='lat' dir='ltr'><strong>ipse</strong></span> 
     </span>
    </p>
   </div>
   <div class='ocr_carea' id='block_1_102' title="bbox 1951 4158 3526 4244">
    <p class='ocr_par' dir='ltr' id='par_1_102' title="bbox 1951 4158 3526 4244">
     <span class='ocr_line' id='line_1_102' title="bbox 1951 4158 3526 4244; baseline 0.003 -21"><span class='ocrx_word' id='word_1_831' title='bbox 1951 4158 2023 4224; x_wconf 77' lang='lat' dir='ltr'><strong>est</strong></span> <span class='ocrx_word' id='word_1_832' title='bbox 2043 4168 2181 4224; x_wconf 81' lang='lat' dir='ltr'><strong>Deus</strong></span> <span class='ocrx_word' id='word_1_833' title='bbox 2199 4170 2434 4224; x_wconf 88' lang='lat' dir='ltr'><strong>salutaris</strong></span> <span class='ocrx_word' id='word_1_834' title='bbox 2456 4188 2613 4237; x_wconf 86' lang='lat' dir='ltr'><strong>meus,</strong></span> <span class='ocrx_word' id='word_1_835' title='bbox 2640 4182 2896 4242; x_wconf 87' lang='lat' dir='ltr'><strong>susceptor</strong></span> <span class='ocrx_word' id='word_1_836' title='bbox 2922 4189 3077 4226; x_wconf 88' lang='lat' dir='ltr'><strong>meus.</strong></span> <span class='ocrx_word' id='word_1_837' title='bbox 3113 4172 3253 4244; x_wconf 84' lang='lat' dir='ltr'><strong>Ergo</strong></span> <span class='ocrx_word' id='word_1_838' title='bbox 3280 4173 3526 4227; x_wconf 83' lang='lat' dir='ltr'><strong>homines</strong></span> 
     </span>
    </p>
   </div>
   <div class='ocr_carea' id='block_1_103' title="bbox 1951 4260 3524 4334">
    <p class='ocr_par' dir='ltr' id='par_1_103' title="bbox 1951 4260 3524 4334">
     <span class='ocr_line' id='line_1_103' title="bbox 1951 4260 3524 4334; baseline 0.001 -19"><span class='ocrx_word' id='word_1_839' title='bbox 1951 4260 2173 4329; x_wconf 90' lang='lat' dir='ltr'><strong>potestis</strong></span> <span class='ocrx_word' id='word_1_840' title='bbox 2199 4276 2468 4331; x_wconf 89' lang='lat' dir='ltr'><strong>apponere</strong></span> <span class='ocrx_word' id='word_1_841' title='bbox 2489 4276 2648 4315; x_wconf 90' lang='lat' dir='ltr'><strong>onera</strong></span> <span class='ocrx_word' id='word_1_842' title='bbox 2680 4263 2700 4293; x_wconf 78' lang='lat'>&#39;</span> <span class='ocrx_word' id='word_1_843' title='bbox 2729 4277 2893 4332; x_wconf 91' lang='lat' dir='ltr'><strong>super</strong></span> <span class='ocrx_word' id='word_1_844' title='bbox 2918 4261 3183 4318; x_wconf 88' lang='lat' dir='ltr'><strong>hominem</strong></span> <span class='ocrx_word' id='word_1_845' title='bbox 3217 4281 3228 4315; x_wconf 92' lang='lat'>:</span> <span class='ocrx_word' id='word_1_846' title='bbox 3272 4264 3524 4334; x_wconf 89' lang='lat' dir='ltr'><strong>numquid</strong></span> 
     </span>
    </p>
   </div>
   <div class='ocr_carea' id='block_1_104' title="bbox 1948 4353 2955 4424">
    <p class='ocr_par' dir='ltr' id='par_1_104' title="bbox 1948 4353 2955 4424">
     <span class='ocr_line' id='line_1_104' title="bbox 1948 4353 2955 4424; baseline 0 -16"><span class='ocrx_word' id='word_1_847' title='bbox 1948 4369 2109 4424; x_wconf 88' lang='lat' dir='ltr'><strong>super</strong></span> <span class='ocrx_word' id='word_1_848' title='bbox 2129 4354 2293 4408; x_wconf 89' lang='lat' dir='ltr'><strong>Deum</strong></span> <span class='ocrx_word' id='word_1_849' title='bbox 2324 4353 2413 4423; x_wconf 90' lang='lat' dir='ltr'><strong>qui</strong></span> <span class='ocrx_word' id='word_1_850' title='bbox 2442 4362 2615 4409; x_wconf 88' lang='lat' dir='ltr'><strong>tuetur</strong></span> <span class='ocrx_word' id='word_1_851' title='bbox 2644 4354 2955 4410; x_wconf 88' lang='lat' dir='ltr'><strong>hominem?</strong></span> 
     </span>
    </p>
   </div>
   <div class='ocr_carea' id='block_1_105' title="bbox 2018 4443 3525 4517">
    <p class='ocr_par' dir='ltr' id='par_1_105' title="bbox 2018 4443 3525 4517">
     <span class='ocr_line' id='line_1_105' title="bbox 2018 4443 3525 4517; baseline 0.002 -17"><span class='ocrx_word' id='word_1_852' title='bbox 2018 4444 2073 4500; x_wconf 75' lang='grc'><strong>4.</strong></span> <span class='ocrx_word' id='word_1_853' title='bbox 2106 4443 2384 4514; x_wconf 84' lang='lat' dir='ltr'><strong>Inter/icite</strong></span> <span class='ocrx_word' id='word_1_854' title='bbox 2406 4462 2594 4499; x_wconf 86' lang='lat' dir='ltr'><strong>omnes.</strong></span> <span class='ocrx_word' id='word_1_855' title='bbox 2633 4446 2782 4512; x_wconf 90' lang='lat' dir='ltr'><strong>Quod</strong></span> <span class='ocrx_word' id='word_1_856' title='bbox 2810 4456 3011 4501; x_wconf 90' lang='lat' dir='ltr'><strong>tantum</strong></span> <span class='ocrx_word' id='word_1_857' title='bbox 3033 4448 3257 4517; x_wconf 90' lang='lat' dir='ltr'><strong>spatium</strong></span> <span class='ocrx_word' id='word_1_858' title='bbox 3284 4448 3525 4517; x_wconf 87' lang='lat' dir='ltr'><strong>corporis</strong></span> 
     </span>
    </p>
   </div>
   <div class='ocr_carea' id='block_1_106' title="bbox 1947 4528 3523 4608">
    <p class='ocr_par' dir='ltr' id='par_1_106' title="bbox 1947 4528 3523 4608">
     <span class='ocr_line' id='line_1_106' title="bbox 1947 4528 3523 4608; baseline 0.001 -18"><span class='ocrx_word' id='word_1_859' title='bbox 1947 4536 1999 4590; x_wconf 92' lang='lat' dir='ltr'><strong>in</strong></span> <span class='ocrx_word' id='word_1_860' title='bbox 2028 4551 2132 4590; x_wconf 92' lang='lat' dir='ltr'><strong>uno</strong></span> <span class='ocrx_word' id='word_1_861' title='bbox 2160 4536 2392 4602; x_wconf 91' lang='lat' dir='ltr'><strong>homine,</strong></span> <span class='ocrx_word' id='word_1_862' title='bbox 2420 4537 2508 4591; x_wconf 92' lang='lat' dir='ltr'><strong>ubi</strong></span> <span class='ocrx_word' id='word_1_863' title='bbox 2540 4539 2706 4608; x_wconf 78' lang='lat' dir='ltr'><strong>pOSSit</strong></span> <span class='ocrx_word' id='word_1_864' title='bbox 2735 4537 2961 4593; x_wconf 82' lang='lat' dir='ltr'><strong>interﬁci</strong></span> <span class='ocrx_word' id='word_1_865' title='bbox 2994 4528 3061 4592; x_wconf 87' lang='lat' dir='ltr'><strong>ab</strong></span> <span class='ocrx_word' id='word_1_866' title='bbox 3087 4539 3377 4593; x_wconf 88' lang='lat' dir='ltr'><strong>omnibus?</strong></span> <span class='ocrx_word' id='word_1_867' title='bbox 3410 4538 3523 4593; x_wconf 84' lang='lat' dir='ltr'><strong>Sed</strong></span> 
     </span>
    </p>
   </div>
   <div class='ocr_carea' id='block_1_107' title="bbox 1944 4629 3521 4701">
    <p class='ocr_par' dir='ltr' id='par_1_107' title="bbox 1944 4629 3521 4701">
     <span class='ocr_line' id='line_1_107' title="bbox 1944 4629 3521 4701; baseline 0.003 -19"><span class='ocrx_word' id='word_1_868' title='bbox 1944 4629 2201 4684; x_wconf 90' lang='lat' dir='ltr'><strong>debemus</strong></span> <span class='ocrx_word' id='word_1_869' title='bbox 2241 4630 2531 4700; x_wconf 82' lang='lat' dir='ltr'><strong>intelligere</strong></span> <span class='ocrx_word' id='word_1_870' title='bbox 2582 4647 2861 4700; x_wconf 90' lang='lat' dir='ltr'><strong>personam</strong></span> <span class='ocrx_word' id='word_1_871' title='bbox 2910 4642 3145 4687; x_wconf 90' lang='lat' dir='ltr'><strong>nostram</strong></span> <span class='ocrx_word' id='word_1_872' title='bbox 3173 4674 3186 4696; x_wconf 94' lang='lat'><strong>,</strong></span> <span class='ocrx_word' id='word_1_873' title='bbox 3240 4648 3521 4701; x_wconf 87' lang='lat' dir='ltr'><strong>personam</strong></span> 
     </span>
    </p>
   </div>
   <div class='ocr_carea' id='block_1_108' title="bbox 1943 4720 3520 4793">
    <p class='ocr_par' dir='ltr' id='par_1_108' title="bbox 1943 4720 3520 4793">
     <span class='ocr_line' id='line_1_108' title="bbox 1943 4720 3520 4793; baseline 0.003 -19"><span class='ocrx_word' id='word_1_874' title='bbox 1943 4720 2195 4775; x_wconf 60' lang='lat' dir='ltr'><strong>Ecclesiae</strong></span> <span class='ocrx_word' id='word_1_875' title='bbox 2240 4730 2471 4788; x_wconf 66' lang='lat' dir='ltr'><strong>nostrae,</strong></span> <span class='ocrx_word' id='word_1_876' title='bbox 2518 4737 2799 4792; x_wconf 89' lang='lat' dir='ltr'><strong>personam</strong></span> <span class='ocrx_word' id='word_1_877' title='bbox 2840 4726 3081 4793; x_wconf 90' lang='lat' dir='ltr'><strong>corporis</strong></span> <span class='ocrx_word' id='word_1_878' title='bbox 3104 4721 3319 4778; x_wconf 87' lang='lat' dir='ltr'><strong>Christi.</strong></span> <span class='ocrx_word' id='word_1_879' title='bbox 3371 4723 3520 4780; x_wconf 87' lang='lat' dir='ltr'><strong>Unus</strong></span> 
     </span>
    </p>
   </div>
   <div class='ocr_carea' id='block_1_109' title="bbox 1943 4811 3516 4885">
    <p class='ocr_par' dir='ltr' id='par_1_109' title="bbox 1943 4811 3516 4885">
     <span class='ocr_line' id='line_1_109' title="bbox 1943 4811 3516 4885; baseline 0.004 -20"><span class='ocrx_word' id='word_1_880' title='bbox 1943 4811 2085 4865; x_wconf 88' lang='lat' dir='ltr'><strong>enim</strong></span> <span class='ocrx_word' id='word_1_881' title='bbox 2108 4811 2268 4866; x_wconf 90' lang='lat' dir='ltr'><strong>homo</strong></span> <span class='ocrx_word' id='word_1_882' title='bbox 2294 4828 2414 4867; x_wconf 90' lang='lat' dir='ltr'><strong>cum</strong></span> <span class='ocrx_word' id='word_1_883' title='bbox 2442 4814 2615 4883; x_wconf 88' lang='lat' dir='ltr'><strong>capite</strong></span> <span class='ocrx_word' id='word_1_884' title='bbox 2643 4822 2696 4867; x_wconf 92' lang='lat' dir='ltr'><strong>et</strong></span> <span class='ocrx_word' id='word_1_885' title='bbox 2718 4828 2942 4883; x_wconf 91' lang='lat' dir='ltr'><strong>corpore</strong></span> <span class='ocrx_word' id='word_1_886' title='bbox 2959 4829 3055 4869; x_wconf 94' lang='lat' dir='ltr'><strong>suo</strong></span> <span class='ocrx_word' id='word_1_887' title='bbox 3078 4814 3234 4870; x_wconf 85' lang='lat' dir='ltr'><strong>Jesus</strong></span> <span class='ocrx_word' id='word_1_888' title='bbox 3252 4815 3516 4885; x_wconf 52' lang='lat' dir='ltr'><strong>Christug</strong></span> 
     </span>
    </p>
   </div>
   <div class='ocr_carea' id='block_1_110' title="bbox 1942 4903 3518 4975">
    <p class='ocr_par' dir='ltr' id='par_1_110' title="bbox 1942 4903 3518 4975">
     <span class='ocr_line' id='line_1_110' title="bbox 1942 4903 3518 4975; baseline 0.004 -18"><span class='ocrx_word' id='word_1_889' title='bbox 1942 4903 2175 4959; x_wconf 88' lang='lat' dir='ltr'><strong>salvator</strong></span> <span class='ocrx_word' id='word_1_890' title='bbox 2203 4906 2441 4975; x_wconf 89' lang='lat' dir='ltr'><strong>corporis</strong></span> <span class='ocrx_word' id='word_1_891' title='bbox 2469 4914 2525 4959; x_wconf 89' lang='lat' dir='ltr'><strong>et</strong></span> <span class='ocrx_word' id='word_1_892' title='bbox 2566 4906 2804 4960; x_wconf 90' lang='lat' dir='ltr'><strong>membra</strong></span> <span class='ocrx_word' id='word_1_893' title='bbox 2832 4907 3070 4975; x_wconf 89' lang='lat' dir='ltr'><strong>corporis</strong></span> <span class='ocrx_word' id='word_1_894' title='bbox 3094 4948 3107 4970; x_wconf 92' lang='lat'><strong>,</strong></span> <span class='ocrx_word' id='word_1_895' title='bbox 3145 4907 3248 4961; x_wconf 90' lang='lat' dir='ltr'><strong>duo</strong></span> <span class='ocrx_word' id='word_1_896' title='bbox 3275 4908 3326 4962; x_wconf 93' lang='lat' dir='ltr'><strong>in</strong></span> <span class='ocrx_word' id='word_1_897' title='bbox 3358 4924 3518 4963; x_wconf 89' lang='lat' dir='ltr'><strong>carne</strong></span> 
     </span>
    </p>
   </div>
   <div class='ocr_carea' id='block_1_111' title="bbox 1943 4994 3516 5067">
    <p class='ocr_par' dir='ltr' id='par_1_111' title="bbox 1943 4994 3516 5067">
     <span class='ocr_line' id='line_1_111' title="bbox 1943 4994 3516 5067; baseline 0.004 -19"><span class='ocrx_word' id='word_1_898' title='bbox 1943 5011 2045 5048; x_wconf 88' lang='lat' dir='ltr'><strong>una</strong></span> <span class='ocrx_word' id='word_1_899' title='bbox 2073 4994 2225 5065; x_wconf 82' lang='lat' dir='ltr'><strong>(Gen.</strong></span> <span class='ocrx_word' id='word_1_900' title='bbox 2256 5012 2293 5050; x_wconf 88' lang='lat' dir='ltr'><strong>tt</strong></span> <span class='ocrx_word' id='word_1_901' title='bbox 2312 5037 2327 5061; x_wconf 94' lang='lat'><strong>,</strong></span> <span class='ocrx_word' id='word_1_902' title='bbox 2354 4996 2448 5061; x_wconf 64' lang='grc'><strong>24,</strong></span> <span class='ocrx_word' id='word_1_903' title='bbox 2480 5005 2528 5050; x_wconf 92' lang='lat' dir='ltr'><strong>et</strong></span> <span class='ocrx_word' id='word_1_904' title='bbox 2554 4995 2745 5065; x_wconf 84' lang='lat' dir='ltr'><strong>Epltes.</strong></span> <span class='ocrx_word' id='word_1_905' title='bbox 2769 5013 2823 5063; x_wconf 84' lang='grc' dir='ltr'><strong>ν,</strong></span> <span class='ocrx_word' id='word_1_906' title='bbox 2853 4998 2967 5067; x_wconf 76' lang='grc'><strong>51),</strong></span> <span class='ocrx_word' id='word_1_907' title='bbox 2998 5006 3049 5052; x_wconf 91' lang='lat' dir='ltr'><strong>et</strong></span> <span class='ocrx_word' id='word_1_908' title='bbox 3074 4999 3126 5052; x_wconf 91' lang='lat' dir='ltr'><strong>in</strong></span> <span class='ocrx_word' id='word_1_909' title='bbox 3152 5015 3283 5055; x_wconf 86' lang='lat' dir='ltr'><strong>voce</strong></span> <span class='ocrx_word' id='word_1_910' title='bbox 3312 5018 3434 5063; x_wconf 88' lang='lat' dir='ltr'><strong>una,</strong></span> <span class='ocrx_word' id='word_1_911' title='bbox 3463 5014 3516 5055; x_wconf 83' lang='lat' dir='ltr'><strong>et</strong></span> 
     </span>
    </p>
   </div>
   <div class='ocr_carea' id='block_1_112' title="bbox 1944 5088 3509 5162">
    <p class='ocr_par' dir='ltr' id='par_1_112' title="bbox 1944 5088 3509 5162">
     <span class='ocr_line' id='line_1_112' title="bbox 1944 5088 3509 5162; baseline 0.003 -20"><span class='ocrx_word' id='word_1_912' title='bbox 1944 5088 1995 5142; x_wconf 92' lang='lat' dir='ltr'><strong>in</strong></span> <span class='ocrx_word' id='word_1_913' title='bbox 2026 5089 2270 5157; x_wconf 90' lang='lat' dir='ltr'><strong>passione</strong></span> <span class='ocrx_word' id='word_1_914' title='bbox 2297 5104 2437 5153; x_wconf 88' lang='lat' dir='ltr'><strong>una;</strong></span> <span class='ocrx_word' id='word_1_915' title='bbox 2476 5099 2529 5143; x_wconf 92' lang='lat' dir='ltr'><strong>et</strong></span> <span class='ocrx_word' id='word_1_916' title='bbox 2557 5103 2677 5143; x_wconf 91' lang='lat' dir='ltr'><strong>cum</strong></span> <span class='ocrx_word' id='word_1_917' title='bbox 2722 5090 2990 5144; x_wconf 87' lang='lat' dir='ltr'><strong>transierit</strong></span> <span class='ocrx_word' id='word_1_918' title='bbox 3024 5090 3275 5162; x_wconf 89' lang='lat' dir='ltr'><strong>iniquitas</strong></span> <span class='ocrx_word' id='word_1_919' title='bbox 3296 5135 3311 5158; x_wconf 90' lang='lat'><strong>,</strong></span> <span class='ocrx_word' id='word_1_920' title='bbox 3345 5094 3393 5146; x_wconf 93' lang='lat' dir='ltr'><strong>in</strong></span> <span class='ocrx_word' id='word_1_921' title='bbox 3428 5109 3509 5146; x_wconf 90' lang='lat' dir='ltr'><strong>re-</strong></span> 
     </span>
    </p>
   </div>
   <div class='ocr_carea' id='block_1_113' title="bbox 1944 5179 3512 5249">
    <p class='ocr_par' dir='ltr' id='par_1_113' title="bbox 1944 5179 3512 5249">
     <span class='ocr_line' id='line_1_113' title="bbox 1944 5179 3512 5249; baseline 0.004 -18"><span class='ocrx_word' id='word_1_922' title='bbox 1944 5182 2064 5249; x_wconf 91' lang='lat' dir='ltr'><strong>quie</strong></span> <span class='ocrx_word' id='word_1_923' title='bbox 2089 5195 2213 5233; x_wconf 89' lang='lat' dir='ltr'><strong>una.</strong></span> <span class='ocrx_word' id='word_1_924' title='bbox 2240 5179 2523 5234; x_wconf 80' lang='lat' dir='ltr'><strong>Passiones</strong></span> <span class='ocrx_word' id='word_1_925' title='bbox 2540 5180 2713 5249; x_wconf 87' lang='lat' dir='ltr'><strong>itaque</strong></span> <span class='ocrx_word' id='word_1_926' title='bbox 2728 5180 2922 5236; x_wconf 92' lang='lat' dir='ltr'><strong>Christi</strong></span> <span class='ocrx_word' id='word_1_927' title='bbox 2939 5196 3043 5235; x_wconf 92' lang='lat' dir='ltr'><strong>non</strong></span> <span class='ocrx_word' id='word_1_928' title='bbox 3065 5184 3116 5237; x_wconf 92' lang='lat' dir='ltr'><strong>in</strong></span> <span class='ocrx_word' id='word_1_929' title='bbox 3140 5180 3512 5247; x_wconf 74' lang='lat' dir='ltr'><strong>soldChristo;</strong></span> 
     </span>
    </p>
   </div>
   <div class='ocr_carea' id='block_1_114' title="bbox 1942 5270 3511 5340">
    <p class='ocr_par' dir='ltr' id='par_1_114' title="bbox 1942 5270 3511 5340">
     <span class='ocr_line' id='line_1_114' title="bbox 1942 5270 3511 5340; baseline 0.003 -16"><span class='ocrx_word' id='word_1_930' title='bbox 1942 5271 2051 5324; x_wconf 87' lang='lat' dir='ltr'><strong>imo</strong></span> <span class='ocrx_word' id='word_1_931' title='bbox 2091 5271 2363 5340; x_wconf 85' lang='lat' dir='ltr'><strong>passiones</strong></span> <span class='ocrx_word' id='word_1_932' title='bbox 2400 5270 2595 5326; x_wconf 86' lang='lat' dir='ltr'><strong>Christi</strong></span> <span class='ocrx_word' id='word_1_933' title='bbox 2640 5272 2849 5327; x_wconf 87' lang='lat' dir='ltr'><strong>nonnisi</strong></span> <span class='ocrx_word' id='word_1_934' title='bbox 2896 5274 2949 5328; x_wconf 91' lang='lat' dir='ltr'><strong>in</strong></span> <span class='ocrx_word' id='word_1_935' title='bbox 2994 5274 3222 5331; x_wconf 91' lang='lat' dir='ltr'><strong>Christo.</strong></span> <span class='ocrx_word' id='word_1_936' title='bbox 3278 5275 3330 5331; x_wconf 90' lang='lat' dir='ltr'><strong>Si</strong></span> <span class='ocrx_word' id='word_1_937' title='bbox 3370 5278 3511 5330; x_wconf 87' lang='lat' dir='ltr'><strong>enim</strong></span> 
     </span>
    </p>
   </div>
   <div class='ocr_carea' id='block_1_115' title="bbox 1942 5361 3510 5436">
    <p class='ocr_par' dir='ltr' id='par_1_115' title="bbox 1942 5361 3510 5436">
     <span class='ocr_line' id='line_1_115' title="bbox 1942 5361 3510 5436; baseline 0.004 -22"><span class='ocrx_word' id='word_1_938' title='bbox 1942 5361 2213 5415; x_wconf 82' lang='lat' dir='ltr'><strong>Christum</strong></span> <span class='ocrx_word' id='word_1_939' title='bbox 2244 5362 2502 5432; x_wconf 79' lang='lat' dir='ltr'><strong>intelligas</strong></span> <span class='ocrx_word' id='word_1_940' title='bbox 2530 5372 2757 5433; x_wconf 89' lang='lat' dir='ltr'><strong>caputet</strong></span> <span class='ocrx_word' id='word_1_941' title='bbox 2777 5380 2991 5435; x_wconf 89' lang='lat' dir='ltr'><strong>corpus,</strong></span> <span class='ocrx_word' id='word_1_942' title='bbox 3024 5368 3298 5436; x_wconf 89' lang='lat' dir='ltr'><strong>passiones</strong></span> <span class='ocrx_word' id='word_1_943' title='bbox 3318 5368 3510 5421; x_wconf 84' lang='lat' dir='ltr'><strong>Christi</strong></span> 
     </span>
    </p>
   </div>
   <div class='ocr_carea' id='block_1_116' title="bbox 1942 5452 3510 5525">
    <p class='ocr_par' dir='ltr' id='par_1_116' title="bbox 1942 5452 3510 5525">
     <span class='ocr_line' id='line_1_116' title="bbox 1942 5452 3510 5525; baseline 0.001 -18"><span class='ocrx_word' id='word_1_944' title='bbox 1942 5452 2152 5507; x_wconf 86' lang='lat' dir='ltr'><strong>nonnisi</strong></span> <span class='ocrx_word' id='word_1_945' title='bbox 2198 5453 2249 5506; x_wconf 93' lang='lat' dir='ltr'><strong>in</strong></span> <span class='ocrx_word' id='word_1_946' title='bbox 2294 5452 2505 5508; x_wconf 87' lang='lat' dir='ltr'><strong>Christo</strong></span> <span class='ocrx_word' id='word_1_947' title='bbox 2536 5470 2548 5507; x_wconf 93' lang='lat'><strong>:</strong></span> <span class='ocrx_word' id='word_1_948' title='bbox 2576 5455 2618 5508; x_wconf 93' lang='lat' dir='ltr'><strong>si</strong></span> <span class='ocrx_word' id='word_1_949' title='bbox 2644 5463 2819 5510; x_wconf 89' lang='lat' dir='ltr'><strong>autem</strong></span> <span class='ocrx_word' id='word_1_950' title='bbox 2847 5454 3114 5511; x_wconf 90' lang='lat' dir='ltr'><strong>Christum</strong></span> <span class='ocrx_word' id='word_1_951' title='bbox 3140 5457 3401 5525; x_wconf 77' lang='lat' dir='ltr'><strong>intelligas</strong></span> <span class='ocrx_word' id='word_1_952' title='bbox 3427 5472 3510 5509; x_wconf 88' lang='lat' dir='ltr'><strong>so-</strong></span> 
     </span>
    </p>
   </div>
   <div class='ocr_carea' id='block_1_117' title="bbox 1942 5544 3508 5613">
    <p class='ocr_par' dir='ltr' id='par_1_117' title="bbox 1942 5544 3508 5613">
     <span class='ocr_line' id='line_1_117' title="bbox 1942 5544 3508 5613; baseline 0.003 -16"><span class='ocrx_word' id='word_1_953' title='bbox 1942 5544 2047 5598; x_wconf 93' lang='lat' dir='ltr'><strong>lum</strong></span> <span class='ocrx_word' id='word_1_954' title='bbox 2073 5553 2263 5613; x_wconf 84' lang='lat' dir='ltr'><strong>caput,</strong></span> <span class='ocrx_word' id='word_1_955' title='bbox 2294 5544 2567 5613; x_wconf 89' lang='lat' dir='ltr'><strong>passiones</strong></span> <span class='ocrx_word' id='word_1_956' title='bbox 2593 5544 2788 5601; x_wconf 89' lang='lat' dir='ltr'><strong>Christi</strong></span> <span class='ocrx_word' id='word_1_957' title='bbox 2823 5562 2927 5601; x_wconf 92' lang='lat' dir='ltr'><strong>non</strong></span> <span class='ocrx_word' id='word_1_958' title='bbox 2959 5547 3012 5601; x_wconf 92' lang='lat' dir='ltr'><strong>iu</strong></span> <span class='ocrx_word' id='word_1_959' title='bbox 3045 5548 3160 5601; x_wconf 90' lang='lat' dir='ltr'><strong>solo</strong></span> <span class='ocrx_word' id='word_1_960' title='bbox 3189 5546 3417 5601; x_wconf 85' lang='lat' dir='ltr'><strong>Christo.</strong></span> <span class='ocrx_word' id='word_1_961' title='bbox 3452 5547 3508 5601; x_wconf 89' lang='lat' dir='ltr'><strong>Si</strong></span> 
     </span>
    </p>
   </div>
   <div class='ocr_carea' id='block_1_118' title="bbox 2003 5722 3221 5790">
    <p class='ocr_par' dir='ltr' id='par_1_118' title="bbox 2003 5722 3221 5790">
     <span class='ocr_line' id='line_1_118' title="bbox 2003 5722 3221 5790; baseline 0.002 -23"><span class='ocrx_word' id='word_1_962' title='bbox 2003 5723 2018 5790; x_wconf 64' lang='grc' dir='ltr'><strong>ξ</strong></span> <span class='ocrx_word' id='word_1_963' title='bbox 2045 5727 2168 5790; x_wconf 81' lang='lat' dir='ltr'><strong>Tres_</strong></span> <span class='ocrx_word' id='word_1_964' title='bbox 2185 5727 2310 5777; x_wconf 65' lang='lat' dir='ltr'><strong>Mss,</strong></span> <span class='ocrx_word' id='word_1_965' title='bbox 2335 5728 2560 5790; x_wconf 78' lang='lat' dir='ltr'><strong>quantum</strong></span> <span class='ocrx_word' id='word_1_966' title='bbox 2574 5734 2666 5771; x_wconf 75' lang='lat' dir='ltr'><strong>non</strong></span> <span class='ocrx_word' id='word_1_967' title='bbox 2686 5729 2831 5790; x_wconf 75' lang='lat' dir='ltr'><strong>potest</strong></span> <span class='ocrx_word' id='word_1_968' title='bbox 2854 5722 3001 5779; x_wconf 79' lang='lat' dir='ltr'><strong>ferre.</strong></span> <span class='ocrx_word' id='word_1_969' title='bbox 3104 5783 3113 5790; x_wconf 35' lang='grc' dir='ltr'>ι</span> <span class='ocrx_word' id='word_1_970' title='bbox 3212 5781 3221 5790; x_wconf 90' lang='lat'><em>_</em></span> 
     </span>
    </p>
   </div>
   <div class='ocr_carea' id='block_1_119' title="bbox 1940 5782 3508 5896">
    <p class='ocr_par' dir='ltr' id='par_1_119' title="bbox 1940 5782 3508 5896">
     <span class='ocr_line' id='line_1_119' title="bbox 1940 5782 3508 5896; baseline 0.006 -70"><span class='ocrx_word' id='word_1_971' title='bbox 1940 5848 1957 5896; x_wconf 67' lang='grc'><em>1</em></span> <span class='ocrx_word' id='word_1_972' title='bbox 2002 5786 2020 5813; x_wconf 86' lang='lat'><strong>‘-&#39;</strong></span> <span class='ocrx_word' id='word_1_973' title='bbox 2045 5797 2114 5829; x_wconf 73' lang='lat' dir='ltr'><strong>MC</strong></span> <span class='ocrx_word' id='word_1_974' title='bbox 2140 5782 2236 5831; x_wconf 88' lang='lat' dir='ltr'><strong>duo</strong></span> <span class='ocrx_word' id='word_1_975' title='bbox 2261 5791 2363 5833; x_wconf 65' lang='lat' dir='ltr'><strong>stas.</strong></span> <span class='ocrx_word' id='word_1_976' title='bbox 2405 5783 2489 5833; x_wconf 73' lang='lat' dir='ltr'><strong>alii</strong></span> <span class='ocrx_word' id='word_1_977' title='bbox 2512 5798 2620 5835; x_wconf 83' lang='lat' dir='ltr'><strong>cum</strong></span> <span class='ocrx_word' id='word_1_978' title='bbox 2662 5782 2793 5845; x_wconf 65' lang='lat' dir='ltr'><strong>Edd,</strong></span> <span class='ocrx_word' id='word_1_979' title='bbox 2818 5796 3053 5847; x_wconf 72' lang='lat' dir='ltr'><strong>apponere</strong></span> <span class='ocrx_word' id='word_1_980' title='bbox 3095 5782 3326 5833; x_wconf 68' lang='lat' dir='ltr'><strong>hominem</strong></span> <span class='ocrx_word' id='word_1_981' title='bbox 3361 5797 3508 5849; x_wconf 74' lang='lat' dir='ltr'><strong>super</strong></span> 
     </span>
     <span class='ocr_line' id='line_1_120' title="bbox 1956 5855 2192 5896; baseline -0.013 0"><span class='ocrx_word' id='word_1_982' title='bbox 1956 5855 2192 5896; x_wconf 82' lang='lat' dir='ltr'><strong>tonttnem.</strong></span> 
     </span>
    </p>
   </div>
  </div>
