4022 6200
472 435 614 493 enim
640 434 915 506 passiones
939 428 1143 489 Christi
1182 428 1236 485 in
1273 428 1390 486 solo
1412 427 1626 487 Christo
1644 468 1662 495 ,
1709 427 1817 482 imo
1845 427 1899 481 in
1925 425 2042 485 solo

473 527 674 596 capite,
726 522 865 579 unde
909 521 1038 579 dicit
1075 519 1340 592 quoddam
1380 518 1677 575 membrum
1706 517 1823 589 ejus
1851 516 2047 575 Paulus

472 632 499 667 τι
509 616 765 686 postulus,
794 612 863 669 Ut
878 613 1140 684 suppleam
1160 628 1273 682 qua:
1290 612 1470 666 desunt
1498 626 1843 683 pressurarum
1858 609 2047 665 Christi

472 707 522 759 in
564 722 716 760 carne
740 722 853 761 mea
903 705 1119 773 (Caloss.
1151 720 1207 770 ι,
1234 703 1372 773 24)?
1426 702 1484 758 Si
1524 717 1654 774 ergo
1694 701 1749 763 in
1787 701 2046 762 membris

470 797 665 852 Christi
695 813 754 854 es
774 838 790 862 ,
838 797 1158 868 quicumque
1185 796 1346 852 homo
1371 837 1387 862 ,
1433 786 1679 867 quisquis
1713 794 1829 851 haec
1869 794 2043 864 audis,

470 887 711 959 quisquis
740 888 856 944 haec
880 904 1021 943 nunc
1050 902 1156 943 non
1178 888 1329 942 audis
1357 887 1473 959 (sed
1500 896 1677 941 tamen
1705 884 1877 951 audis,
1909 885 1955 940 si
1987 886 2044 940 in

472 981 726 1035 membris
753 978 955 1035 Christi
979 978 1059 1048 es)
1082 996 1094 1041 ;
1119 978 1375 1051 quidquid
1403 976 1599 1049 pateris
1624 975 1692 1031 ab
1716 976 1795 1031 eis
1818 976 1912 1046 qui
1937 991 2043 1032 non

469 1079 592 1124 sunt
616 1070 666 1124 in
695 1069 953 1124 membris
978 1069 1204 1135 Christi,
1252 1069 1436 1124 deerat
1473 1066 1804 1136 passionibus
1823 1064 2039 1123 Christi.

471 1160 595 1214 Ideo
623 1159 834 1214 additur
858 1202 873 1227 ,
908 1161 1031 1230 quia
1076 1159 1297 1225 deerat;
1348 1172 1654 1238 mensuram
1694 1156 1903 1228 imples,
1937 1170 2042 1213 non

468 1252 807 1323 superfundis
832 1271 845 1307 :
874 1263 1076 1307 tantum
1121 1251 1353 1322 pateris,
1397 1259 1649 1321 quantum
1682 1265 1754 1305 .ex
1782 1249 2043 1320 passioni-

471 1342 568 1396 bus
598 1343 699 1397 tuis
721 1345 739 1374 ¹
767 1342 1099 1398 inferendum
1121 1351 1235 1397 erat
1260 1342 1523 1399 universae
1563 1341 1792 1411 passioni
1823 1340 2040 1408 Christi,

469 1436 558 1507 qui
586 1451 771 1508 passus
800 1444 884 1491 est
913 1436 965 1490 in
990 1435 1165 1506 capite
1190 1443 1393 1502 nostro,
1421 1444 1474 1489 et
1496 1434 1692 1505 patitur
1712 1435 1764 1491 in
1789 1433 2043 1491 membris

470 1527 601 1593 suis,
630 1527 680 1581 id
709 1535 791 1581 est
812 1527 863 1581 in
894 1527 1047 1582 nobis
1073 1527 1225 1596 ipsis.
1266 1524 1347 1580 Ad
1372 1539 1707 1582 communem
1739 1524 1875 1579 hanc
1892 1523 2043 1595 quasi

470 1618 851 1688 rempublicam
896 1627 1134 1674 nostram
1182 1616 1407 1688 quisque
1454 1630 1552 1686 pro
1598 1615 1814 1670 modulo
1859 1623 2043 1675 nostro

469 1712 794 1795 exsolvimus
819 1712 961 1783 quod
990 1711 1268 1780 debemus,
1296 1720 1352 1769 et
1375 1724 1474 1783 pro
1492 1710 1827 1780 possessione
1850 1709 2043 1767 virium

470 1813 774 1863 nostrarum
804 1804 953 1875 quasi
979 1818 1237 1860 canouem
1269 1802 1571 1875 passionum
1609 1801 1903 1859 inferimus.
1945 1799 2045 1857 Pa-

470 1893 687 1949 riatoria
719 1894 950 1964 plenaria
992 1894 1296 1965 passionum
1333 1893 1570 1949 omnium
1613 1907 1720 1948 non
1760 1892 1891 1959 erit,
1940 1890 2045 1947 nisi

468 1999 589 2038 cum
608 1986 858 2040 sacculum
890 1986 1093 2040 (initum
1121 1983 1604 2054 fuerit._Quousque
1620 1974 1875 2054 apponitis
1894 1999 2047 2056 super

469 2077 721 2131 hominem
743 2077 769 2131 .9
814 2077 1079 2148 Quidquid
1105 2076 1245 2149 passi
1270 2085 1395 2131 sunt
1423 2074 1699 2144 Pr0phetas
1726 2091 1756 2129 a
1787 2075 2045 2145 sanguine

468 2170 601 2225 Abel
625 2170 755 2243 justi
775 2186 941 2243 usque
963 2169 1029 2225 ad
1051 2169 1360 2241 sanguinem
1373 2167 1642 2223 Zachariae
1663 2166 1877 2237 (Matth.
1892 2182 2044 2235 χχιιι,

470 2261 562 2332 55)
586 2302 603 2328 ,
649 2261 947 2333 appositum
974 2269 1057 2317 est
1082 2275 1245 2331 super
1281 2259 1572 2325 hominem,
1601 2259 1722 2328 quia
1751 2272 2045 2329 praecesse-

468 2362 594 2407 runt
621 2352 906 2409 adventum
936 2351 1318 2408 incarnationis
1346 2340 1543 2409 Christi
1584 2348 1829 2421 quaedam
1875 2365 2046 2405 mem-

467 2443 563 2499 bra
590 2442 786 2498 Christi
819 2460 833 2496 :
862 2442 1001 2499 sicut
1025 2442 1077 2498 iu
1102 2451 1355 2501 nascente
1374 2441 1606 2512 quodam
1628 2482 1642 2507 ,
1670 2439 1905 2496 nondum
1930 2441 2049 2511 qui-

469 2535 591 2591 dem
642 2536 965 2607 procedente
1032 2535 1248 2606 capite,
1299 2534 1560 2604 processit
1610 2548 1803 2589 manus
1855 2532 1876 2604 (
1914 2532 2041 2587 Gen.

469 2642 666 2684 xxxvut
684 2670 701 2696 ,
729 2629 824 2701 27)
846 2671 861 2696 ,
887 2629 981 2685 sed
1007 2638 1184 2687 tamen
1215 2626 1374 2698 capiti
1409 2624 1829 2682 connectebatur
1852 2633 1907 2681 et
1932 2640 2049 2680 ma-

467 2735 591 2779 nus.
634 2720 808 2777 Nolite
831 2736 959 2793 ergo
992 2730 1180 2793 putare
1203 2761 1219 2782 .
1259 2718 1489 2785 fratres,
1534 2732 1724 2774 omnes
1755 2717 1930 2789 justos
1956 2717 2046 2788 qui

468 2812 611 2884 passi
648 2822 774 2868 sunt
807 2812 1233 2884 persecutionem
1262 2811 1564 2882 iniquorum
1585 2850 1600 2875 ,
1623 2809 1787 2865 etiam
1810 2809 1931 2864 illos
1955 2809 2048 2880 qui

470 2913 729 2959 venerunt
772 2905 918 2960 missi
963 2915 1089 2961 ante
1122 2903 1331 2959 Domini
1369 2902 1655 2959 adventum
1689 2903 2057 2974 prtenuntiare'

469 2995 1004 3063 Dominiadventum,
1030 3011 1134 3051 non
1154 2995 1470 3067 pertinuisse
1483 2995 1549 3051 ad
1567 2995 1805 3051 membra
1825 2994 2046 3052 Christi.

471 3084 627 3140 Absit
651 3094 708 3138 ut
734 3099 838 3139 non
866 3086 1127 3154 pertineat
1160 3084 1227 3138 ad
1258 3084 1493 3141 membra
1518 3084 1736 3152 Christi,
1766 3086 1855 3156 qui
1881 3085 2047 3156 perti-

392 3236 395 3239 _
471 3185 566 3231 net
604 3176 670 3231 ad
719 3177 994 3233 civitatem
1035 3192 1154 3247 qua:
1196 3191 1377 3245 regem
1424 3175 1583 3234 habet
1614 3175 1908 3232 Christum.
1955 3175 2047 3232 illa

473 3280 578 3320 una
606 3274 689 3320 est
710 3265 1004 3321 Jerusalem
1035 3265 1267 3321 cmlestis
1285 3306 1301 3331 ,
1338 3265 1524 3321 civitas
1548 3277 1730 3321 sancta
1760 3282 1776 3321 :
1805 3269 1919 3323 lucc
1943 3284 2048 3324 una

473 3356 659 3412 civitas
697 3372 859 3412 unum
895 3355 1057 3413 habet
1084 3371 1283 3427 regem.
1317 3356 1432 3411 Rex
1463 3356 1616 3426 hujus
1643 3357 2051 3427 civitatisChri-

473 3456 588 3503 stus
607 3456 689 3503 est
720 3465 734 3502 :
763 3450 877 3517 ipse
901 3448 1042 3503 enim
1065 3447 1114 3503 ei
1143 3447 1308 3515 dicit,
1347 3446 1516 3502 Mater
1535 3448 1685 3515 Sion,
1725 3447 1855 3503 dicet
1874 3451 2047 3506 homo.

477 3538 612 3594 Dicit
656 3539 741 3606 ei,
784 3537 989 3606 Mater;
1033 3538 1128 3595 sed
1164 3538 1332 3592 homo.
1397 3537 1565 3593 Mater
1590 3538 1733 3593 enim
1762 3538 1925 3605 Sion,
1966 3540 2049 3594 di—

474 3641 550 3685 cet
579 3630 768 3693 homo;
818 3637 866 3684 et
906 3629 1056 3683 homo
1091 3632 1258 3701 factus
1296 3637 1371 3683 est
1411 3628 1466 3683 in
1505 3644 1583 3700 ea,
1614 3639 1662 3688 et
1686 3631 1795 3701 ipse
1819 3629 2049 3704 fundavit

476 3739 587 3776 eam
628 3722 913 3777 Altissimus
968 3719 1148 3794 (Psal.
1202 3736 1435 3790 LXXXVI,
1481 3721 1573 3795 5).
1632 3723 1726 3779 Ille
1777 3739 1905 3795 ergo
1955 3743 2049 3782 rex

475 3813 612 3882 ejus,
641 3815 728 3881 qui
756 3828 872 3869 eam
905 3811 1137 3871 fundavit
1166 3815 1502 3881 Altissimus;
1547 3804 1660 3885 ipse
1707 3816 1762 3872 in
1790 3832 1851 3873 ea
1879 3816 2047 3875 homo

479 3905 647 3962 factus
678 3916 760 3962 est
805 3893 1151 3964 humillimus.
1188 3905 1307 3977 lpse
1345 3921 1473 3978 ergo
1506 3915 1630 3962 ante
1655 3907 1936 3964 adventum
1963 3909 2050 3965 in-

481 4002 800 4057 carnationis
828 4017 938 4058 suae
964 4003 1220 4073 praemisit
1247 4001 1492 4072 quaedam
1521 4003 1759 4058 membra
1786 4018 1899 4069 sua,
1931 4013 2051 4073 post

479 4107 598 4164 qua:
625 4094 1024 4163 praenuntiantia
1052 4109 1113 4149 se
1137 4102 1421 4148 venturum
1462 4093 1609 4149 venit
1648 4104 1704 4149 ct
1745 4095 1888 4165 ipse,
1918 4111 2050 4150 cou-

479 4198 654 4241 nexus
679 4184 777 4239 eis.
820 4183 981 4239 Refer
1007 4182 1079 4241 ad
1112 4184 1510 4241 similitudinem
1532 4188 1553 4218 ²
1581 4188 1846 4242 nascentis
1873 4188 2047 4255 illius;
2072 4210 2075 4214 ·

482 4275 604 4345 quia
633 4288 824 4329 manus
846 4283 972 4329 ante
990 4285 1150 4343 caput
1177 4275 1486 4343 procedens,
1512 4284 1565 4330 et
1590 4291 1711 4330 eum
1744 4276 1917 4346 capite
1945 4287 2048 4347 est,

480 4377 537 4424 et
566 4366 664 4425 sub
688 4367 879 4441 capite.
912 4365 989 4421 De
1011 4365 1224 4421 Christo
1257 4367 1398 4422 enim
1423 4366 1620 4422 dictum
1654 4375 1755 4435 est,
1787 4383 1905 4423 cum
1936 4369 2053 4423 lau-
2095 4417 2101 4423 .

483 4461 702 4517 daretur
725 4457 1036 4517 excellentia
1064 4456 1241 4527 populi
1270 4456 1461 4527 primi,
1489 4469 1543 4513 et
1566 4457 1879 4515 delerentur
1901 4460 2051 4517 fracti

548 4743 567 4776 ³
590 4742 725 4802 Fdd.,
762 4751 1041 4807 mensuram
1066 4735 1283 4802 impletis,
1307 4746 1418 4807 'nott
1451 4734 1818 4807 superfundens.
1854 4742 2054 4807 ramum

485 4815 600 4875 ινφ
632 4795 816 4875 velerit
841 4810 1065 4875 σηιξηιυιπ
1093 4795 1158 4872 βά
1663 4795 2053 4875 ,θίὲτιΒΨΡΨθ

509 4855 614 4930 »ῤἐι.
634 4855 687 4914 id
707 4872 775 4916 est
796 4855 992 4930 in'nobis
1011 4861 1133 4928 ipsis
1152 4855 1218 4912 ait
1240 4870 1535 4930 εοπιιῃιῃιεηι
1556 4855 1679 4930 hanc
1705 4855 1840 4922 quasi
1863 4855 2054 4930 rempu-

518 4924 677 4975 lieam.
703 4934 823 4975 Nam
840 4919 1052 4992 quisque",
1082 4931 1177 4974 etc.
1200 4930 1318 4971 Tum
1334 4919 1478 4992 .inl’ra
1498 4933 1511 4968 :
1528 4924 1603 4992 _et_
1613 4932 1702 4992 pro
1717 4919 1857 4983 posse
1879 4919 2056 4992 virium

455 4987 459 4990 ’
486 4993 759 5053 nostrarum
780 4981 917 5053 quasi
954 4981 1182 5053 curionem
1215 4982 1490 5053 passiqnum
1520 4981 1772 5053 ingerimus
1807 4981 2055 5053 pargt‘oria

487 5046 705 5116 plenaria
725 5042 1028 5116 :phssionum
1048 5042 1257 5116 ominum
1402 5056 1496 5116 non
1516 5042 1626 5103 erit,
1641 5042 1753 5116 nisi,
1778 5042 1873 5116 etc.
1892 5049 2055 5116 Eruen-

489 5104 633 5160 datur
656 5104 789 5159 locus
810 5109 868 5157 ad
881 5118 984 5158 Mss.
996 5116 1049 5158 et
1058 5108 1116 5157 ad
1128 5107 1266 5156 Beda:
1277 5104 1622 5156 collectionem
1643 5106 1693 5154 in
1711 5104 1920 5160 Paulum.
1942 5114 2054 5163 owe

456 5188 462 5197 ‘
487 5171 711 5237 collectio
728 5173 775 5220 in
799 5171 934 5219 Corb.
946 5178 1040 5237 ius.
1065 5170 1147 5237 ubi
1162 5168 1298 5217 Floro
1313 5167 1829 5237 trilntitur,_habet_pro
1843 5167 2055 5237 portione

488 5234 665 5285 utrium
685 5245 702 5282 :
726 5239 775 5282 at
794 5232 960 5291 caeteri
975 5237 1083 5291 Mss.
1102 5229 1196 5287 hic,
1220 5228 1525 5291 possessione.
1548 5228 1956 5291 _Utrumlibet'non
1970 5230 2057 5278 mi-

489 5309 583 5346 nus
601 5303 714 5356 apte
739 5307 752 5342 :
777 5290 967 5356 quando
986 5290 1047 5356 _a_d
1068 5288 1253 5356 rnorem
1273 5291 1468 5356 canonis
1492 5288 1711 5340 solvendi
1732 5290 1891 5356 habita
1912 5292 2057 5356 ratio-

491 5372 558 5409 ne
581 5349 938 5421 pdssessibnum
959 5350 1129 5421 alludit
1146 5351 1450 5421 angustique.
1476 5359 1619 5421 Porro
1633 5365 1752 5421 vox,
1771 5349 1899 5421 ﬁnis,
1917 5352 2059 5421 abest

489 5431 531 5482 ι,
552 5410 680 5477 κίεις..
702 5418 782 5482 qui
800 5415 928 5482 looq.
955 5410 1237 5477 amatoria;
1250 5410 1511 5482 praetereat
1531 5410 1747 5482 quidem
1771 5410 2055 5476 Ῥανίωονίαν

491 5480 590 5541 alii,
608 5470 872 5543 parantia;
894 5470 1019 5525 forte
1038 5470 1280 5543 mensurae
1302 5470 1384 5520 vel
1399 5470 1564 5543 tributi
1584 5470 1829 5543 cujusdam
1846 5488 2022 5543 nomen
2040 5470 2055 5524 ἐ

494 5532 588 5604 ιιι-θ’
601 5532 700 5606 quo
721 5532 964 5606 nescimus
998 5548 1060 5586 an
1078 5532 1357 5606 legendum,
1567 5532 1694 5594 vero,
1719 5536 1791 5584 uti
1813 5534 1937 5598 legit
1958 5535 2057 5586 cla—

493 5591 1506 5668 i'tss.1crngiu_sincloss.,qv_5_cerp
1546 5652 1579 5668 ,.
1678 5591 1711 5668 ⁷.
1762 5661 1774 5668 ,
1851 5591 1892 5668 ,⁷
1924 5655 1935 5666 .

557 5670 579 5701 ¹
601 5670 672 5716 sic
695 5654 918 5728 plerique
950 5654 1138 5710 tistht
1151 5654 1247 5716 Er.,
1269 5666 1512 5728 connexus
1627 5655 1775 5728 refert
1892 5655 2058 5728 simili.

495 5715 723 5788 tudinem,
749 5715 851 5777 etcf
878 5731 1014 5780 tota.
1037 5715 1278 5773 cmmexus
1297 5715 1367 5770 eis
1404 5716 1551 5781 refert
1571 5715 1944 5770 similitudinem.
1969 5726 2058 5770 ue-

494 5789 610 5849 gius
627 5797 726 5854 115.,
751 5790 924 5842 referte
954 5794 1039 5847 ait,
1063 5791 1158 5836 etc.

1690 316 1748 374 S.
1787 268 2158 377 AUCUSTINI
2196 314 2496 374 El’lSCOPl

3624 329 3740 383 73?:

2155 425 2289 481 rami
2316 427 2582 485 naturales
2610 428 2784 501 (Rom.
2814 446 2907 498 ιι.
2946 429 3038 501 2i)
3071 448 3085 487 :
3120 433 3347 501 Quorum
3384 435 3613 508 adoptio,
3642 440 3727 493 iu-

2152 518 2285 589 quit,
2310 529 2357 574 et
2379 529 2673 577 testamenta
2692 532 2742 580 et
2767 521 2917 595 Legis
2942 525 3264 590 constitutio;
3292 543 3504 599 quorum
3529 539 3731 599 patres.
3806 526 3815 534 ’

2150 619 2199 662 et
2221 625 2285 663 ea:
2306 610 2485 680 quibus
2508 611 2732 669 Christus
2754 615 3027 671 secundum
3066 616 3304 681 carnem,
3342 620 3429 686 qui
3461 612 3532 676 est
3571 640 3729 693 super

2150 700 2319 754 omnia
2338 699 2478 755 Deus
2500 700 2784 759 benedictus
2800 704 2854 759 in
2871 707 3056 760 uacula
3082 705 3193 776 (Id.
3217 722 3294 773 ix,
3318 709 3373 771 4.
3403 709 3479 776 5).
3511 709 3596 765 Ea:
3612 715 3726 781 qui-

2150 788 2244 847 bus
2268 790 2497 847 Christus
2521 793 2792 849 secundum
2806 811 3029 863 carnem,
3054 806 3301 868 tanquam
3327 815 3396 854 ex
3421 799 3573 869 Sion,
3600 804 3724 873 quia

2149 881 2297 936 homo
2320 886 2484 952 [actus
2501 895 2573 939 est
2597 885 2649 939 in
2677 902 2735 941 ea
2761 901 2781 940 :
2804 887 2924 957 quia
2952 885 3182 945 Christus
3217 906 3368 962 super
3392 893 3563 945 omnia
3588 891 3733 948 Deus

2148 970 2431 1029 benedictus
2454 976 2507 1028 in
2529 976 2735 1044 stecula,
2762 978 2880 1048 quia
2902 977 3009 1050 ipse
3026 979 3257 1049 [undavit
3274 997 3386 1036 eam
3412 982 3723 1043 Altissimus.

2147 1061 2234 1118 Ea:
2258 1065 2434 1134 quibus
2476 1066 2706 1122 Christus
2749 1070 3025 1129 secundum
3056 1087 3294 1139 carnem,
3342 1072 3484 1129 {ilius
3511 1064 3676 1131 David
3707 1093 3724 1130 :

2142 1156 2231 1225 qui
2259 1166 2331 1211 est
2353 1174 2506 1228 super
2533 1159 2702 1214 omnia
2737 1159 2875 1216 Deus
2900 1162 3187 1229 benedictus
3211 1165 3270 1223 in.
3286 1167 3473 1223 stecula
3491 1208 3506 1231 ,
3537 1167 3727 1225 Domi-

2146 1262 2249 1303 nus
2274 1249 2460 1305 David.
2488 1250 2619 1308 Tota
2643 1267 2771 1325 ergo
2794 1252 2881 1308 illa
2910 1253 3097 1309 civitas
3122 1254 3370 1326 loquitur,
3408 1272 3438 1313 a
3464 1260 3727 1329 sanguine

2146 1339 2281 1394 Abel
2322 1339 2455 1411 justi
2494 1355 2662 1412 usque
2696 1342 2763 1398 ad
2807 1345 3118 1415 sanguinem
3161 1344 3455 1403 Zachariaa.
3503 1348 3632 1403 Inde
3671 1359 3731 1404 et

2146 1428 2400 1505 deinceps
2427 1446 2459 1486 a
2486 1432 2742 1503 sanguine
2759 1432 2996 1498 Joannis,
3023 1450 3122 1505 per
3146 1436 3456 1507 sanguinem
3496 1440 3732 1508 Aposto-

2134 1521 2345 1589 ‘lorum,
2375 1538 2472 1592 per
2495 1524 2805 1596 sanguinem
2834 1535 3126 1597 martyrum
3145 1567 3161 1591 ,
3197 1529 3634 1600 persanguinem
3667 1530 3730 1585 li-

2147 1611 2348 1668 delium
2375 1614 2571 1671 Christi
2593 1657 2607 1680 ,
2635 1632 2739 1671 una
2764 1616 2952 1672 civitas
2975 1617 3209 1689 loquitur
3229 1659 3245 1684 ,
3277 1635 3414 1675 unus
3440 1620 3602 1676 homo
3643 1622 3729 1676 di-

2146 1702 2219 1759 cit
2254 1720 2268 1758 :
2301 1704 2572 1776 Quousque
2611 1702 2869 1779 apponitis
2913 1724 3066 1779 super
3108 1709 3408 1775 hominem?
3447 1710 3729 1779 lnterﬁcite

2147 1810 2339 1867 qmnes.
2369 1795 2656 1855 Videamus
2681 1798 2728 1854 si
2753 1798 2962 1866 deletis,
2990 1800 3264 1856 videamus
3289 1802 3335 1856 si
3361 1803 3735 1874 exstinguitis,

2146 1883 2422 1947 videamus
2456 1885 2501 1945 si
2543 1887 2727 1943 tollitis
2754 1888 2822 1947 de
2851 1898 2992 1943 terra
3021 1904 3215 1946 nomen
3241 1894 3358 1961 ejus
3380 1933 3397 1957 ,
3441 1892 3725 1948 videamus

2147 1977 2193 2031 si
2215 1991 2319 2033 non
2345 1978 2523 2049 pepuli
2556 1980 2730 2035 inania
2753 1980 3278 2053 meditamiui.(Psal.
3305 2000 3363 2049 ιι,
3395 1985 3451 2056 l)
3473 2029 3489 2054 ,
3532 1986 3726 2043 dicen-

2149 2075 2270 2127 tes:
2303 2067 2519 2136 Quando
2551 2071 2793 2125 morietur
2814 2112 2830 2137 ,
2876 2080 2926 2126 et
2961 2074 3139 2144 peribit
3173 2089 3356 2128 nomen
3393 2077 3501 2147 ejus
3546 2075 3723 2148 (Psal.

2149 2172 2240 2223 ιι,
2271 2156 2361 2229 6)ἳ
2382 2157 2644 2230 Tanquam
2669 2161 2848 2230 parieti
2873 2161 3135 2230 inclinato,
3160 2173 3208 2218 et
3232 2166 3467 2220 maceria:
3492 2167 3727 2237 impulsa

2148 2248 2434 2305 incumbite
2451 2290 2469 2318 ,
2507 2250 2781 2321 impellite.
2815 2251 3011 2308 Audite
3034 2267 3192 2324 supra
3221 2272 3235 2308 :
3265 2254 3540 2327 Susceptor
3561 2274 3723 2327 meus,

2148 2357 2251 2396 non
2286 2342 2517 2397 movebar
2539 2341 2802 2414 amplius;
2828 2344 2952 2415 quia
2989 2353 3238 2415 tanquam
3275 2348 3519 2403 cumulus
3546 2364 3726 2404 arenae

2151 2433 2415 2505 impulsus
2440 2450 2558 2491 sum
2589 2444 2648 2490 ut
2669 2435 2916 2493 caderem
2937 2477 2955 2506 ,
2983 2447 3041 2494 et
3080 2437 3337 2495 Dominus
3365 2441 3599 2512 suscepit
3640 2456 3734 2497 me

2151 2524 2322 2598 (Psal.
2346 2540 2507 2592 cxvn,
2539 2526 2652 2596 15).
3234 2540 3255 2556 ν

2218 2618 2275 2674 5.
2303 2615 2454 2690 [υεη.
2495 2616 2575 2691 5.]
2613 2616 2965 2674 Verumtamen
3003 2619 3243 2676 honorent
3271 2637 3439 2676 meum
3477 2624 3729 2695 cogitave-

2150 2716 2269 2764 runt
2292 2707 2533 2778 repellere
2555 2724 2576 2764 :
2600 2708 2727 2764 victi
2754 2708 2881 2764 dum
2922 2709 3247 2766 interﬁciunt
3283 2711 3540 2771 cedentes
3558 2755 3573 2782 ,
3602 2729 3729 2769 ssn-

2149 2799 2310 2871 guine
2350 2798 2747 2856 interfectorum
2773 2800 3187 2870 multiplicantes
3217 2801 3433 2870 ﬁdeles,
3472 2805 3729 2861 cedentes

2150 2889 2236 2946 his
2262 2897 2317 2946 et
2349 2889 2459 2960 jam
2489 2906 2596 2945 non
2624 2891 2862 2947 valentes
2884 2891 3151 2948 occidere.
3191 2891 3536 2953 Verminae-en
3569 2896 3731 2951 hono-

2149 2998 2259 3037 rent
2297 2999 2462 3037 meum
2488 2983 2834 3054 cogitaverunt
2872 2984 3134 3054 repellere.
3160 2985 3319 3042 Modo
3340 2988 3461 3057 quia
3493 3004 3602 3045 non
3634 3006 3730 3059 pp-

2151 3082 2257 3130 test
2275 3075 2443 3131 occidi
2462 3075 2801 3141 ehristianus,
2829 3076 3002 3145 agitur
3021 3085 3081 3132 ut
3105 3076 3466 3135 exhonorctur
3484 3079 3732 3137 christia-

2150 3179 2273 3221 nus.
2291 3165 2443 3221 Nune
2462 3167 2604 3222 enim
2624 3166 2828 3222 honore
2847 3168 3270 3225 Christianorum
3289 3170 3449 3226 corda
3470 3181 3730 3242 torquen-

2151 3265 2239 3312 tur
2279 3255 2563 3328 impiorum
2590 3275 2604 3312 :
2631 3257 2741 3327 jam
2768 3256 2968 3325 Juseph
3003 3258 3094 3314 ille
3130 3259 3423 3329 spiritualis
3452 3273 3574 3331 post
3600 3279 3732 3319 ven-

2150 3348 2406 3404 ditionem
2430 3363 2463 3403 a
2487 3348 2756 3413 fratribus,
2789 3358 2911 3420 post
2937 3349 3333 3408 translationem
3352 3351 3418 3407 de
3438 3354 3605 3422 patria
3633 3369 3729 3410 sua
3832 3356 3838 3364 '

2151 3438 2217 3492 ad
2243 3446 2430 3508 gentes
2456 3447 2704 3509 tanquam
2735 3441 2787 3495 in
2817 3438 3124 3510 (Egyptum,
3157 3451 3277 3512 post
3306 3440 3729 3501 humiliationetu

2146 3523 2414 3594 carceris,
2457 3539 2575 3599 post
2600 3531 2881 3586 factionem
2911 3533 2925 3564 ³
2959 3531 3104 3588 falsa
3134 3535 3304 3597 testis.
3336 3546 3616 3605 pcatquam
3651 3541 3732 3591 la-

2151 3631 2296 3680 ctum
2321 3630 2405 3680 est
2430 3622 2570 3698 quod
2598 3622 2785 3694 dejllo
2822 3623 3023 3684 dictum
3048 3634 3132 3685 est
3154 3671 3169 3695 ,
3208 3624 3425 3686 Ferrum
3471 3644 3732 3704 pertrans-

2151 3718 2239 3773 iuit
2277 3718 2502 3774 animam
2529 3720 2640 3791 ejus
2678 3719 2850 3790 (Psal.
2876 3736 2998 3789 etv,
3029 3720 3152 3793 18);
3192 3722 3304 3793 jam
3347 3723 3735 3783 houurilicatus

2153 3819 2255 3875 est,
2281 3808 2392 3880 jam
2422 3825 2529 3866 non
2553 3820 2638 3866 est
2668 3811 2912 3867 subditus
2936 3812 3187 3867 fratribus
3214 3813 3569 3871 vendentibus
3580 3844 3605 3882 -,
3632 3819 3731 3872 sed

2153 3902 2421 3960 frumenta
2461 3913 2644 3975 erogat
2667 3905 3024 3975 esurientibus
3048 3905 3207 3975 (Gen.
3253 3923 3485 3977 xxxvn,
3527 3926 3687 3968 suis
3713 3953 3732 3978 ,

2156 3996 2294 4067 xu).
2317 3997 2455 4053 Victi
2481 3998 2599 4067 ejus
2619 3999 2915 4055 humilitate
2939 4009 2994 4055 et
3016 4002 3280 4068 castitate,
3308 4003 3731 4074 incorruptione,

2156 4090 2538 4145 teutaticnihus
2563 4131 2577 4155 ,
2620 4092 2955 4161 passionibus
2979 4132 2995 4158 ,
3023 4092 3131 4162 jam
3160 4109 3279 4148 eum
3309 4095 3629 4159 honoratum
3658 4098 3736 4152 vi-

2155 4181 2284 4235 dent
2303 4222 2317 4242 ,
2347 4190 2401 4235 et
2426 4180 2682 4236 honorem
2710 4182 2877 4252 ipsius
2902 4185 3136 4253 cogitant
3164 4185 3446 4254 repellere.
3480 4186 3539 4242 In
3579 4191 3733 4258 cogi-

2155 4272 2443 4326 tationibus
2467 4273 2663 4342 quippe
2691 4287 2875 4327 eorum
2904 4282 2989 4329 est
3018 4274 3144 4329 illud
3165 4317 3181 4341 ,
3212 4274 3462 4331 Peccator
3492 4279 3682 4334 videbit
3713 4296 3737 4333 :

2155 4376 2328 4431 neque
2369 4361 2510 4416 enim
2542 4376 2645 4415 non
2685 4362 2915 4427 videbit,
2954 4363 3166 4434 quando
3195 4380 3300 4419 non
3330 4376 3505 4436 potest
3543 4368 3734 4424 civitas

2162 4454 2414 4509 abscondi
2461 4469 2621 4522 supra
2652 4464 2887 4510 montem
2940 4457 3224 4515 constituta
3267 4455 3479 4529 (Matth.
3508 4473 3545 4513 v
3569 4502 3585 4525 ,
3617 4461 3731 4531 η).

2157 4545 2404 4602 Peeeator
2429 4562 2557 4616 ergo
2582 4546 2784 4612 videbit,
2820 4556 2867 4600 et
2895 4548 3172 4613 irascetur;
3202 4549 3432 4603 dentibus
3456 4551 3565 4605 suis
3587 4552 3734 4621 [ren-

2158 4639 2264 4704 det,
2290 4647 2335 4691 et
2363 4638 2577 4691 tabescet
2613 4636 2781 4703 (Psal.
2812 4654 2921 4699 est.
2955 4638 3065 4712 10).
3100 4640 3254 4696 Latet
3278 4642 3330 4696 in
3357 4642 3542 4707 corde,
3572 4652 3629 4699 et
3658 4654 3736 4703 te-

2157 4728 2297 4797 gitur
2322 4725 2496 4782 fronte
2535 4742 2797 4782 venenum
2829 4728 2884 4782 in
2925 4730 3273 4786 smvientibus
3312 4740 3368 4786 et
3402 4732 3733 4803 indignanti-

2158 4817 2278 4873 bus.
2310 4817 2594 4888 Propterea
2624 4828 2679 4874 et
2709 4817 2794 4874 hic
2822 4820 3174 4890 cogitationes
3199 4836 3380 4876 eorum
3413 4822 3582 4889 dicit,
3618 4824 3734 4879 llo-

2159 4928 2352 4975 norem,
2382 4910 2571 4982 inquit,
2598 4908 2763 4965 meum
2789 4913 3129 4984 cegitaverunt
3153 4913 3413 4983 repellere.
3444 4915 3559 4971 Non
3587 4919 3734 4971 enim

2159 5002 2358 5057 audent
2392 5004 2570 5058 verbis
2609 5003 2849 5073 proferre
2884 5003 3025 5073 quod
3066 5006 3316 5074 cogitant.
3344 5006 3602 5076 Optemus
3627 5009 3737 5066 illis

2160 5093 2318 5159 bona,
2350 5093 2555 5147 etiamsi
2582 5103 2767 5163 optant
2790 5093 2928 5147 mala
2946 5095 2989 5148 ³.
3011 5093 3193 5151 Judica
3221 5095 3358 5162 illos,
3383 5096 3557 5161 Deus;
3584 5098 3737 5154 deci-

2165 5182 2293 5239 dant
2322 5199 2353 5238 a
2381 5183 2788 5253 cogitationibus
2813 5184 2924 5237 suis
2954 5183 3124 5257 (Psal.
3151 5201 3185 5240 v
3208 5225 3225 5251 ,
3267 5186 3382 5257 Η).
3411 5186 3552 5253 Quid
3586 5191 3734 5245 enim

2163 5275 2270 5330 illis
2298 5273 2488 5329 melius
2510 5316 2525 5340 ,
2571 5273 2695 5344 quid
2740 5274 2921 5330 utilius
2944 5316 2960 5339 ,
2995 5291 3155 5343 quam
3181 5284 3248 5347 ut.
3266 5275 3391 5333 inde
3416 5278 3611 5332 cadant
3640 5278 3735 5333 ubi

2163 5366 2303 5422 male
2324 5375 2491 5429 stant,
2545 5373 2604 5418 ut
2633 5364 2829 5435 possint
2868 5364 2966 5434 ipsi
3001 5366 3227 5420 correcti
3254 5365 3464 5432 dicere,
3493 5366 3737 5424 Statuisti

2166 5460 2315 5532 pedes
2341 5476 2473 5514 meus
2500 5474 2654 5527 supra
2682 5468 2877 5529 petram
2897 5457 3070 5527 (Psal.
3102 5474 3285 5524 xxxix,
3316 5457 3410 5529 5)?

2232 5724 2247 5752 ι
2273 5721 2347 5768 sic
2366 5724 2439 5766 Fr.
2459 5728 2510 5768 et
2532 5724 2637 5765 Mss.
2662 5725 2718 5764 Αι
2732 5724 2862 5776 Lov.,
2886 5718 3183 5780 (rectionem.

2237 5784 2259 5814 ³
2283 5781 2504 5843 neruiue
2525 5788 2645 5830 uss:
2668 5775 2895 5847 optemus
2919 5775 3015 5832 tllss
3038 5781 3172 5843 bene,
3193 5778 3385 5832 etiamsi
3402 5787 3569 5844 putant
3590 5780 3742 5835 Mals.
