4022 6200
250 352 346 406 7'53

305 466 362 522 ϐ.
398 462 742 520 Verumtamen
758 463 1098 534 cogitaveram
1112 464 1351 518 [tonarent
1366 478 1527 516 meum
1545 461 1806 532 repellere.

238 560 438 616 Omnes
461 570 644 615 contra
675 573 858 624 unum,
887 573 953 612 an
982 572 1117 612 unus
1144 566 1328 612 contra
1355 569 1570 620 omnes;
1599 569 1667 608 an
1688 568 1808 607 om-

235 670 333 709 nes
349 663 535 709 contra
551 667 757 717 omnes,
775 667 840 706 an
862 666 996 705 unus
1015 661 1195 706 contra
1226 650 1426 705 unum?
1448 648 1660 704 Interim
1684 662 1806 702 cum

233 746 385 813 dicit,
414 746 680 818 Apponitis
699 761 847 813 super
867 744 1146 808 hominem;
1173 750 1422 812 tanquam
1449 756 1608 811 super
1625 755 1806 794 unum:

235 849 293 893 et
337 854 459 894 cum
504 837 649 899 dicit.
696 834 974 905 Interﬁcite
999 850 1203 900 omnes;
1232 833 1380 904 quasi
1404 845 1596 886 omnes
1623 840 1808 887 contra

224 918 399 985 unum
424 949 436 983 :
464 928 558 985 sed
607 940 779 983 tamen
824 934 880 982 et
926 940 1112 982 omnes
1149 935 1334 981 contra
1376 938 1580 987 omnes,
1609 922 1729 992 quia
1757 929 1813 976 et

234 1026 524 1081 Christiani
551 1037 754 1086 omnes,
787 1021 881 1076 sed
912 1023 963 1077 in
990 1036 1114 1076 uno.
1140 1019 1276 1086 Quid
1297 1027 1472 1073 autem
1512 1017 1588 1071 illi
1616 1016 1811 1073 diversi

235 1135 450 1173 errores
478 1116 674 1170 inimici
702 1113 919 1179 Christi,
948 1127 1137 1167 omnes
1165 1120 1363 1164 tantum
1392 1108 1603 1164 dicendi
1648 1106 1811 1161 sunt?

238 1226 417 1265 nonne
448 1218 502 1263 et
530 1207 700 1262 unus?
734 1207 897 1260 Plane
935 1204 1105 1259 audeo
1147 1214 1200 1259 et
1240 1218 1401 1256 unum
1443 1200 1620 1255 dicere
1646 1217 1659 1253 :
1690 1200 1812 1269 quia

235 1318 342 1357 una
369 1300 555 1356 civitas
569 1307 623 1354 et
643 1312 743 1351 una
763 1296 969 1361 civitas,
995 1310 1130 1351 unus
1160 1294 1384 1365 papulus
1408 1302 1460 1347 et
1482 1306 1615 1346 unus
1642 1307 1814 1361 popu—

238 1394 345 1458 lus,
378 1408 469 1447 rex
497 1399 551 1446 et
577 1405 691 1446 rex.
724 1388 860 1455 Quid
888 1397 1001 1454 est,
1034 1402 1134 1443 una
1165 1388 1349 1442 civitas
1376 1395 1428 1440 et
1456 1402 1552 1440 una
1585 1384 1816 1439 civitas?

236 1484 527 1556 Babylonia
551 1498 685 1547 una;
716 1479 1003 1536 Jerusalem
1031 1494 1154 1533 una.
1176 1478 1505 1547 Quibuslibet
1522 1478 1639 1531 aliis
1655 1476 1814 1531 etiam

238 1576 477 1647 mysticis
507 1572 811 1629 nominibus
849 1571 1164 1641 appelletur,
1197 1584 1300 1623 una
1331 1577 1505 1623 tamen
1535 1568 1721 1621 civitas
1760 1575 1816 1621 ct
1872 1586 1877 1590 ·

239 1683 346 1723 una
371 1667 588 1721 civitas:
620 1665 705 1719 illa
730 1653 855 1734 rege
882 1662 1122 1727 diabolo;
1166 1662 1265 1715 ista
1308 1674 1433 1730 rege
1469 1658 1697 1715 Christo.
1728 1656 1816 1711 ln-

240 1760 402 1815 tendo
430 1759 571 1814 enim
601 1757 891 1827 Evangelia
920 1755 1148 1825 quodam
1180 1753 1320 1820 loco,
1365 1761 1420 1807 et
1465 1760 1646 1808 movet
1692 1766 1778 1806 me
1798 1792 1814 1818 ,

240 1860 374 1922 puto
402 1850 541 1920 quod
570 1859 624 1905 et
664 1864 780 1903 vos.
814 1847 1162 1917 Posteaquam
1191 1845 1395 1900 invitati
1422 1854 1544 1898 sunt
1569 1843 1720 1897 multi
1750 1842 1817 1898 ad

241 1943 454 2013 nuptias
482 1941 605 1997 boni
637 1950 692 1996 et
718 1941 864 2008 mali,
890 1949 945 1996 et
969 1939 1198 2008 impleta:
1234 1945 1356 1993 sunt
1380 1937 1575 2006 nuptim
1602 1951 1819 1991 recum-

187 2042 192 2101 ;
240 2035 509 2099 bernium;
541 2033 683 2088 servi
704 2033 848 2087 enim
877 2032 1047 2095 missi,
1080 2020 1138 2087 ut
1167 2040 1490 2101 praeceptum
1518 2037 1652 2092 erat,
1678 2029 1819 2084 invi-

187 2142 193 2171 τ
241 2132 488 2181 laverunt
525 2132 580 2179 et
620 2123 790 2179 bonos
836 2130 892 2178 et
937 2122 1137 2201 malos);
1186 2131 1240 2176 et
1283 2122 1551 2189 ingressus
1594 2128 1677 2176 est
1725 2134 1821 2174 rex

240 2220 506 2290 inspicere
532 2217 928 2283 recumbentes,
955 2224 1012 2270 et
1050 2214 1249 2270 invenit
1286 2213 1554 2268 hominem
1585 2229 1689 2268 non
1722 2213 1821 2267 lia-t

238 2312 453 2367 bentem
495 2318 697 2363 vestem
749 2308 1060 2377 nuptialem,
1094 2314 1149 2361 et
1192 2305 1267 2361 ait
1312 2306 1387 2359 illi
1428 2305 1570 2376 quod
1616 2306 1819 2359 nostis:
1858 2328 1867 2335 ο

237 2405 431 2469 Amice,
454 2402 587 2456 unde
610 2401 709 2454 huc
728 2400 925 2466 uenisti,
958 2414 1059 2453 non
1085 2398 1272 2452 habens
1299 2408 1479 2453 uestem
1509 2397 1824 2468 nuptialem!

236 2497 301 2550 At
326 2496 413 2549 ille
438 2494 699 2548 obmutuit.
734 2492 799 2547 Et
824 2490 983 2560 jussit
1007 2491 1058 2545 ei
1090 2489 1241 2560 ligari
1272 2504 1458 2544 manus
1482 2499 1536 2543 ct
1564 2488 1745 2559 pedes,
1769 2498 1824 2545 et

238 2589 424 2661 projici
456 2604 577 2643 eum
617 2587 669 2641 in
703 2585 950 2641 tenebras
1002 2584 1321 2639 exteriores.
1368 2583 1596 2639 Levatus
1638 2593 1719 2639 est
1756 2584 1824 2642 de

237 2680 505 2745 convivio,
531 2689 582 2735 et
610 2678 803 2733 missus
824 2677 980 2732 estin
1004 2691 1187 2747 pinnas
1209 2677 1388 2731 nescio
1422 2678 1541 2748 quis
1566 2677 1727 2732 homo
1758 2680 1811 2734 in

237 2786 346 2833 tam
372 2788 559 2844 magna
586 2770 739 2826 turba
765 2767 1208 2824 recumbentium.
1232 2766 1337 2823 Sed
1362 2772 1537 2823 tamen
1560 2769 1815 2826 Dominus

237 2869 425 2924 volens
454 2864 737 2921 ostendere
768 2877 929 2917 unum
954 2859 1099 2914 illum
1127 2859 1419 2927 hominem,
1440 2877 1601 2916 unum
1622 2878 1816 2933 corpus

236 2948 361 3017 esse
398 2958 538 3030 quod
567 2964 774 3011 constat
812 2966 880 3008 ex
921 2952 1119 3016 multis,
1168 2951 1256 3007 ubi
1294 2951 1455 3021 jussit
1483 2968 1603 3008 eum
1630 2955 1817 3024 projici

236 3056 404 3120 foras,
434 3061 487 3107 et
515 3049 675 3105 mittit
704 3049 756 3103 in
785 3046 991 3102 debitas
1020 3060 1225 3115 pmnas,
1273 3044 1496 3115 subjecit
1519 3047 1770 3102 continuo
1794 3063 1808 3101 :

237 3147 395 3202 Multi
415 3144 545 3198 enim
570 3150 687 3196 sunt
717 3140 896 3202 vocati,
938 3139 1089 3210 pauci
1111 3154 1226 3192 vero
1259 3139 1405 3191 electi
1442 3136 1653 3211 (Matth.
1684 3154 1816 3207 χχιι,

237 3236 451 3307 10-14).
469 3233 606 3301 Quid
630 3240 713 3287 est
737 3229 870 3285 hoc?
895 3230 1212 3284 Convocastt
1242 3230 1445 3297 turbas,
1473 3231 1818 3302 venitingens

237 3326 553 3390 multitudo;
582 3322 927 3387 annuntiasti,
959 3322 1168 3377 locutus
1210 3336 1291 3388 es,
1336 3322 1668 3393 multiplicati
1699 3332 1828 3379 sunt

237 3435 407 3490 super
436 3432 712 3473 numerum
740 3415 911 3485 (Psal.
942 3431 1123 3481 XXXIX,
1144 3413 1223 3486 6),
1242 3415 1471 3486 impletae
1488 3417 1826 3489 suntnuptias

236 3510 695 3575 recumbentium;
727 3507 992 3579 projectus
1019 3517 1104 3563 est
1131 3508 1253 3563 inde
1281 3510 1428 3563 solus
1470 3524 1627 3578 unus,
1657 3520 1712 3566 et
1735 3510 1821 3565 di-

234 3606 337 3669 cis,
371 3604 526 3657 Multi
551 3603 820 3656 enimsunt
846 3602 1029 3665 vocati,
1063 3602 1212 3670 pauci
1250 3618 1364 3656 vero
1391 3604 1555 3658 electi.
1587 3605 1692 3658 Cur
1717 3618 1825 3659 non

233 3695 449 3770 potius:
472 3693 671 3750 Omnes
697 3694 889 3760 vocati,
921 3694 1074 3748 multi
1118 3695 1295 3761 electi,
1342 3709 1479 3749 unus
1515 3696 1827 3765 projectus?

234 3789 294 3843 Si
336 3786 558 3851 diceret,
596 3782 747 3838 Multi
774 3784 915 3837 enim
955 3791 1078 3837 sunt
1106 3785 1297 3852 vocati,
1329 3794 1385 3839 et
1430 3785 1609 3853 plures
1642 3786 1823 3855 electi,

233 3879 396 3949 pauci
420 3892 547 3931 vero
565 3875 806 3946 reprobi;
832 3875 883 3929 in
904 3875 1087 3944 paucis
1108 3874 1245 3931 forte
1266 3877 1605 3932 verisimilius
1626 3879 1830 3934 intelli-

233 3988 490 4045 geremus
515 3985 675 4024 unum
702 3969 873 4023 illum.
898 3968 1049 4024 Nunc
1069 3984 1200 4025 vero
1229 3969 1359 4024 dicit
1379 3970 1518 4041 quod
1542 3986 1678 4025 unus
1700 3972 1821 4027 inde

236 4065 513 4136 proiectus
551 4069 651 4125 est,
679 4072 731 4116 et
754 4060 931 4115 subdit
954 4077 968 4115 :
996 4058 1150 4113 Multi
1184 4061 1315 4115 enim
1342 4072 1456 4115 sunt
1475 4064 1657 4129 vocati;
1679 4064 1827 4132 pauci

234 4172 356 4210 vero
382 4154 545 4209 electi.
593 4152 694 4221 Qui
745 4163 868 4208 sunt
911 4152 1086 4218 electi,
1135 4153 1237 4207 nisi
1282 4153 1373 4223 qui
1416 4156 1826 4210 remanserunt?

232 4246 489 4315 Projecto
520 4259 642 4310 uno,
666 4242 821 4299 electi
847 4251 1235 4299 remanserunt.
1260 4242 1559 4310 Quomodo,
1589 4246 1825 4315 projecto

235 4353 349 4391 uno
370 4336 439 4390 de
459 4336 660 4401 multis,
681 4335 831 4404 pauci
856 4335 1030 4398 electi,
1056 4334 1156 4389 nisi
1178 4335 1299 4405 quia
1324 4335 1376 4389 in
1398 4335 1489 4390 illo
1510 4352 1615 4391 uno
1636 4337 1825 4392 multi?

234 4432 443 4487 Omnes
494 4430 583 4499 qui
628 4440 838 4485 terrena
869 4430 1098 4500 sapiunt,
1146 4445 1331 4485 omnes
1376 4432 1469 4502 qui
1518 4431 1824 4488 felicitatem

232 4534 511 4579 terrenam
532 4521 640 4576 Deo
659 4521 969 4591 praeferunt,
996 4537 1183 4577 omnes
1202 4522 1295 4592 qui
1318 4537 1411 4578 sua
1433 4534 1695 4594 quaerunt,
1716 4540 1823 4580 non

234 4629 362 4684 qua:
402 4611 529 4667 Jesu
570 4611 766 4667 Christi
814 4611 1069 4684 (Philipp.
1115 4626 1173 4679 ιι,
1214 4612 1347 4680 21),
1378 4614 1445 4668 ad
1478 4631 1633 4669 unam
1678 4616 1824 4672 illam

234 4706 517 4760 civitatem
555 4705 841 4774 pertinent,
892 4721 1010 4775 qua:
1039 4704 1231 4759 dicitur
1259 4705 1549 4777 Babylonia
1576 4709 1820 4779 mystice,

234 4807 292 4852 et
321 4796 485 4850 habet
510 4810 689 4866 regem
718 4796 1005 4851 diabolum.
1054 4798 1251 4852 Omnes
1298 4809 1475 4853 autem
1503 4800 1594 4869 qui
1620 4815 1682 4855 ea
1705 4816 1825 4870 qua:

236 4904 455 4944 sursum
494 4896 618 4942 sunt
662 4888 902 4957 sapiunt,
943 4889 1031 4959 qui
1077 4890 1317 4944 cmlestia
1362 4890 1702 4955 meditantur,
1734 4893 1824 4962 qui

235 4998 363 5035 cum
387 4981 745 5036 sollicitudine
773 4981 823 5035 in
842 4981 1037 5035 saeculo
1060 4984 1236 5035 vivunt
1261 4998 1327 5037 ne
1345 4983 1508 5037 Deum
1528 4983 1820 5053 oiiendant,

237 5074 333 5143 qui
365 5081 556 5127 cavent
584 5087 827 5141 peccare,
858 5087 993 5142 quos
1023 5084 1303 5142 peccantes
1332 5083 1437 5128 non
1466 5075 1628 5143 pudet
1654 5076 1823 5130 conli-

238 5165 368 5230 teri,
402 5164 655 5229 humiles,
688 5165 864 5232 mites,
907 5166 1096 5231 sancti,
1132 5168 1284 5235 justi,
1316 5167 1409 5235 pii,
1451 5168 1611 5234 boni;
1639 5184 1825 5226 omnes

238 5258 309 5314 ad
340 5273 500 5313 unam
523 5258 793 5313 civitatem
816 5259 1102 5328 pertinent,
1135 5276 1253 5330 quae
1278 5277 1454 5331 regem
1482 5262 1643 5317 habet
1669 5262 1826 5318 Chri-

242 5361 409 5405 stum.
438 5350 527 5413 llla
551 5351 691 5405 enim
720 5350 771 5403 in
797 5360 933 5405 terra
954 5352 1101 5422 quasi
1124 5353 1295 5423 major
1315 5365 1395 5408 est
1422 5363 1690 5425 tempore;
1714 5371 1821 5412 non

181 5458 185 5462 ‘
243 5442 590 5508 sublimitate,
637 5456 742 5495 non
773 5443 992 5497 honore.
1036 5442 1235 5498 Civitas
1264 5444 1350 5498 illa
1383 5448 1527 5515 prior
1556 5459 1708 5513 nata;
1738 5451 1845 5504 ci-»

243 5534 378 5586 vitas
421 5531 521 5587 ista
566 5532 829 5602 posterior
855 5544 999 5587 nata.
1030 5534 1120 5588 illa
1162 5536 1307 5591 enim
1354 5537 1570 5607 iucmpit
1595 5555 1625 5593 a
1652 5539 1818 5607 Cain;

247 5624 360 5679 inec
393 5624 462 5678 ab
498 5624 651 5681 Abel.
683 5626 809 5680 Haec
850 5626 956 5681 duo
993 5641 1218 5695 corpora
1248 5628 1345 5684 sub
1373 5628 1577 5686 duobus
1606 5634 1820 5702 regibus

244 5719 475 5785 agentia,
500 5720 566 5774 ad
586 5720 820 5791 singulas
840 5722 1080 5777 civitates
1103 5724 1436 5793 pertinentia,
1472 5725 1820 5781 adversantur

246 5812 345 5866 sibi
374 5827 537 5883 usque
560 5813 609 5869 in
634 5816 789 5871 linem
818 5816 1016 5886 saeculi,
1044 5816 1210 5873 donec
1239 5816 1328 5872 ﬁat
1349 5834 1411 5874 ex
1434 5824 1811 5880 commixtione

1416 345 1809 405 ΕΝᾹΒΒΑἹΊΟ
1847 343 1913 401 ΙΝ
1952 346 2271 406 PSALMUM
2311 350 2445 406 LXI.

3380 359 3483 415 754

1891 462 2202 529 separatio,
2235 470 2288 516 et
2316 462 2405 516 alii
2433 470 2695 533 ponantur
2716 463 2782 519 ad
2806 438 3101 534 dexteram,
3131 467 3220 523 alii
3244 464 3319 523 ‘ad
3347 470 3480 525 sini-

1900 556 2100 631 ‘.stratn,
2148 554 2458 625 dicaturque
2504 557 2639 611 illis:
2677 556 2867 621 Venite,
2906 560 3145 613 benedicti
3170 560 3340 615 Patris
3366 581 3477 627 met,

1915 645 2153 713 percipite
2197 662 2406 717 regnum
2454 651 2588 717 quod
2629 650 2763 705 vobis
2804 661 3036 721 paratum
3081 664 3152 707 est
3194 654 3255 708 ab
3280 659 3483 708 exordio

1915 738 2125 802 mundi;
2155 738 2262 793 illis
2290 749 2499 796 autem:
2532 743 2558 795 Ι
2570 754 2615 797 te
2639 744 2689 796 in
2736 744 2900 813 ignem
2936 757 3196 812 wternum,
3225 748 3311 816 qui
3336 767 3485 817 paru-

1915 838 1993 884 tus
2015 840 2087 885 est
2111 832 2311 886 diabolo
2348 844 2397 887 et
2432 836 2622 905 angelis
2648 839 2757 905 ejus
2789 838 2998 911 (Matth.
3051 856 3177 903 xxv.
3224 842 3315 906 54,
3370 842 3481 908 li).

1915 921 2158 977 Christus
2180 925 2318 978 enim
2346 925 2446 980 hoc
2472 927 2628 982 dicit:
2673 928 2858 995 Venite,
2904 932 3145 984 benedicti
3174 931 3341 986 Patris
3366 935 3483 993 mei,

1916 1016 2153 1084 percipite
2172 1032 2377 1086 regnum
2396 1018 2529 1087 quod
2549 1020 2681 1073 vobis
2704 1032 2935 1088 paratum
2959 1034 3032 1075 est
3050 1031 3111 1075 ab
3131 1023 3273 1076 initio
3293 1027 3485 1079 mundi.

1920 1105 2033 1161 Rex
2059 1107 2287 1162 civitatis
2312 1124 2439 1173 sum,
2472 1110 2642 1165 victor
2666 1126 2827 1181 super
2854 1115 3050 1167 omnia.
3085 1114 3190 1169 lllis
3216 1126 3391 1170 autem
3420 1118 3486 1170 all

1917 1197 2187 1251 sinistram
2212 1201 2517 1255 constitutis
2539 1211 2783 1272 tanquam
2806 1204 3001 1258 civitati
3020 1204 3317 1274 iniquorum
3342 1224 3355 1260 :
3386 1205 3486 1269 Ite,

1919 1292 2107 1362 inquit,
2136 1294 2187 1345 in
2208 1294 2373 1363 ignem
2402 1305 2659 1348 teternum.
2692 1295 2952 1366 Numquid
2976 1307 3185 1367 separat
3210 1300 3275 1353 ab
3302 1302 3380 1353 eis
3403 1317 3489 1353 re-

1917 1384 2073 1452 gem?
2098 1383 2212 1438 Non
2248 1403 2261 1439 :
2293 1386 2495 1441 addidit
2523 1388 2685 1455 enim,
2717 1389 2803 1455 qui
2830 1401 3038 1459 paratus
3082 1401 3151 1444 est
3198 1391 3397 1445 diabolo
3445 1403 3491 1446 et

1918 1476 2107 1546 angelis
2131 1476 2259 1544 ejus.

1992 1568 2046 1621 7.
2086 1568 2366 1637 lntendite,
2400 1572 2607 1637 fratres,
2640 1570 2916 1638 intendite,
2950 1588 3076 1643 rogo
3105 1588 3218 1627 vos.
3259 1575 3494 1629 Delectat

1921 1660 2064 1714 enim
2096 1676 2181 1715 me
2226 1676 2393 1732 pauca
2436 1662 2608 1717 adhuc
2658 1662 2801 1733 loqui
2849 1664 3019 1741 vobis,
3046 1665 3112 1720 de
3142 1667 3353 1720 civitate
3396 1666 3493 1720 hac

1922 1751 2087 1807 dulci.
2134 1752 2527 1809 Cloriosissima
2578 1754 2717 1809 enim
2757 1755 2826 1810 de
2864 1766 2915 1810 te
2959 1756 3095 1811 dicta
3139 1766 3277 1822 sunt,
3310 1758 3494 1811 civitas

1924 1845 2018 1900 Dei
2045 1846 2217 1917 (Psol.
2251 1863 2465 1912 Lxxm,
2506 1847 2585 1919 5).
2614 1846 2682 1901 Et
2708 1849 2751 1903 si
2773 1848 2965 1904 oblitus
2989 1850 3135 1903 fuero
3164 1850 3257 1914 tui,
3285 1849 3496 1903 Jerusa-

1922 1939 2048 2005 lem,
2082 1938 2424 1994 obliviscatur
2453 1954 2538 1994 me
2564 1939 2781 1995 dextera
2823 1956 2938 1995 mea
2971 1938 3139 2011 (Psal.
3168 1956 3383 2003 cxxxvi,
3415 1939 3494 2011 5).

1925 2033 2102 2088 Dulcis
2124 2042 2204 2089 est
2242 2032 2383 2086 enim
2420 2048 2521 2087 una
2550 2018 2741 2103 patria,
2791 2043 2843 2088 et
2884 2049 3009 2088 vere
3037 2050 3138 2087 una
3165 2032 3351 2102 patria,
3384 2034 3497 2088 sola

1925 2125 2128 2195 patria:
2158 2132 2353 2195 praeter
2381 2125 2523 2179 illam
2555 2125 2808 2196 quidquid
2837 2127 2990 2180 nobis
3014 2135 3114 2193 est,
3143 2125 3499 2196 peregrinatio

1923 2224 2021 2270 est.
2033 2216 2211 2271 Dicam
2226 2230 2352 2287 ergo
2365 2216 2504 2287 quod
2522 2216 2839 2287 agnoscatis,
2858 2216 2998 2289 quod
3013 2216 3317 2287 approbetis
3333 2233 3347 2269 :
3362 2232 3500 2271 coni-

1925 2309 2232 2363 memorabo
2258 2308 2402 2377 quod
2428 2311 2624 2374 nostis;
2666 2324 2771 2363 non
2808 2308 3012 2364 docebo
3039 2308 3179 2379 quod
3226 2308 3497 2379 ignoratis.

1928 2401 2050 2456 Non
2077 2402 2239 2472 prius,
2282 2402 2456 2472 inquit
2493 2402 2798 2471 Apostolus,
2843 2402 2977 2472 quod
3003 2402 3263 2471 spirituale
3291 2410 3379 2463 est,
3413 2400 3501 2453 sed

1925 2494 2059 2566 quod
2084 2496 2334 2561 animale;
2360 2504 2533 2565 postea
2574 2494 2709 2567 quod
2757 2492 3020 2564 spirituale
3050 2494 3091 2565 (l
3119 2493 3235 2547 Cor.
3266 2508 3354 2559 xv,
3386 2493 3497 2561 46).

1925 2586 2053 2642 ldeo
2100 2587 2289 2641 civitas
2334 2586 2419 2641 illa
2452 2587 2825 2656 majoriaetate,
2867 2586 2989 2657 quia
3035 2585 3179 2655 prior
3224 2595 3378 2639 natus
3419 2593 3501 2639 est

1927 2677 2076 2743 Cain,
2109 2685 2163 2732 et
2188 2686 2371 2748 postea
2397 2677 2528 2732 Abel
2561 2676 2712 2746 (Gen.
2744 2692 2820 2742 Iv,
2873 2677 2925 2740 1,
2968 2674 3059 2747 2);
3087 2675 3180 2730 sed
3208 2675 3257 2729 in
3287 2674 3370 2729 his
3396 2691 3505 2727 meo

1919 2771 2009 2842 jar
2032 2770 2205 2824 serviet
2230 2770 2413 2823 minori
2442 2768 2552 2841 (Id.
2584 2785 2704 2832 xxv,
2734 2768 2848 2848 ἓξ).
2878 2769 2970 2823 illa
2997 2769 3166 2838 major
3193 2777 3373 2831 (etate;
3402 2767 3501 2821 ista

1927 2862 2099 2931 major
2126 2861 2401 2931 dignitate.
2442 2861 2616 2928 Quare
2660 2862 2746 2916 illa
2794 2862 2965 2932 major
3013 2861 3203 2916 aetate?
3242 2862 3371 2928 Quia
3403 2878 3503 2914 non

1929 2956 2072 3026 prius
2097 2954 2233 3027 quod
2255 2955 2520 3022 spirituale
2548 2962 2638 3023 est,
2665 2953 2754 3009 sed
2778 2953 2912 3024 quod
2936 2953 3171 3007 animale.
3202 2952 3374 3022 Quare
3403 2952 3504 3007 ista

1928 3046 2100 3118 major
2122 3046 2416 3117 dignitate?
2442 3045 2577 3115 Quia
2606 3045 2770 3115 major
2811 3044 2987 3097 serviet
3012 3044 3213 3097 minori.
3255 3042 3505 3099 fEdilica-

1930 3140 2006 3195 vit
2030 3137 2205 3195 autem
2237 3138 2507 3194 civitatem
2537 3138 2688 3203 Cain,
2720 3138 2857 3193 sicut
2882 3137 3104 3208 legimus
3132 3134 3240 3207 (1d.
3272 3152 3339 3203 iv,
3373 3138 3499 3207 l7):

1929 3245 2212 3306 antequam
2241 3242 2385 3291 esset
2422 3233 2530 3289 ulla
2555 3233 2762 3300 civitas,
2803 3233 2856 3287 in
2887 3231 3175 3303 primordio
3200 3246 3375 3286 rerum
3405 3228 3507 3284 hu-

1929 3342 2230 3395 manarum,
2279 3324 2560 3383 aediﬁcavit
2605 3326 2874 3381 civitatem
2922 3323 3073 3379 Cain.
3126 3323 3314 3378 Procul
3344 3322 3505 3376 dubio

1929 3423 2189 3494 intelligas
2213 3421 2324 3491 jam
2365 3429 2518 3475 natos
2561 3419 2725 3475 fuisse
2762 3419 2959 3475 multos
3000 3418 3243 3475 homines
3284 3434 3352 3473 ex
3401 3419 3509 3471 illis

1927 3516 2155 3581 duobus,
2174 3525 2228 3570 et
2247 3529 2313 3568 ex
2333 3514 2418 3568 his
2439 3528 2572 3583 quos
2592 3521 2902 3584 genueram,
2929 3521 2987 3567 ut
3012 3523 3189 3581 posset
3209 3526 3328 3567 esse
3351 3522 3508 3579 aptus

1927 3619 1982 3665 et
2001 3622 2265 3679 congruus
2285 3623 2541 3663 numerus
2558 3611 2643 3663 cui
2663 3623 2857 3662 nomen
2875 3606 3104 3662 civitatis
3121 3606 3502 3673 imponeretur.

1929 3703 2231 3760 IEdilicavit
2254 3717 2383 3774 ergo
2410 3702 2681 3757 civitatem
2706 3701 2859 3765 Cain,
2889 3700 2977 3754 ubi
3017 3714 3122 3752 non
3154 3706 3269 3753 crat
3297 3697 3502 3752 civitas.

1931 3797 2215 3853 Edilicata
2236 3805 2318 3851 est
2343 3803 2397 3850 et
2420 3804 2600 3864 postea
2631 3793 2946 3858 Jerusalem,
2978 3806 3199 3862 regnum
3225 3790 3338 3856 Dei,
3370 3788 3505 3842 civi-

1929 3899 2011 3945 tas
2045 3897 2250 3955 sancta,
2292 3889 2479 3943 civitas
2514 3887 2641 3953 Dei;
2686 3896 2740 3942 et
2765 3886 2935 3955 posita
2986 3887 3037 3939 in
3081 3885 3258 3954 specie
3278 3883 3503 3953 quadam

1928 3982 2131 4038 umbrae
2157 3979 2503 4051 signiﬁcantis
2523 3979 2718 4034 futura.
2747 3977 3023 4048 lntelligite
3050 3979 3229 4049 itaque
3254 3993 3510 4049 magnum

1928 4072 2264 4144 mysterium,
2289 4080 2344 4127 et
2365 4080 2539 4126 tenete
2562 4070 2701 4139 quod
2724 4068 3042 4140 pratlocutus
3062 4084 3199 4134 sum,
3222 4067 3341 4122 Non
3362 4087 3410 4141 pl
3425 4070 3505 4133 ius

1927 4164 2063 4234 quod
2087 4162 2368 4234 Spirituale,
2414 4162 2504 4217 sed
2543 4161 2677 4232 quod
2722 4159 2969 4226 animale,
3001 4172 3172 4233 postea
3199 4162 3459 4232 spirituale
3481 4178 3502 4219 ε

1928 4254 2049 4309 ideo
2075 4269 2202 4323 ergo
2230 4254 2359 4310 Cain
2386 4253 2534 4324 prior
2558 4252 2837 4307 aedificavit
2874 4254 3165 4317 civitatem,
3190 4263 3244 4308 et
3270 4253 3340 4307 ibi
3369 4254 3507 4307 :L‘di-

1928 4348 2106 4404 licavit
2126 4349 2215 4403 ubi
2246 4347 2387 4403 nulla
2415 4355 2531 4402 erat
2562 4346 2769 4403 civitas.
2796 4346 2868 4402 Ut
2896 4362 3025 4401 vero
3049 4347 3402 4404 aediﬁcaretur
3416 4346 3506 4400 Je—

1928 4439 2184 4502 rusalem,
2208 4454 2313 4493 non
2333 4438 2406 4493 ibi
2426 4437 2683 4493 aediﬁcata
2706 4448 2787 4493 est
2810 4438 2897 4493 tibi
2921 4453 3027 4493 non
3049 4447 3164 4503 erat
3183 4438 3386 4502 civitas,
3408 4436 3507 4491 sed

1926 4541 2041 4586 erat
2066 4531 2253 4586 civitas
2278 4531 2451 4601 primo
2480 4545 2597 4600 quae
2625 4530 2989 4600 appellabatur
3027 4530 3212 4596 Jebus,
3248 4529 3387 4583 unde
3414 4528 3503 4583 Je-

1926 4622 2114 4678 buszci.
2147 4621 2224 4676 Ea
2249 4632 2422 4691 capta,
2449 4621 2676 4687 devicta,
2705 4620 2964 4691 subjecta,
2981 4622 3239 4675 aedificata
3262 4629 3343 4675 est
3364 4635 3503 4676 nova

1927 4716 2113 4771 civitas
2143 4723 2390 4786 tanquam
2429 4714 2696 4772 destructa
2743 4724 2953 4779 vetere;
2985 4722 3040 4769 et
3062 4713 3320 4782 appellata
3347 4712 3503 4767 Jeru-

1927 4806 2119 4874 salem,
2146 4807 2294 4862 Visio
2324 4812 2489 4878 pacis,
2517 4808 2703 4863 civitas
2734 4808 2827 4862 Dei
2853 4806 2987 4881 (Jos.
3012 4823 3158 4873 xvm,
3183 4807 3297 4877 ‘28).
3329 4807 3502 4864 Unus-

1928 4900 2151 4972 quisque
2198 4911 2531 4972 ergolnatus
2578 4916 2644 4956 ex
2693 4899 2884 4967 Adam,
2915 4886 3147 4955 nondum
3177 4901 3404 4970 pertinet
3432 4903 3500 4958 ad
3540 4944 3543 4949 ν

1926 4992 2218 5048 Jerusalem
2254 5001 2470 5062 :portat
2512 4993 2884 5047 enim-secum
2939 4993 3205 5048 traducem
3253 4985 3502 5064 iniquita—

1928 5084 2018 5150 tis,
2050 5098 2368 5155 poenamque
2396 5084 2621 5154 peccati,
2661 5083 2942 5152 deputatus
2970 5086 3157 5151 morti;
3191 5093 3245 5140 et
3272 5088 3503 5155 pertinet

1927 5174 2319 5245 quodammodo
2348 5175 2415 5230 ad
2442 5185 2673 5229 veterem
2700 5170 2980 5245 quamdam
3001 5177 3288 5233 civitatem.
3320 5177 3425 5233 Sed
3454 5179 3498 5232 si

1927 5266 2137 5321 futurus
2167 5275 2249 5321 est
2291 5266 2345 5322 in
2377 5267 2569 5337 p0pulo
2597 5268 2713 5335 Dei,
2760 5268 3063 5325 destruetur
3088 5280 3259 5334 vetus,
3291 5280 3347 5325 et
3374 5270 3501 5324 redi-

1927 5358 2173 5414 ﬁcabitur
2201 5375 2389 5416 novus.
2440 5360 2564 5417 Ideo
2604 5376 2731 5433 ergo
2757 5362 2886 5417 Cain
2913 5363 3180 5419 civitatem
3222 5363 3500 5419 aediﬁcavit

1929 5452 2017 5507 ubi
2048 5466 2153 5507 non
2184 5462 2298 5508 erat
2324 5454 2530 5508 civitas.
2562 5458 2606 5508 A
2634 5456 2957 5511 mortalitate
2983 5457 3124 5511 enim
3155 5464 3209 5512 et
3235 5470 3265 5511 ι
3295 5456 3495 5509 malitia

1925 5546 2149 5616 quisque
2174 5547 2374 5617 incipit,
2426 5558 2483 5604 ut
2525 5547 2616 5604 ﬁat
2640 5550 2808 5605 bonus
2846 5561 3049 5623 postea.
3083 5550 3226 5604 Sicut
3251 5548 3381 5602 enim
3412 5565 3501 5618 per

1924 5636 2308 5693 inobedientiam
2335 5640 2482 5712 unius
2510 5642 2746 5708 hominis,
2777 5626 3059 5710 peccatores
3087 5641 3336 5695 constituti
3383 5650 3503 5694 sunt

1925 5729 2100 5796 multi;
2130 5732 2204 5786 ita
2231 5748 2318 5801 per
2358 5732 2686 5786 obedientiam
2716 5735 2864 5786 unius
2896 5734 3126 5797 hominis,
3160 5732 3291 5803 justi
3317 5734 3505 5784 correti-

1925 5835 2122 5878 tucntur
2148 5817 2290 5879 multi
2309 5824 2482 5898 (Rom.
2510 5842 2562 5897 v,
2593 5827 2697 5898 l9).
2725 5825 2791 5879 Et
2813 5842 2979 5880 omnes
3002 5827 3051 5881 in
3076 5825 3239 5880 Adam
3260 5817 3501 5880 morimur
