4022 6200
486 321 593 388 ⁷35

486 445 528 514 (l
569 441 686 500 Cor.
726 455 820 507 xv,
845 437 976 510 22);
1007 445 1062 492 et
1100 434 1458 506 unusquisque
1501 441 1740 487 nostrum
1782 433 1848 487 ab
1890 432 2060 488 Adam

487 545 640 589 natus
681 541 780 587 est.
812 531 1067 586 Transeat
1091 527 1156 582 ad
1182 527 1472 581 Jerusalem
1498 541 1513 590 ;
1539 524 1839 578 destruetur
1864 535 2018 578 vetus
2041 567 2060 590 ,

488 603 544 682 ct
565 623 911 679 ardiﬁcabitur
939 636 1126 676 novus.
1157 619 1430 688 Tanquam
1451 617 1670 671 devictis
1695 615 1973 680 Jebusaais,
2005 624 2062 670 ut

486 716 776 770 :cdiﬁcetur
800 712 1114 777 Jerusalem,
1141 710 1329 764 dicitur
1360 726 1372 760 :
1406 707 1588 762 Exuite
1614 721 1698 759 vos
1725 715 1937 759 veterem
1964 708 2058 758 Ιιο-

485 811 688 872 minem,
729 815 774 860 et
802 805 993 859 induite
1029 820 1211 858 novum
1237 801 1452 874 (Coloss.
1493 816 1569 863 ιιι,
1605 799 1659 865 9,
1695 799 1808 868 10).
1839 797 2061 868 Jamque

483 897 756 952 a-diﬁcatis
785 897 836 950 in
880 895 1196 960 Jerusalem,
1227 904 1279 948 et
1321 894 1505 963 gratia:
1550 892 1668 946 luce
1697 889 2018 960 fulgentibus
2041 931 2058 956 ,

484 990 676 1045 dicitur
700 1005 720 1044 :
750 989 942 1044 Fuistis
969 987 1242 1058 aliquando
1277 985 1489 1040 tenebrae
1510 1001 1530 1049 ;
1555 1001 1686 1038 nunc
1707 994 1871 1036 autem
1899 984 1990 1037 tua:
2009 984 2061 1036 in

487 1079 704 1134 Domino
729 1079 941 1151 (Ep/tes.
965 1095 1018 1145 v,
1041 1078 1118 1149 8).
1147 1077 1278 1132 Mala
1295 1091 1422 1146 ergo
1438 1075 1621 1130 civitas
1641 1073 1709 1128 ab
1725 1073 1874 1128 initio
1895 1088 2061 1143 usque

486 1171 538 1226 iu
568 1172 726 1228 ﬁnem
765 1171 967 1240 currit;
995 1178 1050 1226 et
1076 1170 1214 1225 bona
1257 1169 1441 1224 civitas
1477 1167 1772 1222 mutatione
1799 1167 2058 1222 malorum

390 1337 399 1345 .
487 1265 748 1321 conditur.

557 1357 610 1414 8.
641 1357 708 1411 Et
735 1363 858 1411 sunt
887 1355 1000 1409 ista:
1025 1353 1143 1409 dua:
1171 1353 1408 1408 civitates
1433 1352 1706 1421 permixta:
1732 1351 1942 1407 interim
1967 1369 1982 1418 ;
2006 1352 2059 1407 in

489 1448 596 1502 ﬁne
637 1447 944 1518 separandae
976 1463 991 1502 :
1021 1445 1275 1500 adversus
1307 1459 1365 1499 se
1407 1443 1634 1498 invicem
1671 1442 2058 1515 conﬁigentes;

489 1554 592 1592 una
622 1553 717 1608 pro
744 1538 1032 1608 iniquitate,
1063 1537 1228 1590 altera
1271 1550 1366 1605 pro
1383 1535 1585 1604 justitia
1613 1551 1628 1601 ;
1656 1551 1759 1589 una
1788 1550 1886 1605 pro
1913 1536 2064 1590 vani-

491 1639 618 1695 tate,
641 1631 806 1684 altera
831 1644 926 1699 pro
946 1629 1187 1684 veritate.
1219 1627 1284 1681 Et
1307 1626 1589 1696 aliquando
1618 1627 1729 1696 ipsa
1756 1627 2064 1683 commixtio

492 1721 797 1791 temporalis
840 1703 987 1784 lacit,
1027 1728 1084 1772 ut
1107 1717 1316 1788 quidam
1350 1717 1676 1786 pertinentes
1703 1716 1769 1771 ad
1797 1717 2065 1773 civitatem

491 1811 853 1883 Babyloniam,
883 1810 1253 1864 administrent
1279 1822 1364 1861 res
1392 1808 1720 1877 pertinentes
1745 1807 1811 1861 ad
1849 1807 2066 1863 Jerusa-

489 1901 633 1967 lem;
665 1910 719 1956 et
760 1916 966 1956 rursum
1009 1898 1222 1970 quidam
1267 1898 1591 1967 pertinentes
1628 1897 1694 1951 ad
1731 1896 2062 1966 Jerusalem,

491 1995 861 2050 administrent
889 2009 975 2048 res
1006 1993 1330 2063 pertinentes
1355 1990 1422 2045 ad
1450 1989 1814 2061 Babyloniam.
1844 1989 2066 2046 Difﬁcile

489 2088 685 2158 aliquid
710 2086 1014 2157 promisisse
1036 2084 1238 2140 videor.
1270 2083 1536 2138 Patientes
1557 2089 1748 2150 estote,
1772 2082 1944 2138 donec
1971 2083 2068 2139 de-

493 2194 818 2237 monstretur
843 2181 1120 2251 exemplis.
1152 2179 1342 2235 Omnia
1373 2179 1513 2234 enim
1543 2179 1596 2233 in
1623 2187 1804 2233 vetere
1829 2177 2022 2248 populo
2046 2217 2063 2243 ,

490 2276 627 2330 sicut
671 2273 853 2330 scribit
898 2271 1205 2342 Apostolus,
1251 2271 1304 2324 in
1343 2271 1509 2341 ﬁgura
1548 2269 1900 2340 contingebant
1945 2268 2016 2322 eis
2045 2285 2066 2323 :

490 2368 675 2433 scripta
694 2375 808 2420 sunt
827 2377 993 2418 autem
1017 2365 1085 2417 ad
1104 2364 1459 2418 correctionem
1479 2373 1704 2418 nostram
1723 2363 1776 2416 in
1802 2379 1926 2433 quos
1948 2362 2067 2430 linis

491 2459 791 2512 steculorum
812 2456 1019 2510 .obvenit
1048 2456 1089 2529 (1
1121 2455 1239 2510 Cor.
1271 2471 1326 2522 κ,
1359 2453 1470 2524 11).
1522 2453 1788 2524 Respicite
1813 2468 1939 2524 ergo
1967 2468 2065 2523 po-

493 2551 674 2621 pulum
701 2551 844 2604 illum
873 2551 1122 2619 primum,
1145 2548 1371 2619 positum
1393 2548 1552 2603 etiam
1576 2547 1642 2603 ad
1663 2547 2065 2618 signiﬁcandum

493 2641 742 2712 populum
783 2641 1163 2710 posteriorem;
1195 2647 1250 2694 et
1294 2637 1469 2693 videte
1497 2637 1568 2693 ibi
1596 2654 1715 2709 qua:
1742 2637 1883 2693 dico.
1932 2635 2067 2692 Fue-

491 2742 618 2790 runt
647 2746 798 2802 reges
837 2731 1012 2802 magni
1042 2729 1116 2803 (a)
1147 2730 1199 2784 in
1238 2729 1532 2785 Jerusalem
1566 2745 1582 2795 ;
1609 2738 1790 2784 notum
1809 2736 1927 2794 est;
1963 2743 2065 2783 nu-

491 2832 782 2887 merantur,
807 2823 1168 2876 nominantur.
1197 2819 1395 2876 Omnes
1414 2835 1541 2892 ergo
1564 2821 1726 2892 iniqui
1748 2822 1891 2876 cives
1913 2828 2068 2876 erant

492 2914 814 2985 Babyloniae,
845 2923 899 2969 et
921 2913 1359 2969 administrabant
1398 2929 1487 2969 res
1512 2912 1808 2969 Jerusalem
1837 2931 1850 2967 :
1880 2928 2066 2968 omnes

490 3005 546 3060 in
574 3006 728 3060 ﬁnem
757 3005 880 3061 inde
912 3004 1213 3074 separandi,
1241 3005 1452 3059 nonnisi
1479 3004 1544 3059 ad
1589 3005 1856 3060 diabolum
1904 3006 2066 3074 perti-

491 3107 640 3156 nent.
671 3099 873 3153 Rursus
915 3097 1214 3152 invenimus
1240 3097 1384 3152 cives
1411 3096 1479 3151 de
1516 3097 1808 3152 Jerusalem
1839 3097 2068 3152 admini-

491 3197 692 3243 strasse
714 3203 800 3242 res
823 3187 1077 3258 quasdam
1104 3187 1429 3256 pertinentes
1452 3187 1517 3241 ad
1544 3187 1909 3258 Babyloniam.
1933 3188 2062 3243 Nam

494 3288 606 3334 tres
649 3279 771 3333 illos
819 3292 1014 3348 pueros
1059 3277 1225 3330 victus
1283 3276 1538 3332 miraculo
1579 3275 2070 3333 Nabuchodonosor

489 3368 641 3440 regni
665 3368 748 3424 sui
767 3368 1224 3423 administratorcs
1246 3367 1386 3433 fecit,
1411 3367 1471 3422 ‘et
1488 3367 1761 3423 constituit
1789 3383 1882 3423 eos
1905 3385 2069 3438 super

490 3471 730 3531 satrapas
751 3475 909 3525 suos;
940 3469 994 3515 et
1017 3459 1456 3514 administrabant
1477 3473 1564 3514 res
1592 3460 1896 3531 Babylonia:
1923 3463 2067 3524 cives

491 3555 560 3610 de
585 3554 875 3610 Jerusalem
906 3553 1064 3622 (Dan.
1108 3569 1184 3615 Ill,
1217 3551 1330 3622 97).
1379 3551 1645 3622 Respicite
1692 3567 1831 3606 nunc
1860 3552 2067 3622 impleri

494 3645 597 3702 hoc
623 3655 677 3700 et
701 3647 783 3716 agi
816 3645 866 3699 in
905 3643 1171 3707 Ecclesia,
1203 3652 1256 3698 et
1287 3643 1368 3697 his
1399 3643 1745 3712 temporibus.
1777 3643 1975 3697 Omnes
2000 3643 2067 3697 de

491 3737 683 3806 quibus
709 3735 907 3790 dictum
934 3743 1035 3798 est,
1073 3733 1201 3800 Qua:
1224 3733 1397 3786 dicunt
1427 3733 1577 3803 facite
1601 3749 1620 3797 ;
1657 3748 1771 3804 qua:
1808 3743 1970 3787 autem
1995 3737 2068 3806 fa-

494 3829 631 3881 ciunt
680 3827 842 3896 facere
889 3826 1077 3891 nolite,
1121 3824 1264 3880 cives
1307 3834 1429 3878 sunt
1473 3825 1804 3897 Babyloniae,
1837 3824 2066 3880 admini-

493 3928 723 3971 strautes
773 3917 1148 3987 rempublicam
1192 3916 1421 3971 civitatis
1463 3915 1780 3973 Jerusalem.
1826 3916 1882 3973 Si
1925 3918 2068 3973 enim

494 4007 624 4062 nihil
653 4007 1081 4062 administrarent
1120 4007 1347 4060 civitatis
1387 4006 1706 4066 Jerusalem.
1737 4006 1906 4061 unde:
1945 4007 2072 4072 Qua:

494 4100 668 4152 dicunt
716 4101 906 4170 facite?
940 4101 1099 4163 unde,
1143 4116 1294 4171 super
1334 4099 1624 4152 cathedram
1667 4098 1834 4169 Moysi
1860 4100 2072 4154 sedent?

496 4189 702 4245 Rursus
732 4190 775 4244 si
806 4191 948 4244 cives
985 4199 1110 4247 sunt
1135 4190 1300 4259 ipsius
1336 4189 1630 4244 Jerusalem
1659 4189 1749 4259 qui
1774 4190 2070 4261 regnabunt

495 4283 548 4337 in
578 4289 832 4335 alternum
880 4295 998 4335 cum
1030 4281 1259 4345 Christo,
1303 4281 1462 4344 unde,
1513 4281 1638 4347 Quae
1672 4282 1867 4352 faciunt
1907 4287 2073 4354 facere

493 4373 649 4427 nolite
679 4371 886 4444 (Matth.
919 4388 1065 4438 xxm,
1092 4372 1146 4435 2,
1171 4373 1250 4442 5),
1279 4374 1378 4428 nisi
1405 4374 1524 4444 quia
1567 4382 1622 4429 et
1649 4374 1876 4429 audituri
1903 4386 2021 4430 sunt
2051 4418 2069 4444 ,

498 4463 735 4518 Jlecedite
773 4480 806 4516 a
833 4479 930 4524 me,
969 4480 1139 4517 omnes
1171 4464 1256 4533 qui
1276 4464 1553 4529 operamini
1587 4464 1892 4533 iniquitatem
1910 4465 2068 4536 (Luc.

492 4555 747 4628 κιιι,27)2
771 4553 964 4610 Notum
983 4565 1206 4625 estergo
1227 4555 1397 4622 vobis,
1417 4556 1558 4612 cives
1573 4558 1726 4612 mala:
1745 4558 2072 4615 civitatisad-

499 4647 802 4703 ministrare
845 4646 1100 4718 quosdam
1131 4656 1281 4700 actus
1327 4646 1478 4701 boote
1505 4647 1753 4704 civitatis.
1784 4649 2070 4707 Videamus

490 4738 538 4792 si
564 4745 620 4792 et
643 4753 782 4793 nunc
810 4739 953 4794 cives
992 4737 1145 4792 bonze
1170 4737 1397 4792 civitatis
1420 4735 1790 4793 administrent
1815 4740 2072 4810 quosdam

489 4836 640 4881 actus
661 4829 812 4884 mala:
833 4830 1080 4886 civitatis.
1109 4829 1340 4885 Terrena
1363 4829 1538 4884 omnis
1560 4830 1877 4899 respublica,
1901 4849 2071 4903 quan—

491 4918 667 4988 doque
709 4921 892 4991 utique
936 4923 1208 4993 peritura;
1257 4922 1408 4992 cujus
1457 4937 1678 4992 regnum
1717 4925 2069 4981 transiturum

489 5020 576 5066 est
599 5011 638 5076 ⁸,
667 5025 786 5066 cum
809 5016 986 5069 veniet
1009 5015 1133 5070 illud
1161 5031 1381 5087 regnum
1409 5015 1476 5071 de
1499 5029 1604 5087 quo
1625 5029 1859 5083 oramus,
1894 5016 2072 5074 Veniat

490 5117 700 5170 regnum
741 5112 880 5156 tuum
921 5103 1142 5175 (Matth.
1172 5121 1246 5173 vt,
1278 5106 1401 5178 l0),
1433 5115 1486 5161 et
1523 5105 1591 5161 de
1627 5122 1732 5178 quo
1761 5107 2068 5177 praedictum

490 5202 593 5259 est,
624 5191 691 5246 Et
732 5195 874 5262 regni
896 5195 1003 5273 ejus
1029 5212 1129 5250 non
1150 5199 1244 5253 erit,
1271 5199 1388 5266 ﬁnis
1425 5197 1573 5270 (Luc.
1601 5215 1640 5264 ι,
1685 5199 1776 5268 3‘5)
1814 5217 1827 5254 :
1860 5209 2069 5257 terrena

490 5300 623 5356 ergo
642 5285 936 5354 respublica
963 5286 1118 5342 habet
1137 5290 1280 5342 cives
1302 5301 1511 5345 nostros
1529 5283 1961 5348 administrantes
1982 5309 2070 5350 res

490 5380 630 5446 ejus.
663 5377 832 5444 Quam
873 5377 1020 5430 multi
1059 5377 1198 5431 enim
1232 5379 1449 5446 ﬁdeles,
1480 5397 1638 5449 quam
1685 5383 1836 5437 multi
1866 5384 1988 5439 boni
2017 5393 2071 5440 et

492 5469 832 5540 magistratus
859 5477 983 5522 sunt
1010 5468 1062 5521 in
1101 5466 1401 5522 civitatibus
1439 5472 1571 5534 suis,
1598 5481 1651 5525 et
1671 5473 1876 5539 judices
1903 5485 2071 5542 sunt,

489 5571 540 5615 et
571 5560 734 5617 duces
761 5569 903 5628 sunt,
931 5569 982 5614 et
1010 5559 1232 5614 comites
1259 5568 1401 5624 sunt,
1429 5569 1483 5614 et
1501 5576 1653 5632 rcges
1679 5564 1846 5617 sunt?
1872 5563 2068 5622 Omnes

557 5695 580 5815 ἱ
611 5692 741 5816 $213.,
755 5691 898 5805 fujus
917 5705 1112 5805 tie-gnum
1136 5691 1463 5744 transitorium
1479 5698 1548 5758 est
1563 5704 1580 5743 :
1594 5699 1718 5754 Mss,
1733 5694 2063 5748 transiturum.

583 5769 612 5801 ιι
700 5769 754 5805 οι·
778 5769 827 5816 c,
851 5767 928 5805 ma
949 5768 984 5805 ι.

583 5767 634 5816 ιι)
670 5767 827 5818 r‘ortc,
851 5767 984 5805 man.

1701 323 1760 374 S.
1802 320 2167 382 A‘UGUSTINI
2192 277 2510 386 'EPISCOPI

3630 325 3743 378 756

2161 437 2289 508 justi
2317 447 2372 495 et
2393 438 2538 503 boni,
2561 455 2666 497 non
2688 441 2942 499 habentes
2964 442 3015 498 in
3041 441 3204 497 corde
3231 441 3333 497 nisi
3356 439 3741 512 gloriosissima

2166 545 2284 598 qua:
2309 531 2376 586 de
2395 540 2446 586 te
2470 532 2609 589 dicta
2637 545 2780 600 sunt,
2799 535 2985 590 civitas
3005 535 3098 591 Dei
3123 535 3292 609 (Psal.
3319 551 3531 600 Lnxvr,
3562 536 3640 604 5).
3673 537 3758 588 Ιεὶιι

2165 623 2315 690 quasi
2341 624 2605 693 angariam
2635 624 2834 681 faciunt
2862 627 2914 682 in
2955 628 3169 682 civitate
3197 629 3500 686 transitura,
3529 637 3584 682 et
3627 627 3749 680 illic

2165 729 2194 767 a
2223 711 2526 772 doctoribus
2553 718 2781 775 civitatis
2817 729 3016 778 sanctae
3053 720 3307 791 jubentur
3335 735 3544 774 servare
3574 719 3745 773 ﬁdem

2164 809 2462 876 praepositis
2487 811 2614 877 suis,
2655 813 2758 866 sive
2783 815 2889 884 regi
2915 814 3060 883 quasi
3101 814 3422 882 prwcellenti,
3451 814 3551 867 sive
3593 814 3745 865 duci-

2165 897 2255 952 bus
2275 909 2508 970 tanquam
2529 903 2592 956 ab
2615 919 2672 958 co
2689 905 2850 960 missis
2870 905 2940 958 ad
2959 905 3228 959 uindictam
3249 904 3514 970 malorum,
3535 906 3748 960 laudem

2163 1006 2279 1046 vero
2301 993 2542 1050 bonorum
2564 1012 2582 1059 ;
2608 998 2721 1052 sive
2743 998 2901 1062 servi,
2932 1006 2988 1053 ut
3010 997 3240 1068 dominis
3273 999 3385 1053 suis
3413 997 3604 1052 subditi
3631 999 3752 1051 sint

2165 1083 2213 1154 (I
2246 1084 2387 1143 Petr.
2425 1104 2481 1150 ιι,
2529 1090 2615 1154 IS,
2647 1089 2758 1159 18),
2801 1099 2855 1146 et
2881 1090 3167 1146 Christiani
3191 1091 3453 1161 Paganis;
3485 1101 3537 1145 ct
3561 1102 3745 1146 servet

2167 1175 2322 1234 ﬁdem
2343 1179 2530 1234 melior
2553 1180 2824 1247 deteriori,
2851 1182 2916 1237 ad
2943 1191 3150 1254 tempus
3175 1185 3488 1250 serviturus,
3508 1185 3559 1238 in
3581 1193 3744 1238 atter—

2165 1285 2291 1324 num
2339 1270 2723 1331 dominatores.
2772 1274 2929 1330 Fiunt
2967 1277 3110 1331 enim
3149 1276 3250 1330 ista
3292 1276 3462 1330 donec
3503 1285 3745 1330 transeat

2167 1359 2414 1431 iniquitas
2444 1363 2613 1434 (Psal.
2647 1382 2749 1433 Lvt,
2773 1365 2851 1436 2).
2879 1366 3138 1423 Jubcntur
3163 1368 3304 1423 servi
3333 1368 3470 1423 ferre
3490 1367 3742 1423 dominos

2167 1451 2376 1522 iniquos
2400 1463 2449 1509 ct
2471 1455 2713 1514 difﬁciles
2737 1479 2752 1514 :
2771 1460 2912 1514 cives
2929 1459 3229 1531 Babylonia:
3246 1460 3499 1531 jubentur
3521 1462 3741 1517 tolerari

2167 1561 2199 1600 a
2226 1547 2429 1604 civibus
2468 1549 2784 1619 Jerusalem,
2815 1562 2868 1608 et
2897 1554 3122 1623 amplius
3165 1554 3538 1626 obsequiorum
3589 1557 3748 1610 exhi-

2167 1637 2446 1704 bentibus,
2477 1657 2633 1709 quam
2673 1642 2716 1696 si
2752 1643 2895 1699 cives
2938 1654 3116 1699 essent
3145 1661 3211 1700 ex
3255 1646 3366 1714 ipsa
3413 1647 3746 1718 Babylonia;

2172 1737 2418 1801 tanquam
2445 1735 2803 1803 implentibus,
2839 1737 2937 1804 Qui
2961 1748 3010 1793 te
3023 1740 3357 1810 angariaverit
3378 1739 3518 1794 mille
3537 1759 3747 1810 passus,

2169 1819 2295 1875 vade
2329 1839 2444 1876 cum
2467 1823 2556 1878 illo
2581 1826 2683 1879 alia
2711 1827 2810 1881 duo
2841 1827 3050 1899 (Matth.
3075 1846 3126 1896 v,
3157 1811 3268 1900 41):
3305 1830 3448 1885 llauc
3477 1840 3639 1886 totam
3666 1831 3752 1885 ci-

2169 1913 2384 1970 vitatem
2416 1915 2730 1986 dispersam,
2759 1919 3024 1986 dill'usam,
3071 1923 3405 1991 permixtam,
3451 1923 3750 1991 alloquitur

2170 2004 2255 2061 his
2299 2007 2474 2062 verbis
2529 2019 2595 2088 et,
2632 2010 2803 2066 dicit:
2839 2012 3109 2084 Quousque
3154 2015 3405 2084 apponitis
3447 2032 3598 2085 super
3645 2020 3748 2067 Iro—

2169 2097 2394 2153 minem?
2429 2098 2708 2170 Interﬁcite
2745 2120 2915 2158 omnes
2959 2120 2980 2158 :
3024 2114 3075 2159 et
3121 2106 3213 2175 qui
3266 2105 3394 2160 foris
3443 2107 3572 2160 estis
3628 2116 3751 2160 tan-

2170 2205 2328 2260 quam
2377 2193 2544 2261 spiuzn
2595 2193 2648 2248 in
2690 2194 2924 2264 sepibus,
2980 2205 3071 2252 aut
3119 2207 3368 2268 tanquam
3396 2198 3534 2268 ligna
3573 2199 3744 2252 infru-

2171 2291 2350 2337 ctuosa
2383 2283 2433 2337 in
2462 2284 2607 2339 silvis
2631 2303 2644 2349 ;
2672 2286 3033 2357 quique-intus
3057 2288 3186 2344 estis
3212 2297 3458 2360 tanquam
3502 2290 3700 2343 zizania
3730 2331 3752 2353 ,

2171 2371 2255 2426 vel
2293 2381 2541 2444 tanquam
2570 2375 2716 2445 palea
2741 2394 2756 2444 ;
2783 2393 2969 2433 omnes
2994 2388 3253 2449 quotquot
3290 2381 3440 2446 estis,
3469 2381 3702 2451 separati
3730 2425 3746 2444 ,

2171 2465 2444 2535 permixti,
2482 2467 2759 2535 tolerandi,
2784 2472 3086 2541 separandi,
3114 2472 3378 2540 interﬁcite
3402 2489 3570 2527 omnes
3593 2490 3612 2526 :
3633 2482 3750 2525 tan-

2169 2575 2318 2625 quam
2333 2560 2510 2630 parieti
2531 2560 2770 2616 inclinato
2792 2572 2838 2616 et
2863 2565 3092 2618 maceria?
3107 2564 3349 2632 depulste.
3390 2563 3753 2618 Verumtamen

2171 2648 2424 2724 honorem
2451 2667 2614 2706 meum
2641 2653 2977 2724 cogitaverunt
3015 2655 3274 2724 repellere.
3304 2653 3417 2709 Non
3457 2653 3708 2708 dixerunt
3734 2696 3752 2718 ,

2171 2737 2266 2794 sed
2289 2748 2462 2801 tamen
2489 2743 2870 2814 cogitaverunt.
2885 2744 3232 2815 Cogitauerum
3252 2745 3489 2815 repellere
3506 2745 3756 2799 honorem

2170 2846 2354 2888 meum.

2239 2927 2295 2986 9.
2335 2927 2545 2984 Cucurri
2564 2931 2616 2984 in
2633 2929 2736 2984 siti.
2758 2929 3137 2986 Retribuebant
3155 2932 3294 2987 enim
3317 2932 3451 2986 mala
3479 2947 3575 3002 pro
3594 2931 3757 2988 bonis

2175 3018 2344 3091 (Psal.
2383 3037 2560 3087 xxxuv,
2595 3020 2704 3092 ω).
2737 3021 2816 3076 Illi
2845 3021 3251 3091 iuterﬁciebant,
3281 3022 3353 3078 illi
3382 3024 3752 3092 repellebant;

2171 3126 2270 3181 ego
2295 3127 2389 3166 eos
2412 3111 2653 3167 sitiebam
2689 3130 2703 3167 :
2736 3112 2810 3166 illi
2859 3111 3116 3169 honorem
3162 3130 3339 3169 meum
3382 3115 3758 3183 cogitaverunt

2171 3203 2466 3285 repellere;
2495 3220 2592 3274 ego
2626 3219 2719 3259 eos
2744 3203 2796 3258 in
2822 3219 3016 3274 corpus
3043 3219 3219 3278 meum
3246 3205 3487 3261 sitiebam
3531 3208 3757 3275 trajice—

2171 3309 2250 3349 re.
2280 3294 2514 3350 Bibeudo
2547 3295 2689 3350 enim
2711 3294 2836 3366 quid
2875 3294 3115 3363 facimus,
3156 3295 3257 3350 nisi
3301 3295 3576 3352 humorem
3617 3298 3759 3353 foris

2173 3383 2399 3453 positum
2446 3385 2498 3440 in
2529 3385 2765 3441 membra
2809 3387 3086 3454 mittimus,
3114 3397 3166 3444 et
3203 3388 3254 3443 in
3283 3404 3476 3459 corpus
3503 3399 3758 3446 nostrum

2172 3474 2414 3530 ducimus
2430 3477 2456 3530 2
2485 3477 2597 3533 IIoc
2623 3479 2745 3534 fecit
2770 3479 2978 3550 Moyses
3003 3480 3054 3535 in
3080 3481 3171 3535 illo
3195 3482 3373 3552 capite
3388 3483 3553 3536 vituli.
3577 3483 3758 3548 Caput

2172 3567 2340 3631 vituli,
2374 3582 2620 3638 magnum
2649 3578 3063 3625 sacramentum.
3085 3571 3256 3641 Caput
3282 3573 3422 3628 enim
3447 3575 3592 3627 vituli
3624 3590 3753 3627 cor-

2173 3673 2273 3728 pus
2297 3667 2412 3713 erat
2436 3660 2741 3730 impiorum,
2765 3662 2815 3716 in
2835 3663 3178 3719 similitudine
3205 3665 3353 3718 vituli
3382 3665 3757 3719 manducantis

2173 3749 2351 3806 fenum
2382 3750 2549 3824 (Psal.
2579 3768 2664 3819 cv,
2694 3751 2808 3825 20),
2841 3767 3046 3810 terrena
3073 3758 3420 3825 quaerentium
3451 3777 3465 3808 :
3493 3758 3614 3826 quia
3636 3775 3756 3810 om-

2175 3843 2254 3897 nis
2282 3860 2400 3898 caro
2426 3847 2594 3916 fenum
2635 3844 2786 3916 (Isai.
2817 3863 2903 3911 xL,
2931 3845 3007 3918 6).
3039 3847 3163 3902 Erat
3189 3863 3337 3918 ergo,
3368 3857 3422 3902 ut
3445 3848 3571 3913 dixi,
3623 3863 3757 3902 cor-

2174 3952 2273 4004 pus
2300 3938 2602 4008 impiorum.
2633 3939 2803 3993 Iratus
2824 3939 3032 4011 Moyses
3058 3940 3109 3994 iu
3136 3943 3310 4010 ignem
3339 3941 3498 4004 misit,
3528 3942 3757 3996 commi-

2176 4029 2309 4097 nuit,
2342 4031 2394 4084 in
2425 4045 2558 4102 aqua
2597 4032 2810 4102 sparsit,
2837 4031 3121 4088 bibendum
3159 4032 3352 4102 pepulo
3375 4031 3523 4087 dedit
3550 4030 3754 4104 (Exod.

2177 4137 2340 4188 xxxn,
2371 4121 2463 4194 20)
2491 4131 2583 4189 ;et
2622 4123 2698 4178 ira
2734 4124 3013 4193 Pmphetm
3053 4123 3442 4179 administratio
3489 4124 3625 4180 facta
3668 4135 3761 4183 est

2177 4213 2488 4284 prophetia.
2515 4216 2884 4296 Corpuscnim
2914 4216 3038 4270 illud
3067 4217 3117 4270 in
3149 4217 3322 4286 ignem
3345 4217 3570 4271 mittitur
3589 4217 3761 4272 tribu-

2178 4306 2454 4371 lationum,
2487 4316 2542 4362 et
2565 4307 2728 4362 verbo
2760 4309 2850 4364 Dei
2887 4309 3282 4364 comminuitur.
3321 4311 3582 4365 Paulatim
3609 4314 3757 4368 enirn

2174 4398 2437 4453 desistunt
2470 4399 2538 4453 ab
2574 4400 2773 4456 unitate
2801 4402 3038 4472 corporis
3063 4402 3197 4471 ejus.
3228 4403 3376 4458 Sicut
3413 4405 3558 4459 enim
3589 4415 3760 4460 vesti-

2177 4501 2433 4557 mentum,
2474 4494 2544 4546 ita
2577 4508 2671 4562 per
2715 4501 2924 4562 tempus
2947 4493 3258 4548 absumitur.
3283 4495 3349 4548 Et
3391 4497 3760 4566 unusquisque

2175 4585 2265 4653 qui
2289 4582 2347 4636 ﬁt
2371 4582 2708 4647 christianos,
2729 4592 3004 4653 separatur
3028 4585 3095 4638 ab
3125 4585 3216 4640 illo
3237 4586 3451 4656 populo,
3469 4597 3526 4642 et
3549 4589 3698 4658 quasi
3726 4606 3760 4644 a

2176 4690 2350 4747 massa
2379 4675 2770 4730 comminuitur.
2796 4676 3091 4746 Conspirati
3121 4677 3375 4741 oderunt;
3401 4683 3755 4736 comminuti‘

2175 4765 2418 4821 credunt.
2438 4767 2503 4820 Et
2527 4766 2650 4836 quid
2673 4765 2782 4837 jam
2803 4766 3119 4833 evidentius,
3141 4784 3299 4838 quam
3321 4770 3460 4840 quod
3485 4771 3539 4825 in
3561 4788 3758 4842 corpus

2177 4857 2306 4916 illud
2352 4858 2576 4913 civitatis
2603 4857 2916 4925 Jerusalem,
2962 4858 3114 4929 cujus
3157 4861 3332 4930 imago
3371 4870 3489 4916 erat
3529 4865 3758 4932 populus

2177 4949 2372 5016 Israel,
2402 4965 2495 5020 per
2557 4950 2882 5020 Baptismum
2924 4951 3225 5020 trajiciendi
3265 4949 3434 5006 eraut'
3464 4953 3755 5009 homines?

2177 5040 2302 5097 Ideo
2348 5041 2403 5097 in
2438 5056 2574 5113 aqua
2623 5055 2862 5110 sparsum
2904 5050 3022 5110 est,
3053 5052 3107 5096 ut
3157 5043 3208 5096 in
3256 5046 3481 5112 potum'
3515 5045 3752 5101 daretur.

2177 5134 2290 5190 Hoc
2314 5150 2482 5204 usque
2507 5135 2557 5190 in
2583 5134 2741 5190 ﬁnem
2779 5136 2889 5190 sitit
2931 5137 3063 5200 iste;
3108 5138 3294 5203 currit,
3320 5147 3374 5192 et
3398 5139 3530 5192 sitit.
3563 5140 3758 5195 Multos

2177 5229 2318 5284 enim
2345 5228 2508 5295 bibit;
2537 5229 2628 5284 sed
2659 5245 2922 5298 nunquam
2945 5231 3048 5284 erit
3071 5233 3184 5285 sine
3205 5231 3309 5285 siti.
3343 5231 3467 5286 Inde
3488 5237 3756 5297 esteuim,

2178 5323 2329 5388 Sitio,
2360 5322 2556 5385 mulier,
2585 5322 2650 5374 da
2673 5322 2796 5375 mihi
2818 5323 2978 5377 bibere
3003 5322 3178 5393 (Joon.
3204 5340 3277 5391 IV,
3311 5325 3387 5394 7).
3421 5324 3754 5380 Samaritana

2178 5412 2264 5467 illa
2285 5411 2349 5466 ad
2382 5422 2592 5481 puteum
2624 5413 2885 5467 sitientem
2916 5413 3195 5470 Dominum
3223 5417 3407 5481 sensit,
3435 5425 3490 5471 et
3509 5432 3540 5470 a
3567 5419 3756 5470 siticn~

2178 5515 2232 5563 te
2275 5508 2460 5561 satiata
2490 5515 2570 5560 cst
2601 5524 2613 5558 :
2646 5506 2812 5560 sensit
2840 5506 2982 5575 prior
3013 5507 3099 5561 illa
3131 5509 3418 5576 sitientem,
3453 5519 3509 5563 ut
3545 5509 3760 5564 biberet

2241 5636 2256 5666 ί
2293 5633 2512 5695 Plerique
2531 5639 2654 5688 διεδ..
2679 5633 2943 5682 minutatim
2968 5635 3186 5683 credunt.

2172 5765 2192 5810 ι
2238 5699 2258 5727 ³
2292 5697 2454 5746 Plures
2478 5702 2603 5756 Mss,
2629 5702 2677 5745 ut
2697 5701 2858 5758 potant
2879 5696 3096 5747 daretur.
3119 5697 3312 5756 quidam
3339 5709 3348 5745 :
3379 5703 3429 5746 ut
3453 5697 3589 5760 potui
3611 5698 3763 5750 dars-

2195 5771 2268 5808 ur.

2195 5771 2268 5808 ur.
