4022 6200
241 329 338 383 737

240 440 324 493 ille
341 439 670 494 credentem.
698 441 764 495 Et
787 441 835 495 in
866 457 1023 496 cruce
1051 442 1274 512 positus,
1295 441 1446 503 Sitio,
1478 439 1800 504 dixit(Joan.

238 546 343 595 nx,
368 529 462 600 9.8)
485 547 498 593 ;
534 533 777 598 quamvis
803 532 874 585 illi
905 549 1007 586 nou
1033 533 1131 586 hoc
1156 532 1396 586 dederint
1411 529 1552 601 quod
1572 529 1802 585 sitiebat.

236 621 380 688 lpsns
401 622 542 674 enim
572 621 660 676 ille
689 623 934 677 sitiebat:
963 633 1016 677 at
1040 622 1114 677 illi
1141 632 1344 676 acetum
1373 621 1664 684 dederunt;
1696 635 1803 673 non

232 725 315 762 vnn
327 727 407 762 um
429 726 619 765 novum
637 727 739 780 quo
756 713 1037 781 implentur
1053 722 1196 767 utres
1213 712 1337 766 novi
1356 710 1568 780 (Matth.
1589 727 1662 775 ιι,
1689 705 1798 779 17),

230 800 323 854 scd
352 800 531 856 viuum
560 812 730 864 vetus,
759 798 1017 859 sed'male
1045 810 1215 858 vetus.
1238 801 1440 858 Dicitur
1459 801 1598 856 enim
1621 810 1671 855 et
1691 815 1805 855 acea

229 902 339 944 tum
389 901 543 946 vetus
563 893 603 958 ⁸,
647 904 855 949 veteres
881 893 1121 950 homines
1147 893 1213 949 de
1245 894 1434 964 quibus
1459 892 1657 947 dictum
1697 899 1798 958 est,

232 980 352 1036 Non
379 986 510 1037 enim
532 991 603 1036 est
629 983 732 1037 illis
757 986 1077 1038 commutatio
1108 984 1274 1056 (Psal.
1306 1000 1415 1047 Ltv,
1441 983 1556 1053 20),
1575 991 1801 1036 utever-

228 1071 301 1124 sis
329 1071 588 1127 Jebusazis
610 1072 961 1128 aediﬁcaretur
981 1073 1277 1129 Jerusalem
1303 1073 1368 1144 (11
1399 1073 1526 1142 Reg.
1554 1088 1606 1134 v,
1649 1068 1726 1142 6).

299 1164 387 1217 10.
429 1162 518 1218 Sic
543 1171 595 1218 et
623 1177 816 1233 corpus
843 1165 1030 1234 capitis
1059 1165 1212 1234 hujus
1239 1180 1405 1235 usque
1449 1165 1500 1228 in
1531 1163 1688 1218 ﬁnem
1732 1160 1802 1215 ab

228 1253 378 1306 initio
400 1253 566 1307 currit
599 1253 648 1306 in
675 1254 783 1307 siti.
818 1255 881 1308 Et
909 1255 1057 1325 quasi
1084 1256 1132 1310 ei
1161 1255 1443 1319 diceretur,
1473 1255 1606 1322 Quid
1637 1255 1688 1308 in
1722 1249 1801 1317 si:

227 1345 304 1396 ti?
332 1344 454 1414 quid
487 1345 578 1398 tibi
598 1343 768 1409 deest,
801 1359 833 1398 ο
858 1360 1051 1415 corpus
1077 1346 1292 1412 Christi,
1323 1363 1357 1402 o
1386 1347 1619 1402 Ecclesia
1649 1346 1801 1400 Chri-

225 1437 332 1490 sti?
373 1437 424 1490 in
469 1445 614 1492 tanto
652 1437 873 1497 honore.
903 1438 954 1493 in
1001 1446 1142 1494 tanta
1173 1441 1522 1502 sublimitate,
1560 1440 1613 1494 in
1656 1447 1797 1494 tanta

225 1527 541 1584 celsitudine
575 1529 735 1598 etiam
777 1537 834 1584 et
872 1530 924 1583 in
969 1529 1071 1585 hoc
1111 1530 1306 1585 saeculo
1335 1532 1637 1596 constituta,
1674 1529 1797 1600 quid

227 1620 321 1672 tibi
352 1620 540 1675 deest?
571 1619 830 1691 lmpletur
861 1621 930 1677 de
957 1631 1007 1676 te
1035 1622 1174 1693 quod
1196 1623 1502 1693 praedictum
1533 1632 1634 1689 est,
1661 1622 1799 1675 Ado-

232 1710 416 1763 rabunt
441 1727 551 1764 enm
577 1727 748 1766 omnes
784 1729 924 1784 rcges
951 1723 1096 1768 terra:
1113 1729 1134 1778 ;
1181 1730 1349 1768 omnes
1392 1723 1559 1784 gentes
1587 1713 1799 1767 servient

224 1802 302 1854 illi
331 1800 500 1869 (ἔδεαι.
528 1819 677 1868 LXXI,
702 1805 814 1873 11).
836 1805 971 1872 Quid
997 1820 1124 1875 ergo
1149 1806 1301 1860 sitis?
1328 1806 1451 1876 quid
1471 1805 1620 1860 sitis?
1643 1795 1798 1859 tantis

225 1895 432 1965 populis
453 1883 555 1950 nou
582 1897 830 1952 satiaris?
849 1897 992 1964 Quos
1019 1897 1240 1968 populos
1267 1897 1438 1952 dicis?
1472 1896 1572 1951 Ore
1600 1913 1693 1950 suo
1716 1898 1798 1950 be-

225 1988 533 2052 nedicebant,
588 1999 633 2043 et
669 1989 820 2044 corde
869 2005 959 2043 suo
1010 1989 1390 2044 maledicebant.
1433 1987 1584 2043 Multi
1613 1987 1794 2054 vocati,

227 2080 377 2146 pauci
405 2090 571 2133 autem
612 2073 1009 2149 electi'Ulfattlt.
1062 2097 1195 2148 χχιι,
1229 2080 1336 2150 14).
1379 2081 1563 2136 Mulier
1599 2081 1796 2135 ﬂuxum

223 2170 495 2240 sanguinis
527 2171 752 2240 patiens,
776 2173 939 2226 vestis
965 2171 1080 2239 ejus
1104 2171 1362 2226 ﬁmbriam
1389 2172 1578 2242 tetigit,
1624 2181 1678 2226 et
1709 2187 1796 2225 sa-

223 2273 342 2316 nata
364 2272 450 2317 est
474 2281 488 2316 :
516 2273 711 2317 etcum
745 2263 1029 2318 miraretur
1045 2263 1298 2319 Dominus
1316 2271 1636 2334 tangentem,
1659 2262 1796 2332 quod

223 2356 286 2411 de
315 2371 374 2411 se
401 2364 642 2412 senserat
666 2357 841 2412 exisse
867 2357 1138 2420 virtutem,
1175 2357 1379 2412 scilicet
1412 2355 1477 2410 ad
1510 2356 1797 2411 sanandam

223 2448 522 2513 mulierem,
555 2446 710 2513 dixit,
738 2447 863 2515 Quis
890 2465 968 2501 me
990 2447 1190 2519 tetigit?
1213 2447 1282 2502 Et
1307 2447 1549 2501 admirati
1572 2447 1801 2516 discipu-

223 2539 253 2592 li
285 2559 297 2592 :
333 2539 517 2593 Turba:
541 2548 589 2592 te
614 2540 970 2610 comprimunt,
997 2548 1042 2592 et
1086 2537 1232 2605 dicis,
1267 2538 1390 2606 Quis
1412 2555 1489 2592 me
1515 2538 1710 2609 tetigit?
1736 2539 1802 2593 Et

223 2634 309 2687 ille
342 2650 355 2685 :
386 2631 572 2702 Tetigit
619 2649 699 2685 me
726 2632 905 2702 aliquis
954 2631 1140 2700 (Marc.
1171 2647 1222 2692 v,
1267 2630 1484 2700 ﬂii-3|).
1531 2631 1800 2700 Tanquam

224 2724 424 2780 diceret
452 2741 466 2778 :
499 2723 610 2779 Una
638 2723 838 2793 tetigit;
871 2722 1036 2776 turba:
1060 2729 1324 2792 premunt.
1353 2721 1451 2789 Qui
1500 2721 1804 2775 solemnita-

224 2815 364 2868 tibus
407 2814 698 2870 Jerusalem
750 2813 972 2883 itnplent
1021 2812 1328 2878 Ecclesias,
1378 2810 1802 2867 solemnitatibus

225 2906 530 2976 Babyloniae
559 2906 780 2976 implent
802 2906 1005 2959 theatra
1029 2921 1042 2956 :
1069 2914 1118 2957 et
1143 2912 1319 2958 tamen
1347 2903 1610 2968 serviunt,
1631 2902 1801 2956 hono-

225 3008 364 3062 rant,
388 3000 765 3070 obsequuntur,
801 3013 904 3052 non
932 2997 1105 3052 solum
1141 2995 1238 3066 ipsi
1264 2995 1354 3066 qui
1382 3003 1595 3064 portant
1618 3010 1799 3049 sacra-

224 3102 404 3146 menta
450 3091 665 3157 Christi,
696 3100 750 3146 et
791 3089 1018 3145 oderunt
1067 3096 1327 3159 prmcepta
1362 3086 1582 3152 Christi,
1619 3102 1802 3141 verum

224 3188 390 3239 etiam
425 3186 498 3239 illi
530 3185 618 3255 qui
664 3200 762 3239 nec
805 3191 1134 3238 sacramenta
1179 3182 1290 3251 ipsa
1330 3189 1560 3251 portant,
1609 3180 1804 3251 Pagani

225 3277 356 3332 licet.
397 3277 523 3340 sint,
565 3276 731 3331 Judaei
761 3276 883 3330 licet
905 3275 1046 3339 sint;
1081 3273 1366 3337 honorant,
1398 3271 1632 3335 laudant,
1664 3287 1804 3342 pra:-

225 3369 428 3433 dicant,
462 3367 554 3423 sed
579 3383 664 3422 ore
701 3383 794 3421 suo
833 3365 1202 3421 benedicebant.
1233 3363 1347 3419 Non
1377 3363 1596 3418 attendo
1621 3363 1685 3417 ad
1711 3378 1801 3429 os;

226 3453 375 3513 novit
400 3459 488 3513 ille
518 3458 606 3527 qui
632 3473 716 3512 me
748 3457 1016 3520 instruxit,
1047 3455 1197 3510 corde
1220 3472 1312 3510 suo
1335 3452 1805 3509 maledicebantJbi

225 3551 635 3615 maledicebant,
681 3549 767 3604 ubi
815 3549 1073 3604 honorem
1105 3563 1282 3603 meum
1324 3547 1689 3618 cogitaverunt
1715 3561 1805 3602 re~

224 3647 447 3716 pellere.

293 3741 388 3793 lt.
441 3737 591 3810 [vers.
641 3735 718 3809 6.]
745 3735 880 3804 Quid
927 3743 1005 3803 tu,
1037 3750 1070 3790 o
1107 3734 1548 3804 Idithun,corpns
1587 3733 1803 3799 Christi,

225 3828 536 3882 transiliens
578 3841 672 3881 eos
693 3827 715 3880 ?
739 3825 875 3893 Quid
908 3834 961 3879 tu
994 3826 1132 3880 inter
1168 3825 1280 3879 inec
1308 3823 1524 3878 omnia?
1553 3823 1680 3892 quid
1711 3824 1806 3877 tu?

223 3918 487 3974 deﬁcies?
529 3933 633 3971 non
681 3916 1048 3986 perseverabis
1074 3931 1239 3985 usque
1260 3916 1311 3968 in
1341 3915 1540 3968 ﬁnem?
1566 3929 1668 3967 non
1709 3929 1806 3967 au-

223 4013 367 4075 dies,
400 4009 500 4076 Qui
527 4008 907 4078 perseveraverit
932 4023 1089 4076 usque
1112 4007 1164 4060 in
1189 4007 1361 4073 ﬁnem,
1395 4005 1474 4058 hic
1498 4005 1665 4058 salvus
1693 4004 1804 4072 erit,

223 4102 473 4170 quamvis
501 4100 772 4171 quoniam’
799 4096 1019 4151 abundat
1041 4098 1296 4167 iniquitas,
1327 4096 1608 4167 refrigescet
1637 4095 1806 4148 chari-

191 4206 298 4248 ..tas
334 4193 607 4246 multorum
637 4173 848 4260 (Matth.
883 4190 1148 4256 XIIV,15,
1180 4187 1307 4259 te)?
1335 4187 1402 4241 Et
1429 4187 1514 4242 ubi
1544 4195 1625 4241 est
1666 4186 1807 4258 quod

227 4283 508 4341 transilisti
549 4283 677 4339 eos?
701 4283 789 4338 ubi
819 4291 900 4337 est
925 4282 1066 4353 quod
1095 4281 1426 4337 conversatio
1463 4288 1549 4334 tua
1581 4279 1632 4334 in
1662 4280 1810 4335 caelis

226 4388 312 4432 cst
362 4375 623 4446 (Philipp.
651 4390 726 4438 tu,
770 4373 905 4445 20)?
934 4375 1011 4427 llli
1038 4381 1214 4428 autem
1261 4371 1522 4426 inhaerent
1552 4371 1808 4437 terrenis;

228 4482 487 4538 tauquam
538 4468 817 4538 terrigena:
872 4467 1084 4538 sapiunt
1129 4475 1352 4532 terram,
1405 4474 1458 4519 et
1483 4472 1607 4520 sunt
1651 4473 1810 4527 terra,

226 4563 503 4632 serpentis
557 4561 727 4616 cibus.
757 4559 894 4629 Quid
953 4571 1008 4614 tu
1071 4560 1208 4614 inter
1247 4558 1398 4614 haec?
1434 4557 1814 4613 Verumtamen

228 4655 479 4726 quamvis
507 4653 618 4708 haec
649 4653 861 4716 faciant,
891 4653 1130 4723 quamvis
1151 4651 1266 4706 haec
1295 4651 1543 4721 cogitent,
1573 4649 1814 4719 quamvis

230 4749 533 4820 impellant,
563 4748 806 4818 quamvis
835 4747 988 4818 quasi
1031 4745 1281 4799 inclinato
1318 4743 1535 4809 instent,
1575 4742 1816 4812 quamvis

233 4843 343 4912 jam
381 4851 618 4896 erectum
662 4839 914 4906 sentiant,
956 4848 1009 4893 et
1050 4838 1304 4891 honorem
1342 4852 1516 4890 meum
1562 4833 1816 4904 rcpellei'e

231 4936 503 5003 cogitent;
535 4932 774 5002 quamvis
817 4946 909 4984 ore
947 4944 1044 4984 suo
1072 4927 1389 4982 benedicant
1427 4937 1478 4980 ct
1520 4925 1681 4980 corde
1719 4941 1818 4980 suo

232 5027 594 5090 maledicunt;
624 5024 864 5096 quamvis
905 5021 1217 5078 insidientur
1259 5020 1346 5075 ubi
1378 5029 1614 5089 possunt,
1666 5021 1815 5074 calu-

235 5122 512 5186 tnnientur
532 5119 619 5172 ubi
637 5124 857 5188 possunt
879 5113 1258 5170 :Verumtamen
1277 5112 1383 5166 Deo
1400 5113 1689 5182 subjicietur
1707 5113 1820 5164 ani-

231 5230 322 5265 ma
348 5227 478 5264 mea.
510 5212 573 5264 Et
611 5209 729 5277 quis
769 5215 912 5261 tanta
938 5206 1147 5271 toleret,
1189 5203 1272 5257 vel
1308 5211 1486 5271 aperta
1520 5203 1674 5267 bella,
1734 5203 1816 5257 vel

233 5304 480 5357 occultas
525 5299 779 5354 insidias?
825 5298 943 5368 quis
999 5306 1139 5350 tanta
1189 5294 1382 5349 toleret
1423 5294 1560 5347 inter
1607 5305 1820 5362 apertos

237 5393 442 5456 hostes,
463 5393 601 5445 inter
615 5388 776 5443 falsos
793 5387 980 5442 fratres
995 5386 1148 5455 ?quis
1161 5394 1300 5440 tanta
1318 5383 1541 5438 toleret?
1559 5382 1818 5452 Numquid

237 5484 446 5538 homo?
471 5482 584 5538 etsi
616 5480 796 5548 homo,
825 5477 1078 5548 numquid
1121 5491 1148 5529 a
1175 5478 1350 5546 seipso
1381 5477 1536 5529 homo
1557 5477 1580 5525 ’ἐ
1608 5474 1716 5528 Non
1743 5475 1819 5529 sic

307 5659 322 5686 ¹
359 5658 430 5705 sic
451 5663 558 5705 Mss.
587 5663 638 5705 Αι
665 5653 796 5713 Edd.,
821 5660 867 5703 et
904 5635 1080 5700 malum
1105 5656 1250 5701 vetus.
1290 5650 1474 5702 Dicitur
1513 5649 1640 5703 enim
1677 5656 1720 5702 et
1754 5649 1819 5701 t'i-

279 5733 358 5766 ἐπι
381 5733 450 5766 vet
456 5733 525 5766 ηε.

236 5731 358 5768 Imm
381 5727 525 5768 vetus.
1244 5773 1252 5779 .

311 5782 329 5810 ³
362 5791 432 5830 sic
452 5789 554 5829 MSS.
580 5786 634 5828 Al.
661 5777 794 5838 Edd.,
817 5775 1039 5841 quoniam
1063 5787 1290 5837 quantus.

1344 328 1736 384 ENARRATZO
1776 328 1838 382 IN
1878 327 2192 383 PSALMUM
2232 328 2366 383 LXI.

3340 339 3483 395 ‘738

1923 440 2177 495 transilivi
2204 448 2260 496 ut
2287 440 2511 495 extollar
2534 452 2589 497 et
2620 444 2803 499 cadam
2829 462 2842 498 :
2870 446 2978 500 Deo
3004 449 3290 518 subjicietnr
3312 453 3483 506 anima

1913 549 2023 585 mea
2051 548 2072 586 :
2095 533 2329 602 quoniam
2354 533 2416 587 ab
2435 534 2546 597 ipso
2569 546 2642 589 est
2667 539 2902 605 patientia
2930 557 3060 594 mea.
3078 541 3204 608 Qua:
3235 546 3480 612 patientia

1911 622 2047 679 inter
2073 633 2213 679 tanta
2239 626 2506 692 scandala,
2537 628 2636 682 nisi
2657 631 2774 698 quia
2807 630 2850 684 si
2877 630 2926 685 id
2953 632 3092 701 quod
3117 648 3219 687 nou
3245 635 3480 691 videmus

1910 729 2205 784 speramus,
2257 733 2352 787 per
2395 720 2700 788 patientiam
2735 734 3105 791 exspectamus
3139 725 3316 795 (Rom.
3365 744 3478 791 vui,

1907 803 2044 874 Ωδμ
2075 806 2228 861 Venit
2272 808 2430 862 dolor
2470 825 2656 870 meus;
2689 812 2864 866 veniet
2888 824 2939 866 et
2971 815 3177 883 requies
3205 832 3319 871 mea
3349 835 3364 872 :
3391 834 3480 872 vc-

1908 895 1987 948 nit
2015 895 2282 951 tribulatio
2312 913 2462 964 mea;
2489 901 2664 954 veniet
2683 910 2736 955 et
2755 904 2994 973 purgatio
3023 921 3163 961 mea.
3192 906 3480 978 Numquid-«

1907 999 2029 1039 nam
2083 987 2221 1040 lueet
2272 1002 2458 1041 aurum
2504 989 2556 1042 in
2607 987 2825 1047 fornace
2876 995 3155 1049 auriﬁcis?
3196 996 3248 1050 lu
3299 999 3478 1055 monili

1906 1074 2119 1144 lucebit,
2152 1077 2204 1131 in
2226 1088 2543 1135 ornamento
2575 1081 2769 1137 lucebit
2797 1101 2812 1138 :
2845 1086 3071 1153 patiatur
3097 1097 3269 1143 tamen
3301 1089 3478 1143 forna-

1906 1179 2042 1229 cem,
2061 1175 2116 1219 ut
2137 1176 2458 1237 purgatuma
2478 1170 2723 1226 sordibus
2752 1175 2930 1228 veniat
2953 1175 3017 1228 ad
3048 1177 3236 1232 lucem.
3267 1179 3480 1238 Fornax

1906 1255 2003 1310 ista
2030 1275 2046 1322 ;
2076 1257 2148 1312 ibi
2176 1259 2349 1328 palea,
2381 1261 2450 1314 ibi
2479 1276 2691 1329 aurum,
2717 1263 2788 1318 ibi
2820 1264 2974 1334 ignis,
3005 1269 3071 1320 ad
3099 1267 3232 1324 hanc
3261 1272 3350 1325 ﬁat
3382 1290 3479 1325 au-

1904 1345 2035 1400 rifex
2068 1363 2082 1400 :
2115 1347 2166 1401 in
2198 1347 2410 1404 fornace
2424 1349 2575 1406 ardet
2602 1353 2772 1422 palea,
2801 1364 3125 1425 etpurgazur
3139 1375 3363 1426 aurum;
3395 1363 3480 1417 illa

1905 1434 1957 1488 in
1981 1437 2213 1493 cinerem
2245 1441 2489 1506 vertitur,
2516 1457 2546 1496 a
2576 1443 2822 1500 sordibus
2848 1447 2978 1501 illud
3009 1449 3482 1508 exuitur.Fornat

1905 1527 2154 1592 mundus,
2186 1531 2332 1600 palea
2380 1532 2563 1602 iniqui,
2608 1549 2795 1589 aurum
2831 1536 2978 1605 justi,
3010 1538 3145 1608 ignis
3193 1540 3479 1611 tribulatio,

1903 1615 2102 1672 aurifex
2122 1619 2262 1674 Deus
2285 1637 2298 1671 :
2321 1622 2458 1691 quod
2479 1623 2588 1677 vult
2603 1639 2730 1695 ergo
2750 1627 2972 1695 aurifex,
2989 1627 3122 1684 facio
3146 1647 3160 1695 ;
3183 1631 3266 1684 tibi
3287 1649 3369 1686 me
3389 1651 3482 1703 po-

1905 1707 2392 1771 nitartifex,tolero
2416 1713 2636 1781 :jubeor
2669 1731 2768 1786 ego
2787 1717 3032 1784 tolerare,
3065 1723 3211 1777 novit
3236 1724 3322 1778 ille
3353 1741 3481 1794 pur-

1902 1813 2046 1868 gare.
2077 1800 2272 1856 Ardeat
2300 1802 2422 1858 licet
2443 1804 2588 1873 palea
2609 1807 2674 1861 ad
2700 1808 3088 1866 incendendum
3120 1828 3224 1878 me,
3253 1824 3308 1869 et
3329 1817 3479 1885 quasi

1903 1891 2317 1946 Consuntendum
2340 1909 2456 1949 me:
2486 1895 2570 1950 illa
2595 1897 2646 1951 in
2683 1898 2916 1954 cinerem
2943 1901 3184 1967 vertitur,
3215 1919 3314 1975 ego
3359 1921 3480 1960 sor-

1903 1979 2056 2037 dibus
2082 1998 2256 2038 careo.
2281 1985 2501 2053 Quare?
2529 1987 2658 2055 Quia
2688 1988 2796 2044 Deo
2825 1994 3114 2063 subjiciatur
3132 1997 3301 2051 anima
3335 2016 3477 2067 mea;

1903 2077 2138 2143 quoniam
2163 2077 2224 2130 ab
2253 2080 2362 2148 ipso
2379 2089 2451 2134 est
2475 2083 2714 2150 patientia
2740 2102 2869 2139 mea.

1976 2171 2062 2226 i2.
2104 2170 2253 2244 [vers.
2281 2172 2358 2247 7.]
2384 2173 2513 2242 Quis
2536 2185 2618 2231 est
2648 2176 2739 2231 tibi
2775 2178 2895 2244 iste,
2927 2195 2954 2232 a
2982 2196 3087 2251 quo
3114 2192 3196 2239 est
3236 2188 3483 2254 patientia

1907 2263 2032 2317 tua?
2073 2263 2321 2330 Quoniam
2359 2266 2466 2335 ipse
2502 2276 2573 2321 est
2607 2267 2759 2324 'Deus
2806 2287 2943 2326 meus
2971 2283 3015 2326 et
3057 2276 3292 2332 salutaris
3321 2296 3481 2347 uicus,

1903 2365 2160 2422 susceptor
2181 2373 2341 2425 meus,
2371 2375 2470 2412 non
2511 2360 2787 2430 emigrabo.
2819 2362 3069 2429 Quoniam
3099 2367 3206 2438 ipse
3246 2380 3319 2424 est
3349 2369 3486 2426 Deus

1905 2463 2079 2512 meus;
2107 2463 2234 2518 ergo
2259 2459 2411 2504 vocat
2439 2466 2525 2506 me
2550 2469 2565 2505 :
2587 2462 2634 2506 et
2659 2453 2898 2509 salutaris
2925 2473 3100 2536 meus;
3141 2475 3269 2531 ergo
3289 2463 3487 2530 juslili-

1905 2549 1990 2594 cat
2015 2556 2099 2594 me
2129 2560 2142 2594 :
2167 2551 2214 2595 et
2260 2553 2522 2614 susceptor
2560 2561 2730 2608 meus;
2769 2561 2896 2617 ergo
2937 2549 3194 2618 gloriﬁcat
3234 2569 3337 2608 me.
3390 2555 3487 2611 llic

1907 2629 2047 2684 enim
2073 2646 2236 2686 vocor
2262 2643 2315 2687 et
2339 2633 2619 2702 justiﬁcor,
2659 2636 2727 2690 ibi
2755 2647 2930 2692 autem
2955 2639 3256 2709 gloriﬁcor;
3280 2652 3335 2697 et
3364 2647 3486 2702 inde

1907 2720 1996 2775 ubi
2023 2722 2306 2791 gloriﬁcor,
2344 2741 2445 2777 non
2489 2727 2763 2796 emigrabo.
2789 2727 2972 2799 Neque
3002 2731 3142 2786 enim
3171 2733 3222 2787 in
3254 2738 3488 2807 peregri-

1908 2813 2122 2868 natione
2147 2829 2263 2869 mea
2283 2816 2570 2871 remanebo
2601 2835 2613 2870 :
2641 2828 2723 2872 est
2761 2818 2846 2874 hic
2873 2820 3013 2875 unde
3048 2823 3302 2894 emigrem
3327 2844 3340 2885 :
3395 2828 3487 2882 sed

1908 2904 2116 2959 veniam
2137 2905 2278 2961 unde
2302 2922 2407 2961 non
2437 2909 2728 2979 emigrabo.
2760 2911 2892 2966 Nam
2919 2912 3203 2984 inquilinus
3239 2933 3337 2987 ego
3371 2935 3488 2974 sunt

1908 2995 2044 3064 apud
2065 3005 2112 3050 te
2131 2995 2181 3050 iu
2207 3004 2364 3059 terra,
2390 2999 2529 3054 sicut
2548 3015 2734 3056 omnes
2754 3011 2932 3070 patres
2953 3006 3054 3058 mei
3078 3003 3243 3075 (Psal.
3268 3017 3489 3074 xxivm,

1911 3083 2022 3159 15).
2050 3086 2190 3157 Ergo
2217 3087 2286 3142 ab
2316 3089 2627 3158 inquilinatu
2669 3091 2936 3162 migrabo;
2978 3093 3045 3151 de
3092 3095 3252 3152 domo
3285 3099 3489 3156 coelesu

1910 3191 2014 3232 non
2042 3179 2329 3248 emigrabo.

1982 3274 2069 3328 13.
2104 3271 2253 3345 [υενε.
2284 3271 2363 3347 8.]
2395 3271 2458 3326 In
2487 3273 2596 3329 Deo
2623 3276 2845 3330 salutare
2876 3295 3062 3344 meum,
3091 3281 3329 3351 et'gloria
3358 3301 3490 3340 utea.

1912 3365 2102 3422 Salvus
2131 3381 2225 3420 ero
2264 3367 2314 3420 in
2350 3367 2494 3433 Deo;
2527 3368 2785 3437 gloriosus
2807 3385 2899 3424 cro
2930 3371 2984 3424 in
3027 3369 3170 3426 Deo:
3201 3389 3306 3428 non
3348 3375 3490 3431 enim

1911 3468 2114 3512 tantum
2141 3457 2338 3525 salvus,
2367 3458 2457 3512 sed
2482 3469 2537 3514 et
2557 3459 2816 3529 gloriosus
2841 3461 3066 3527 ;salvus,
3090 3463 3207 3532 quia
3231 3464 3406 3533 justus
3425 3482 3491 3521 ex

1906 3550 2094 3621 .impio,
2125 3550 2192 3603 ab
2217 3549 2307 3603 illo
2330 3551 2650 3620 justiticatus
2677 3552 2850 3621 (Rom.
2883 3568 2954 3618 tv,
2986 3554 3078 3623 5);
3107 3555 3366 3624 gloriosus
3395 3573 3492 3610 au-

1914 3651 2040 3704 tem,
2073 3644 2192 3710 quia
2220 3657 2324 3695 non
2355 3642 2526 3695 solum
2553 3642 2888 3711 justiﬁcatus,
2918 3643 3012 3698 sed
3044 3645 3202 3698 etiam
3236 3646 3492 3703 honorili~

1917 3743 2088 3786 catus.
2124 3732 2334 3786 Etenim
2363 3749 2486 3802 quos
2512 3735 2903 3803 praedestinavit,
2932 3735 3048 3790 illos
3074 3746 3120 3790 et
3145 3740 3348 3792 vocavit.
3386 3722 3492 3796 \‘vo-

1913 3840 2040 3879 cans
2069 3838 2159 3878 eos
2180 3824 2303 3894 quid
2335 3824 2460 3880 fecit
2489 3824 2609 3880 hic?
2642 3825 2778 3892 Quos
2794 3827 3000 3892 vocavit,
3017 3828 3154 3898 ipsos
3174 3839 3220 3882 et
3236 3831 3492 3900 justi/ica-

1913 3915 2014 3979 vit;
2034 3931 2156 3980 quos
2180 3924 2342 3968 autent
2359 3916 2675 3986 justi/ienuit,
2698 3917 2833 3987 ipsos
2853 3926 2898 3972 et
2922 3918 3219 3989 glori/ienuit
3244 3921 3350 3994 (Id.
3380 3939 3490 3992 vut,

1912 4008 2028 4077 50).
2063 4005 2376 4061 Justiﬁcatio
2397 4023 2523 4078 ergo
2551 4007 2615 4062 ad
2644 4010 2865 4063 salutem
2892 4010 3140 4080 pertinet,
3180 4012 3493 4081 gloriﬁcatio

1914 4100 1980 4155 ad
2010 4100 2290 4158 honorem.
2319 4101 2450 4168 Quia
2494 4101 2810 4172 gloriﬁcatio
2856 4103 2924 4156 ad
2950 4101 3206 4159 honorem
3241 4109 3491 4175 pertinet,

1915 4192 2186 4262 disputare
2233 4207 2337 4246 non
2369 4207 2501 4262 opus
2527 4201 2628 4248 est.
2669 4191 2799 4259 Quia
2823 4191 3126 4262 justiﬁeatio
3156 4198 3383 4265 pertinet
3426 4201 3493 4255 ad

1917 4283 2164 4349 salutem,
2183 4297 2483 4353 quzeramus
2495 4282 2707 4353 aliquod
2730 4281 3131 4338 documentum.
3157 4285 3293 4341 Ecce
3306 4302 3496 4343 occur-

1917 4374 1988 4428 rit
2011 4390 2075 4428 ex
2108 4373 2435 4443 Evangelia:
2469 4382 2621 4427 erant
2663 4373 2753 4443 qui
2778 4373 2878 4428 sibi
2918 4374 3232 4430 videbantur
3269 4377 3415 4446 justi,
3444 4389 3497 4436 et

1919 4465 2380 4536 reprehendebant
2408 4465 2704 4529 Dominum,
2729 4464 2865 4534 quod
2887 4464 3198 4520 admittebat
3224 4465 3292 4521 ad
3314 4470 3496 4524 convi-

1920 4559 2061 4611 vium
2088 4566 2412 4627 pcccatores,
2463 4565 2516 4612 et
2563 4571 2684 4611 cum
2726 4556 3017 4627 publicanis
3058 4559 3112 4613 ct
3137 4561 3501 4628 peccatoribus

1922 4650 2341 4706 convescebatur
2373 4666 2388 4704 :
2425 4649 2612 4704 talibus
2643 4651 2820 4720 itaque
2864 4650 3314 4719 superbientibus,
3347 4653 3499 4708 forti-
3558 4683 3565 4689 -

1925 4743 2022 4798 bus
2073 4753 2228 4796 terrae
2279 4742 2430 4796 valde
2482 4723 2726 4808 elevatis,
2771 4742 2992 4796 multum
3023 4741 3088 4797 de
3139 4756 3232 4796 sua
3275 4745 3501 4804 sanitate

1925 4835 2291 4907 gloriantibus,
2335 4852 2491 4906 quam
2538 4836 2812 4906 putabant,
2864 4850 2968 4890 non
3021 4851 3176 4906 quam
3228 4839 3498 4909 tenebant,

1924 4931 2047 5003 quid
2071 4931 2343 5002 respondit
2364 4929 2662 4986 Dominus?
2685 4928 2806 4983 Non
2833 4938 2906 4982 est
2934 4945 3066 4998 opus
3091 4930 3226 4984 sanis
3256 4934 3496 5002 medicus,

1925 5026 2011 5080 sed
2041 5026 2170 5078 ntale
2195 5023 2502 5077 habentibus.
2531 5021 2674 5088 Quos
2702 5020 2828 5076 dicit
2854 5021 3200 5090 sanos?quos
3224 5023 3350 5080 dicit
3367 5031 3500 5083 male

1926 5115 2219 5172 habentes?
2258 5116 2528 5184 Sequitur,
2578 5123 2632 5167 et
2671 5112 2834 5168 dicit:
2863 5109 2984 5166 Non
3012 5113 3122 5166 veni
3145 5130 3321 5168 vocare
3337 5121 3502 5184 justas

1925 5209 2013 5264 sed
2042 5218 2323 5278 peccatores
2351 5207 2401 5258 in
2431 5205 2765 5274 paenitentiam
2796 5203 3002 5274 (Matth.
3035 5220 3112 5267 ix,
3147 5206 3232 5270 1‘2,
3261 5208 3367 5276 15).
3393 5213 3505 5276 Ap-

1926 5299 2144 5369 pellavit
2188 5311 2314 5367 ergo
2353 5311 2510 5350 sanos
2550 5295 2754 5363 justus;
2789 5310 2892 5348 non
2937 5295 3056 5364 quia
3109 5295 3359 5350 l’ltarisa‘i
3404 5297 3503 5350 huc

1927 5399 2096 5453 erant,
2120 5388 2211 5445 sed
2241 5389 2362 5458 quia
2389 5387 2486 5440 hoc
2511 5403 2567 5441 se
2593 5401 2710 5440 esse
2733 5385 3160 5448 arbitrabantur;
3193 5397 3243 5440 et
3272 5387 3388 5440 ideo
3416 5403 3503 5438 su-

1929 5481 2255 5552 perbiebaut,
2291 5487 2344 5534 et
2372 5478 2632 5532 medicum
2662 5477 3038 5546 a‘grotantibus
3077 5477 3398 5540 invidebant,
3451 5487 3501 5531 et

1929 5577 2048 5646 plus
2073 5581 2391 5642 aegrotantes
2432 5569 2695 5624 medicum
2732 5567 3062 5623 occidebant.
3091 5566 3384 5648 Appellavit
3421 5577 3500 5620 ta-

1929 5682 2051 5736 men
2096 5679 2254 5720 sanos
2292 5663 2486 5732 justos,
2537 5668 2858 5730 a-grotautcs
2897 5665 3219 5729 peccatores.
3265 5653 3335 5711 Ut
3375 5672 3500 5727 ergo

1929 5760 2266 5834 justiﬁcarer,
2285 5757 2357 5813 ait
2386 5756 2486 5812 iste
2505 5753 2824 5825 transiliens,
2844 5751 2909 5809 ab
2930 5752 3040 5822 ipso
3069 5748 3198 5805 mihi
3223 5756 3337 5818 est;
3369 5763 3422 5809 ct
3450 5762 3503 5811 ut
