4008 6200
585 330 687 385 739

586 446 868 515 glorificer,
901 445 966 500 ab
989 443 1106 515 ipso
1134 445 1262 501 mibi
1291 454 1374 500 est
1407 461 1419 497 :
1451 443 1515 498 In
1546 443 1647 498 Deo
1673 445 1890 500 salutare
1922 461 2087 499 meum
2111 453 2158 498 et

585 538 746 606 gloria
773 549 900 588 mea.
933 534 1169 590 Salutare
1190 549 1376 600 meum,
1405 543 1462 588 ut
1486 535 1662 590 salvus
1689 535 1818 595 sim;
1844 534 2005 604 gloria
2024 550 2156 600 mea,

585 633 642 680 ιιι
671 627 956 679 honoratus
985 626 1104 680 sim.
1137 624 1249 680 Hoc
1276 634 1402 680 tunc
1431 643 1443 678 :
1475 623 1633 679 modo
1661 623 1824 694 quid?
1848 623 1984 679 Deus
2008 625 2159 678 auxi-

559 754 562 756 η
591 716 649 769 lii
673 716 788 782 mei,
813 723 858 768 et
884 731 997 785 spes
1019 731 1128 769 mea
1155 716 1208 769 in
1248 713 1355 769 Deo
1385 733 1404 769 :
1429 714 1598 770 donec
1617 715 1920 784 perveniam
1947 713 2013 769 ad
2042 729 2161 784 per-

590 807 1218 876 lectaanustiilcaIionem
1245 816 1301 864 et
1333 809 1576 864 salutem.
1606 809 1710 878 Spe
1739 809 1870 861 enim
1895 808 2020 862 salvi
2039 807 2161 878 facti

583 914 754 951 sumus
785 914 940 966 :spes
981 909 1149 952 autem
1189 913 1303 970 qua:
1345 899 1560 965 videtur,
1607 915 1707 952 non
1740 907 1810 952 est
1848 914 1960 969 spes
1982 899 2156 972 (Rom.

583 1003 697 1050 vnI,
719 988 838 1058 24).
871 989 1052 1043 Donec
1078 990 1284 1043 veniam
1309 989 1373 1042 ad
1405 989 1546 1042 illam
1570 987 2022 1058 gloriﬁcationem,
2071 988 2159 1044 ubi

532 1109 536 1118 -
584 1077 708 1146 justi
737 1077 1009 1148 fulgebunt
1037 1080 1086 1132 in
1111 1095 1280 1155 regno
1293 1079 1460 1134 Patris
1476 1079 1553 1134 sui
1574 1087 1818 1149 tanquam
1847 1073 1924 1134 sol
1947 1077 2156 1150 (Matth.

586 1185 704 1235 XIII,
749 1172 861 1241 45).
907 1171 1118 1226 Interim
1161 1185 1302 1226 nunc
1330 1173 1468 1226 inter
1495 1171 1827 1236 tentationes,
1877 1169 2012 1226 inter
2063 1169 2161 1225 ini-

589 1264 834 1332 quitates,
863 1262 998 1317 inter
1024 1263 1290 1328 scandala,
1339 1264 1478 1318 inter
1511 1273 1718 1334 apertas
1747 1263 2160 1334 oppugnationes

587 1364 642 1404 (ιι
668 1353 916 1406 subdolas
945 1353 1257 1417 locutiones,
1287 1353 1425 1406 inter
1451 1365 1543 1407 eos
1569 1351 1657 1422 qui
1681 1367 1773 1407 ore
1799 1367 1894 1406 suo
1941 1352 2158 1407 benedi—

586 1453 730 1509 cunt,
763 1454 816 1498 et
840 1444 1001 1499 corde
1029 1459 1126 1499 suo
1153 1444 1490 1509 maledicunt,
1521 1444 1658 1498 inter
1677 1458 1769 1500 eos
1797 1443 1883 1513 qui
1904 1444 2156 1498 honorem

589 1551 765 1591 meum
803 1538 1035 1608 cogitant
1060 1537 1336 1607 repellere,
1364 1537 1486 1606 quid
1513 1536 1636 1591 hic?
1662 1536 1796 1591 Deus
1821 1537 1998 1591 auxilii
2016 1538 2111 1590 mei
2140 1554 2159 1593 :

587 1631 681 1685 dat
707 1633 847 1686 enim
885 1633 1134 1686 auxilium
1162 1631 1502 1687 certantibus.
1529 1631 1720 1686 Contra
1749 1646 1882 1700 quos
1909 1634 2159 1686 certanti-

591 1721 728 1775 bus?
757 1721 876 1776 Non
904 1731 976 1777 est
1005 1723 1144 1776 nobis
1167 1722 1451 1776 colluctatio
1472 1721 1702 1776 adversus
1731 1738 1929 1774 carnem
1967 1730 2013 1775 et
2038 1737 2160 1775 san-

588 1814 829 1881 guinem;
858 1813 946 1868 sed
973 1813 1211 1868 adversus
1237 1813 1627 1882 principatus,et
1654 1819 1912 1882 potestates
1945 1812 2158 1882 (Ephes.

588 1921 663 1970 vI,
716 1905 830 1974 12).
877 1905 1014 1959 Deus
1056 1919 1182 1974 ergo
1218 1903 1398 1957 auxilii
1441 1903 1554 1968 mei,
1591 1911 1634 1961 el
1681 1919 1793 1975 spes
1819 1923 1925 1960 mea
1952 1909 2004 1960 in
2029 1906 2158 1961 Deo.

588 1997 744 2067 Spes,
785 1993 1035 2068 quamdiu
1077 1993 1307 2052 nondum
1335 2009 1417 2052 est
1457 1997 1594 2066 quod
1625 1997 1936 2067 promimum
1965 2005 2063 2062 est,
2109 2005 2164 2051 et

585 2089 824 2144 creditur
852 2089 991 2159 quod
1019 2089 1254 2143 nondum
1275 2088 1478 2143 videtur
1503 2105 1516 2155 ;
1568 2103 1687 2142 cum
1715 2080 1891 2142 autém
1934 2087 2160 2157 venerit,

587 2180 694 2234 erit
717 2180 940 2234 salvatio
967 2188 1022 2235 et
1047 2179 1358 2249 gloriﬁcatio
1391 2195 1403 2232 :
1433 2193 1539 2233 non
1570 2187 1767 2243 tamen,
1798 2179 1923 2233 dum
1950 2178 2035 2234 illa
2064 2177 2164 2233 dit-

589 2272 854 2334 teruntur,
899 2267 1231 2336 deserimur;
1273 2267 1414 2323 Deus
1457 2268 1599 2324 enim
1628 2269 1809 2322 auxilii
1842 2268 1959 2335 mei,
1981 2278 2028 2323 et
2051 2284 2164 2340 spes

585 2373 697 2414 mea
715 2362 767 2414 in
795 2360 920 2416 Deo.

659 2452 744 2504 M.
789 2449 943 2523 [I-ers.
965 2449 1044 2520 9.]
1086 2448 1298 2521 Sperate
1324 2449 1376 2502 in
1412 2463 1527 2503 eum
1546 2489 1561 2514 ,
1589 2461 1736 2502 omne
1759 2447 2025 2502 concilium
2052 2445 2164 2518 ple-

588 2541 683 2595 bis.
716 2542 995 2595 lmitamini
1039 2539 1286 2604 ldithun;
1328 2539 1586 2594 transilite
1627 2539 1872 2593 inimicos
1910 2548 2162 2594 vestros:

582 2643 942 2702 repugnantes
963 2634 1136 2696 vobis,
1163 2632 1474 2688 resistentes
1497 2631 1670 2686 itineri
1698 2637 1895 2697 vestro,
1923 2629 2046 2685 odio
2067 2644 2166 2685 vos

583 2726 848 2780 habentes
893 2725 1174 2780 transilite.
1226 2723 1440 2793 Sperate
1465 2723 1518 2776 in
1546 2735 1680 2788 eum,
1711 2735 1856 2776 omne
1897 2710 2162 2776 concilium

589 2817 780 2886 plebis;
820 2816 1062 2885 effundite
1099 2831 1269 2871 coram
1305 2815 1398 2870 illo
1437 2814 1591 2870 corda
1629 2823 1811 2868 vestra.
1861 2811 2032 2868 Nolite
2069 2829 2158 2869 ce-

584 2907 714 2962 dere
753 2909 770 2940 ¹
822 2909 900 2963 eis
947 2909 1034 2978 qui
1058 2896 1265 2962 ‘dicunt
1307 2907 1499 2961 vobis:
1541 2903 1638 2961 Ubi
1670 2915 1752 2961 est
1781 2905 1921 2960 Deus
1949 2903 2164 2960 vester?

601 2995 761 3052 Factis
795 3008 929 3062 sunt,
973 2997 1162 3066 inquit,
1204 2997 1326 3050 mihi
1365 2997 1603 3066 lacryma:
1641 3011 1764 3048 mea:
1804 2995 1950 3071 panis
1987 2995 2082 3048 die
2100 3009 2160 3047 ac

582 3099 752 3150 nocte,
791 3087 911 3140 dum
945 3087 1132 3140 dicitur
1155 3087 1279 3140 mihi
1308 3081 1570 3156 quotidie:
1609 3082 1706 3140 Ubi
1729 3094 1804 3139 est
1836 3082 1975 3138 Deus
2006 3085 2161 3139 tuus?

586 3177 690 3230 Sed
718 3177 843 3246 quid
875 3177 942 3232 ibi
976 3176 1140 3230 dicit?
1167 3174 1293 3229 Hazc
1313 3175 1578 3228 meditatus
1601 3191 1732 3240 sum,
1755 3181 1802 3227 et
1823 3169 1980 3240 effudi
2007 3185 2161 3245 super

585 3285 663 3324 Ine
688 3271 909 3322 animam
934 3285 1092 3323 meam
1130 3265 1314 3338 (Psal.
1345 3282 1434 3321 xu
1453 3309 1468 3333 ,
1496 3266 1547 3331 4,
1581 3264 1674 3336 5).
1704 3265 2158 3322 Commemoratus

585 3375 700 3415 sum
727 3360 866 3431 quod
903 3361 1086 3425 audio,
1119 3357 1218 3415 Ubi
1241 3364 1314 3414 est
1344 3357 1482 3413 Deus
1510 3370 1624 3413 tuus
1641 3359 1666 3410 ?
1689 3367 2011 3414 memoratus
2039 3373 2155 3414 sum

581 3451 700 3507 haec
722 3493 737 3518 ,
787 3460 834 3505 et
877 3449 1035 3518 effudi
1075 3463 1226 3520 super
1272 3465 1350 3503 me
1390 3449 1611 3502 animam
1657 3463 1839 3502 meam.
1901 3447 2157 3516 Quaarens

583 3544 748 3598 Deum
779 3557 955 3598 meum
975 3586 990 3609 ,
1018 3541 1178 3599 eil‘udi
1207 3557 1366 3614 super
1393 3555 1477 3596 me
1502 3541 1731 3595 animam
1760 3555 1931 3596 meam
1955 3582 1969 3606 ,
2006 3549 2064 3595 ut
2087 3539 2154 3596 il-

583 3634 689 3694 lum
717 3633 1063 3702 attingerem;
1095 3647 1203 3686 non
1233 3631 1286 3686 in
1327 3645 1411 3685 me
1441 3629 1692 3685 remansi.
1731 3629 1873 3701 Ergo
1893 3670 1909 3698 ,
1941 3630 2156 3700 Sperate

582 3726 635 3778 in
675 3741 807 3786 eum,
853 3738 999 3777 omne
1037 3723 1307 3777 concilium
1348 3722 1522 3792 plebis.
1577 3719 1838 3788 Eﬁ'undite
1863 3736 2034 3775 coram
2065 3720 2153 3776 illo

579 3820 736 3874 corda
763 3829 966 3874 vestra:
994 3816 1346 3888 deprecando,
1379 3815 1703 3881 conﬁtendo,
1732 3813 2017 3884 sperando.
2044 3813 2154 3869 No-

577 3910 677 3964 lite
709 3908 868 3964 corda
900 3917 1078 3963 vestra
1104 3908 1334 3962 retinere
1363 3907 1496 3959 intra
1523 3904 1686 3960 corda
1710 3914 1887 3959 vestra
1917 3920 1931 3957 :
1961 3902 2167 3970 E/fum‘

582 4001 684 4055 dite
709 4015 880 4053 coram
904 3999 993 4053 illo
1019 3999 1176 4052 corda
1198 4007 1378 4052 vestra.
1399 3996 1513 4050 Non
1543 3996 1678 4066 perit
1702 3994 1842 4065 quod
1864 3993 2146 4073 ellunditis.

583 4093 677 4147 Ille
705 4092 846 4146 enim
885 4101 1140 4160 susceptor
1163 4105 1320 4144 meus.
1351 4089 1406 4146 Si
1437 4089 1690 4158 suscipit,
1722 4087 1847 4158 quid
1875 4088 2030 4142 times
2071 4087 2144 4143 el-

580 4180 840 4236 fnndere?
881 4179 1027 4236 laeta
1057 4179 1108 4234 in
1138 4180 1419 4234 Dominum
1447 4194 1628 4233 curam
1658 4185 1796 4231 tuam
1829 4175 2013 4248 (Psal.
2045 4193 2151 4244 LIV,

581 4273 705 4344 25),
736 4282 788 4328 et
817 4287 970 4343 spera
1001 4273 1052 4326 in
1081 4286 1222 4326 eum.
1257 4270 1516 4339 Eﬁundite
1555 4286 1727 4324 coram
1751 4269 1840 4324 illo
1868 4270 2021 4323 corda
2041 4285 2153 4324 ues-

579 4375 664 4420 tra
694 4382 713 4420 :
741 4364 881 4419 Deus
909 4365 1114 4435 adjutor
1131 4373 1322 4418 noster.
1351 4362 1487 4431 Quid
1516 4363 1710 4417 timetis
1738 4361 1874 4416 inter
1909 4377 2153 4418 susurro.

579 4473 696 4524 nos,
723 4457 1051 4534 detractores
1085 4456 1196 4511 Deo
1221 4453 1446 4510 odibiles
1468 4453 1486 4524 (
1507 4453 1656 4508 Rom.
1689 4470 1742 4521 I,
1773 4454 1863 4519 29,
1894 4453 2029 4523 30);
2063 4453 2153 4510 ubi

579 4559 803 4622 possunt
826 4550 1000 4621 palam
1029 4551 1412 4620 oppugnantes,
1445 4546 1532 4601 IIbi
1563 4562 1667 4601 non
1697 4557 1921 4618 possunt
1947 4547 2154 4602 occulte

579 4644 924 4708 insidiantes;
967 4641 1103 4697 falso
1131 4640 1438 4705 laudantes,
1467 4652 1592 4692 vere
1622 4637 1991 4692 inimicantes?
2019 4639 2156 4694 inter

579 4751 678 4792 eos
702 4737 826 4806 quid
857 4737 1094 4792 timetis?
1119 4733 1258 4790 Deus
1281 4735 1487 4805 adjutor
1513 4741 1710 4806 noster._
1730 4732 1810 4786 An
1840 4733 2156 4787 temulantur

585 4801 789 4879 Deum?
830 4825 1092 4896 Numquid
1135 4801 1382 4879 fortiores
1427 4822 1520 4876 illo
1565 4801 1728 4876 sunt)!
1770 4821 1906 4875 Deus
1954 4823 2157 4892 adjutor

583 4926 791 4980 noster;
816 4918 988 4971 securi
1011 4924 1203 4972 estote.
1233 4916 1288 4969 Si
1318 4916 1454 4968 Deus
1485 4927 1582 4982 pro
1609 4911 1798 4978 nobis,
1825 4913 1942 4982 quis
1970 4923 2156 4969 contra

582 5021 684 5062 nos
715 5005 832 5076 (Id.
859 5023 973 5074 vIII,
1000 5009 1062 5063 51
1084 5006 1142 5078 )?
1170 5006 1430 5074 Eﬂ'undite
1453 5021 1622 5059 coram
1649 5004 1739 5058 illo
1773 5004 1929 5058 corda
1957 5007 2164 5072 ucstra,

581 5098 942 5153 transilientes
970 5097 1036 5152 ad
1063 5113 1207 5164 eum,
1239 5099 1476 5154 levantes
1505 5097 1712 5151 animas
1741 5103 1943 5148 vestras
1973 5112 1987 5148 :
2019 5094 2158 5149 Deus

587 5190 792 5260 adjutor
816 5197 1004 5243 noster.

659 5281 747 5336 l5.
787 5277 937 5353 [vers.
982 5277 1093 5350 ιο]
1131 5279 1200 5334 Ει
1222 5278 1331 5348 jam
1359 5278 1636 5334 constituti
1665 5278 1718 5331 in
1763 5277 1882 5332 loco
1901 5277 2181 5346 munito“

589 5371 641 5426 in
671 5370 805 5426 turri
833 5369 1155 5424 fortitudinis
1181 5383 1210 5422 a
1240 5369 1374 5424 facie
1403 5369 1602 5422 inimici
1629 5409 1646 5435 ,
1691 5368 2020 5423 miseremini
2061 5383 2156 5425 eos

589 5476 722 5532 quos
738 5461 1004 5516 timebatis
1024 5473 1267 5515 :currcre
1287 5459 1431 5516 enim
1447 5459 1654 5515 debetis
1679 5459 1729 5513 in
1757 5458 1865 5513 siti.
1892 5460 2156 5532 Despieite

576 5568 719 5624 ωηο
747 5554 865 5609 illos
884 5553 992 5623 jam
1028 5553 1078 5606 in
1111 5552 1201 5607 illo
1233 5551 1352 5607 loco
1379 5553 1670 5610 constituti.
1709 5561 1756 5603 cI
1795 5553 1956 5608 dicite
1996 5569 2011 5606 :
2059 5552 2159 5609 γε.

590 5656 873 5702 tamtamen
900 5644 1016 5700 uani
1042 5643 1137 5715 ﬁlii
1162 5643 1441 5712 hominum,
1471 5644 1730 5701 mendaces
1755 5646 1850 5718 ﬁlii
1874 5646 2153 5702 hominum.

589 5769 594 5774 ’
659 5779 673 5809 ι
713 5779 844 5842 l_dd.,
866 5779 1082 5834 credere.
1111 5787 1162 5832 Αι
1184 5785 1314 5842 Itss.,
1347 5777 1533 5832 cedere.

1808 322 1863 377 3.
1906 319 2270 377 AL'GU'STINI
2309 322 2607 384 EPISCOPI

3692 363 3781 419 ’740

2272 435 2390 494 Filii
2428 439 2697 499 hominum
2717 487 2733 514 ,
2773 461 3046 521 usquequo
3079 467 3262 523 graves
3285 459 3476 518 corde?
3504 465 3614 522 Filii
3635 470 3788 530 homi-

2265 545 2390 585 num
2434 536 2572 600 vani,
2606 535 2698 591 lilii
2730 538 3000 596 hominum
3032 546 3344 611 mendaces;
3390 554 3480 607 lilii
3523 557 3786 631 hominum,

2265 622 2452 693 utquid
2493 624 2708 696 diligitis
2755 632 3060 698 vanitatem,
3111 645 3167 691 et
3211 641 3446 708 quaeritis
3493 622 3790 710 mendacium

2269 711 2538 812 (βαι-ιν,
2566 719 2645 788 3)?
2669 719 2797 776 Cum
2827 725 3168 784 miseratione
3192 730 3291 785 ista
3315 733 3492 802 dicite,
3537 751 3682 812 atque
3715 762 3792 802 sa-

2265 805 2393 875 pite.
2433 807 2487 862 Si
2515 811 2885 881 transilivistis,
2927 815 2971 870 si
3011 817 3230 889 diligitis
3270 822 3506 882 inimicos
3529 805 3732 895 vestros.
3755 839 3791 892 si

2265 895 2543 998 destruere
2571 903 2761 972 cupitis
2787 915 2843 959 ut
2874 907 3171 978 aedificetis,
3203 912 3250 968 si
3274 929 3393 970 eum
3417 923 3596 977 amatis
3621 927 3699 994 qui
3719 929 3792 998 ju-

2431 989 2482 1044 iII
2522 993 2789 1086 gentibus,
2818 1006 2871 1052 et
2897 999 3067 1068 replet
3092 1003 3273 1060 ruinas
3298 1005 3468 1078 (Psal.
3496 1026 3598 1081 eis,
3628 987 3676 1086 li)
3698 987 3790 1081 {ita

2263 1080 2473 1177 hisista
2505 1083 2662 1140 dicite
2687 1126 2702 1152 ,
2755 1103 2859 1142 non
2885 1089 3010 1146 odio
3035 1091 3295 1150 habentes
3318 1138 3336 1164 ,
3382 1115 3484 1155 non
3514 1080 3789 1177 malumpro

2263 1172 2405 1227 malo
2432 1173 2713 1231 reddentes
2740 1179 2760 1248 (
2783 1177 2934 1233 Rom.
2965 1199 3060 1248 xu,
3093 1185 3160 1238 17
3185 1184 3227 1256 ).
3258 1187 3524 1247 Mendaces
3549 1195 3635 1262 ﬁlii
3658 1172 3786 1251 bona.

2263 1279 2384 1316 num
2419 1265 2470 1318 in
2496 1267 2714 1332 steteris,
2739 1279 2791 1322 ut
2814 1272 3068 1341 decipiant
3107 1275 3208 1345 ipsi
3230 1276 3292 1332 de
3329 1282 3544 1338 uanitate
3578 1287 3626 1338 in
3646 1304 3788 1348 unum.

2261 1351 2420 1409 Certe
2447 1355 2596 1411 multi
2623 1367 2788 1415 sunt:
2835 1376 2959 1417 ecce
2984 1373 3062 1419 est
3095 1364 3188 1421 ille
3216 1383 3388 1436 unus,
3434 1387 3564 1432 unus
3606 1377 3684 1436 ille
3720 1385 3788 1451 qui

2263 1445 2529 1544 projectus
2549 1459 2628 1504 est
2647 1449 2714 1506 de
2735 1453 2884 1508 turba
2907 1469 3005 1509 con
3015 1457 3302 1514 vivantium
3330 1461 3540 1538 (Matth.
3560 1486 3679 1536 un,
3701 1445 3788 1544 li).

2262 1538 2606 1635 conspirant,
2626 1559 2812 1601 omnes
2841 1551 3146 1618 temporalia
3163 1569 3441 1628 quierunt,
3486 1565 3666 1635 quique

2262 1629 2410 1686 nales
2434 1633 2686 1730 carnalia,
2710 1646 2764 1693 et
2791 1639 2841 1693 in
2869 1640 3101 1700 futurum
3125 1660 3347 1719 sperant
3373 1629 3670 1727 quicumque
3689 1673 3788 1730 spe-

2262 1732 2387 1778 rant
2422 1741 2436 1779 :
2483 1727 2582 1782 etsi
2625 1728 2695 1784 de
2737 1731 3046 1805 opinionum
3076 1742 3336 1799 varietate
3365 1745 3418 1799 in
3443 1727 3790 1814 diversum.de

2263 1815 2495 1876 vanitate
2519 1825 2692 1916 tamen
2722 1825 2774 1879 in
2801 1843 2962 1883 unum
2987 1839 3130 1885 sunt.
3165 1832 3378 1890 Diversi
3397 1837 3600 1907 quidem
3617 1855 3790 1899 cm

2254 1917 2317 1964 et
2344 1911 2713 1982 multiformes,
2747 1923 2804 1972 et
2835 1934 3054 1990 regnum
3080 1921 3368 1980 adversum
3393 1942 3451 1982 se
3476 1928 3678 1986 divisum
3703 1947 3788 1988 non

2264 2001 2422 2058 stabit
2461 2003 2589 2076 (Id.
2621 2022 2693 2061 xu
2715 2050 2730 2074 ,
2759 2007 2872 2079 εδ)
2915 2029 2928 2066 :
2974 2013 3066 2068 sed
3100 2013 3294 2071 similis
3323 2019 3562 2088 omnibus
3586 2023 3786 2081 voluntas

2264 2107 2397 2184 vana
2420 2103 2475 2148 et
2499 2095 2746 2164 mendax,
2777 2101 3049 2170 pertinens
3072 2103 3139 2158 ad
3165 2121 3331 2161 unum
3359 2095 3551 2179 regem,
3577 2127 3682 2168 cum
3702 2129 3786 2184 quo

2265 2181 2316 2278 in
2347 2181 2518 2278 ignem
2548 2187 2803 2278 aeternum
2833 2193 3207 2263 praacipitanda
3237 2205 3323 2254 est
3361 2197 3486 2272 (Id.
3515 2217 3638 2272 xxv,
3659 2181 3746 2278 δι’)
3770 2222 3782 2260 :

2267 2269 2376 2345 Ipsi
2403 2273 2467 2330 de
2489 2277 2706 2332 uanitate
2733 2280 2785 2333 in
2813 2297 2990 2338 unum.

2335 2365 2424 2422 16.
2467 2367 2629 2440 (vers.
2662 2367 2774 2446 H.)
2812 2371 2882 2428 Et
2927 2365 3270 2436 illosavidete
3310 2382 3433 2452 quia
3476 2384 3608 2451 sitit;
3647 2385 3786 2444 videte

2267 2458 2389 2527 quia
2419 2457 2584 2516 currit
2613 2463 2663 2517 in
2689 2464 2800 2520 siti.
2829 2465 3109 2524 Convertit
3133 2486 3348 2542 ergose
3382 2475 3448 2530 ad
3472 2476 3614 2542 illos,
3639 2477 3786 2534 sitiens

2262 2562 2357 2638 eos
2382 2567 2395 2604 :
2425 2547 2600 2605 Nolite
2627 2570 2831 2620 sperare
2855 2573 3006 2628 super
3029 2559 3369 2629 iniquitatem.
3411 2563 3537 2621 Nam
3563 2581 3671 2638 spes
3693 2582 3785 2624 mea

2263 2637 2318 2694 in
2349 2639 2459 2695 Deo
2484 2651 2584 2698 est.
2617 2644 2791 2700 Nolite
2814 2663 3018 2718 sperare
3057 2667 3211 2720 super
3237 2654 3563 2724 iniquitatem.
3594 2637 3694 2714 Vos
3714 2660 3784 2729 qui

2263 2748 2368 2788 non
2395 2735 2552 2791 vultis
2578 2739 2833 2795 accedere
2860 2749 2914 2796 et
2939 2743 3208 2798 transilire
3226 2785 3244 2812 ,
3282 2748 3437 2802 nolite
3455 2764 3640 2818 sperare
3666 2766 3786 2820 sapa

2262 2821 2587 2896 iniquitatem.
2639 2823 2752 2900 Ego
2800 2831 2941 2886 enim
2989 2835 3078 2904 qui
3126 2836 3414 2904 transilivi,
3453 2853 3569 2908 spes
3608 2854 3704 2892 mea
3743 2840 3784 2894 in

2265 2915 2411 2974 Deo:
2440 2927 2494 2973 et
2519 2919 2771 2990 numquid
2798 2921 3046 2992 iniquitas
3070 2934 3153 2979 est
3175 2927 3319 2995 apud
3349 2927 3512 2982 Deum
3536 2927 3700 3000 (Rom.
3723 2945 3782 2995 II,

2262 3010 2406 3082 i4)?
2449 3011 2622 3068 Nolite
2644 3029 2847 3094 sperare
2873 3032 3026 3086 super
3053 3018 3391 3088 iniquitatem.
3425 3021 3531 3076 Hoc
3555 3020 3783 3086 faciamus,

2262 3104 2384 3159 illud
2409 3105 2680 3174 faciamus,
2710 3108 2837 3162 illud
2866 3111 3178 3180 cogitemus,
3207 3114 3289 3170 sic
3317 3116 3528 3170 insidias
3548 3129 3785 3185 compona-

2261 3211 2408 3264 mus;
2439 3197 2508 3254 de
2547 3200 2779 3257 vanitate
2821 3201 2874 3256 in
2917 3218 3102 3258 unum.
3151 3205 3232 3260 Tu
3253 3208 3381 3263 sitis
3411 3224 3428 3264 ε
3457 3212 3541 3278 qui
3566 3217 3723 3264 contra
3746 3215 3787 3260 to

2259 3288 2358 3344 ista
2400 3291 2636 3362 cogitant
2674 3293 2714 3358 ί,
2749 3293 2817 3348 ab
2865 3295 2944 3350 eis
2971 3311 3106 3366 quos
3131 3297 3273 3353 bibis
3303 3299 3605 3371 produntur.
3646 3297 3786 3352 Nolite

2257 3397 2459 3446 sperare
2471 3399 2640 3460 _super
2665 3385 2995 3457 iniquitatem.
3022 3388 3165 3444 Vana
3190 3401 3277 3446 est
3299 3393 3560 3464 iniquitas,
3585 3391 3696 3447 nihil
3721 3397 3787 3446 est

2257 3473 2540 3544 iniquitas;
2570 3487 2759 3546 potens
2801 3495 2906 3534 non
2944 3491 3030 3536 est
3059 3483 3158 3537 nisi
3185 3485 3413 3553 justitia.
3442 3485 3683 3542 Occultari
3707 3499 3784 3553 po-

2256 3573 2359 3619 test
2385 3565 2451 3620 ad
2482 3574 2686 3636 tempus
2713 3569 2944 3636 veritas;
2973 3571 3107 3627 vinci
3137 3589 3242 3628 non
3276 3585 3468 3645 potest.
3498 3575 3689 3631 Florere
3711 3588 3785 3644 po-

2257 3662 2362 3710 test
2403 3655 2470 3710 ad
2522 3665 2730 3728 tempus
2777 3659 3065 3731 iniquitas,
3115 3678 3436 3732 permanere
3483 3681 3580 3721 non
3623 3672 3781 3734 potest.

2255 3743 2431 3802 Nolite
2471 3768 2556 3818 spe
2585 3767 2674 3804 are
2719 3768 2869 3822 super
2909 3754 3220 3824 iniquitatem
3261 3773 3280 3812 :
3322 3768 3372 3813 et
3411 3759 3464 3812 in
3503 3759 3712 3830 rapinam
3739 3772 3785 3810 ne

2252 3841 2632 3906 concupiscatis.
2662 3839 2777 3897 Non
2806 3857 2866 3898 es
2914 3843 3062 3900 dives
3080 3886 3095 3910 ,
3122 3855 3178 3900 et
3215 3862 3406 3918 rapere
3431 3849 3546 3903 vis?
3583 3847 3701 3915 Quid
3723 3846 3785 3900 iu-

2253 3930 2440 3991 venis?
2465 3931 2590 4000 quid
2623 3933 2842 4001 perdis?
2867 3933 2910 3989 Ο
2941 3935 3085 3990 lucra
3113 3935 3406 3994 damnosa!
3438 3938 3634 3994 Iuvenis
3660 3952 3786 4006 pecn-

2254 4024 2431 4090 niam;
2474 4024 2651 4094 perdis
2687 4025 2972 4095 justitiam.
3003 4026 3072 4082 In
3101 4031 3336 4100 rapinam
3364 4049 3425 4086 ne
3449 4030 3783 4100 concupiscatis.

2255 4115 2462 4185 Pauper
2487 4131 2625 4184 sum,
2669 4132 2775 4172 non
2807 4118 3000 4174 habeo.
3033 4119 3157 4176 Ideo
3183 4137 3376 4192 rapere
3404 4123 3526 4178 vis?
3560 4122 3682 4191 Quid
3716 4137 3785 4175 ra-

2255 4207 2402 4277 pias,
2443 4208 2592 4263 vides
2632 4225 2646 4262 :
2680 4225 2706 4261 a
2753 4224 2859 4280 quo
2885 4211 3132 4282 rapiaris,
3157 4228 3264 4267 non
3293 4214 3483 4269 vides?
3511 4213 3678 4269 Nescis
3701 4212 3784 4264 cir-

2254 4298 2400 4352 cuire
2425 4297 2692 4353 inimicum
2720 4306 2967 4369 tanquam
2998 4301 3205 4356 leonem
3247 4305 3561 4374 rugientem,
3598 4313 3646 4358 et
3670 4315 3786 4372 quat-

2254 4396 2458 4443 rentem
2484 4389 2608 4460 quid
2641 4390 2809 4460 rapiat
2833 4391 2888 4463 (Ι
2919 4391 3058 4446 Petr.
3101 4409 3155 4459 v,
3199 4395 3306 4467 8)?
3346 4396 3526 4452 Praeda
3555 4396 3632 4451 illa
3658 4407 3786 4465 quam

2257 4483 2338 4536 vis
2362 4496 2564 4552 rapere,
2595 4483 2646 4534 in
2670 4474 2964 4553 muscipula
2985 4494 3067 4539 est
3089 4509 3104 4546 ;
3129 4493 3299 4554 tenes,
3327 4498 3384 4543 et
3411 4489 3618 4543 teneris.
3645 4485 3693 4540 ln
3717 4496 3783 4537 ra-

2258 4573 2432 4642 pinam
2448 4587 2574 4644 ergo
2590 4589 2654 4628 ne
2669 4574 3031 4645 concupiscas.
3047 4591 3079 4630 ο
3093 4579 3312 4647 pauper!
3331 4579 3424 4634 sed
3441 4579 3730 4646 concupisce
3745 4574 3785 4625 in

2262 4665 2422 4720 Deum
2449 4666 2539 4736 qui
2567 4675 2782 4735 praestat
2806 4667 2959 4723 nobis
2987 4671 3165 4724 omnia
3181 4669 3522 4736 (abundanter
3545 4671 3605 4725 ad
3634 4669 3784 4722 fruen-

2257 4755 2382 4812 dum
2409 4756 2428 4826 (
2447 4759 2464 4812 l
2495 4757 2626 4812 Tim.
2655 4774 2728 4826 vI,
2761 4758 2885 4829 17).
2921 4759 3108 4817 Pascet
3133 4770 3183 4818 te
3206 4763 3293 4832 qui
3322 4762 3448 4818 fecit
3485 4771 3554 4818 te.
3583 4760 3673 4829 Qui
3709 4771 3784 4826 pa-

2255 4852 2360 4904 scit
2384 4850 2665 4915 latronem,
2698 4865 2800 4904 non
2831 4861 3010 4920 pascet
3035 4853 3412 4907 innocentem?
3441 4853 3620 4907 Pascet
3649 4859 3692 4902 te
3713 4844 3786 4915 qui

2257 4941 2424 4996 solem
2453 4956 2606 4996 suum
2632 4939 2758 5006 oriri
2785 4939 2908 4996 facit
2933 4957 3092 5012 super
3120 4941 3288 4999 bonos
3311 4953 3368 5000 et
3396 4945 3577 5006 malos,
3607 4953 3653 4996 et
3680 4937 3785 5008 pluit

2258 5047 2420 5102 super
2449 5031 2620 5100 justos
2665 5041 2718 5085 et
2761 5031 2987 5101 injustos
3037 5029 3260 5103 (Matt/1.
3304 5050 3359 5100 v,
3407 5034 3516 5102 45).
3559 5032 3607 5087 Si
3647 5025 3784 5098 pascit

2261 5108 2608 5186 damnandos,
2640 5137 2744 5176 non
2771 5131 2955 5190 pascet
2981 5121 3322 5178 liberandos?
3349 5123 3485 5194 Ergo
3509 5123 3556 5176 in
3581 5120 3779 5190 rapinam

2263 5215 2368 5270 noli
2393 5213 2790 5284 concupiscere.
2826 5213 3032 5268 Dictum
3059 5225 3142 5269 cst
3178 5215 3278 5270 hoc
3315 5215 3548 5286 pauperi,
3580 5206 3782 5266 fortassis

2264 5307 2455 5374 aliquid
2486 5307 2552 5362 de
2581 5305 2897 5361 necessitate
2924 5316 3159 5376 rapturo.
3195 5307 3348 5363 Dives
3377 5305 3611 5376 procedat
3639 5321 3650 5354 :
3685 5299 3777 5353 Non

2263 5401 2431 5454 habeo
2458 5412 2578 5468 ego,
2607 5398 2793 5467 inquit,
2829 5399 3199 5453 necessitatem
3229 5391 3499 5468 rapiendi:
3535 5394 3651 5449 nihil
3674 5387 3780 5444 Inibi

2263 5489 2442 5553 deest;
2465 5487 2733 5542 abundant
2754 5488 2954 5548 omnia.
2981 5489 3046 5542 Et
3067 5499 3119 5543 tu
3146 5490 3264 5544 audi
3285 5508 3298 5543 :
3321 5487 3515 5542 Divitiae
3529 5488 3569 5542 si
3592 5490 3726 5553 [,uant
3743 5479 3774 5539 ³,

2263 5598 2324 5638 ne
2349 5581 2618 5651 apponatis
2643 5595 2748 5632 cor.
2781 5579 2873 5635 Ille
2899 5595 3002 5635 non
3035 5580 3227 5644 habet;
3254 5581 3352 5635 iste
3376 5579 3526 5634 habet
3549 5593 3564 5631 :
3593 5575 3668 5630 ille
3689 5583 3776 5625 non

2328 5717 2347 5782 ξ
2378 5722 2484 5782 Mss.
2512 5715 2758 5779 plerique:
2781 5725 2844 5782 [ιι
2866 5716 2946 5766 siti
2966 5716 3047 5782 qui
3067 5722 3230 5768 centra
3249 5717 3338 5768 ista
3360 5714 3567 5778 mgme

2328 5779 2352 5811 ⁸
2383 5777 2568 5840 Aliquot
2594 5777 2717 5840 Mss,
2741 5777 2947 5842 afﬂuant.
2978 5777 2987 5782 ⁷
3415 5777 3419 5778 ⁷
3599 5797 3610 5804 -
