4022 6200
299 324 395 380 ἸΗ

302 446 500 506 qun-rat
525 451 713 506 rapere
737 442 878 505 quod
905 453 951 486 ιιι
976 452 1007 488 ιι
1038 438 1196 488 habet
1220 452 1232 489 :
1265 435 1360 486 iste
1387 447 1492 486 non
1523 442 1748 500 apponat
1777 445 1869 482 cur

297 528 352 580 in
382 542 448 582 eo
481 526 620 596 quod
651 526 830 580 habet.
875 524 1079 578 Diuina:
1115 527 1158 577 si
1184 525 1372 592 ﬂuant.
1407 522 1456 575 id
1484 533 1565 575 est
1585 563 1599 586 ,
1629 521 1672 574 si
1703 535 1872 574 exuu-

302 617 445 681 dent,
493 627 742 687 tanquam
780 616 847 671 de
884 615 1030 670 lente
1055 625 1288 668 currant.
1336 612 1416 666 Ne
1443 611 1708 682 apportatis
1733 626 1819 662 cor
1854 623 1873 662 :

299 711 411 765 noli
436 710 502 765 de
531 719 582 764 te
606 723 948 779 praesumere,
975 707 1078 760 noli
1110 707 1180 760 ibi
1203 717 1253 760 te
1275 706 1436 774 ﬁgere
1463 713 1643 758 :certe
1668 703 1750 756 vel
1773 701 1874 755 hoc

300 802 430 855 time
450 843 466 866 ,
499 801 700 854 Divitia:
726 803 769 854 si
801 801 982 869 ﬂuant.
1017 798 1133 853 Non
1164 797 1312 851 vides
1339 796 1460 865 quia
1491 793 1537 850 si
1564 795 1634 848 ibi
1651 797 1754 847 ἐοι-
1782 807 1874 862 po-

299 894 495 956 sueris,
525 902 578 946 et
604 903 656 945 ιιι
684 891 852 945 ﬂues?
885 890 1038 944 Dives
1062 905 1140 951 es,
1173 898 1223 943 et
1255 902 1380 942 ecce
1404 887 1513 954 jam
1545 900 1648 939 non
1677 897 1872 938 concu-

299 986 460 1053 piscis
487 983 660 1036 adhuc
694 983 887 1036 habere
907 1023 922 1045 ,
949 986 1071 1052 quia
1103 981 1264 1034 multa
1305 979 1465 1032 habes
1494 996 1508 1032 :
1537 976 1659 1030 audi
1679 975 1872 1042 ._Praz-

297 1079 409 1145 cipe
433 1075 668 1128 divitibus
691 1074 845 1146 hujus
884 1074 1055 1154 mundi
1079 1089 1178 1126 non
1200 1070 1406 1140 superbe
1429 1085 1620 1138 sapere.
1654 1068 1720 1122 Ει
1747 1065 1871 1136 quid

297 1176 401 1230 est,
434 1165 516 1220 Ne
540 1168 808 1234 apponatis
833 1167 960 1219 cor?
992 1163 1167 1234 Neque
1205 1179 1405 1232 sperare
1432 1163 1484 1215 in
1525 1162 1712 1214 incerto
1743 1159 1872 1212 divi-

301 1261 483 1312 tiarum
513 1259 554 1327 (Ι
583 1258 717 1310 Tim.
749 1274 819 1321 vt,
848 1258 958 1325 Π).
993 1257 1150 1325 Eth,
1182 1254 1381 1308 Divitiae
1406 1254 1451 1306 si
1479 1255 1661 1322 ﬂuant,
1690 1268 1752 1304 rte
1776 1268 1871 1317 ap»

301 1350 503 1419 ponatis
529 1365 634 1412 eor,
662 1363 728 1403 ne
754 1349 806 1402 in
833 1347 1029 1401 divitiis
1056 1346 1353 1410 conﬁdatis,
1385 1359 1488 1398 non
1517 1343 1868 1413 praesumatis,

269 1455 407 1494 "tum
437 1442 696 1510 speretis;
729 1455 796 1494 nc
833 1440 1038 1494 dicatur
1080 1455 1094 1492 :
1141 1437 1270 1491 Ecce
1295 1437 1443 1490 homo
1467 1436 1552 1508 qui
1578 1451 1679 1488 non
1709 1435 1872 1504 posuit

305 1531 466 1583 Deum
515 1531 800 1601 adjutorem
844 1545 1027 1593 suum;
1071 1529 1160 1582 sed
1200 1529 1417 1598 speravit
1460 1528 1513 1580 in
1556 1526 1875 1580 multitudine

303 1622 587 1674 divitiarum
617 1635 823 1674 suarum
843 1659 858 1685 ,
890 1630 938 1673 et
965 1605 1223 1689 prwvaluit
1253 1619 1306 1671 in
1334 1619 1550 1671 vanitate
1574 1631 1666 1670 sua
1698 1615 1870 1688 (Psal.

303 1729 377 1777 ιι,
402 1716 480 1784 9).
512 1714 674 1782 Ergo,
696 1713 816 1766 vani
848 1712 936 1764 lilii
965 1710 1255 1772 hominum,
1281 1707 1562 1763 mendaces
1587 1707 1677 1761 lilii
1705 1707 1874 1761 homi~

308 1819 457 1866 num,
493 1818 666 1872 neque
690 1802 930 1871 rapiatis,
957 1816 1128 1870 neque
1155 1800 1196 1862 si
1226 1798 1386 1852 lluant
1416 1798 1631 1859 divitias,
1661 1813 1754 1852 cor
1782 1785 1892 1867 κιρ-ι’

305 1895 544 1964 ponatis;
578 1910 682 1947 tum
705 1894 814 1962 jam
841 1893 1125 1946 vanitatem
1153 1891 1382 1960 diligatis
1401 1928 1417 1956 ,
1453 1898 1506 1943 et
1539 1888 1871 1942 mendacium

302 1987 568 2052 quaeratis.
612 1985 804 2039 Beatus
843 1984 983 2037 enim
1022 1983 1169 2052 cujus
1195 1991 1276 2038 est
1305 1980 1559 2034 Dominus
1587 1981 1722 2033 Deus
1751 1993 1874 2049 spes

301 2079 439 2145 ejus,
471 2087 522 2130 et
549 2093 652 2130 non
681 2078 914 2147 respexit
942 2077 992 2129 in
1020 2075 1282 2128 vanitates
1308 2083 1360 2128 et
1392 2073 1625 2127 insanias
1652 2073 1872 2126 menda-

297 2186 390 2222 ces
421 2167 590 2240 (Psal.
621 2183 812 2233 xxxix,
841 2165 916 2239 5).
944 2167 1195 2236 Decipere
1230 2165 1408 2232 vultis,
1446 2165 1681 2227 fraudem
1713 2165 1874 2219 vultis

301 2260 507 2320 facere;
548 2259 671 2328 quid
701 2258 902 2312 alierlis
928 2267 986 2311 ut
1013 2257 1326 2325 decipiatis?
1364 2255 1599 2310 Stateras
1639 2255 1870 2310 dolosas.

303 2349 575 2403 Mendaces
620 2347 784 2411 enim,
832 2348 1020 2418 inquit,
1067 2347 1164 2416 ﬁlii
1206 2347 1461 2400 hominum
1489 2345 1543 2399 in
1570 2346 1786 2409 steteris,
1818 2350 1875 2398 ut

299 2442 571 2509 decipiant
599 2439 916 2512 proferendo
943 2448 1167 2494 stateras
1191 2437 1421 2492 dolosas.
1449 2436 1607 2490 Falso
1630 2434 1874 2490 examine

300 2533 479 2586 fallitis
517 2532 782 2585 intuentes
821 2548 834 2583 :
877 2530 1093 2584 nescitis
1122 2528 1281 2582 alium
1310 2543 1428 2582 esse
1463 2527 1549 2596 qui
1585 2525 1870 2596 appendit,

296 2625 460 2678 alium
487 2624 576 2694 qui
605 2624 672 2680 de
716 2622 947 2692 pondere
971 2622 1210 2692 judicat?
1252 2621 1366 2675 Non
1412 2621 1554 2675 videt
1581 2621 1665 2674 cui
1696 2630 1748 2673 tu
1775 2633 1874 2688 ap-

297 2716 520 2786 pendis;
553 2715 643 2769 sed
672 2714 811 2768 videt
831 2714 917 2784 qui
948 2723 998 2768 te
1021 2724 1074 2767 et
1103 2711 1273 2781 ipsum
1302 2711 1577 2780 appendit.
1603 2710 1744 2780 Ergo
1766 2726 1872 2764 non

302 2808 582 2869 fraudem,
628 2821 734 2859 non
778 2805 1015 2874 rapinam
1063 2803 1483 2872 concupiscatis;
1533 2817 1638 2857 non
1685 2802 1737 2856 in
1789 2801 1873 2856 his

298 2915 421 2969 qua:
447 2898 652 2954 habetis
678 2913 826 2969 spem
871 2896 1077 2967 ponatis
1104 2913 1119 2951 :
1150 2895 1364 2962 monui,
1397 2890 1644 2963 prmdixi,
1676 2894 1749 2948 ait
1774 2892 1874 2950 isto

301 2989 536 3045 lditlmtt.

377 3082 463 3134 i7.
506 3079 654 3152 [vers.
687 3077 931 3152 12,115.]
968 3078 1103 3146 Quid
1145 3077 1422 3149 sequitur?
1471 3076 1640 3132 Semel
1682 3077 1874 3131 locutus

298 3183 372 3226 est
398 3171 554 3237 Deus,
587 3173 687 3226 duo
718 3173 823 3226 haec
848 3170 1049 3236 audivi;
1075 3172 1310 3240 quoniam
1341 3179 1559 3240 potestas
1583 3168 1682 3222 Dei
1705 3179 1798 3236 est,
1829 3178 1874 3223 et

299 3264 409 3329 tibi,
449 3263 684 3328 Domine,
726 3263 1068 3317 misericordia
1107 3278 1124 3315 :
1163 3265 1279 3332 quia
1309 3272 1361 3315 tu
1402 3263 1578 3316 reddes
1613 3262 1876 3331 unicuique

279 3356 571 3410 'secundum
594 3371 748 3424 opera
772 3371 881 3408 sua.
911 3354 1048 3409 Dixit
1072 3353 1301 3420 ldithun,
1327 3355 1501 3409 sonuit
1526 3353 1591 3408 de
1614 3354 1742 3422 alto,
1768 3371 1873 3425 quo

301 3448 618 3513 transilivit;
654 3447 856 3500 audivit
880 3446 950 3501 ibi
981 3445 1252 3516 quiddam,
1286 3455 1339 3500 et
1366 3445 1498 3499 dixit
1537 3446 1689 3500 nobis
1734 3464 1746 3499 :
1779 3445 1871 3506 sed

299 3539 628 3608 aliquantum
671 3538 724 3592 in
769 3537 872 3592 hoc
900 3537 1041 3607 quod
1071 3537 1222 3590 nobis
1247 3536 1379 3590 dixit
1420 3538 1723 3607 perturbor,
1769 3535 1876 3590 fra-

301 3639 438 3692 tres;
462 3639 513 3682 et
539 3629 711 3684 donec
731 3628 1002 3683 vobiscum
1032 3628 1362 3697 participem,
1402 3628 1483 3680 vel
1515 3628 1872 3695 perturbatio-

299 3738 443 3786 nem,
470 3723 551 3775 vel
576 3721 804 3789 aliquam
839 3720 1239 3789 respirationem
1271 3734 1464 3784 meam,
1509 3719 1740 3772 intentos
1779 3735 1874 3773 vos

301 3813 448 3866 volo.
495 3810 703 3864 Etenim
735 3810 1004 3864 Psalmum
1035 3810 1098 3861 ad
1131 3811 1414 3863 terminum
1443 3809 1691 3864 duximus
1720 3809 1873 3878 adju-

298 3911 460 3954 vante
489 3899 715 3954 Domino
745 3917 756 3953 :
783 3908 900 3968 post
926 3899 1038 3953 lucc
1060 3914 1178 3968 quae
1197 3899 1386 3953 dicturi
1413 3915 1618 3966 sumus,
1642 3915 1745 3954 non
1788 3915 1874 3955 re-

299 4004 404 4047 stat
432 3991 626 4061 aliquid
656 3991 794 4060 quod
825 3990 891 4044 de
913 3990 1011 4044 hoc
1049 3983 1272 4045 ulterius
1310 4005 1652 4059 exponamus.
1698 3991 1875 4061 Itaque

300 4084 598 4140 adnitimini
631 4099 861 4147 mecum,
892 4091 1064 4136 utrum
1091 4083 1358 4152 possimus
1400 4081 1695 4153 intelligere
1725 4083 1824 4138 hoc
1857 4100 1871 4137 :

260 4185 353 4234 .tet
380 4177 423 4229 si
452 4191 554 4228 non
585 4184 821 4244 potuero,
865 4182 920 4228 et
957 4173 1201 4243 intelligit
1238 4172 1426 4242 aliquis
1464 4181 1695 4228 vestrum
1733 4173 1874 4244 quod

305 4283 402 4335 ego
444 4283 547 4319 non
596 4280 845 4334 possum;
891 4263 1134 4334 gaudebo
1184 4265 1360 4334 potius
1403 4279 1559 4334 quant
1606 4265 1871 4320 invidebo.

309 4357 532 4413 Omnino
563 4357 882 4426 inuestigare
909 4353 1124 4409 difficile
1150 4363 1232 4410 est
1261 4354 1701 4423 quemadmodum
1731 4356 1875 4425 posi-

301 4459 413 4504 tum
440 4449 508 4501 sit
535 4449 698 4517 prius,
726 4448 893 4502 Semel
918 4448 1114 4502 locutus
1133 4457 1203 4501 est
1230 4446 1406 4512 Deus;
1429 4448 1621 4503 deinde
1641 4464 1759 4503 cum
1788 4451 1875 4506 ille

303 4539 470 4595 semel
501 4541 704 4593 locutus
735 4550 837 4604 est,
870 4553 969 4609 ego
997 4539 1098 4592 duo
1126 4539 1315 4592 audivi.
1364 4539 1420 4594 Si
1447 4539 1585 4593 enim
1629 4540 1830 4595 diceret
1857 4583 1872 4608 ,

306 4631 484 4683 Semel
512 4629 716 4684 locutus
745 4637 827 4684 est
858 4629 1016 4692 Deus,
1049 4645 1210 4683 unum
1240 4629 1338 4682 hoc
1362 4629 1570 4695 audivi;
1603 4629 1878 4685 videbatur

303 4734 508 4792 partem
531 4720 836 4790 qtttestionis
859 4720 1014 4790 hujus
1035 4723 1409 4789 amputavisse,
1429 4730 1486 4775 ut
1508 4723 1875 4776 tantummodo

304 4828 665 4883 quaereremus
688 4813 812 4882 quid
841 4813 930 4877 sit,
973 4811 1142 4867 Semel
1184 4814 1376 4866 locutus
1420 4824 1492 4866 est
1531 4811 1684 4870 Deus.
1727 4815 1878 4871 Nunc

303 4920 434 4958 vero
459 4903 730 4973 qumsituri
759 4918 962 4967 sumus,
1005 4911 1058 4956 et
1079 4903 1216 4972 quid
1243 4903 1338 4968 sit,
1368 4903 1538 4957 Semel
1573 4904 1770 4959 locutus
1805 4917 1878 4960 est

309 4995 490 5059 Deus;
521 5004 574 5049 ει
598 4994 722 5065 quid
748 4995 836 5062 sit,
865 4995 967 5048 duo
992 4994 1098 5047 haec
1123 4995 1310 5061 audiri,
1339 5010 1457 5049 cum
1485 4996 1650 5050 semel
1682 4998 1767 5052 ille
1794 4998 1876 5053 lo-

305 5097 459 5140 cutus
488 5087 576 5138 sit.

383 5175 466 5231 l8.
511 5175 679 5230 Semel
708 5174 902 5228 locutus
943 5184 1016 5228 est
1061 5174 1210 5228 Peus.
1259 5174 1396 5241 Quid
1440 5174 1590 5240 dicis,
1635 5175 1878 5234 ldithun?

304 5265 361 5322 Si
407 5277 460 5321 ιιι
502 5266 736 5335 loqueris
779 5265 867 5334 qui
913 5265 1236 5319 transilivisti
1275 5280 1368 5320 eos
1411 5284 1424 5319 :
1474 5266 1641 5321 Semel
1679 5269 1877 5325 loeutus

303 5359 423 5413 est?
467 5359 576 5428 Ego
617 5356 946 5425 Scripturam
985 5357 1140 5410 aliam
1180 5357 1421 5420 consulo,
1458 5368 1512 5411 et
1549 5359 1675 5413 dicit
1705 5361 1874 5416 mihi:

308 5449 492 5503 Multis
533 5446 758 5517 partibus
782 5487 800 5515 ,
841 5457 888 5500 et
925 5447 1095 5502 multis
1132 5449 1293 5502 modis
1342 5447 1460 5502 olim
1510 5449 1641 5504 Deus
1683 5450 1878 5506 locutus

305 5551 379 5596 est
427 5542 653 5608 patribus
700 5540 752 5594 in
794 5539 1061 5608 Prophetis
1099 5537 1303 5609 (Hebr.
1346 5556 1402 5607 ι,
1447 5539 1534 5612 1).
1581 5539 1713 5609 Quid
1754 5553 1834 5598 est
1859 5585 1875 5612 ,

311 5632 479 5686 Semel
521 5632 719 5686 locutus
757 5640 830 5685 est
861 5631 1030 5684 Deus?
1068 5630 1250 5684 Nonne
1286 5631 1373 5685 ille
1411 5641 1492 5687 est
1521 5632 1676 5700 Deus,
1705 5633 1793 5703 qui
1825 5634 1876 5688 in

315 5723 609 5792 primordio
651 5723 862 5795 generis
898 5719 1113 5778 humani
1165 5719 1372 5779 locutus
1421 5733 1496 5780 est
1552 5724 1616 5781 ad
1671 5725 1878 5781 Adam?

1415 317 1806 374 ENARRATIO
1845 315 1908 373 ιη
1949 314 2270 369 PSALMUM
2313 313 2448 368 LXL

3443 324 3548 379 7/.“2

1982 427 2170 481 Nonne
2218 429 2353 481 idem
2402 429 2512 498 ipse
2542 429 2749 485 locutus
2792 441 2872 485 est
2912 433 2976 485 ad
3019 431 3146 487 Cain
3169 475 3183 499 ,
3211 435 3276 490 ad
3306 435 3417 491 Noe
3439 478 3456 499 ,
3484 440 3550 492 ad

1983 517 2268 580 Abraham,
2296 519 2359 570 ad
2393 519 2553 584 Isaac,
2583 521 2647 574 ad
2675 522 2870 586 Jacob,
2913 525 2978 577 ad
3023 524 3311 594 Prophetas
3340 543 3548 587 omnes.

1977 617 2031 662 et
2059 609 2123 662 ad
2147 609 2400 680 Moysen?
2427 611 2575 667 Unus
2604 624 2720 668 erat
2748 614 2986 684 Moyses;
3010 626 3063 670 et
3091 619 3298 688 quoties
3335 619 3401 673 ad
3427 636 3548 675 eum

1977 697 2184 752 locutus
2213 709 2293 754 est
2325 701 2499 756 Deus?
2529 704 2664 758 Ecce
2692 704 2850 758 etiam
2876 705 2962 758 uni
2986 721 3089 760 non
3120 710 3305 774 semel,
3334 710 3427 764 sed
3444 725 3548 765 sm-

1979 790 2098 857 pius
2130 789 2338 845 locutus
2377 802 2460 846 est
2489 794 2645 847 Deus.
2679 795 2875 850 Deinde
2906 797 3112 851 locutus
3140 808 3222 852 est
3257 799 3321 852 ad
3359 800 3550 857 Filium

1976 879 2063 935 hic
2090 882 2319 950 positum
2355 901 2368 936 :
2400 881 2474 936 Tu
2501 901 2552 938 es
2575 884 2623 937 F
2625 887 2740 939 ilius
2775 902 2913 940 meus
2945 887 3155 941 dilectus
3198 887 3218 962 (
3250 887 3437 944 Matth.
3471 907 3550 954 nt,

1976 975 2042 1030 17
2071 973 2113 1048 ).
2144 975 2376 1031 Locutus
2405 987 2486 1030 est
2508 979 2648 1032 Deus
2668 979 2954 1050 Apostolis,
2985 981 3187 1036 locutus
3209 985 3553 1039 estomnibus

1975 1067 2186 1130 sanctis,
2221 1067 2426 1122 etiamsi
2455 1084 2557 1121 non
2576 1084 2705 1124 voce
2723 1080 2943 1125 senante
2963 1087 3054 1139 per
3081 1073 3293 1138 nubem,
3322 1073 3373 1127 in
3392 1074 3554 1128 corde

1979 1167 2153 1214 tamen
2177 1160 2263 1214 ubi
2295 1160 2406 1229 ipse
2435 1163 2684 1230 magister
2712 1173 2812 1216 est.
2844 1163 2992 1218 Unde
3021 1166 3108 1220 ille
3133 1165 3260 1221 dicit
3289 1185 3302 1220 :
3333 1169 3552 1222 Audiam

1973 1253 2098 1321 quid
2127 1253 2359 1320 loquatur
2395 1254 2448 1306 in
2480 1271 2558 1307 me
2587 1254 2830 1310 Dominus
2870 1257 3024 1323 Deus,
3055 1261 3290 1328 quoniam
3325 1262 3554 1330 loquetur

1976 1359 2150 1413 pacem
2174 1345 2358 1412 populo
2382 1361 2473 1398 suo
2502 1345 2520 1415 (
2553 1344 2697 1400 Psal.
2747 1363 2966 1413 Lxxxw,
2996 1349 3028 1403 9
3057 1348 3097 1418 ).
3133 1350 3267 1418 Quid
3296 1362 3374 1406 est
3400 1367 3550 1422 ergo,

1977 1433 2148 1486 Semel
2181 1434 2375 1489 locutus
2404 1444 2474 1489 est
2500 1435 2674 1491 Deus?
2699 1438 2918 1491 Multum
2954 1441 3307 1494 transiliverat
3348 1441 3468 1507 iste,
3498 1453 3552 1498 ut

1978 1526 2275 1592 perveniret
2326 1526 2464 1588 illuc,
2503 1527 2591 1580 ubi
2636 1529 2801 1582 semel
2849 1531 3058 1584 loculus
3095 1543 3175 1585 est
3212 1533 3370 1587 Deus.
3416 1534 3553 1590 Ecce

1977 1614 2209 1670 breviter
2234 1617 2338 1670 dixi
2387 1618 2640 1672 Charitati
2695 1619 2912 1674 Vestrae.
2969 1622 3063 1676 llic
3107 1623 3245 1679 inter
3287 1624 3549 1689 homines.

1977 1704 2275 1759 hominibus
2299 1722 2460 1776 saepe,
2498 1709 2676 1762 multis
2715 1711 2912 1775 modis,
2943 1714 3120 1768 multis
3156 1715 3389 1783 partibus
3411 1757 3423 1781 ,
3454 1733 3553 1787 per

1976 1796 2351 1852 multiformem
2391 1812 2688 1854 creaturam
2726 1802 2930 1857 locutus
2971 1814 3049 1859 est
3098 1805 3275 1862 Deus:
3303 1810 3440 1878 apud
3493 1826 3552 1864 se

1977 1886 2143 1941 semel
2194 1888 2330 1942 Deus
2360 1888 2565 1943 loeutus
2606 1901 2714 1957 est,
2753 1894 2870 1962 quia
2903 1911 3061 1948 unum
3114 1897 3343 1952 Verbum
3371 1902 3557 1969 genuit

1977 1975 2135 2030 Deus.
2161 1976 2261 2032 Iste
2288 1993 2415 2050 ergo
2459 1981 2662 2034 ldithtm
2703 1985 3000 2040 transiliens
3039 2001 3165 2052 eos,
3196 1989 3553 2045 transiliverat

1975 2067 2090 2120 acie
2115 2069 2306 2123 mentis
2336 2070 2478 2134 l'orti,
2507 2083 2560 2126 et
2586 2075 2845 2140 valida,et
2861 2076 3174 2145 pra-ﬁdenti,
3199 2081 3554 2136 transiliverat

1979 2167 2198 2240 terram,
2229 2171 2283 2217 et
2308 2164 2559 2236 quidquid
2588 2167 2638 2220 in
2668 2177 2806 2222 terra
2829 2178 2942 2236 cst;
2965 2185 3167 2238 aerem,
3188 2167 3554 2229 nubesomnes

1976 2263 2042 2303 ex
2072 2252 2262 2320 quibus
2292 2253 2499 2310 locutus
2521 2264 2603 2310 est
2620 2257 2762 2312 Deus
2784 2261 2966 2326 multa,
2994 2270 3049 2316 et
3075 2277 3237 2332 stupe,
3262 2274 3315 2318 et
3336 2265 3550 2322 multis:

1979 2343 2336 2398 transiliverat
2381 2345 2538 2401 etiam
2586 2363 2772 2403 onmes
2803 2352 3034 2422 Angelos
3081 2354 3196 2409 acie
3237 2354 3379 2411 lidei.
3429 2357 3556 2413 Erat

1975 2431 2118 2486 enim
2172 2433 2272 2488 iste
2329 2437 2632 2491 transiliens
2684 2455 2788 2493 non
2840 2451 3123 2498 contentus
3165 2447 3409 2513 terrenis,
3458 2447 3553 2502 sed

1976 2525 2121 2578 velut
2147 2526 2318 2596 aquila
2344 2529 2528 2584 volans
2545 2541 2915 2599 przetervectus
2934 2549 3147 2592 omnem
3169 2539 3412 2594 nebulam
3443 2541 3546 2609 qua

1977 2618 2168 2686 tegitur
2196 2620 2368 2674 omnis
2397 2630 2556 2675 terra.
2589 2622 2727 2677 Dicit
2766 2626 2905 2679 enim
2935 2627 3199 2698 Sapientia
3233 2646 3245 2682 :
3280 2629 3346 2683 Et
3372 2633 3554 2686 nebula

1979 2709 2081 2761 texi
2109 2725 2304 2763 omnem
2333 2721 2515 2766 terr-am
2539 2716 2556 2784 (
2587 2713 2753 2768 Ecch'.
2786 2732 2933 2783 μιν,
2963 2716 3056 2791 6
3090 2720 3334 2776 Pervenit
3359 2722 3423 2778 ad
3452 2723 3554 2778 ali-

1976 2799 2101 2868 quid
2147 2801 2421 2870 liquidum,
2467 2805 2768 2860 universnm
2813 2808 3117 2864 transiliens
3153 2823 3472 2877 creaturam,
3498 2823 3555 2870 et

1977 2905 2220 2960 qumrens
2256 2894 2444 2959 Deum,
2475 2905 2528 2950 et
2548 2897 2826 2954 ellundens
2849 2915 3008 2970 super
3033 2917 3092 2958 se
3119 2904 3348 2959 animam
3378 2920 3550 2973 suam;

1976 2986 2223 3050 pervenit
2249 2985 2312 3038 ad
2338 2986 2670 3056 principium.
2688 3000 2741 3044 et
2763 2989 2994 3046 Verbum
3014 2992 3178 3048 Deum
3204 2996 3340 3065 apud
3365 2997 3548 3064 Deum;

1975 3079 2030 3124 et
2059 3070 2258 3127 invenit
2282 3075 2434 3129 unius
2452 3075 2622 3132 Patris
2651 3095 2811 3140 unum
2859 3079 3124 3148 Verbum;
3169 3093 3222 3139 et
3264 3085 3393 3140 vidit
3431 3089 3555 3156 quia

1975 3163 2143 3218 semel
2168 3165 2376 3220 locutus
2405 3177 2488 3222 est
2510 3165 2684 3235 Deus';
2716 3171 2846 3226 vidit
2872 3173 3102 3229 Verbum
3131 3192 3224 3245 per
3250 3178 3390 3248 quod
3417 3179 3554 3235 facta

1975 3267 2096 3311 sunt
2125 3260 2301 3314 omnia
2331 3259 2506 3331 (Joan.
2533 3278 2569 3327 ι,
2594 3262 2766 3331 5),.et
2794 3265 2847 3319 in
2888 3281 2994 3336 quo
3022 3269 3177 3324 simul
3202 3279 3325 3324 sunt
3353 3275 3552 3334 omnia.

1978 3365 2081 3404 non
2106 3349 2332 3416 diversa,
2366 3367 2470 3406 non
2501 3363 2764 3422 separata,
2795 3371 2900 3410 non
2931 3358 3231 3427 inaequalia.
3261 3361 3374 3416 Non
3410 3363 3553 3418 enim

1980 3435 2126 3495 Deus
2168 3441 2307 3510 quod
2336 3457 2430 3510 per
2460 3441 2690 3498 Verbum
2719 3444 2962 3511 faciebat,
2997 3447 3109 3517 ipse
3147 3464 3250 3503 non
3281 3463 3502 3507 noverat
3535 3470 3552 3518 ;

1976 3529 2020 3582 si
2051 3538 2226 3584 autem
2249 3529 2389 3600 quod
2416 3531 2642 3588 iaciebat
2664 3546 2905 3599 noverat,
2940 3537 2991 3590 in
3013 3537 3104 3592 illo
3125 3549 3238 3594 erat
3266 3551 3555 3609 antequam

1980 3618 2128 3672 lierct
2153 3618 2292 3688 quod
2319 3619 2494 3674 ﬁebat.
2522 3619 2576 3676 Si
2603 3623 2867 3679 enimnon
2895 3625 2948 3680 in
2977 3627 3066 3681 illo
3087 3638 3202 3683 erat
3233 3632 3371 3699 quod
3399 3633 3558 3689 ﬁebat

1977 3718 2259 3776 antequam
2286 3707 2462 3774 ﬁebat,
2487 3710 2574 3764 ubi
2599 3716 2971 3783 noveratquod
2996 3716 3389 3774 laciebat?1\'on
3414 3724 3554 3778 enim

1979 3807 2128 3866 potes
2176 3799 2341 3853 Deum
2395 3799 2572 3856 dicere
2619 3804 2852 3872 ignorata
2902 3806 3112 3862 fecisse.
3167 3810 3332 3866 Scit-it
3377 3813 3556 3885 itaque

1983 3885 2120 3941 Deus
2149 3886 2290 3971 quptl
2341 3888 2480 3944 fecit.
2528 3892 2595 3945 Et
2620 3891 2705 3946 ubi
2747 3897 2902 3950 scivit
2943 3905 3226 3967 antequam
3260 3902 3478 3971 laceret,
3507 3906 3555 3961 si

1959 3977 2101 4031 ‘Sciri
2133 3979 2232 4033 nisi
2263 3977 2400 4034 facta
2427 3998 2531 4036 non
2575 3984 2832 4052 possunt?
2871 3987 2974 4042 Sed
3017 4003 3048 4043 a
3087 3988 3240 4046 lactis
3281 3994 3401 4048 sciri
3455 3996 3554 4051 nisi

1980 4077 2104 4122 ante
2133 4067 2270 4123 facta
2299 4087 2404 4124 non
2437 4083 2692 4141 possunt;
2724 4090 2754 4128 a
2784 4086 2834 4130 te
2866 4077 3098 4146 scilicet,
3141 4081 3210 4136 ab
3253 4081 3472 4140 homine
3500 4087 3554 4142 in

1980 4161 2087 4216 imo
2113 4159 2272 4227 facto,
2305 4173 2356 4218 et
2385 4164 2434 4218 in
2467 4166 2574 4218 imo
2605 4165 2813 4234 posito:
2846 4179 3127 4240 antequam
3160 4183 3335 4228 autem
3370 4177 3555 4230 tierent

1979 4251 2095 4307 haec
2143 4253 2349 4318 omnia,
2391 4255 2692 4310 seiebantur
2731 4257 2920 4314 abillo
2946 4275 2976 4315 a
3005 4277 3110 4330 quo
3153 4262 3287 4319 facta
3333 4275 3472 4330 sunt,
3503 4277 3558 4322 et

1978 4343 2119 4414 quod
2149 4345 2301 4400 scivit
2333 4345 2473 4401 fecit.
2520 4347 2657 4418 Ergo
2699 4350 2750 4404 in
2800 4345 2969 4406 Verbo
2999 4351 3091 4408 illo
3128 4369 3224 4423 per
3262 4357 3402 4425 quod
3434 4358 3558 4414 fecit

1978 4438 2178 4500 omnia,
2209 4448 2488 4507 antequam
2520 4439 2705 4494 ﬁerent
2743 4451 2896 4496 erant
2933 4445 3144 4510 omnia;
3195 4455 3392 4501 etcum
3423 4447 3554 4505 facta

1979 4536 2122 4591 Sunt,
2157 4528 2225 4583 ibi
2257 4540 2376 4583 sunt
2405 4531 2581 4585 omnia
2616 4550 2629 4585 :
2657 4532 2748 4586 sed
2773 4533 2927 4588 aliter
2955 4534 3059 4605 hic,
3088 4536 3242 4591 aliter
3267 4537 3336 4592 ibi
3361 4555 3374 4604 ;
3403 4541 3557 4595 aliter

1982 4619 2033 4674 in
2068 4622 2278 4689 propria
2299 4632 2479 4677 natura
2509 4623 2560 4677 in
2591 4640 2690 4694 qua
2721 4626 2853 4681 facta
2878 4636 3036 4694 sunt,
3067 4627 3222 4684 aliter
3246 4629 3298 4684 in
3323 4641 3436 4687 arte
3462 4649 3557 4704 per
3635 4643 3639 4645 ’
3687 4643 3690 4652 “

1981 4725 2138 4780 quam
2170 4710 2305 4765 facta
2346 4725 2487 4768 sunt.
2516 4714 2646 4781 Quis
2691 4715 2791 4770 hoc
2828 4717 3101 4786 explicet?
3143 4720 3335 4777 Conari
3365 4739 3557 4793 possu-

1980 4815 2099 4855 mus
2131 4817 2144 4855 :
2174 4803 2245 4857 ite
2271 4819 2389 4859 cmn
2421 4805 2650 4871 ldithun,
2681 4818 2733 4862 et
2760 4807 2955 4865 videte.

2052 4895 2140 4953 19.
2181 4895 2297 4952 Jam
2348 4911 2513 4968 ergo,
2558 4905 2614 4953 ut
2665 4900 2968 4970 potuimus,
3017 4893 3243 4958 diximus
3289 4909 3557 4977 quomodo

1983 4990 2150 5042 semel
2177 4989 2383 5044 locutus
2401 4999 2482 5044 est
2510 4991 2647 5044 Deus
2677 5008 2690 5044 :
2722 4992 2994 5046 videamus
3021 4994 3287 5063 quomodo
3312 4998 3418 5054 duo
3445 5001 3558 5054 hanc

1983 5081 2202 5146 audivit,
2231 5081 2347 5136 Duo
2371 5082 2477 5135 hcet:
2497 5083 2684 5136 audivi.
2709 5082 2870 5137 Forte
2897 5101 3000 5138 non
3023 5097 3104 5140 est
3124 5103 3474 5159 consequens,
3502 5102 3557 5146 ut

1985 5167 2232 5221 sola'duo
2255 5166 2370 5221 haec
2390 5165 2614 5220 audierit
2643 5183 2662 5232 ¹ε
2685 5167 2802 5232 sed,
2836 5169 2937 5222 duo
2964 5169 3086 5234 haec,
3137 5171 3326 5241 inquit,
3356 5176 3556 5238 audiri;

1982 5257 2225 5326 qumdam
2249 5257 2354 5311 duo
2383 5271 2499 5326 qua:
2529 5255 2681 5312 nobis
2709 5271 2840 5328 Opus
2867 5269 2947 5314 est
2972 5261 3304 5322 utdicantur.
3333 5265 3553 5318 audivit.

1983 5350 2201 5406 Audivit
2240 5351 2377 5406 forte
2418 5351 2522 5406 alia
2575 5353 2779 5418 multa;
2812 5353 2903 5408 sed
2934 5369 3038 5408 non
3067 5370 3200 5426 opus
3230 5365 3310 5410 est
3355 5369 3416 5410 ea
3452 5356 3554 5410 dici

1985 5444 2160 5500 nobis.
2200 5443 2289 5497 Ait
2326 5443 2466 5498 enim
2510 5449 2566 5497 et
2609 5441 2905 5498 Dominus:
2940 5443 3106 5498 Multa
3135 5445 3292 5498 habeo
3315 5445 3450 5498 vobis
3479 5446 3559 5498 di~

1984 5553 2092 5592 cere
2115 5555 2133 5594 :
2161 5537 2250 5590 sed
2277 5553 2376 5590 non
2402 5536 2604 5599 potestis
2623 5537 2714 5590 illa
2741 5547 2943 5606 portare
2964 5537 3111 5590 modo
3136 5536 3156 5605 (
3175 5535 3264 5590 Id.
3292 5551 3402 5599 xvt,
3430 5536 3556 5608 12).

1984 5631 2118 5699 Quid
2145 5641 2229 5685 est
2257 5645 2404 5702 ergo,
2430 5629 2545 5684 Duo
2575 5631 2681 5683 hare
2721 5631 2894 5683 audivi
2918 5629 2943 5684 ?
2982 5629 3107 5683 Huic
3133 5627 3239 5682 duo
3264 5643 3380 5698 qua:
3409 5628 3560 5684 vobis

1987 5723 2223 5780 dicturus
2251 5736 2367 5780 sum
2390 5761 2405 5792 ,
2439 5737 2543 5780 non
2578 5738 2608 5778 a
2654 5737 2740 5780 me
2769 5722 2918 5779 vobis
2939 5723 3080 5793 dico,
3107 5717 3199 5777 sed
3227 5735 3344 5792 qua:
3387 5721 3559 5778 audivi
