4022 6200
453 338 560 394 745

459 453 597 506 dico.
645 446 818 505 Semel
862 448 1051 500 laetatus
1095 453 1165 496 est
1196 440 1326 496 Deus
1358 452 1563 494 :ttnum
1597 435 1824 490 Verbum
1872 429 2031 485 habet

457 543 778 612 unigenitum
803 537 985 591 Deum.
1015 536 1071 590 ln
1099 535 1187 588 illo
1221 532 1391 588 Verbo
1416 539 1540 586 sunt
1561 529 1760 591 onmia,
1787 526 1907 593 quia
1935 538 2029 591 per

459 634 683 687 \‘erbum
709 632 841 683 laeta
870 637 992 682 sunt
1031 627 1226 681 omnia.
1260 624 1431 679 Unam
1473 621 1701 676 Verbum
1731 618 1908 679 habet,
1938 615 2028 670 ubi

454 740 641 780 omnes
665 723 896 778 thesauri
925 720 1196 790 sapientiae
1225 730 1278 773 et
1303 716 1535 772 scientiae
1561 712 1854 768 absconditi
1887 707 2027 782 (Co-

457 823 570 872 loss.
599 834 655 882 u,
687 814 763 885 5).
802 815 973 868 Unum
1021 811 1254 867 Verbum
1298 809 1486 873 habet;
1531 804 1683 860 semet
1722 803 1915 857 locutus
1955 810 2028 855 est

452 913 611 966 Deus.
647 911 761 963 Duo
783 911 910 974 Ιιωσ,
934 923 1050 977 qam
1080 905 1230 959 vobis
1271 903 1508 958 dicturus
1553 916 1688 954 sum.
1723 899 1791 952 ibi
1822 895 2025 960 audivi;

451 1021 556 1060 non
577 1021 637 1058 ex
667 1021 750 1056 me
783 1005 967 1071 loquor
994 1041 1009 1064 ,
1041 1015 1145 1054 non
1176 1015 1239 1051 ex
1275 1013 1360 1051 me
1383 996 1502 1049 dico
1531 1011 1543 1046 :
1577 993 1641 1046 ad
1673 991 1770 1057 hoc
1801 989 2030 1060 pertinet.

448 1097 637 1150 audivi.
679 1095 882 1148 Amicus
920 1103 1085 1145 autem
1115 1089 1285 1158 sponsi
1313 1097 1410 1141 stat
1437 1097 1482 1140 et
1519 1086 1658 1138 audit
1687 1100 1799 1137 eum
1825 1083 1842 1151 (
1866 1080 2021 1134 Joan.

449 1187 681 1257 111,29),
736 1195 796 1239 ut
834 1200 1018 1238 verum
1073 1183 1334 1250 l0quatur.
1383 1178 1536 1232 Audit
1586 1177 1726 1230 enim
1770 1189 1913 1237 cum,
1960 1187 2027 1227 ne

454 1279 720 1349 loquendo
747 1277 1074 1331 tnetidacium
1101 1273 1168 1327 de
1193 1289 1288 1326 suo
1310 1269 1595 1340 loquatar(
1617 1267 1702 1320 Μ.
1738 1282 1845 1329 vta,
1873 1265 1942 1320 44
1964 1262 1982 1335 )
2006 1279 2021 1316 :

453 1389 520 1424 ne
547 1371 774 1431 diceres,
807 1369 935 1433 Quis
959 1383 1017 1420 es
1041 1377 1092 1419 tu
1122 1365 1211 1434 qui
1237 1363 1363 1417 mibi
1397 1364 1494 1416 hoc
1521 1361 1694 1415 dicis?
1727 1358 1864 1413 unde
1895 1355 2023 1412 mihi

455 1463 558 1516 hoc
583 1461 751 1515 dicis?
779 1459 970 1512 Audivi
1015 1457 1130 1511 lucc
1165 1457 1290 1520 duo,
1322 1463 1376 1508 et
1407 1455 1494 1507 ille
1522 1454 1537 1484 ¹
1565 1452 1660 1506 tibi
1690 1452 1874 1520 loquor
1902 1449 2024 1517 quia

447 1557 623 1608 audivi
652 1554 764 1608 haec
784 1553 888 1608 duo
911 1596 925 1618 ,
947 1552 1036 1622 qui
1061 1552 1217 1607 etiam
1239 1549 1460 1619 cognovi
1491 1549 1608 1617 quia
1630 1547 1794 1601 semel
1820 1547 2025 1599 loculus

452 1657 537 1702 est
565 1648 722 1702 Deus.
755 1647 873 1701 Noli
915 1655 1256 1700 contemnere
1297 1642 1592 1696 auditorem
1638 1640 1902 1694 dicentem
1929 1637 2023 1692 tibi

358 1728 364 1734 ’
455 1737 696 1806 quaedam
728 1737 834 1789 duo
885 1736 974 1789 tibi
1022 1732 1342 1796 necessaria,
1392 1747 1511 1786 eum
1553 1731 1640 1800 qui
1683 1727 2026 1784 transiliendo

435 1825 761 1882 universam
809 1837 1107 1882 creaturam
1151 1824 1391 1895 pervenit
1434 1823 1500 1878 ad
1529 1822 1758 1877 Verbum
1791 1819 2029 1891 unigeni-

456 1932 566 1974 tum
587 1921 697 1984 Dei,
720 1919 808 1973 ubi
833 1919 996 1973 sciret
1012 1918 1132 1988 quia
1156 1918 1322 1972 semel
1351 1918 1555 1971 locutus
1577 1923 1661 1970 est
1687 1917 1844 1970 Deus.

519 2013 608 2068 Ἥ).
652 2013 802 2066 Dicat
830 2026 956 2080 ergo
979 2012 1087 2080 jam
1115 2009 1352 2080 qumdam
1393 2007 1516 2062 duo.
1545 2006 1764 2062 Multum
1790 2006 1930 2062 enim
1959 2004 2026 2060 ad

450 2119 548 2157 nos
595 2103 860 2170 pertinent
897 2100 1012 2154 hmc
1044 2099 1170 2154 duo.
1201 2098 1448 2164 Quoniam
1477 2107 1691 2168 potestas
1731 2095 1824 2150 Dei
1858 2104 1951 2162 est,
1979 2104 2027 2149 et

450 2195 559 2260 tibi,
583 2193 790 2247 Domine
807 2235 822 2258 ,
855 2192 1218 2246 misericordia.
1250 2190 1350 2244 lsta
1377 2201 1500 2244 sunt
1527 2189 1659 2255 duo;
1688 2196 1946 2258 potestas,
1973 2197 2029 2242 et

450 2287 850 2342 misericordia?
875 2284 982 2339 Ista
1013 2285 1168 2354 plane
1196 2301 1208 2336 :
1234 2283 1511 2353 intelligite
1553 2291 1867 2352 potestatem
1893 2280 2021 2342 Dei;

450 2380 728 2449 intelligite
759 2377 1177 2434 misericordiam
1207 2376 1318 2431 Dei.
1351 2376 1440 2430 llis
1456 2375 1661 2430 duobus
1685 2375 2027 2429 continentur

449 2488 614 2542 prope
635 2487 820 2526 otnnes
841 2471 1145 2541 Scriptum.
1179 2470 1401 2539 Propter
1421 2469 1536 2523 hare
1565 2468 1690 2535 duo,
1723 2467 2024 2538 Propheta};

451 2573 669 2632 propter
699 2564 813 2616 haec
841 2561 969 2626 duo,
1023 2559 1376 2625 Patriarchaa;
1428 2567 1644 2630 propter
1689 2557 1835 2622 ha'c,
1875 2557 2020 2622 Lex;

450 2663 668 2725 propter
696 2653 843 2718 haec,
874 2653 988 2723 ipse
1035 2651 1286 2706 Dominus
1329 2659 1510 2704 noster
1555 2648 1709 2704 Jcsus
1745 2647 2022 2710 Christus;

448 2758 667 2820 prapter
711 2748 845 2811 hare,
899 2747 1173 2818 Apostoli;
1225 2755 1441 2816 propter
1496 2744 1646 2811 haec,
1695 2744 2024 2802 annuntiatio

447 2841 641 2902 onmis,
659 2850 709 2894 et
731 2839 1016 2894 celebratio
1034 2837 1174 2893 verbi
1199 2837 1290 2892 Dei
1317 2838 1368 2890 in
1396 2836 1631 2892 Ecclesia
1650 2853 1664 2890 :
1683 2847 1896 2908 prapter
1912 2835 2027 2892 lucc

449 2934 573 2997 duo;
593 2942 806 3003 propter
818 2941 1133 3002 potestatem
1154 2930 1246 2985 Dei
1269 2940 1322 2984 et
1341 2929 1778 2985 misericordiam.
1793 2929 2025 2985 Potesta-

450 3026 688 3095 tcmejus
718 3025 926 3091 timete;
959 3023 1372 3079 misericordiam
1391 3023 1505 3090 ejus
1528 3030 1721 3078 amate.
1745 3022 1854 3077 Nec
1869 3021 2026 3078 sicde

450 3116 812 3171 misericordia
843 3115 958 3185 ejus
1001 3114 1346 3184 przesumatis,
1375 3122 1433 3167 at
1477 3122 1790 3183 potestatem
1844 3123 2027 3169 conte-

451 3207 674 3264 mnatis:
698 3223 797 3263 nec
808 3207 882 3262 sic
896 3215 1207 3277 potestatem
1229 3206 1479 3272 timeatis,
1494 3215 1551 3261 at
1573 3205 1641 3262 de
1665 3205 2026 3263 misericordia

451 3301 765 3370 desperetis.
798 3300 950 3369 Apud
989 3299 1134 3352 illum
1165 3308 1434 3368 potestas;
1462 3297 1602 3367 apud
1641 3299 1786 3352 illam
1819 3299 2026 3352 miseri-

450 3393 653 3448 cordia.
686 3393 836 3447 Hunc
863 3391 1132 3454 lmmiliat;
1163 3400 1218 3446 et
1248 3391 1387 3446 hunc
1410 3388 1649 3463 exaltat(
1678 3388 1818 3443 Psat.
1844 3405 2023 3455 Lxxw,

453 3483 507 3550 8)
543 3504 553 3536 :
590 3483 730 3536 banc
772 3482 1014 3536 lmmiliat
1041 3489 1334 3551 potestate;
1387 3482 1534 3538 illum
1576 3481 1773 3538 exaltat
1820 3481 2028 3535 miseri-

449 3576 650 3634 cordia.
679 3577 740 3633 Si
777 3579 910 3632 enim
936 3576 1071 3631 Deus
1099 3576 1267 3631 volens
1285 3577 1541 3633 ostendere
1577 3576 1726 3639 iram,
1754 3584 1801 3629 et
1820 3576 2028 3629 demon-

451 3663 614 3726 strare
659 3671 930 3742 potentiam
958 3687 1123 3734 suam,
1151 3671 1322 3724 attulit
1349 3670 1402 3723 in
1431 3669 1588 3724 multa
1630 3669 1870 3740 patientia
1909 3684 2029 3721 uasa

452 3764 560 3826 ἕνα),
579 3779 690 3835 qua:
717 3767 937 3834 perfecta
960 3771 1075 3816 sunt
1109 3763 1161 3816 in
1188 3762 1532 3832 perditionem.
1561 3759 1765 3814 Audisti
1798 3767 2030 3829 potesta-

456 3865 560 3906 tem
597 3872 608 3906 :
642 3868 819 3923 qumrc
850 3853 1287 3907 miscricordiam.
1321 3850 1389 3907 Ut
1413 3863 1578 3916 notas,
1609 3850 1809 3920 inquit,
1841 3855 2028 3921 faceret

455 3947 652 4000 divitias
681 3963 798 4000 suas
841 3947 892 3999 in
930 3963 1052 4000 vasa
1088 3946 1463 4000 misericordia.
1514 3945 1752 4000 Pertinet
1793 3959 1918 4013 ergo
1961 3943 2031 4000 ad

449 4038 571 4103 ‘ejas
598 4025 910 4105 potestatein
941 4037 1194 4092 damnare
1220 4037 1468 4116 iniquos.
1503 4038 1566 4091 Et
1592 4036 1710 4107 quis
1738 4036 1810 4091 illi
1843 4036 1982 4091 dicat
2012 4053 2025 4090 :

456 4128 594 4195 Quid
622 4127 828 4183 fecisti?
857 4128 932 4181 Tu
961 4130 1110 4192 enim,
1135 4146 1164 4182 ο
1195 4130 1362 4190 homo,
1385 4130 1496 4198 quis
1523 4145 1596 4194 es,
1622 4130 1706 4198 qui
1727 4127 2031 4196 respondeas

458 4220 565 4273 Deo
596 4219 767 4291 (Rom.
797 4237 870 4285 IX,
900 4219 991 4286 2'2,
1023 4221 1113 4285 ‘25,
1142 4220 1278 4289 ‘20)?
1305 4221 1458 4275 Time
1485 4236 1613 4288 ergo
1640 4229 1694 4275 et
1723 4229 1891 4274 treme
1914 4219 2030 4288 ejus

455 4320 770 4380 potestatem
795 4329 809 4377 ;
837 4311 927 4365 sed
949 4297 1101 4380 spera
1129 4311 1242 4381 ejus
1269 4313 1708 4368 misericordiam.
1739 4310 1988 4365 Diabolus
2009 4311 2028 4342 ¹

460 4412 696 4471 potestas
723 4403 962 4472 quaedam
990 4413 1103 4467 est;
1135 4403 1442 4474 plerumque
1470 4413 1642 4458 tamen
1674 4403 1781 4456 vult
1816 4416 2028 4468 nocere,

457 4507 515 4552 et
559 4513 663 4552 non
695 4506 887 4567 potest,
920 4497 1040 4565 quia
1081 4505 1315 4565 potestas
1358 4497 1454 4550 ista
1487 4497 1583 4550 sub
1621 4503 1882 4566 potestate
1927 4501 2028 4548 est.

459 4593 590 4647 Nam
609 4592 653 4648 si
681 4603 880 4648 tantum
907 4599 1089 4663 posset
1125 4604 1320 4644 nocere
1345 4589 1582 4644 diabolus
1610 4599 1862 4660 quantum
1891 4588 2025 4653 vult,

467 4701 569 4737 non
597 4687 788 4755 aliquis
811 4689 1070 4752 justorum
1095 4692 1414 4746 remaneret,
1442 4691 1534 4737 aut
1577 4683 1768 4745 aliquis
1797 4681 2029 4736 fidelium

387 4785 397 4795 ‘
465 4778 682 4830 essetin
715 4789 874 4832 terra.
925 4779 1040 4847 Ipse
1082 4793 1174 4846 per
1204 4790 1325 4829 vasa
1355 4790 1448 4834 sua
1476 4774 1718 4843 impellit.
1752 4774 1901 4843 quasi
1935 4788 2028 4843 pa-

461 4867 648 4922 rietem
680 4868 1017 4934 inclinatam;
1046 4868 1140 4925 sed
1169 4875 1370 4922 tantum
1409 4865 1634 4936 impellit
1660 4874 1913 4937 quantum
1939 4879 2031 4919 ac-

462 4959 592 5026 t-ipit
622 4967 954 5028 potestatem.
984 4960 1052 5016 Ut
1096 4970 1272 5017 autem
1313 4974 1415 5014 non
1444 4957 1600 5013 cadat
1626 4957 1822 5026 paries,
1853 4955 2035 5012 Domi-

467 5068 566 5105 nus
595 5053 876 5120 suscipiet;
909 5054 1156 5121 quoniam
1187 5053 1273 5123 qui
1303 5052 1392 5106 dat
1417 5058 1730 5122 potestatem
1763 5048 2032 5113 tentatori,

465 5145 579 5216 ipse
627 5154 829 5200 tentato
869 5145 1065 5214 pra‘bet
1107 5145 1543 5217 misericordiam.
1591 5141 1673 5198 Ad
1729 5154 2035 5195 mensuram

464 5241 606 5297 enim
639 5238 958 5311 permittitur
987 5237 1008 5269 ³
1035 5247 1238 5292 tentare
1265 5238 1543 5292 diabolus:
1578 5235 1642 5289 Et
1670 5235 1863 5306 potabis
1906 5249 2035 5297 nos,

465 5333 652 5404 inquit,
684 5331 737 5385 in
777 5329 1012 5400 Iacrymis
1037 5329 1089 5382 in
1118 5345 1351 5382 mensura
1378 5327 1561 5401 (Psal.
1593 5343 1777 5390 usus,
1807 5325 1897 5395 6).
1919 5323 2035 5379 Noli

464 5443 591 5499 ergo
622 5427 806 5481 timere
855 5422 1167 5493 permissum
1215 5421 1410 5490 aliquid
1460 5420 1633 5475 facere
1681 5429 2032 5482 tentatorem;

525 5669 544 5702 ⁸
580 5672 652 5717 Sic
676 5676 779 5716 Mss.
810 5663 1008 5718 “add”
1031 5663 1132 5714 illa.

526 5733 547 5762 ι
582 5731 711 5786 Filil.,
736 5728 938 5776 diabo‘n.
966 5731 1022 5779 Ἀι
1043 5733 1169 5787 Mss,
1189 5724 1423 5781 diabolus,
1451 5719 1720 5770 aoa‘iinaudi
1746 5734 1872 5770 rasa.

528 5791 548 5824 ³
581 5799 707 5855 ω..
732 5788 1018 5842 admittitur.

1289 311 1323 352 θ’
1685 321 1744 376 s.
1778 311 2136 376 Aucasrm
2178 311 2482 372 EPlSCOt!

3607 313 3716 368 764

2139 425 2302 482 babes
2339 431 2478 484 enim
2509 431 3057 486 misericordissimam
3087 430 3435 486 Salvatorem.
3481 429 3714 483 Tantum

2137 520 2457 589 permittitur
2483 522 2570 576 ille
2596 531 2799 577 tentare
2825 531 3080 592 quantum
3108 521 3197 575 tibi
3219 520 3456 590 prodest,
3483 530 3536 572 ut
3555 535 3713 574 exoro

2134 611 2326 677 cearis,
2356 620 2414 665 ut
2441 612 2708 680 proberis;
2740 623 2798 667 ut
2818 614 2908 684 qui
2942 622 2993 667 te
3017 611 3312 677 nesciebas,
3345 627 3374 666 a
3401 623 3451 665 te
3481 613 3594 680 ipso
3625 611 3713 664 in.

2133 702 2384 757 veniatis.
2411 701 2540 756 Nam
2572 703 2682 768 ubi,
2709 705 2792 760 vel
2838 703 2998 770 unde,
3045 703 3147 758 nisi
3183 703 3252 757 de
3281 705 3378 758 hac
3421 703 3514 758 Dei
3554 713 3709 772 pote-

2131 803 2289 858 state,
2316 803 2369 850 et
2391 795 2746 850 misericordia
2776 796 2947 850 securi
2977 811 3096 851 esse
3115 794 3390 860 debemus,
3419 794 3710 849 secundum

2133 887 2278 942 illam
2305 889 2650 957 apostolicam
2677 889 2993 959 sententiam
3024 907 3038 942 :
3071 881 3267 941 Fidelis
3296 887 3433 940 Deus
3453 929 3467 953 ,
3497 888 3713 957 quinon

2133 977 2379 1048 permittit
2417 995 2503 1033 vos
2530 980 2710 1033 tentari
2737 995 2887 1050 super
2928 980 2981 1034 id
3007 979 3143 1050 quod
3170 980 3376 1052 potestis
3404 978 3425 1052 (
3452 981 3468 1033 Ι
3495 976 3614 1034 Cor.
3651 996 3715 1046 ι,

2135 1071 2288 1142 15)?

2200 1163 2292 1218 21.
2335 1161 2494 1232 Ergo,
2545 1161 2770 1216 Potestas
2801 1161 2894 1215 Dei
2917 1173 2988 1216 est
3018 1178 3036 1216 :
3067 1160 3186 1216 Non
3231 1172 3301 1216 est
3325 1163 3458 1215 enim
3496 1173 3717 1230 potestas

2131 1255 2228 1308 nisi
2254 1252 2449 1326 aDeo(
2478 1253 2624 1308 Rom.
2655 1269 2766 1318 xui,
2798 1254 2820 1307 l
2852 1252 2893 1326 ).
2926 1253 3044 1308 Noli
3071 1253 3269 1318 dicere,
3306 1253 3367 1306 Et
3393 1252 3518 1322 quid
3546 1253 3593 1306 ei
3620 1253 3712 1307 dat

2133 1355 2330 1399 tantam
2379 1344 2736 1414 potestatem?
2783 1343 2851 1397 Et
2893 1360 2995 1398 non
3024 1343 3114 1398 det
3145 1353 3477 1412 potestatem.
3503 1343 3714 1412 Quidat

2131 1443 2468 1504 potestatem,
2493 1433 2651 1489 habet
2674 1434 2971 1504 aequitatem
2998 1435 3013 1466 ⁸
3037 1434 3060 1487 ?
3087 1434 3166 1489 Tu
3185 1435 3360 1504 inique
3377 1450 3718 1492 murmurare

2131 1535 2304 1595 potes,
2337 1526 2426 1581 ille
2452 1526 2753 1595 {equitatem
2784 1525 3007 1596 perdere
3057 1542 3161 1581 non
3214 1536 3408 1597 potest.
3446 1526 3720 1595 Numquid

2130 1617 2378 1687 iniquitas
2391 1620 2530 1683 apud
2568 1615 2778 1669 Deum?
2803 1617 2941 1671 Absit
2969 1615 2990 1689 (
3019 1615 3104 1670 Id.
3140 1633 3212 1682 Ix,
3235 1619 3300 1672 14
3331 1621 3371 1686 ).
3399 1618 3510 1672 [loc
3532 1617 3631 1689 ﬁge
3655 1620 3714 1674 in

2130 1708 2325 1773 corde;
2357 1707 2459 1762 hoc
2479 1707 2548 1762 de
2575 1707 2891 1778 cogitatione
2933 1717 3020 1762 tua
3059 1723 3162 1762 non
3189 1709 3712 1764 escutiatinimicns.

2132 1799 2340 1855 Facere
2359 1807 2531 1870 potest
2559 1798 2758 1869 aliquid
2777 1798 2938 1862 Deus,
2957 1809 3014 1852 ut
3033 1807 3088 1852 tu
3101 1799 3306 1853 nescias
3317 1814 3483 1868 quare
3506 1800 3661 1855 iaciat
3697 1819 3714 1853 :

2133 1891 2312 1961 inique
2345 1901 2520 1944 tamen
2548 1888 2724 1945 facere
2753 1905 2857 1944 non
2890 1897 3093 1960 potest,
3125 1889 3265 1960 apud
3303 1905 3459 1960 quem
3493 1906 3598 1944 non
3627 1902 3718 1946 est

2131 1983 2400 2053 iniquitas.
2423 1982 2552 2036 Nam
2585 1996 2711 2038 ecce
2741 1980 3082 2050 reprehendis
3128 1980 3292 2035 Deum
3314 1977 3464 2050 quasi
3491 1981 3559 2035 de
3602 1981 3714 2035 ini-

2131 2086 2332 2146 quitate
2377 2074 2510 2147 (ago
2539 2084 2709 2130 tecum
2739 2074 2955 2144 aliquid,
2986 2072 3200 2129 attende
3221 2072 3488 2144 paululum
3513 2075 3566 2145 ):
3601 2090 3714 2127 non

2130 2165 2554 2236 reprehenderes
2598 2166 2963 2235 iniquitatem,
3006 2167 3106 2220 nisi
3153 2165 3383 2221 videndo
3422 2165 3711 2235 justitiam.

2130 2259 2504 2331 Reprehensor
2528 2258 2817 2328 iniquitatis
2842 2274 2961 2314 esse
2978 2274 3081 2314 non
3104 2258 3379 2329 potestqui
3409 2273 3512 2312 non
3535 2260 3717 2314 cernit

2125 2351 2420 2422 justitiam;
2440 2350 2525 2405 cui
2555 2359 2915 2420 comparatam
2964 2351 3319 2421 reprehendat
3351 2351 3706 2421 iniquitatem.

2131 2442 2283 2499 Unde
2308 2442 2450 2497 enim
2481 2442 2585 2496 ocis
2604 2442 2725 2512 quia
2747 2441 2848 2496 hoc
2874 2443 3125 2512 injustam
3153 2454 3254 2509 est,
3279 2441 3379 2496 nisi
3410 2443 3546 2496 scias
3572 2443 3705 2512 quid

2128 2536 2200 2591 sit
2239 2536 2482 2607 justum?
2509 2535 2645 2602 Quid
2684 2535 2729 2588 si
2768 2535 2908 2588 enim
2946 2534 3147 2604 justum
3177 2544 3259 2589 est
3295 2541 3349 2590 et
3395 2533 3514 2600 hoc,
3560 2536 3714 2605 quod

2129 2627 2264 2683 dicis
2290 2627 2582 2698 injustam?
2604 2626 2776 2691 Absit,
2807 2625 3000 2696 inquis,
3026 2625 3275 2695 injustam
3303 2633 3414 2680 est:
3433 2635 3487 2680 et
3503 2625 3714 2681 clamas

2126 2721 2277 2793 quasi
2309 2718 2608 2775 videntibus
2636 2721 2656 2749 ¹
2687 2717 2876 2782 oculis,
2921 2717 3107 2772 videns
3148 2716 3247 2772 hoc
3291 2716 3541 2786 injustam
3583 2731 3712 2773 esse

2129 2813 2311 2884 utique
2335 2826 2403 2866 ex
2431 2811 2603 2880 aliqua
2632 2808 2813 2880 regula
2846 2807 3084 2878 jastitiae,
3134 2809 3216 2861 cui
3260 2821 3575 2877 comparans
3603 2806 3714 2863 hoc

2128 2905 2271 2979 quod
2299 2902 2447 2959 vides
2478 2918 2718 2973 pravam,
2747 2909 2801 2956 et
2837 2914 3064 2955 cernens
3093 2915 3196 2953 non
3229 2898 3515 2953 convenire
3542 2899 3715 2954 recti—

2132 2999 2299 3055 tudini
2343 2996 2539 3068 regulae
2565 3004 2687 3060 tute,
2716 2991 3095 3065 reprehendis;
3121 2999 3366 3061 tanquam
3387 2989 3578 3045 artifex
3599 2989 3715 3044 dis-

2128 3105 2352 3146 cernens
2398 3087 2599 3158 justum
2625 3083 2692 3139 ab
2722 3084 2934 3154 injusto.
2969 3081 3109 3153 Ergo
3133 3097 3358 3153 quaeroa
3384 3091 3435 3136 te
3459 3098 3476 3137 :
3496 3081 3711 3137 iustum

2131 3182 2234 3238 hoc
2261 3196 2380 3237 esse
2407 3180 2546 3234 unde
2567 3177 2746 3232 vides?
2776 3175 2893 3242 Ubi,
2925 3176 3158 3246 inquam,
3187 3174 3335 3229 vides
3365 3171 3466 3228 hoc
3481 3175 3713 3244 justum,

2130 3290 2236 3346 quo
2263 3273 2396 3339 visu,
2442 3269 2788 3342 reprehendis
2828 3266 3116 3338 injustam?
3162 3265 3312 3322 Unde
3355 3265 3484 3321 illud
3529 3267 3720 3322 nescio

2130 3367 2277 3439 quid,
2306 3382 2410 3436 quo
2437 3364 2734 3434 aspergitur
2759 3362 2933 3416 anima
2965 3371 3070 3425 tua,
3099 3376 3166 3415 ex
3191 3360 3370 3414 multis
3389 3360 3629 3430 partibus
3651 3360 3717 3414 in

2131 3459 2357 3528 caligine
2403 3456 2708 3517 constituta,
2743 3454 2921 3508 nescio
2963 3451 3089 3522 quid
3138 3449 3240 3504 hoc
3286 3450 3425 3521 quod
3465 3459 3720 3504 coruscat

2131 3551 2295 3606 menti
2326 3548 2466 3603 tuae?
2493 3546 2631 3602 unde
2658 3545 2758 3599 hoc
2779 3544 3011 3616 justum?
3039 3542 3179 3598 Itane
3193 3558 3296 3598 non
3323 3541 3483 3596 habet
3509 3542 3716 3596 fontem

2130 3644 2321 3701 suum?
2347 3644 2388 3698 A
2416 3651 2468 3697 te
2509 3641 2602 3696 tibi
2629 3649 2712 3694 est
2735 3637 2876 3710 quod
2914 3637 3114 3707 justum
3143 3646 3244 3701 est,
3279 3645 3332 3691 et
3360 3645 3414 3689 ta
3439 3636 3534 3689 tibi
3561 3645 3718 3705 potes

2129 3737 2260 3792 dare
2281 3731 2580 3806 justitiam?
2606 3731 2774 3786 Nemo
2808 3729 2905 3785 sibi
2934 3729 3023 3783 dat
3050 3727 3189 3798 quod
3220 3743 3323 3781 non
3356 3727 3537 3781 habet.
3573 3727 3717 3795 Ergo

2132 3845 2252 3884 cum
2281 3829 2356 3884 sis
2379 3826 2623 3896 injustas,
2654 3839 2774 3879 esse
2803 3838 2908 3877 non
2940 3830 3089 3890 potes
3112 3821 3314 3888 justus,
3347 3819 3446 3874 nisi
3478 3834 3712 3873 conver-

2135 3920 2292 3976 tenda
2316 3927 2367 3974 te
2395 3918 2460 3972 ad
2489 3915 2768 3988 quamdam
2806 3898 3065 3984 justitiam
3115 3920 3449 3976 manentem;
3482 3926 3514 3964 a
3539 3924 3638 3979 qua
3661 3911 3715 3964 si

2132 4014 2358 4080 recedis,
2391 4013 2616 4081 injustas
2640 4025 2728 4074 es;
2781 4007 2844 4062 ad
2873 4021 3030 4076 quam
3061 4005 3104 4059 si
3153 4003 3384 4068 accedis,
3411 4003 3586 4073 justus
3625 4017 3713 4056 es.

2133 4106 2211 4162 Te
2238 4103 2519 4160 recedente
2556 4116 2660 4154 non
2709 4097 2924 4158 deficit;
2955 4106 3004 4150 te
3032 4094 3318 4150 accedente
3355 4109 3462 4148 non
3493 4095 3711 4148 crescit.

2135 4199 2235 4255 Ubi
2263 4205 2346 4252 est
2385 4209 2511 4264 ergo
2553 4193 2651 4246 ista
2684 4189 2926 4260 justitia?
2954 4189 3171 4255 Quaeres
3215 4186 3267 4238 in
3309 4186 3493 4239 terra?
3534 4184 3714 4238 Absit.

2134 4291 2250 4346 Non
2281 4289 2421 4345 enim
2446 4300 2632 4340 aurum
2660 4292 2751 4338 aut
2774 4281 2974 4352 lapides
3001 4282 3260 4350 pretiosos
3287 4277 3480 4348 quaeris
3502 4319 3514 4342 ,
3548 4277 3718 4343 justi-

2137 4385 2262 4440 tiam
2292 4394 2554 4454 qamrcns.
2597 4378 2787 4446 Qumre
2836 4376 2887 4428 in
2938 4373 3092 4436 mari,
3137 4385 3316 4442 quaere
3355 4370 3407 4423 in
3454 4368 3715 4437 nubibus,

2135 4491 2315 4547 quzere
2345 4475 2396 4527 in
2426 4471 2592 4525 stellis
2624 4489 2636 4523 :
2668 4482 2847 4539 quaere
2888 4467 2956 4520 in.
2980 4464 3237 4534 Angelis;
3268 4461 3476 4516 invenis
3500 4461 3550 4515 in
3583 4461 3715 4526 illis,

2139 4568 2231 4624 sed
2261 4577 2314 4622 et
2341 4565 2439 4634 ipsi
2459 4563 2526 4618 de
2551 4563 2693 4616 fonte
2712 4559 2915 4614 bibunt.
2945 4555 3154 4611 iustitia
3196 4554 3337 4609 enim
3386 4552 3717 4623 Angeloram

2139 4664 2189 4718 in
2220 4659 2466 4718 omnibus
2512 4664 2613 4721 est,
2660 4653 2754 4708 sed
2797 4651 2865 4705 ab
2895 4666 3000 4704 ano
3028 4648 3249 4718 capitur.
3299 4646 3525 4715 Respice
3559 4661 3716 4715 ergo,

2140 4752 2474 4818 transcendc,
2509 4749 2641 4803 vade
2665 4748 2788 4802 illac
2818 4745 2902 4798 ubi
2926 4742 3091 4797 semel
3117 4742 3324 4797 locutus
3349 4750 3432 4793 est
3459 4739 3633 4803 Deus;
3661 4748 3720 4793 et

2139 4850 2210 4906 ibi
2241 4846 2479 4902 invenies
2505 4843 2704 4897 fontem
2728 4837 2964 4908 jastitim,
2989 4834 3077 4888 ubi
3119 4843 3200 4888 est
3229 4831 3346 4887 fons
3374 4831 3496 4884 vitm
3524 4847 3538 4882 :
3575 4831 3720 4895 Quo-

2138 4943 2275 4996 niam
2303 4937 2441 5008 apud
2463 4946 2508 4990 te
2532 4943 2603 4988 est
2629 4932 2742 5001 fons
2762 4928 2913 4999 vitw(
2943 4926 3087 4980 Psal.
3113 4941 3298 4986 xxxv,
3324 4924 3390 4978 10
3416 4923 3456 4991 ).
3487 4922 3541 4978 Si
3571 4922 3718 4978 enim

2140 5043 2194 5088 ta
2223 5030 2290 5086 de
2334 5042 2457 5083 rore
2498 5024 2688 5094 exiguo
2733 5019 2971 5090 judicare
3000 5019 3079 5070 vis
3108 5014 3248 5086 quod
3286 5014 3486 5084 justum
3528 5021 3629 5076 est,
3661 5023 3719 5065 et

2143 5122 2284 5195 quod
2312 5120 2565 5191 injustam
2594 5123 2708 5179 est;
2739 5109 2991 5180 namquid
3043 5107 3290 5178 iniquitas
3333 5103 3474 5174 apud
3523 5105 3716 5169 Deum,

2139 5216 2282 5272 unde
2296 5214 2361 5268 ad
2393 5223 2443 5266 te
2460 5217 2638 5264 manat
2665 5214 2916 5274 tanquam
2946 5201 3012 5255 de
3035 5200 3178 5255 [ante
3208 5199 3431 5269 jastitia.
3455 5198 3508 5251 in
3539 5214 3716 5267 quan-

2143 5319 2250 5364 tum
2269 5307 2467 5376 justum
2501 5299 2662 5368 sapis,
2693 5312 2812 5350 cum
2842 5310 2907 5348 ex
2934 5292 3112 5347 multis
3140 5290 3373 5359 partibus
3403 5288 3582 5358 inique
3623 5287 3722 5342 de-

2141 5397 2340 5472 sipias?
2373 5393 2540 5449 Habet
2581 5404 2706 5459 ergo
2757 5386 2954 5442 fontem
2996 5383 3216 5452 jastitia:
3272 5381 3428 5435 Deus.
3482 5378 3601 5433 Noli
3645 5380 3720 5433 ibi

2141 5470 2380 5564 quzcrere
2432 5483 2793 5554 iniquitatem,
2837 5477 2924 5532 ubi
2967 5475 3053 5530 lux
3093 5476 3208 5530 sine
3246 5471 3429 5528 umbra
3460 5479 3564 5526 est.
3613 5470 3722 5526 Sed

2207 5653 2223 5682 ι
2259 5647 2331 5696 sic
2355 5652 2458 5691 Mss.
2493 5638 2608 5687 Fdd.
2649 5647 2797 5696 vero:
2820 5639 2874 5682 Et
2895 5644 3042 5696 quare
3078 5630 3160 5696 dat
3203 5634 3381 5680 tantum
3423 5631 3707 5690 potestatem

2143 5721 2189 5766 et
2226 5692 2324 5760 non
2335 5707 2396 5756 de
2414 5695 2797 5766 potestatemith
2809 5692 3115 5757 aequitatem?

2210 5756 2236 5809 ί
2246 5756 2449 5832 "Aliquot
2465 5773 2591 5823 Mss,
2614 5756 2881 5825 ﬁdentibtts.
