4022 6200
281 308 385 365 745

279 427 434 495 plane
463 423 627 480 latere
649 433 701 478 te
732 431 910 494 potest
929 436 1106 476 causa.
1137 420 1192 476 Si
1210 420 1338 475 latet
1364 429 1417 474 te
1443 433 1623 483 causa,
1642 417 1852 484 reSplce

282 516 627 584 ignorantiam
663 523 840 576 tuam,
873 511 992 566 vide
1018 512 1105 582 qui
1151 511 1254 574 sis;
1293 508 1505 563 attende
1551 507 1663 561 hxc
1695 505 1800 559 duo
1834 521 1848 557 :
1896 504 1903 514 '

283 606 533 672 Quoniam
561 614 778 674 potestas
803 603 898 656 Dei
925 613 999 656 est
1025 644 1038 667 ,
1068 611 1113 655 et
1158 601 1266 666 tibi,
1306 599 1538 658 Domine.
1569 597 1850 650 misericor-

279 699 384 748 dia.
417 696 651 750 Fortiora
679 707 723 749 te
744 714 802 748 ne
822 695 1095 764 qiitrsieris,
1136 703 1183 745 et
1210 692 1398 745 altiora
1436 699 1483 742 te
1515 707 1575 743 ne
1599 697 1847 742 scrutatus

281 789 472 850 fueris;
497 788 585 841 sed
603 803 714 856 qua:
733 787 965 857 prcccepit
1006 785 1090 838 tibi
1117 782 1393 841 Dominus,
1425 782 1513 833 illa
1539 780 1700 850 cogita
1728 792 1847 830 sem-

279 897 369 946 per
408 878 427 949 (
465 877 622 930 Eccli.
649 893 727 942 ιιι,
755 876 824 928 22
855 877 893 945 ).
923 875 1053 944 Quia
1095 873 1160 926 ad
1192 874 1304 926 haec
1335 886 1454 940 quae
1481 870 1570 923 tibi
1601 867 1849 937 pra-copit

280 969 420 1021 Dens
449 968 714 1035 pertinent
740 967 832 1018 ista
865 965 970 1019 duo
1005 982 1019 1018 :
1046 963 1299 1029 Quoniam
1317 969 1534 1028 potestas
1556 956 1652 1010 Dei
1679 968 1768 1020 est,
1800 965 1845 1008 et

275 1059 388 1123 tibi,
441 1056 674 1121 Domine,
718 1056 1082 1109 misericordia.
1125 1054 1242 1110 Noli
1289 1053 1475 1106 timere
1529 1050 1843 1103 inimicum:

277 1157 480 1203 tantum
512 1147 634 1202 facit
653 1157 902 1216 quantum
923 1147 1185 1214 acceperit
1206 1153 1538 1214 potestatem.
1561 1142 1694 1195 Eum
1722 1141 1848 1194 time

279 1240 366 1308 qui
391 1237 550 1294 habet
575 1254 834 1294 summam
865 1245 1183 1307 potestatem
1207 1253 1224 1301 ;
1252 1251 1370 1290 eum
1399 1235 1523 1288 time
1550 1232 1638 1304 qui
1676 1245 1846 1301 quan-

276 1338 390 1383 tum
417 1327 549 1395 vult,
579 1336 780 1382 tantum
820 1326 976 1392 facit,
1005 1334 1063 1382 et
1099 1326 1189 1396 qui
1227 1325 1422 1395 injuste
1449 1323 1577 1378 nihil
1617 1321 1758 1385 facit,
1796 1327 1851 1373 et
1911 1343 1918 1352 -

279 1419 532 1490 quidquid
577 1418 783 1484 fecerit,
841 1413 1038 1482 justum
1077 1427 1180 1473 est.
1227 1417 1551 1470 Putabamus
1592 1415 1845 1483 injustum

273 1527 398 1567 esse
419 1512 596 1566 nescio
623 1510 748 1581 quid
779 1528 794 1566 :
822 1525 889 1565 ex
932 1509 1033 1565 hoc
1069 1510 1190 1580 quia
1236 1507 1360 1564 fecit
1389 1507 1550 1572 Dens,
1583 1505 1846 1575 credeju-

279 1615 418 1657 stum
448 1617 586 1658 esse.
1254 1659 1257 1662 .

350 1697 438 1749 2‘2.
467 1696 626 1764 Ergo,
651 1695 844 1762 inquis,
867 1695 910 1747 si
937 1694 1054 1762 quis
1072 1691 1341 1746 hominem
1368 1691 1574 1746 occidat
1596 1690 1850 1744 innocen-

282 1796 412 1852 tem,
439 1787 578 1855 juste
619 1787 760 1852 facit,
801 1801 866 1837 an
909 1784 1125 1854 inique?
1152 1783 1333 1851 Inique
1371 1797 1520 1835 sane.
1550 1783 1721 1848 Quare
1749 1779 1850 1832 hoc

284 1878 539 1949 permittit
565 1877 740 1932 Deus?
773 1876 898 1930 Vide
933 1877 1078 1946 prius
1117 1892 1183 1930 ne
1225 1875 1346 1929 illud
1389 1875 1579 1928 debeas
1608 1890 1621 1926 :
1649 1870 1852 1939 Frange

281 1968 518 2022 csurimti
558 1984 737 2036 panem
773 1977 932 2031 tuum,
971 1977 1018 2018 et
1055 1981 1262 2036 egenum
1300 1965 1406 2018 sine
1443 1973 1567 2016 tecto
1607 1961 1758 2015 induc
1798 1962 1851 2012 in

281 2063 485 2114 domum
515 2072 650 2112 tuam
671 2076 688 2123 ;
710 2059 755 2112 si
784 2058 963 2111 videris
986 2059 1199 2123 nudum,
1226 2057 1344 2110 vesti
1370 2073 1480 2109 eum
1511 2053 1675 2124 (Isai.
1706 2070 1848 2117 LVIII,

282 2154 376 2223 7).
406 2152 530 2206 Ilmc
556 2153 694 2205 enim
717 2150 916 2218 justitia
945 2159 1029 2203 tua
1057 2158 1170 2209 est;
1196 2148 1296 2202 hoc
1317 2148 1456 2200 enim
1489 2147 1577 2200 tibi
1605 2146 1853 2214 przecepit

281 2246 538 2300 Dominus
567 2262 581 2298 :
610 2243 869 2296 Lavamini
887 2283 902 2307 ,
931 2242 1104 2295 mundi
1130 2250 1300 2307 estote,
1328 2243 1522 2311 auferte
1550 2239 1792 2307 nequitias
1821 2254 1854 2290 a

280 2336 514 2389 cordibus
551 2335 753 2394 vestris,
789 2342 936 2403 atque
960 2349 991 2384 a
1018 2340 1280 2402 conspectu
1307 2331 1566 2384 oculorum
1594 2343 1853 2392 meorum;

280 2428 456 2480 discite
486 2427 668 2478 bonum
700 2427 882 2496 facere,
905 2423 1133 2493 judicate
1170 2421 1362 2494 pupillo
1391 2432 1436 2474 et
1473 2421 1634 2474 vidum
1653 2436 1672 2474 :
1695 2429 1739 2472 et
1769 2435 1852 2472 ve-

280 2521 404 2583 nite,
428 2528 472 2571 et
497 2517 828 2588 disputemus,
852 2515 971 2568 dicit
994 2515 1240 2568 Dominus
1258 2513 1366 2581 (Id.
1387 2530 1424 2579 I,
1443 2512 1647 2581 lli-18).
1670 2511 1855 2580 Dispu~

280 2621 398 2664 tare
426 2612 525 2674 vis,
556 2617 837 2678 antequam
869 2605 1030 2660 facias
1057 2606 1195 2660 unde
1229 2606 1416 2674 dignus
1455 2605 1528 2657 sis
1562 2604 1850 2672 disputare,

281 2717 449 2771 quare
478 2702 578 2755 hoc
604 2700 841 2769 permisit
864 2699 1019 2752 Deus.
1047 2698 1334 2752 Consilium
1364 2696 1456 2751 Dei
1486 2697 1574 2749 tibi
1590 2689 1798 2769 .dicere,
1821 2709 1854 2749 ο

281 2793 466 2856 homo,
495 2807 602 2844 non
631 2804 840 2860 possum
876 2807 889 2842 :
921 2787 1044 2842 illud
1077 2796 1252 2841 tamen
1283 2787 1420 2851 dico,
1449 2787 1570 2855 quia
1600 2797 1652 2838 et
1679 2785 1856 2856 inique

281 2884 408 2937 fecit
436 2883 592 2935 homo
621 2879 712 2951 qui
740 2869 1336 2943 occidit'imiocentcm,
1363 2887 1415 2930 et
1445 2893 1548 2930 non
1581 2879 1730 2932 fieret
1755 2877 1856 2930 nisi

280 2972 618 3041 permitteret
647 2970 816 3036 Deus;
845 2978 898 3024 et
927 2968 1165 3039 quamvis
1197 2967 1287 3022 ille
1317 2967 1492 3036 inique
1519 2965 1722 3034 fecerit,
1747 2983 1853 3027 non

281 3070 466 3115 tamen
494 3059 594 3116 hoc
625 3060 799 3130 inique
827 3059 1068 3130 permisit
1097 3057 1254 3112 Deus.
1277 3057 1460 3112 Lateat
1487 3071 1643 3111 causa
1673 3055 1726 3111 in
1755 3060 1857 3111 isto

257 3195 259 3197 .
282 3151 466 3205 nescio
494 3166 620 3220 quo,
647 3149 715 3205 de
743 3165 848 3220 quo
878 3150 1127 3215 moveris,
1159 3149 1308 3218 cujus
1336 3149 1633 3204 innocentia
1663 3158 1713 3203 te
1739 3164 1861 3216 per-

283 3251 484 3298 movet.
507 3241 726 3297 Possem
749 3241 888 3296 enim
911 3241 1002 3295 tibi
1027 3242 1131 3295 cito
1147 3239 1494 3308 reSpondere,
1512 3241 1623 3295 Non
1651 3240 1859 3296 occide-

286 3343 437 3390 retur
465 3334 564 3388 nisi
595 3349 789 3388 noeens
815 3342 958 3387 esset
982 3352 996 3388 :
1024 3333 1117 3387 sed
1149 3342 1200 3386 tu
1229 3348 1351 3388 eum
1394 3332 1728 3387 innocentem
1760 3348 1859 3402 pu—

282 3436 390 3480 tas.
417 3426 632 3481 Possem
663 3425 750 3480 tibi
781 3424 884 3481 hoc
906 3425 1012 3479 cito
1035 3425 1231 3479 dicere.
1260 3423 1374 3478 Non
1401 3424 1540 3478 enim
1574 3433 1626 3477 tu
1653 3432 1859 3477 scruta-

283 3519 426 3574 rcris
469 3533 562 3573 eor
606 3519 753 3588 ejus,
802 3516 1094 3572 discuteres
1149 3516 1283 3571 facta
1335 3517 1480 3586 ejus,
1529 3516 1860 3571 examinarcs

285 3611 635 3681 cogitationes
664 3610 798 3679 ejus,
823 3617 881 3662 ut
906 3610 1074 3678 possis
1103 3609 1230 3663 mihi
1256 3609 1467 3663 dicere:
1497 3609 1691 3677 lnjuste
1719 3609 1862 3663 occi-

279 3718 380 3758 sus
410 3712 508 3756 est.
539 3702 752 3755 Possem
783 3715 909 3769 ergo
936 3698 1090 3752 facile
1120 3699 1439 3769 respondere
1468 3717 1479 3751 :
1509 3698 1599 3752 sed
1638 3698 1858 3768 Opponi-

283 3804 379 3848 tur
408 3792 536 3846 mihi
562 3790 774 3860 quidam
797 3790 986 3859 justus,
1012 3790 1126 3842 sine
1151 3791 1509 3844 controversia
1532 3790 1725 3857 justus,
1749 3789 1862 3844 sine

280 3883 618 3940 dubitatione
639 3882 832 3951 justus,
861 3881 948 3949 qui
977 3896 1080 3934 non
1107 3881 1333 3934 habebat
1358 3890 1628 3948 peccatum
1658 3881 1863 3933 occisus

282 3995 316 4031 a
353 3975 754 4046 peccatoribus,
798 3971 1018 4025 traditus
1060 3987 1087 4022 a
1133 3980 1442 4039 peccatore;
1480 3971 1590 4039 ipse
1623 3969 1864 4024 Christus

285 4068 574 4131 Dominus,
603 4066 668 4119 de
696 4079 803 4134 quo
834 4078 937 4118 non
971 4077 1248 4131 possumus
1285 4063 1462 4117 dicere
1503 4063 1866 4132 quodJIalmit

282 4162 523 4228 aliquam
554 4158 901 4228 iniquitatem,
925 4157 1045 4224 quia
1070 4170 1131 4208 ea
1160 4171 1276 4224 quze
1302 4170 1404 4208 non
1430 4154 1601 4223 rapuit
1626 4152 1869 4208 exsolve-

287 4252 384 4307 lIat
411 4248 578 4320 (Psal.
603 4263 786 4311 vam,
812 4245 889 4315 5),
919 4245 1168 4314 bbjicitur
1192 4245 1339 4298 mihi.
1366 4245 1429 4298 Et
1453 4245 1576 4314 quid
1603 4244 1771 4298 dicam
1799 4244 1867 4300 de

287 4341 546 4397 Christo?
573 4340 768 4394 Tecum
811 4353 910 4408 ago
931 4380 943 4401 ,
981 4337 1174 4406 inquis.
1204 4337 1270 4392 Et
1311 4352 1409 4407 ego
1449 4347 1643 4391 tecum.
1673 4337 1746 4390 De
1777 4337 1868 4390 illo

291 4434 551 4505 proponis
595 4433 939 4501 quaestionem
963 4446 976 4494 ;
1005 4431 1071 4485 de
1100 4430 1192 4484 illo
1229 4429 1378 4485 solvo
1406 4428 1770 4499 quaestionem.
1792 4426 1868 4482 lbi

288 4526 436 4580 enim
460 4524 740 4579 consilium
764 4521 856 4576 Dei
884 4521 1150 4586 novimus,
1173 4519 1312 4591 quod
1341 4519 1547 4574 nonnisi
1577 4519 1692 4588 ipso
1717 4535 1870 4574 reve-

292 4617 442 4670 lante
485 4598 798 4668 nossemus:
831 4620 889 4666 ut
915 4626 1035 4668 cum
1082 4624 1136 4666 ιιι
1174 4611 1438 4666 inveneris
1474 4610 1747 4664 consilium
1778 4609 1870 4663 Dei

294 4721 406 4776 quo
432 4705 670 4774 permisit
701 4704 1035 4757 innocentem
1057 4701 1246 4755 Filium
1273 4701 1439 4756 occidi
1465 4700 1532 4754 ab
1560 4700 1787 4766 iujustis,
1818 4708 1872 4753 et

298 4797 409 4852 tale
437 4797 716 4850 consilium
749 4795 904 4863 quale
936 4794 1024 4847 tibi
1055 4793 1275 4861 placeat,
1305 4802 1357 4845 et
1389 4791 1542 4861 quale
1571 4791 1683 4856 tibi,
1714 4791 1755 4844 si
1782 4789 1872 4858 ju-

295 4898 415 4942 stus
440 4901 519 4948 es,
549 4886 826 4954 diSplicere
870 4899 972 4936 non
1011 4883 1196 4952 possit,
1224 4882 1409 4936 credas
1439 4881 1560 4951 quia
1591 4891 1643 4935 et
1672 4881 1722 4934 in
1753 4880 1872 4934 aliis

296 4978 524 5033 consilio
554 4977 606 5030 id
635 4986 752 5044 agat
789 4975 946 5039 Deus,
977 4973 1068 5028 sed
1099 4975 1226 5028 latet
1255 4983 1324 5028 te.
1358 4974 1469 5037 Eia,
1505 4973 1712 5037 fratres,
1739 4989 1872 5042 opus

298 5080 418 5126 crat
457 5069 710 5137 Sanguine
750 5067 874 5134 juSIi
911 5065 976 5118 ad
1005 5065 1282 5120 delendum
1309 5063 1714 5133 chirographum
1747 5079 1871 5132 pec-

296 5171 545 5215 caturum
565 5200 578 5222 ,
609 5173 740 5227 opus
769 5165 882 5211 erat
908 5154 1152 5223 exemplo
1181 5155 1471 5220 patientiae,
1501 5155 1745 5224 exemplo
1771 5154 1871 5208 hu-

301 5249 577 5316 militatis;
604 5264 737 5316 opus
765 5255 880 5302 erat
905 5249 1057 5315 signo
1085 5245 1256 5299 crucis
1285 5245 1349 5298 ad
1379 5244 1643 5298 diabolum
1675 5254 1728 5300 et
1757 5246 1873 5314 ejus

300 5344 520 5412 angelos
567 5337 907 5394 debellandos
951 5336 1168 5402 (Coloss.
1195 5352 1250 5401 II,
1279 5337 1367 5402 14,
1396 5336 1520 5404 15);
1551 5351 1682 5405 opus
1722 5339 1875 5393 nobis

302 5444 420 5487 erat
465 5432 712 5502 passione
740 5428 943 5482 Domini
990 5428 1152 5480 nostri
1187 5445 1199 5480 :
1235 5442 1354 5480 nam
1394 5428 1637 5495 passione
1667 5427 1874 5484 Domini

213 5513 222 5518 ’
304 5524 612 5592 redemptus
639 5518 889 5575 estorhis.
919 5519 1121 5586 Quanta
1146 5517 1280 5571 bona
1304 5519 1409 5588 egit
1435 5519 1609 5587 passio
1631 5517 1870 5574 deini!

307 5615 376 5670 Et
396 5624 571 5668 tamen
595 5612 770 5680 passio
787 5610 942 5677 hujus
957 5610 1086 5677 justi
1119 5626 1222 5663 non
1246 5620 1390 5665 esset
1413 5652 1426 5675 ,
1457 5611 1556 5665 nisi
1598 5611 1874 5666 Dominum

308 5704 473 5775 iniqui
493 5703 828 5758 occidissent.
853 5700 984 5763 Quid
1023 5716 1179 5766 ergo,
1205 5700 1396 5756 bonum
1425 5698 1525 5776 hoc
1562 5699 1698 5770 quod
1724 5701 1875 5760 nobis

514 5783 784 5840 ΡΑτιιοι.
815 5779 1046 5842 XXXV
1053 5781 1080 5840 Ι
1090 5826 1103 5839 .

1400 295 1790 357 ENARBATIO
1830 293 1894 350 IN
1934 294 2251 351 PSALMUM
2291 296 2420 351 LXI.

3424 308 3527 363 74η

1960 413 2253 481 praestitum
2282 415 2449 468 estde
2472 414 2732 490 dominica
2763 419 3021 484 passione,
3058 420 3419 490 imputandum
3442 437 3523 478 est

1959 505 2148 573 iniquis
2173 506 2600 562 interfectoribus
2642 509 2875 564 Christi?
2899 511 3067 567 Absit.
3096 514 3174 567 Illi
3207 516 3484 572 voluerunt
3509 535 3525 582 ;

1956 593 2094 649 Deus
2124 597 2381 664 permisit.
2414 598 2493 651 llli
2526 611 2776 655 nocentes
2813 613 2993 657 essent
3015 647 3030 669 ,
3061 605 3264 659 etiamsi
3297 617 3525 663 tantum-

1955 685 2114 738 modo
2143 687 2462 750 voluissent;
2517 690 2654 744 Deus
2690 701 2862 756 autem
2895 710 2997 746 non
3036 697 3384 763 permisisset,
3419 701 3517 752 nisi

1949 772 2152 842 justum
2195 785 2357 830 esset.
2422 777 2706 834 Voluerunt
2734 782 2977 836 occidere
3017 803 3028 836 :
3087 800 3223 852 pone
3263 790 3379 855 quia
3426 806 3528 842 non

1955 873 2240 936 potuerunt
2265 885 2277 918 :
2314 868 2474 937 iniqui
2501 879 2682 925 essent
2705 914 2718 933 ,
2744 872 3019 928 homicida:
3049 888 3263 941 essent;
3294 880 3410 947 quis
3435 879 3532 932 du-

1954 954 2183 1009 bitaret?
2225 956 2472 1010 Dominus
2499 962 2636 1013 enim
2669 962 2940 1033 interrogat
2973 966 3171 1035 justum
3223 980 3268 1022 et
3314 971 3525 1037 impium

1955 1045 2122 1117 (Psat.
2149 1063 2203 1112 ιι,
2231 1048 2283 1118 6)
2313 1058 2416 1114 ;et,
2444 1049 2506 1103 In
2528 1055 2907 1121 cogitationibus
2927 1058 3413 1130 impii'interrogatio
3430 1067 3522 1118 erit

1954 1139 2120 1209 (Sap.
2142 1156 2178 1205 ι,
2210 1139 2296 1210 9).
2333 1142 2552 1196 Discutit
2581 1145 2720 1198 Dens
2750 1148 2873 1216 quid
2902 1152 3125 1219 quisque
3149 1153 3394 1220 voluerit,
3425 1173 3528 1210 non

1949 1233 2076 1302 quid
2118 1237 2368 1304 potuerit.
2410 1239 2548 1308 Ergo
2577 1240 2619 1293 si
2661 1243 2969 1309 voluissent,
3002 1257 3050 1299 et
3079 1262 3181 1300 non
3214 1251 3528 1316 potuissent,

1953 1334 2006 1378 et
2027 1341 2128 1379 non
2149 1328 2490 1396 occidissent,
2522 1331 2684 1401 iniqui
2717 1334 2790 1392 illi
2817 1349 3179 1402 remanerent;
3208 1341 3298 1393 tibi
3330 1341 3528 1397 Christi

1953 1417 2127 1484 passio
2176 1433 2278 1472 non
2325 1430 2684 1490 praestaretur.
2737 1423 2914 1478 Voluit
2963 1441 3091 1496 ergo
3139 1430 3310 1484 facere
3340 1432 3532 1500 impios

1953 1515 2008 1559 ut
2047 1507 2421 1576 damnaretur;
2471 1512 2760 1579 permissus
2797 1525 2876 1568 est
2921 1526 2976 1568 ut
3008 1517 3096 1571 tibi
3140 1530 3480 1588 praestaretur
3514 1539 3526 1572 τ

1953 1595 2093 1663 quod
2135 1598 2333 1664 voluit,
2367 1600 2650 1670 imputatur
2693 1597 2952 1674 iniquitati
2997 1606 3174 1676 impii;
3218 1610 3356 1678 quod
3406 1627 3521 1681 per—

1953 1701 2145 1740 missus
2183 1699 2285 1756 est,
2329 1692 2617 1760 imputatur
2645 1697 2888 1762 potestati
2918 1697 3030 1752 Dei.
3063 1699 3153 1755 Ille
3185 1716 3311 1770 ergo
3349 1703 3529 1773 inique

1956 1777 2147 1843 voluit;
2179 1779 2315 1834 Deus
2338 1782 2476 1850 juste
2503 1786 2760 1852 permisit.
2782 1787 2980 1857 Itaque,
3007 1789 3194 1845 fratres
3217 1794 3341 1859 mei,
3369 1795 3534 1850 etJu—

1952 1867 2048 1923 das
2069 1870 2325 1940 malignus
2361 1875 2578 1929 traditor
2606 1876 2825 1942 Christi,
2849 1888 2896 1934 et
2923 1894 3287 1950 persecutores
3311 1886 3528 1952 Christi,

1955 1961 2168 2030 maligni
2190 1978 2392 2027 omnes,
2430 1965 2794 2034 impiiomnes,
2815 1970 2975 2041 iniqui
3004 1988 3210 2040 omnes,
3244 1977 3531 2034 damnandi

1954 2066 2141 2106 omnes
2165 2072 2179 2106 :
2200 2062 2252 2107 et
2278 2064 2448 2109 tamen
2478 2056 2634 2111 Pater
2661 2062 2862 2129 praprio
2891 2062 3023 2117 Filio
3045 2081 3132 2117 suo
3154 2082 3254 2119 non
3281 2071 3530 2138 pepercit;

1954 2144 2042 2195 sed
2079 2161 2169 2214 pro
2191 2145 2331 2198 nobis
2357 2148 2586 2201 omnibus
2605 2150 2814 2203 tradidit
2841 2152 2984 2205 illum
3017 2153 3034 2223 (
3058 2153 3205 2207 Rom.
3243 2172 3351 2222 vuI,
3395 2159 3462 2213 52
3487 2160 3529 2230 ).

1957 2232 2204 2302 Dispoue,
2229 2235 2272 2288 si
2307 2247 2486 2305 potes;
2534 2238 2795 2311 distingue
2822 2284 2836 2308 ,
2885 2243 2929 2297 si
2975 2255 3126 2314 potes
3163 2265 3177 2300 :
3220 2249 3381 2305 redde
3414 2251 3522 2306 Deo
3586 2252 3589 2254 ’

1957 2332 2076 2414 vota
2103 2335 2209 2390 tua,
2241 2342 2359 2395 qua:
2387 2328 2741 2385 distinxerunt
2766 2333 2898 2387 labia
2934 2344 3018 2390 tua
3047 2336 3216 2408 (Psat.
3241 2356 3363 2407 va,
3394 2344 3482 2414 15)
3513 2362 3528 2399 :

1959 2413 2079 2466 vide
2105 2415 2229 2483 quid
2254 2417 2321 2470 ibi
2346 2426 2362 2457 ι
2391 2417 2573 2473 fecerit
2598 2421 2828 2490 iniquus,
2846 2425 2969 2494 quid
2987 2426 3186 2495 justus.
3216 2431 3306 2486 Ille
3333 2413 3528 2501 voluit;

1957 2505 2056 2559 iste
2084 2507 2324 2574 permisit
2367 2527 2380 2562 :
2415 2511 2505 2565 ille
2535 2511 2730 2582 injuste
2755 2516 2950 2582 voluit;
2979 2518 3077 2573 iste
3098 2519 3241 2590 justo
3269 2527 3529 2592 permisit.

1960 2595 2212 2652 Voluntas
2239 2599 2430 2668 injusta
2460 2601 2775 2668 damnetur;
2805 2609 3081 2674 permissio
3102 2611 3240 2680 justa
3268 2614 3534 2683 glorifice-

1961 2699 2062 2741 tur.
2092 2691 2224 2757 Quid
2248 2693 2392 2747 enim
2417 2695 2539 2749 mali
2561 2697 2753 2752 accidit
2779 2699 3009 2761 Christo,
3034 2704 3152 2772 quia
3180 2718 3420 2761 mortuus
3446 2720 3530 2764 cst

1957 2780 2240 2838 Christus?
2259 2783 2324 2838 Et
2345 2785 2418 2838 illi
2446 2787 2569 2841 mali
2597 2798 2738 2851 sunt,
2762 2790 2847 2859 qui
2871 2793 3009 2847 male
3027 2792 3202 2850 facere
3225 2799 3529 2866 voluerunt;

1959 2883 2013 2928 et
2039 2874 2169 2928 nihil
2198 2877 2319 2929 mali
2345 2892 2528 2946 passus
2554 2888 2653 2942 est,
2684 2882 2766 2934 cui
2796 2881 3059 2938 fecerunt.
3089 2885 3274 2942 Occisa
3300 2901 3380 2944 est
3409 2906 3534 2946 caro

1959 2966 2198 3020 mortalis
2227 2967 2550 3023 interficiens
2574 2981 2797 3026 mortem
2826 2984 3018 3041 morte,
3052 2978 3294 3046 prmbens
3333 2984 3536 3050 patien-

1963 3055 2048 3111 tiae
2099 3057 2491 3126 documentum,
2551 3066 2876 3130 praemittens
2913 3073 3322 3128 resurrectionis
3363 3091 3536 3131 exem-

1962 3149 2132 3217 plum.
2175 3150 2379 3238 Quanta
2413 3153 2546 3207 bona
2576 3154 2710 3210 facta
2738 3169 2859 3212 sunt
2881 3160 3008 3228 justi
3041 3163 3107 3218 de
3136 3169 3273 3218 malo
3313 3155 3531 3238 injusti!

1961 3240 2073 3333 lloc
2098 3252 2178 3296 est
2205 3236 2447 3314 Inagntun
2479 3247 2500 3278 ²
2523 3247 2634 3313 Dei,
2668 3251 2784 3319 quia
2812 3262 2863 3306 et
2893 3253 3085 3309 bonum
3111 3259 3248 3326 quod
3280 3236 3406 3316 facis
3423 3262 3536 3333 ipse

1965 3332 2055 3386 tibi
2083 3333 2244 3399 dedit,
2264 3345 2317 3389 et
2333 3336 2400 3392 de
2425 3340 2566 3394 malo
2590 3349 2678 3393 tuo
2705 3342 2815 3410 ipse
2833 3344 2968 3400 bene
2999 3348 3137 3403 facit.
3157 3350 3273 3405 Noli
3301 3368 3425 3423 ergo
3444 3332 3538 3410 7mi-

1965 3426 2066 3480 rari
2095 3443 2109 3490 ;
2135 3430 2390 3496 permittit
2418 3431 2574 3498 Dens,
2603 3442 2656 3487 et
2675 3434 2874 3504 judicio
2912 3443 3168 3507 permittit
3197 3461 3209 3497 :
3247 3447 3533 3513 permittit,

1963 3527 2016 3572 ct
2042 3533 2309 3583 mensura,
2358 3537 2600 3579 numero.
2641 3526 2876 3592 pondere
2910 3531 3182 3598 permittit.
3211 3535 3360 3602 Apud
3389 3535 3538 3591 illum

1965 3623 2070 3660 non
2101 3616 2183 3661 est
2211 3608 2476 3678 iniquitas.
2511 3612 2589 3666 Tu
2619 3622 2820 3669 tantum
2851 3617 2915 3671 ad
2943 3634 3061 3672 eum
3096 3623 3316 3689 pertiue,
3349 3625 3398 3678 in
3424 3625 3539 3694 ipso

1965 3713 2113 3767 spem
2143 3714 2314 3773 pone;
2342 3702 2453 3770 ipse
2483 3705 2551 3756 sit
2577 3704 2785 3774 adjutor
2819 3717 2936 3764 tuus
2958 3751 2970 3771 ,
2999 3711 3230 3766 salutare
3271 3724 3412 3768 tuum
3441 3734 3453 3776 ;
3485 3718 3537 3771 in

1968 3788 2060 3842 illo
2091 3789 2164 3843 sit
2206 3789 2354 3844 locus
2383 3795 2640 3860 munitus,
2697 3798 2856 3851 turris
2895 3799 3535 3877 fortitudinis;refugium

1967 3880 2255 3961 tuumjpse
2284 3881 2373 3941 sit,
2405 3891 2460 3936 et
2506 3899 2609 3938 non
2635 3895 2684 3940 te
2705 3888 2840 3942 siuet
2863 3892 3050 3945 tentari
3081 3907 3235 3962 supra
3263 3912 3416 3966 quam
3445 3917 3542 3970 p0-

1969 3979 2072 4026 test
2097 3973 2230 4026 ferre
2259 4014 2273 4039 ,
2325 3975 2418 4029 sed
2466 3975 2622 4033 faciet
2649 3994 2767 4034 cum
2803 3983 3088 4038 tentatione
3127 3990 3281 4042 etiam
3319 3993 3539 4063 exitum,

1969 4070 2026 4115 ut
2058 4063 2229 4130 possis
2274 4065 2536 4122 sustinere
2563 4066 2617 4140 (Ι
2666 4068 2782 4123 Cor.
2815 4089 2868 4137 κ,
2902 4072 3008 4146 15)
3043 4093 3058 4129 :
3088 4087 3144 4130 ut
3168 4080 3305 4148 quod
3335 4089 3386 4136 te
3415 4083 3542 4139 sinit

1969 4153 2077 4222 pati
2117 4155 2481 4223 tentationem,
2542 4169 2774 4227 potestas
2818 4163 2935 4232 ejus
2964 4167 3233 4238 sit;quod
3283 4189 3388 4228 non
3417 4177 3543 4231 sinit

1971 4242 2105 4335 ultra
2130 4244 2179 4335 ip
2226 4255 2276 4298 te
2303 4245 2415 4300 ﬁeri
2451 4263 2605 4316 quam
2653 4257 2804 4318 po‘tes
2846 4254 3013 4320 ferre,
3043 4259 3401 4318 misericordia
3427 4267 3542 4335 ejus

1972 4333 2077 4387 sit:
2131 4333 2380 4397 Quoniam
2429 4347 2645 4404 potestas
2682 4340 2778 4395 Dei
2803 4355 2894 4410 est,
2935 4356 2980 4399 et
3012 4349 3117 4415 tibi,
3161 4349 3394 4422 Domine,
3449 4333 3544 4410 ini-

1972 4425 2262 4488 sericordia,
2313 4426 2429 4494 quia
2472 4437 2526 4481 tu
2553 4430 2728 4486 reddes
2765 4436 3031 4505 unicuique
3078 4443 3351 4497 secundum
3389 4463 3542 4516 opera

1972 4532 2100 4586 ejus.

1971 4632 2026 4675 Et
2047 4634 2157 4689 post
2177 4630 2736 4710 tranctatumdefsalmo,
2756 4648 2864 4710 cum
2898 4639 3263 4710 mathematicus
3299 4645 3344 4694 in
3367 4649 3545 4710 populo

2249 4699 2614 4754 monstraretur,
2637 4695 2700 4743 de
2726 4710 2786 4746 eo
2808 4698 2936 4747 idem
2957 4700 3060 4760 ipse
3085 4700 3261 4752 intulit.

2044 4791 2134 4846 25.
2167 4792 2258 4848 Illa
2299 4795 2550 4852 Ecclesice
2581 4799 2695 4854 sitis
2730 4803 2887 4855 etiam
2915 4803 3070 4857 istum
3097 4847 3111 4870 ,
3138 4821 3292 4875 quem
3324 4809 3542 4878 videtis,

1975 4883 2159 4940 bibere
2197 4887 2326 4942 vult.
2356 4889 2525 4943 Simul
2552 4892 2709 4945 etiam
2741 4901 2796 4946 ut
2832 4896 3086 4949 noveritis
3114 4914 3268 4967 quam
3309 4903 3457 4958 multi
3490 4906 3543 4958 in

1976 4978 2352 5037 commixtione
2376 4980 2790 5038 Christianorum
2812 5002 2907 5042 ore
2935 5003 3031 5042 suo
3052 4989 3380 5056 benedicant.
3411 5005 3460 5050 et
3493 4997 3546 5049 in

1976 5067 2138 5124 corde
2165 5084 2263 5124 suo
2289 5073 2618 5136 maledicant,
2646 5073 2744 5129 iste
2772 5091 2839 5131 ex
2867 5078 3156 5135 christiano
3175 5091 3228 5136 et
3261 5081 3400 5139 ﬁdeli
3430 5101 3547 5154 poe-

1978 5157 2152 5214 nitens
2190 5160 2345 5228 redit,
2374 5171 2428 5216 et
2457 5164 2669 5218 territus
2695 5177 2953 5233 potestate
2992 5170 3196 5227 Domini
3225 5176 3550 5229 convertitur

1978 5249 2044 5304 ad
2081 5251 2494 5306 misericordiam
2535 5255 2759 5310 Domini.
2789 5259 3048 5316 Seductus
3073 5264 3212 5318 enim
3241 5267 3308 5321 ab
3338 5266 3549 5320 inimico

1983 5356 2102 5394 cum
2133 5343 2271 5396 eS’Set
2310 5342 2495 5408 ﬁdelis,
2543 5347 2632 5400 diu
2679 5351 3083 5409 mathematicus
3126 5356 3251 5421 fuit;
3304 5357 3550 5411 seductus

1981 5430 2260 5517 seducens,
2304 5433 2553 5505 deceptus
2582 5437 2871 5508 decipiens,
2907 5443 3093 5511 illexit,
3135 5446 3332 5509 fefellit,
3385 5447 3550 5501 multa

1983 5520 2254 5575 mendacia
2285 5522 2588 5585 locutusest
2611 5540 2794 5585 contra
2822 5532 3008 5598 Deum,
3037 5535 3123 5604 qui
3156 5534 3303 5588 dedit
3329 5534 3553 5592 homini-

2048 5656 2063 5686 ι
2100 5657 2171 5703 ste
2191 5661 2295 5718 Mss.
2323 5663 2375 5706 Αι
2395 5657 2528 5718 add,
2555 5659 2654 5711 tibi.

2048 5719 2067 5746 ²
2103 5724 2216 5779 Reg.
2243 5717 2384 5782 liber,
2406 5717 2619 5785 regnum.

2739 5804 3296 5887 (Viam-qualn.)
