4022 6200
483 308 584 365 ’ἷᾶτ

481 424 581 478 bus
625 430 933 492 potestatem
964 415 1185 472 faciendi
1226 414 1366 485 quod
1402 414 1595 469 bonum
1635 420 1736 475 est,
1758 419 1935 465 etnon
1963 409 2042 462 fa—

481 514 651 571 ciendi
695 511 834 583 quod
860 511 1054 565 malum
1082 518 1183 563 cst.
1214 509 1315 579 Iste
1344 507 1549 560 dicebat
1586 505 1706 574 quia
1731 502 2045 557 adulterium
2104 562 2112 572 ι

488 621 592 660 non
622 603 842 660 faciebat
872 602 1115 656 voluntas
1155 599 1363 670 propria
1389 640 1404 661 ,
1436 595 1528 651 sed
1558 596 1765 654 Venus;
1798 604 1850 647 ct
1874 594 2047 646 homi-

481 697 674 751 cidium
721 708 827 748 non
869 691 1090 747 faciebat
1115 691 1358 745 voluntas
1382 687 1611 757 propria,
1662 685 1754 739 sed
1794 684 1967 749 Mars;
1994 693 2046 737 et

473 788 676 856 justum
704 800 811 840 non
838 785 1058 837 faciebat
1092 783 1246 848 Deus,
1279 779 1370 834 sed
1400 778 1545 833 Jovis
1578 796 1589 830 :
1624 787 1678 831 et
1704 776 1802 829 alia
1833 774 1995 828 multa
2027 775 2043 805 ⁸

478 878 732 949 sacrilega
767 892 871 949 non
900 891 1078 946 parva.
1105 873 1272 941 Quam
1315 870 1489 925 multis
1527 883 1646 924 eum
1676 867 1868 938 putatis
1894 865 2046 920 Chri-

477 946 935 1023 stianis'numn‘ios
958 963 1282 1019 abstulisse?
1306 963 1472 1029 Quam
1504 959 1652 1013 multi
1679 958 1745 1013 ab
1773 959 1860 1012 illo
1890 972 2037 1011 eme-

476 1068 600 1113 runt
625 1056 978 1121 mendacium,
1000 1056 1193 1125 quibus
1220 1052 1523 1107 dicebamus
1557 1067 1569 1102 :
1600 1048 1715 1102 Filii
1743 1047 2038 1111 hominum,

477 1163 753 1219 usquequo
788 1161 975 1217 graves
1020 1142 1220 1199 corde?
1261 1140 1440 1212 utquid
1469 1138 1683 1209 diligitis
1724 1137 2041 1201 vanitatem,

474 1240 528 1295 et
548 1240 783 1312 qumritis
812 1238 1140 1294 mendacium
1171 1235 1337 1303 (Psat.
1368 1249 1440 1297 tv,
1468 1235 1502 1288 5
1521 1233 1576 1304 )?
1601 1231 1773 1298 Modo,
1816 1231 1950 1284 sicut
1976 1231 2043 1285 de

476 1332 567 1385 illo
596 1330 914 1386 credendum
933 1339 1033 1394 est,
1059 1326 1263 1380 horruit
1289 1322 1643 1386 mendacium,
1672 1330 1726 1375 et
1751 1319 2037 1375 multorum

478 1422 748 1477 hominum
798 1421 1128 1476 illectorem'
1157 1433 1216 1472 se
1252 1413 1531 1485 aliquando
1572 1430 1601 1468 a
1642 1412 1854 1468 diabolo
1880 1412 2044 1466 sensit

475 1511 750 1579 illectum;
794 1510 1118 1565 convertitur
1154 1506 1218 1560 ad
1253 1506 1414 1559 Deum
1459 1502 1739 1573 paenitens.
1770 1502 2039 1566 Putamus,

472 1601 683 1667 fratres,
710 1601 779 1657 de
800 1614 987 1670 magno
1017 1598 1205 1652 timore
1228 1595 1404 1649 cordis
1431 1592 1706 1648 accidisse.
1735 1592 1865 1660 Quid
1897 1592 2039 1646 enim

470 1690 662 1746 dicturi
686 1689 906 1744 sumus?
948 1688 1185 1757 Namque
1228 1686 1270 1738 si
1313 1699 1380 1740 ex
1422 1697 1626 1753 pagano
1649 1690 2041 1736 converteretur

471 1780 897 1846 mathematicus,
923 1792 1169 1847 magnum
1210 1774 1424 1845 quidem
1466 1782 1607 1828 esset
1642 1771 1885 1845 gaudium
1908 1787 1923 1837 ;
1945 1771 2036 1826 sed

470 1883 643 1928 tamen
662 1881 839 1942 posset
857 1870 1022 1924 videri
1049 1868 1170 1939 quia
1191 1867 1235 1921 si
1253 1878 1538 1920 conversus
1552 1871 1710 1929 esset,
1733 1862 2036 1917 clericatum

466 1972 733 2036 qmercrct
762 1964 813 2017 in
838 1961 1096 2016 Ecclesia.
1140 1957 1409 2012 Pot-nitens
1434 1962 1549 2019 est;
1580 1968 1685 2008 non
1719 1952 1908 2022 quaerit
1938 1951 2036 2007 nisi

464 2057 634 2111 solam
691 2052 1126 2109 miscricordiam.
1181 2044 1644 2103 Commendandus
1687 2053 1770 2100 est
1814 2057 1941 2112 ergo
1984 2051 2038 2097 et

466 2146 635 2204 oculis
660 2155 711 2201 et
744 2143 993 2200 cordibus
1018 2142 1224 2195 Vestris.
1259 2139 1389 2193 Eum
1444 2151 1598 2205 quem
1642 2134 1832 2188 videtis
1860 2133 2033 2188 cordi-

468 2239 568 2293 lius
591 2246 785 2299 amate,
828 2234 994 2288 oculis
1029 2231 1310 2285 custodite.
1336 2227 1520 2281 Videte
1560 2225 1726 2289 illum,
1765 2224 1951 2277 Scitote
1977 2223 2036 2276 il-

467 2333 596 2397 lum,
623 2341 678 2386 et
705 2341 1036 2397 quacumque
1091 2324 1179 2378 ille
1217 2321 1502 2384 transierit,
1545 2318 1791 2371 fratribus
1830 2315 2036 2370 castoris

466 2425 556 2494 qui
600 2419 759 2491 modo
787 2419 870 2472 hic
897 2431 1000 2470 non
1030 2426 1152 2467 sunt
1171 2453 1186 2475 ,
1215 2410 1478 2466 ostendite
1503 2408 1650 2462 illum
1681 2425 1694 2458 :
1723 2415 1777 2460 et
1824 2407 1921 2459 ista
1951 2405 2032 2457 di-

464 2514 679 2584 ligentia
708 2506 1064 2565 misericordia
1096 2513 1211 2567 est,
1248 2517 1315 2557 nc
1356 2501 1446 2556 ille
1473 2499 1723 2555 seductor
1752 2499 1983 2552 retrahat
2008 2496 2029 2527 ³

462 2620 579 2673 cor,
609 2615 662 2660 et
690 2607 975 2675 oppugnet.
1006 2594 1271 2653 Custodite
1296 2607 1425 2658 vos;
1458 2607 1565 2646 non
1590 2605 1683 2644 vos
1720 2590 1877 2643 lateat
1901 2602 2032 2642 con-

463 2694 693 2751 versatio
737 2691 872 2762 ejus,
922 2690 1003 2742 via
1046 2687 1195 2756 ejus;
1236 2694 1295 2738 ut
1340 2682 1640 2740 testimonio
1667 2688 1843 2734 vestro
1884 2678 2033 2730 nobis

382 2790 391 2793 ’
462 2787 804 2843 conﬁrmetur
828 2796 954 2836 vero
988 2779 1131 2832 illum
1158 2775 1223 2829 ad
1256 2774 1531 2829 Dominum
1557 2785 1675 2826 esse
1694 2783 2030 2825 conversum.

461 2877 579 2935 Non
605 2874 747 2932 enim
773 2871 947 2926 silebit
983 2868 1120 2923 fama
1145 2867 1211 2920 de
1235 2866 1338 2919 vita
1365 2866 1482 2934 ejus
1500 2902 1515 2929 ,
1548 2862 1757 2930 quando
1778 2860 1855 2917 sic
1880 2859 2034 2914 vobis

461 2980 518 3025 et
546 2965 803 3022 videndus
831 2971 885 3018 et
908 2959 1237 3015 miserandus
1265 2957 1501 3010 offertur.
1535 2952 1711 3008 Nostis
1735 2952 1786 3006 in
1815 2951 2033 3006 Actibus

462 3057 835 3129 Apostolorum
861 3066 981 3106 esse
1008 3053 1258 3118 scriptum
1289 3046 1410 3113 quia
1450 3044 1599 3098 multi
1628 3042 1851 3112 perditi,
1876 3041 1925 3095 id
1949 3049 2054 3104 est,

463 3151 647 3205 talium
686 3146 878 3201 artium
921 3143 1196 3206 homines,
1228 3149 1282 3192 ct
1309 3138 1664 3191 doctrinarum
1715 3135 2030 3189 nefariarum

398 3247 402 3250 ‘
463 3248 783 3301 sectatores,
815 3249 1002 3290 omnes
1034 3232 1245 3285 codices
1280 3245 1403 3283 suos
1431 3228 1497 3282 ad
1540 3227 1819 3295 Apostolus
1845 3226 2033 3280 attuleo

464 3341 619 3395 runt;
649 3326 915 3384 ctinccnsi
947 3333 1070 3378 sunt
1101 3321 1216 3376 libri
1248 3331 1351 3375 tam
1381 3320 1553 3386 multi,
1587 3327 1642 3371 ιιι
1666 3317 2031 3386 pertineretad

464 3423 773 3493 scriptorem
802 3415 1207 3472 mstimationcm
1243 3426 1427 3467 eorum
1471 3410 1664 3473 facere,
1693 3416 1747 3462 et
1773 3421 2031 3461 summam

463 3515 618 3586 pretii
647 3511 981 3597 conscribere
1008 3506 1027 3577 (
1044 3505 1154 3559 Act.
1178 3520 1293 3570 xu,
1332 3503 1453 3572 19).
1482 3501 1593 3555 lloc
1614 3501 1792 3569 utique
1820 3508 2035 3568 propter

460 3589 805 3678 gloriam'Dei
825 3643 839 3667 ,
870 3618 935 3655 ne
964 3600 1096 3654 tales
1120 3597 1278 3652 etiam
1317 3594 1507 3664 perditi
1534 3591 1941 3661 desperarentur
1966 3589 2033 3645 ab

460 3702 556 3757 illo
591 3700 678 3771 qui
707 3695 887 3752 uovit‘
917 3707 1153 3764 qutercre
1182 3689 1321 3761 quod
1346 3687 1574 3757 perierat
1611 3684 1764 3755 (Luc.
1807 3699 1892 3761 xv,
1921 3684 2029 3749 32).

463 3792 702 3848 Perierat
721 3802 849 3858 ergo
875 3786 1011 3849 iste;
1038 3796 1177 3836 nunc
1197 3778 1469 3851 quaesitus,
1492 3776 1755 3840 iuventus,
1776 3773 2031 3829 adductus

464 3892 549 3938 est
576 3898 588 3934 :
611 3887 787 3950 portat
813 3890 993 3932 secum
1018 3872 1229 3928 codices
1251 3866 1631 3933 incendendos,
1654 3881 1747 3935 per
1768 3879 1899 3934 quius
1921 3864 2032 3917 fue~

465 3984 550 4028 rat
577 3967 938 4026 incendendus
959 4007 975 4032 ,
1008 3974 1064 4019 ut
1089 3963 1189 4017 illis
1220 3963 1269 4016 in
1301 3963 1470 4031 ignem
1496 3958 1692 4023 missis,
1725 3958 1837 4023 ipse
1867 3955 1916 4009 iu
1948 3973 2032 4007 re—

466 4063 736 4133 frigerium
765 4066 1019 4113 transeat.
1066 4054 1254 4109 Sciatis
1284 4066 1405 4107 cum
1433 4059 1630 4114 tamen,
1659 4046 1878 4112 fratres,
1907 4046 2031 4098 olim

465 4154 679 4226 pulsare
702 4150 766 4205 ad
790 4148 1078 4204 Ecclesiam
1105 4154 1227 4199 ante
1257 4141 1456 4198 Pascha
1484 4157 1497 4191 :
1525 4148 1649 4195 ante
1672 4137 1869 4193 Pascha
1893 4137 2032 4191 enim

468 4244 632 4316 cmpit
656 4251 837 4312 petere
859 4238 927 4294 de
946 4235 1181 4292 Ecclesia
1206 4234 1402 4289 Chrisu
1433 4231 1768 4286 medicinam.
1794 4228 1897 4285 Sed
1916 4229 2035 4297 quia

467 4337 591 4393 talis
617 4342 700 4389 est
738 4346 827 4386 ars
852 4330 906 4384 in
948 4344 1051 4398 qua
1079 4326 1395 4382 exercitatus
1431 4333 1577 4387 erat,
1608 4337 1727 4394 qute
1753 4330 1993 4389 suspecta
2015 4318 2037 4351 '

468 4432 612 4482 esset
634 4424 701 4480 de
725 4409 1003 4477 mendacio
1026 4426 1184 4487 atque
1208 4414 1431 4480 fallacia,
1462 4413 1653 4468 dilatus
1677 4422 1759 4467 est
1778 4427 1844 4465 ne
1869 4418 2035 4464 tenta-

469 4529 585 4586 ret;
616 4526 670 4573 et
689 4511 968 4585 aliquando
996 4519 1170 4564 tamen
1196 4506 1458 4562 admissus
1484 4514 1584 4570 est,
1608 4521 1674 4558 ne
1696 4502 2037 4574 periculosius

470 4618 778 4666 tentaretur.
810 4603 971 4662 Orate
996 4616 1092 4672 pro
1119 4600 1210 4655 illo
1228 4597 1355 4669 per“
1382 4596 1672 4673 Christum.
1701 4596 1925 4650 Prorsus
1945 4594 2040 4648 ho-

468 4700 706 4755 diernam
739 4712 949 4768 precem
983 4707 1078 4765 pro
1108 4692 1197 4747 illo
1222 4689 1423 4745 foudite
1450 4689 1670 4742 Domino
1697 4688 1806 4743 Deo
1833 4698 2038 4741 nostro.

470 4792 679 4847 Scimus
710 4790 850 4846 enim
894 4798 949 4844 et
972 4784 1106 4842 certi
1145 4796 1328 4839 sumus
1356 4780 1475 4850 quia
1504 4779 1673 4833 oratio
1699 4768 1875 4833 veStra
1902 4777 2042 4833 delet

475 4896 662 4938 omnes
687 4881 982 4950 impietatcs
1009 4880 1143 4948 ejus.
1170 4876 1426 4931 Dominus
1452 4872 1743 4926 vobiscum.

891 5045 972 5107 IN
1014 5041 1390 5105 PSALMUM
1432 5039 1604 5101 LXII

1050 5132 1480 5200 ‘ENMtuATIo.

1012 5249 1180 5290 εεκιιο
1205 5251 1273 5289 ΔΙ)
1301 5249 1525 5289 ριιειςεηε

552 5335 602 5387 1.
635 5330 856 5401 Propter
883 5340 976 5381 eos
1004 5326 1093 5394 qui
1132 5324 1268 5379 forte
1297 5324 1455 5379 rudes
1492 5334 1615 5379 sunt
1643 5323 1816 5379 adhuc
1853 5322 1920 5377 ad
1951 5336 2044 5378 uo.

540 5449 556 5481 ι
593 5443 814 5505 Plerique
832 5434 1166 5506 malim“.
1306 5496 1366 5506 .-
1428 5494 1439 5504 -

539 5511 559 5540 ¹
594 5508 665 5556 sic
688 5498 792 5553 Mss.
811 5509 865 5551 At
887 5499 1017 5557 edd,
1039 5498 1282 5553 hominum
1300 5498 1558 5554 interitum,
1582 5507 1650 5555 se,
1675 5502 1770 5544 etc.

544 5570 567 5602 ³
596 5575 718 5616 Tres
739 5573 862 5626 Mss,
887 5563 1054 5613 redeat
1078 5560 1141 5608 ad
1160 5571 1260 5626 cor.

542 5631 565 5661 δ
598 5636 723 5677 Unus
743 5634 795 5676 et
810 5625 935 5675 alter
961 5631 1060 5676 διε..
1076 5625 1215 5671 venit.

542 5692 566 5727 ι
598 5688 785 5752 Aliquot
803 5696 927 5743 διεδ..
953 5690 1189 5745 διικερια.
1316 5748 1325 5752 _
1452 5751 1455 5752 ν
1599 5724 1825 5752 ,μάμμη
1890 5734 1893 5737 ρ

543 5752 565 5783 ⁸
593 5734 970 5801 ἐῆἷιίνειῖιεὲξ
988 5734 1039 5796 At
1058 5734 1186 5797 ὡκ
1213 5748 1355 5793 Orate
1377 5751 1465 5810 pro
1484 5735 1569 5789 illo
1589 5734 1846 5790 Christum.

1702 300 1758 353 s.
1802 294 2156 355 itucusmt
2194 296 2489 369 ertscori

3596 300 3712 357 ἨΒ

2159 423 2279 463 men
2319 410 2546 474 Christi,
2573 425 2693 480 qma
2731 410 2958 479 undique
2984 412 3182 483 colligit
3216 414 3303 484 qui
3348 429 3447 485 pro
3470 417 3722 471 omnibus

2150 500 2297 556 dedit
2320 505 2628 571 sanguinem
2659 520 2834 571 suum,
2874 506 3156 561 dicendum
3185 516 3267 560 est
3293 508 3475 575 paucis
3498 511 3638 577 quod
3665 521 3722 563 et

2153 590 2224 644 illi
2270 591 2495 647 libenter
2543 594 2758 647 audiant
2810 595 2901 664 qui
2956 605 3233 655 noverunt.
3291 597 3584 652 eLdiscaut
3628 602 3727 667 qui

2150 697 2255 736 non
2309 693 2591 737 noverunt.
2646 685 2838 739 Psalmi
2892 686 2976 739 isti
3029 702 3161 755 quos
3208 695 3517 752 cantamus,
3569 700 3722 743 ante-

2149 788 2304 841 quam
2358 768 2610 837 Deminus
2660 785 2838 830 noster
2883 776 3036 831 Jcsus
3081 776 3323 834 Christus
3373 789 3527 833 natus
3575 791 3723 835 es~et

2148 877 2214 916 ex
2274 863 2474 933 virgine
2528 865 2688 918 Maria
2727 906 2742 929 ,
2792 868 2985 934 Spiritu
3050 868 3141 922 Dei
3205 868 3435 923 dictante
3489 870 3612 924 dicti
3666 883 3723 926 et

2147 958 2430 1026 conscripti
2483 967 2627 1014 sunt.
2678 957 2793 1012 Fuit
2843 962 2983 1013 enim
3044 960 3206 1014 David
3267 977 3357 1016 rex
3406 962 3458 1016 in
3508 961 3723 1017 ,ιιιιιηιυ-

2146 1061 2263 1101 rum
2293 1058 2477 1119 gente;
2525 1066 2643 1120 qua:
2681 1066 2812 1121 gens
2844 1068 2942 1105 una
2992 1052 3197 1106 colebat
3225 1053 3389 1107 Deum
3422 1071 3606 1117 unum,
3630 1059 3721 1124 qui

2147 1139 2272 1193 fecit
2308 1141 2500 1195 ctutum
2531 1151 2584 1195 et
2615 1150 2844 1208 terram,
2875 1158 3019 1195 mare
3056 1151 3110 1197 et
3134 1145 3309 1196 omnia
3335 1159 3456 1213 qua:
3496 1144 3547 1198 in
3590 1146 3723 1213 ip~is

2145 1240 2288 1295 sunt,
2317 1231 2429 1286 sive
2448 1249 2565 1301 qua:
2596 1233 2861 1296 videntur,
2887 1233 2998 1287 sive
3025 1248 3143 1302 qua:
3175 1250 3278 1287 non
3309 1224 3577 1290 videntur.
3602 1235 3723 1291 (ke-

2146 1329 2274 1375 terze
2297 1336 2474 1378 autem
2503 1334 2720 1395 gentes,
2756 1335 2844 1379 ant
2885 1326 3019 1380 idola
3053 1326 3294 1381 colebant
3318 1343 3437 1396 qua:
3474 1329 3723 1383 manibus

2144 1412 2255 1467 suis
2278 1411 2544 1481 fecerant,
2579 1424 2671 1469 aut
2699 1424 2994 1469 creaturam
3025 1416 3140 1481 Dei,
3171 1432 3274 1470 non
3305 1418 3473 1486 ipsum
3498 1418 3724 1474 Creato-

2144 1518 2278 1568 rem,
2313 1502 2362 1557 id
2391 1514 2503 1569 est,
2548 1514 2637 1558 ant
2671 1506 2839 1561 sofcm
2862 1548 2876 1567 .
2904 1515 2996 1560 aut
3025 1506 3204 1560 lunam
3224 1548 3238 1569 ,
3264 1518 3356 1561 aut
3380 1507 3598 1574 stellas,
3625 1521 3722 1564 aut

2141 1609 2309 1659 mare,
2337 1603 2429 1650 aut
2450 1607 2674 1660 montes,
2695 1605 2783 1650 aut
2807 1578 3044 1651 arbores.
3069 1597 3194 1652 [Lee
3214 1590 3354 1652 enim
3374 1599 3550 1651 omnia
3576 1600 3722 1655 Deus

2141 1683 2295 1750 fecit;
2325 1696 2379 1740 et
2415 1686 2614 1741 laudari
2644 1702 2701 1741 se
2730 1688 2840 1741 vult
2870 1687 2920 1741 in
2951 1687 3082 1752 illis,
3121 1703 3223 1741 non
3261 1688 3347 1741 illa
3375 1688 3478 1743 coli
3509 1704 3606 1758 pro
3630 1705 3717 1745 se.

2096 1850 2099 1853 Ἴ
2140 1774 2283 1844 Ergo
2323 1777 2374 1831 in
2403 1778 2511 1846 ipsa
2539 1788 2695 1847 gente
2719 1777 3022 1833 inda-orum
3055 1778 3218 1832 David
3252 1795 3343 1833 rex
3375 1778 3492 1843 fuit,
3521 1780 3590 1833 de
3616 1796 3721 1835 cu.

2134 1864 2223 1932 jus
2257 1866 2461 1920 semine
2498 1877 2650 1921 natus
2677 1875 2760 1920 est
2801 1866 3053 1920 Dominus
3082 1875 3263 1921 uoster
3288 1866 3442 1922 Jesus
3467 1868 3722 1924 Christus

2139 1954 2317 2026 (Rom.
2360 1972 2398 2022 ι,
2429 1955 2482 2027 5)
2513 1971 2581 2011 ex
2626 1955 2785 2010 Maria
2816 1956 3045 2026 virgine;
3087 1954 3211 2025 quia
3247 1955 3317 2010 de
3358 1957 3445 2010 illo
3487 1956 3721 2014 ducebat

2137 2065 2304 2121 genus
2334 2050 2479 2121 virgo
2499 2050 2659 2103 Maria
2681 2066 2799 2120 qua:
2826 2050 3028 2118 peperit
3051 2048 3319 2103 Christum
3349 2047 3502 2120 (Luc.
3528 2065 3586 2110 It.
3615 2051 3670 2119 7)
3697 2069 3717 2105 :

2137 2151 2191 2195 et
2219 2140 2345 2195 dicti
2370 2150 2493 2195 sunt
2521 2140 2604 2195 isti
2626 2140 2841 2207 l’salmi,
2864 2148 2917 2195 et
2936 2139 3350 2209 prophetabatur
3374 2143 3427 2194 in
3454 2142 3533 2194 eis
3551 2141 3714 2196 Chri—

2137 2244 2251 2287 Slus
2280 2239 2530 2286 venturus
2551 2239 2670 2300 post
2692 2232 2886 2286 multos
2914 2245 3082 2285 annos
3104 2244 3123 2286 :
3147 2239 3202 2285 et
3221 2230 3496 2287 dicebatur
3514 2233 3583 2288 ab
3607 2234 3719 2288 illis

2138 2320 2436 2391 Prophetis,
2463 2321 2550 2392 qui
2576 2320 2787 2375 fuerunt
2816 2329 3099 2390 antequam
3128 2319 3384 2376 Dominus
3411 2331 3595 2380 noster
3613 2322 3715 2378 Je-

2137 2431 2227 2467 sus
2264 2414 2508 2469 Christus
2549 2413 2616 2469 de
2660 2413 2820 2468 Maria
2860 2412 3065 2483 virgine
3093 2422 3422 2476 nasceretur,
3454 2416 3720 2485 quidquid

2138 2506 2368 2561 futurum
2408 2513 2522 2562 erat
2555 2506 2883 2576 tempOribus
2924 2506 3160 2568 nostris;
3198 2505 3341 2576 quod
3388 2506 3549 2561 modo
3576 2508 3719 2577 legi-

2137 2614 2273 2660 mus,
2297 2608 2349 2652 ct
2377 2598 2614 2653 videmus
2644 2612 2659 2650 :
2690 2606 2744 2653 et
2770 2597 2990 2650 multum
3013 2597 3306 2667 gaudemus
3327 2597 3448 2666 quia
3470 2613 3595 2666 Spes
3606 2615 3720 2668 no-

2136 2701 2241 2744 stra
2295 2690 2540 2759 pandit-ta
2579 2698 2661 2742 est
2698 2703 2728 2741 a
2771 2690 3002 2753 sanctis,
3031 2687 3119 2757 qui
3151 2687 3278 2743 illud
3304 2704 3426 2743 anon
3461 2688 3720 2743 videbant

2136 2781 2439 2850 impletum,
2482 2779 2577 2834 sed
2613 2780 2662 2832 iu
2695 2777 2881 2847 spiritu
2920 2779 3152 2832 futurum
3195 2777 3444 2833 videbant
3479 2793 3494 2832 :
3528 2788 3582 2833 et
3610 2796 3719 2835 nos

2133 2874 2294 2927 modo
2320 2873 2545 2939 legimus
2577 2882 2625 2925 et
2657 2872 2902 2926 audimus
2942 2889 2970 2923 a
3010 2871 3332 2937 lectoribus;
3380 2870 3719 2941 disputamus

2137 2966 2256 3026 illa;
2284 2976 2336 3018 et
2370 2965 2635 3034 quomodo
2668 2974 2792 3019 sunt
2830 2964 2881 3018 in
2913 2962 3200 3034 Scriplnris
3220 3005 3233 3025 ,
3277 2965 3353 3038 sit;
3374 2979 3438 3018 ea
3466 2963 3716 3021 videmus

2136 3057 2340 3130 impleri
2386 3073 2479 3125 per
2516 3067 2680 3111 totum
2720 3056 2903 3111 orbem
2948 3065 3228 3112 terrarmn.
3260 3056 3390 3123 Quis
3432 3057 3556 3111 inde
3599 3073 3714 3111 non

2133 3147 2396 3218 gaudeat?
2420 3149 2551 3213 Quis
2572 3163 2674 3201 non
2702 3157 2757 3202 et
2788 3162 2851 3201 ea
2879 3161 2997 3217 qua:
3024 3143 3257 3200 nondum
3285 3155 3547 3200 venerunt
3574 3162 3714 3201 ven-

2137 3252 2248 3295 tura
2278 3251 2471 3310 speret,
2503 3250 2719 3310 propter
2748 3232 2833 3293 ill'a
2860 3254 2976 3309 quzc
2998 3238 3108 3309 jam
3139 3247 3280 3292 tanta
3309 3238 3519 3307 impleta
3548 3250 3670 3292 sunt
3688 3239 3719 3292 ?

2134 3331 2287 3386 Modo
2332 3333 2493 3393 enim,
2524 3330 2729 3396 fratres,
2759 3330 2948 3385 videtis
2983 3330 3102 3398 quia
3146 3339 3285 3383 totus
3322 3329 3569 3392 mundus,
3599 3338 3715 3384 tota

2138 3435 2295 3485 terra,
2321 3438 2506 3477 omnes
2533 3433 2735 3493 gentes,
2762 3437 2949 3478 omnes
2989 3421 3230 3492 regiones
3257 3431 3476 3476 currunt
3502 3420 3567 3475 ad
3606 3437 3716 3475 uo—

2137 3532 2255 3571 n:en
2295 3517 2524 3582 Christi,
2568 3525 2621 3570 et
2666 3515 2888 3570 credunt
2934 3516 2985 3568 in
3023 3514 3313 3569 Christum.
3337 3514 3495 3569 Certe
3517 3512 3720 3568 videtis

2139 3608 2266 3672 hoc,
2305 3607 2569 3677 quomodo
2615 3606 2809 3675 ubique
2848 3613 3154 3660 evertantur
3182 3605 3440 3658 vanitates
3469 3604 3718 3674 Pagano-

2137 3714 2284 3763 rum;
2310 3697 2494 3751 videtis
2521 3700 2639 3761 hoc,
2668 3694 3001 3749 inauifestum
3036 3705 3119 3750 est
3152 3694 3319 3748 vobis.
3348 3692 3612 3762 Numquid
3652 3702 3718 3748 et

2136 3790 2239 3845 hoc
2279 3790 2345 3845 de
2394 3790 2528 3845 libro
2569 3790 2719 3844 vobis
2763 3789 3002 3859 legimus,
3034 3798 3088 3841 et
3118 3801 3221 3842 non
3258 3796 3382 3843 ante
3408 3785 3591 3842 oculos
3619 3801 3719 3842 ve.

2134 3892 2274 3937 stros
2316 3880 2410 3935 fit?
2440 3881 2547 3936 lloc
2592 3895 2720 3950 ergo
2764 3890 2928 3933 totum
2972 3879 3111 3949 quod
3145 3879 3335 3933 videtis
3367 3888 3490 3932 ante
3524 3878 3721 3933 oculos

2137 3980 2342 4027 vestros
2389 3971 2522 4034 lieri,
2564 3971 2817 4038 scriptum
2864 3981 2944 4022 (‘St
2988 3979 3109 4023 ante
3149 3971 3404 4023 immensa
3445 3968 3718 4023 volumina

2137 4075 2395 4116 annorum
2429 4075 2521 4128 per
2559 4059 2686 4112 istos
2713 4073 2843 4127 quos
2875 4058 3034 4112 modo
3078 4058 3318 4128 legimus,
3356 4058 3568 4125 quando
3599 4058 3717 4124 jam

2140 4153 2237 4206 ista
2280 4150 2482 4220 impleri
2512 4149 2772 4205 videmus.
2801 4149 2903 4205 Sed
2953 4154 3199 4219 quoniam
3250 4152 3442 4219 scripta
3491 4162 3616 4203 sunt
3658 4162 3722 4205 et

2140 4243 2226 4298 illa
2255 4259 2371 4313 quae
2398 4242 2630 4296 nondum
2660 4252 2937 4297 venerunt.
2974 4242 3022 4294 id
3054 4252 3153 4304 est,
3183 4243 3303 4310 quia
3336 4242 3591 4296 Dominus
3618 4257 3723 4294 no—

2139 4344 2250 4389 ster
2274 4334 2428 4387 .lcsus
2454 4333 2694 4388 Christus
2716 4342 2971 4388 venturus
2999 4342 3095 4387 θεὶς
3107 4345 3159 4386 ιιι
3182 4335 3400 4401 jndicet,
3427 4335 3517 4403 qui
3543 4335 3724 4405 primo

2140 4423 2281 4478 venit
2301 4431 2357 4476 ut
2378 4422 2738 4492 judicaretur;
2768 4425 2913 4478 venit
2938 4423 3077 4477 enim
3112 4425 3278 4491 primo
3310 4425 3543 4491 humilis,
3567 4434 3723 4494 post-

2140 4532 2201 4571 ea
2224 4524 2474 4570 venturus
2498 4527 2579 4570 est
2603 4516 2880 4579 excelsus;
2905 4518 3047 4569 venit
3083 4528 3138 4569 ut
3191 4517 3496 4573 ostenderet
3538 4534 3714 4573 exem-

2143 4609 2286 4677 plum
2327 4607 2613 4677 patientins,
2641 4617 2821 4677 postea
2852 4617 3104 4662 venturus
3147 4617 3229 4663 est
3269 4619 3327 4661 nt
3372 4624 3468 4677 pro
3516 4609 3724 4666 meritis

2138 4699 2338 4770 jndicet
2379 4714 2585 4765 omnes,
2633 4699 2749 4754 sive
2795 4697 2983 4764 bonos,
3031 4700 3144 4752 sive
3189 4698 3358 4752 malos
3386 4717 3400 4751 :
3428 4701 3550 4767 quia
3592 4714 3725 4769 ergo

2143 4791 2376 4846 nonduin
2393 4790 2536 4845 venit
2553 4790 2654 4845 hoc
2667 4790 2808 4861 quod
2830 4805 3123 4860 speramus,
3149 4802 3423 4845 venturum
3447 4792 3722 4849 Christum

2141 4883 2372 4954 judicem
2402 4884 2640 4937 vivorum
2673 4891 2728 4938 et
2769 4892 3120 4946 mortuorum,
3153 4884 3403 4937 debemus
3434 4883 3561 4939 illud
3603 4900 3723 4939 cre—

2146 4977 2289 5039 dere.
2318 4973 2575 5029 Modicum
2605 4972 2742 5043 quod
2774 4981 2937 5028 restat
2962 4983 3240 5029 venturum
3270 4990 3391 5029 esse
3415 4974 3726 5039 credamus,

2145 5064 2357 5134 quando
2396 5063 2503 5134 jam
2550 5063 2786 5117 videmus
2817 5072 2956 5116 tanta
2997 5079 3117 5133 quae
3164 5074 3288 5118 tunc
3324 5063 3500 5118 futura
3545 5075 3725 5126 erant,

2126 5154 2304 5210 modo
2326 5154 2816 5224 eomplcri.Stultns
2841 5164 2923 5209 est
2947 5155 3086 5208 enim
3114 5156 3199 5224 qui
3233 5169 3334 5210 neu
3362 5156 3476 5210 vult
3500 5155 3729 5211 credere

2151 5254 2312 5314 pauca
2343 5261 2459 5314 qua:
2501 5255 2721 5309 restant,
2762 5260 2880 5307 cum
2928 5245 3098 5300 videat
3142 5254 3245 5299 tant
3295 5246 3458 5300 multa
3509 5246 3730 5314 impleta

2149 5351 2291 5405 esse,
2355 5352 2471 5404 qua:
2502 5347 2625 5389 tunc
2666 5351 2768 5388 non
2815 5347 2969 5389 erant
3015 5336 3222 5405 quando
3275 5336 3729 5407 prztdicebanttir.

2220 5429 2274 5481 2.
2314 5426 2553 5482 Psalntns
2594 5442 2721 5495 ergo
2764 5427 2860 5479 iste
2904 5427 3097 5481 dicitur
3132 5443 3194 5480 ex
3242 5441 3466 5495 persona
3514 5428 3730 5483 Domini

2153 5520 2317 5576 nostri
2354 5517 2477 5571 Iesu
2515 5519 2706 5573 Christi
2738 5560 2751 5582 ,
2787 5529 2840 5571 et
2888 5521 3074 5589 capitis
3120 5528 3172 5573 et
3216 5517 3601 5574 membrorum.
3630 5518 3733 5575 ille

2152 5614 2298 5666 enim
2328 5625 2466 5665 unus
2495 5610 2582 5678 qui
2619 5620 2770 5663 natus
2800 5622 2880 5663 est
2912 5610 2979 5665 de
3012 5611 3170 5664 Maria
3194 5654 3207 5674 ,
3238 5621 3289 5664 et
3321 5591 3507 5679 passus
3531 5624 3645 5674 est,
3677 5623 3740 5667 et

2157 5703 2392 5774 sepultus
2421 5711 2532 5765 est.
2564 5711 2617 5758 et
2645 5703 2949 5769 resurrexit,
2985 5712 3037 5758 et
3063 5701 3297 5758 ascendit
3326 5704 3377 5756 in
3409 5702 3609 5759 coelum
3630 5744 3645 5767 ,
3679 5715 3743 5761 et
